"price","change","match_qtty","side","time","total_vol"
16050,0,118300,"unknown","14:45:00",2121300
16100,50,500,"sd","14:27:41",2003000
16100,50,3000,"sd","14:27:22",2002500
16150,100,100,"bu","14:27:20",1999500
16100,50,500,"sd","14:26:54",1999400
16100,50,500,"sd","14:26:47",1998900
16100,50,900,"bu","14:26:26",1998400
16100,50,4000,"sd","14:25:47",1997500
16100,50,3100,"sd","14:25:47",1993500
16100,50,2000,"sd","14:25:20",1990400
16100,50,1000,"bu","14:24:54",1988400
16100,50,600,"bu","14:24:54",1987400
16100,50,1000,"sd","14:24:52",1986800
16100,50,200,"sd","14:24:52",1985800
16100,50,700,"sd","14:24:52",1985600
16100,50,2500,"sd","14:24:40",1984900
16100,50,1000,"bu","14:24:38",1982400
16100,50,1000,"bu","14:24:38",1981400
16100,50,300,"bu","14:24:38",1980400
16100,50,100,"bu","14:24:38",1980100
16100,50,300,"bu","14:24:38",1980000
16100,50,500,"bu","14:24:38",1979700
16100,50,300,"bu","14:24:38",1979200
16100,50,600,"bu","14:24:38",1978900
16100,50,5000,"bu","14:24:38",1978300
16100,50,5000,"bu","14:24:38",1973300
16100,50,1000,"bu","14:24:38",1968300
16100,50,1500,"bu","14:24:38",1967300
16100,50,100,"bu","14:24:38",1965800
16100,50,3000,"bu","14:24:38",1965700
16100,50,1000,"bu","14:24:38",1962700
16100,50,1000,"bu","14:24:38",1961700
16100,50,100,"bu","14:24:38",1960700
16100,50,500,"bu","14:24:38",1960600
16100,50,1000,"bu","14:24:38",1960100
16100,50,100,"bu","14:24:38",1959100
16100,50,100,"bu","14:24:38",1959000
16100,50,100,"bu","14:24:38",1958900
16100,50,1000,"bu","14:24:38",1958800
16100,50,1000,"bu","14:24:38",1957800
16100,50,1000,"bu","14:24:38",1956800
16100,50,800,"bu","14:24:38",1955800
16100,50,200,"bu","14:24:38",1955000
16100,50,400,"bu","14:24:38",1954800
16100,50,8800,"bu","14:24:38",1954400
16050,0,3000,"sd","14:24:38",1945600
16100,50,2000,"bu","14:24:34",1942600
16050,0,2000,"sd","14:24:03",1940600
16100,50,900,"bu","14:23:39",1938600
16100,50,100,"bu","14:23:36",1937700
16050,0,500,"sd","14:22:54",1937600
16100,50,1000,"bu","14:22:46",1937100
16050,0,3000,"sd","14:22:43",1936100
16050,0,6500,"sd","14:22:29",1933100
16050,0,1000,"sd","14:22:29",1926600
16050,0,6000,"bu","14:22:28",1925600
16050,0,600,"bu","14:22:28",1919600
16050,0,800,"bu","14:22:27",1919000
16050,0,500,"sd","14:22:24",1918200
16050,0,100,"sd","14:22:24",1917700
16100,50,100,"bu","14:22:19",1917600
16000,-50,100,"sd","14:22:15",1917500
16000,-50,5000,"sd","14:22:15",1917400
16000,-50,1100,"sd","14:22:15",1912400
16050,0,400,"sd","14:22:15",1911300
16050,0,1000,"sd","14:22:15",1910900
16050,0,100,"sd","14:22:15",1909900
16050,0,300,"sd","14:22:15",1909800
16050,0,200,"sd","14:22:05",1909500
16050,0,500,"bu","14:21:50",1909300
16050,0,1000,"bu","14:21:37",1908800
16050,0,500,"sd","14:21:36",1907800
16050,0,500,"sd","14:21:36",1907300
16000,-50,1400,"sd","14:21:23",1906800
16050,0,100,"sd","14:21:23",1905400
16100,50,100,"bu","14:21:20",1905300
16050,0,100,"sd","14:21:17",1905200
16050,0,100,"sd","14:21:17",1905100
16050,0,1000,"sd","14:21:16",1905000
16050,0,800,"sd","14:21:16",1904000
16050,0,3000,"sd","14:21:16",1903200
16050,0,100,"sd","14:21:16",1900200
16050,0,1000,"sd","14:21:16",1900100
16050,0,500,"sd","14:21:16",1899100
16050,0,500,"sd","14:21:16",1898600
16050,0,1000,"sd","14:21:16",1898100
16050,0,1900,"sd","14:21:16",1897100
16050,0,3000,"sd","14:21:15",1895200
16050,0,1000,"sd","14:21:15",1892200
16050,0,2500,"sd","14:21:08",1891200
16050,0,1500,"sd","14:20:57",1888700
16050,0,3000,"sd","14:20:46",1887200
16050,0,10000,"sd","14:20:44",1884200
16050,0,3000,"bu","14:20:27",1874200
16050,0,500,"bu","14:20:27",1871200
16050,0,3600,"bu","14:20:27",1870700
16050,0,1000,"bu","14:20:25",1867100
16050,0,300,"bu","14:20:17",1866100
16050,0,500,"bu","14:20:11",1865800
16050,0,200,"bu","14:20:08",1865300
16050,0,500,"bu","14:20:04",1865100
16050,0,600,"bu","14:20:02",1864600
16050,0,3100,"bu","14:20:01",1864000
16050,0,2000,"bu","14:19:52",1860900
16050,0,500,"bu","14:19:48",1858900
16050,0,300,"bu","14:19:44",1858400
16050,0,200,"bu","14:19:37",1858100
16050,0,100,"bu","14:19:34",1857900
16050,0,300,"sd","14:19:32",1857800
16050,0,100,"sd","14:19:32",1857500
16050,0,100,"sd","14:19:32",1857400
16050,0,200,"sd","14:19:32",1857300
16050,0,900,"sd","14:19:32",1857100
16050,0,5000,"sd","14:19:32",1856200
16050,0,3400,"sd","14:19:32",1851200
16050,0,1000,"sd","14:19:32",1847800
16050,0,2000,"sd","14:19:32",1846800
16050,0,100,"sd","14:19:32",1844800
16050,0,11000,"sd","14:19:32",1844700
16100,50,1000,"bu","14:19:19",1833700
16050,0,4000,"sd","14:19:07",1832700
16050,0,100,"sd","14:19:07",1828700
16050,0,100,"sd","14:19:07",1828600
16050,0,3000,"sd","14:19:07",1828500
16050,0,900,"sd","14:19:07",1825500
16050,0,900,"sd","14:19:07",1824600
16100,50,100,"bu","14:18:40",1823700
16050,0,100,"sd","14:18:12",1823600
16050,0,100,"sd","14:18:12",1823500
16050,0,300,"sd","14:18:12",1823400
16050,0,500,"sd","14:18:12",1823100
16050,0,500,"sd","14:18:12",1822600
16050,0,1000,"sd","14:18:12",1822100
16050,0,2000,"sd","14:18:12",1821100
16050,0,100,"sd","14:18:12",1819100
16050,0,500,"sd","14:18:12",1819000
16050,0,700,"sd","14:18:12",1818500
16050,0,100,"sd","14:18:12",1817800
16050,0,2000,"sd","14:18:12",1817700
16050,0,1000,"sd","14:18:12",1815700
16050,0,100,"sd","14:18:12",1814700
16050,0,600,"sd","14:18:12",1814600
16050,0,1000,"sd","14:18:12",1814000
16050,0,1000,"sd","14:18:12",1813000
16050,0,1000,"sd","14:18:12",1812000
16050,0,300,"sd","14:18:12",1811000
16050,0,300,"sd","14:18:12",1810700
16050,0,1000,"sd","14:18:12",1810400
16050,0,2500,"sd","14:18:12",1809400
16050,0,1100,"sd","14:18:12",1806900
16050,0,5000,"sd","14:18:12",1805800
16050,0,400,"sd","14:18:12",1800800
16050,0,2600,"sd","14:18:12",1800400
16050,0,400,"sd","14:18:12",1797800
16100,50,100,"bu","14:17:33",1797400
16050,0,600,"sd","14:17:33",1797300
16050,0,5000,"sd","14:17:33",1796700
16050,0,400,"sd","14:17:33",1791700
16100,50,5000,"bu","14:17:18",1791300
16100,50,100,"bu","14:17:01",1786300
16100,50,100,"bu","14:16:55",1786200
16100,50,100,"bu","14:16:52",1786100
16100,50,700,"bu","14:16:13",1786000
16050,0,1000,"sd","14:15:34",1785300
16050,0,900,"sd","14:14:28",1784300
16050,0,600,"sd","14:13:49",1783400
16050,0,1000,"sd","14:13:21",1782800
16050,0,300,"sd","14:13:08",1781800
16050,0,2800,"sd","14:12:55",1781500
16050,0,200,"sd","14:12:55",1778700
16050,0,100,"sd","14:12:22",1778500
16050,0,700,"sd","14:11:59",1778400
16050,0,100,"sd","14:11:59",1777700
16050,0,400,"bu","14:11:09",1777600
16050,0,500,"bu","14:11:03",1777200
16050,0,3000,"bu","14:11:03",1776700
16050,0,3000,"bu","14:11:03",1773700
16050,0,3100,"bu","14:10:52",1770700
16050,0,1000,"bu","14:10:52",1767600
16050,0,900,"bu","14:10:51",1766600
16050,0,2000,"bu","14:10:45",1765700
16050,0,1000,"bu","14:10:37",1763700
16050,0,3100,"bu","14:10:28",1762700
16050,0,2500,"bu","14:10:28",1759600
16050,0,4400,"bu","14:10:28",1757100
16050,0,600,"bu","14:10:28",1752700
16050,0,900,"bu","14:10:28",1752100
16050,0,300,"bu","14:10:12",1751200
16050,0,200,"bu","14:10:06",1750900
16050,0,300,"bu","14:10:01",1750700
16050,0,100,"bu","14:09:58",1750400
16000,-50,100,"sd","14:09:08",1750300
16000,-50,400,"sd","14:09:08",1750200
16000,-50,500,"sd","14:09:08",1749800
16000,-50,500,"sd","14:09:08",1749300
16000,-50,1000,"sd","14:09:08",1748800
16050,0,600,"bu","14:08:59",1747800
16050,0,2400,"bu","14:08:59",1747200
16050,0,5000,"sd","14:08:50",1744800
16050,0,300,"sd","14:08:50",1739800
16050,0,2700,"sd","14:08:47",1739500
16050,0,1000,"sd","14:08:47",1736800
16050,0,500,"sd","14:08:47",1735800
16050,0,1000,"sd","14:08:47",1735300
16050,0,100,"sd","14:08:47",1734300
16050,0,500,"sd","14:08:47",1734200
16050,0,200,"sd","14:08:47",1733700
16050,0,100,"sd","14:08:46",1733500
16050,0,6000,"sd","14:08:45",1733400
16050,0,100,"sd","14:08:42",1727400
16050,0,3600,"sd","14:08:25",1727300
16050,0,3000,"sd","14:08:25",1723700
16050,0,300,"sd","14:08:25",1720700
16050,0,5100,"sd","14:08:25",1720400
16050,0,10000,"sd","14:08:09",1715300
16050,0,200,"sd","14:07:51",1705300
16050,0,500,"sd","14:07:19",1705100
16050,0,14000,"sd","14:07:15",1704600
16050,0,200,"sd","14:06:56",1690600
16050,0,800,"sd","14:06:56",1690400
16100,50,300,"bu","14:06:48",1689600
16050,0,9200,"sd","14:06:20",1689300
16050,0,200,"sd","14:06:20",1680100
16050,0,100,"sd","14:06:20",1679900
16050,0,500,"sd","14:06:20",1679800
16050,0,200,"sd","14:06:07",1679300
16050,0,100,"sd","14:05:49",1679100
16050,0,100,"sd","14:05:43",1679000
16050,0,1600,"sd","14:05:38",1678900
16050,0,300,"sd","14:05:38",1677300
16050,0,100,"sd","14:05:38",1677000
16100,50,1500,"bu","14:05:31",1676900
16050,0,3700,"sd","14:05:24",1675400
16100,50,1000,"bu","14:05:11",1671700
16050,0,200,"sd","14:05:10",1670700
16050,0,1000,"sd","14:05:10",1670500
16050,0,5000,"sd","14:05:10",1669500
16050,0,100,"sd","14:05:10",1664500
16050,0,300,"sd","14:05:10",1664400
16050,0,100,"sd","14:05:10",1664100
16050,0,200,"sd","14:05:10",1664000
16050,0,100,"sd","14:05:10",1663800
16050,0,400,"sd","14:05:10",1663700
16050,0,5000,"sd","14:05:10",1663300
16050,0,500,"sd","14:05:10",1658300
16050,0,1000,"sd","14:05:10",1657800
16050,0,100,"sd","14:05:10",1656800
16050,0,100,"sd","14:05:10",1656700
16050,0,100,"sd","14:05:10",1656600
16050,0,200,"sd","14:05:10",1656500
16050,0,2000,"sd","14:05:10",1656300
16050,0,100,"sd","14:05:10",1654300
16050,0,500,"sd","14:05:10",1654200
16050,0,300,"sd","14:05:10",1653700
16050,0,200,"sd","14:05:10",1653400
16050,0,2000,"sd","14:05:10",1653200
16050,0,5000,"sd","14:05:10",1651200
16050,0,500,"sd","14:05:10",1646200
16050,0,1500,"sd","14:05:01",1645700
16050,0,1400,"sd","14:05:01",1644200
16050,0,200,"sd","14:05:01",1642800
16050,0,2500,"sd","14:05:01",1642600
16050,0,4400,"sd","14:05:01",1640100
16050,0,500,"sd","14:04:28",1635700
16050,0,100,"sd","14:04:27",1635200
16050,0,1900,"sd","14:04:27",1635100
16050,0,800,"sd","14:03:58",1633200
16050,0,300,"sd","14:03:36",1632400
16050,0,1000,"sd","14:03:36",1632100
16050,0,500,"sd","14:03:36",1631100
16050,0,300,"sd","14:03:36",1630600
16050,0,100,"sd","14:03:36",1630300
16050,0,100,"sd","14:03:36",1630200
16050,0,500,"sd","14:03:36",1630100
16050,0,100,"sd","14:03:36",1629600
16050,0,5000,"sd","14:03:36",1629500
16050,0,2100,"sd","14:03:36",1624500
16050,0,200,"sd","14:03:23",1622400
16050,0,2000,"sd","14:03:18",1622200
16050,0,700,"sd","14:03:12",1620200
16050,0,1500,"sd","14:03:12",1619500
16050,0,500,"sd","14:03:12",1618000
16050,0,100,"sd","14:03:12",1617500
16050,0,1000,"sd","14:03:12",1617400
16050,0,100,"sd","14:03:12",1616400
16050,0,200,"sd","14:03:12",1616300
16050,0,100,"sd","14:03:12",1616100
16050,0,500,"sd","14:03:12",1616000
16050,0,2000,"sd","14:03:12",1615500
16050,0,200,"sd","14:03:12",1613500
16050,0,100,"sd","14:03:12",1613300
16050,0,100,"sd","14:03:12",1613200
16050,0,100,"sd","14:03:12",1613100
16050,0,1500,"sd","14:03:12",1613000
16050,0,1000,"sd","14:03:12",1611500
16050,0,1000,"sd","14:03:12",1610500
16050,0,400,"sd","14:03:12",1609500
16050,0,1600,"sd","14:03:10",1609100
16050,0,8000,"sd","14:03:05",1607500
16050,0,500,"sd","14:03:05",1599500
16050,0,300,"sd","14:03:05",1599000
16050,0,1200,"sd","14:03:05",1598700
16050,0,3800,"sd","14:02:36",1597500
16050,0,1200,"sd","14:02:36",1593700
16050,0,500,"sd","14:02:21",1592500
16050,0,2000,"sd","14:02:21",1592000
16050,0,100,"sd","14:02:09",1590000
16050,0,200,"sd","14:02:09",1589900
16050,0,2700,"sd","14:02:09",1589700
16050,0,100,"sd","14:02:00",1587000
16050,0,100,"sd","14:01:56",1586900
16050,0,100,"sd","14:01:24",1586800
16050,0,100,"sd","14:00:41",1586700
16050,0,900,"sd","14:00:41",1586600
16050,0,100,"sd","14:00:38",1585700
16050,0,100,"sd","14:00:16",1585600
16050,0,600,"sd","14:00:01",1585500
16050,0,100,"sd","14:00:01",1584900
16050,0,400,"sd","14:00:01",1584800
16050,0,100,"sd","14:00:01",1584400
16050,0,300,"sd","13:59:21",1584300
16050,0,300,"sd","13:59:21",1584000
16050,0,200,"sd","13:58:52",1583700
16050,0,100,"sd","13:58:52",1583500
16050,0,700,"sd","13:58:52",1583400
16100,50,5000,"bu","13:58:49",1582700
16100,50,100,"bu","13:58:35",1577700
16100,50,5000,"bu","13:58:20",1577600
16100,50,100,"bu","13:58:14",1572600
16100,50,100,"bu","13:57:36",1572500
16050,0,1800,"sd","13:57:34",1572400
16050,0,200,"sd","13:57:34",1570600
16050,0,100,"sd","13:57:34",1570400
16100,50,1000,"bu","13:57:27",1570300
16100,50,100,"bu","13:57:13",1569300
16100,50,1000,"bu","13:56:10",1569200
16050,0,100,"sd","13:56:10",1568200
16050,0,3000,"sd","13:56:10",1568100
16050,0,1000,"sd","13:56:10",1565100
16050,0,900,"sd","13:56:10",1564100
16100,50,2000,"bu","13:55:55",1563200
16100,50,1500,"bu","13:55:37",1561200
16100,50,5000,"bu","13:53:30",1559700
16100,50,700,"bu","13:53:22",1554700
16100,50,400,"bu","13:53:07",1554000
16100,50,1000,"bu","13:52:35",1553600
16100,50,1000,"bu","13:52:01",1552600
16100,50,3000,"sd","13:51:37",1551600
16100,50,300,"bu","13:51:21",1548600
16100,50,3000,"bu","13:51:19",1548300
16100,50,100,"sd","13:51:06",1545300
16100,50,1600,"sd","13:51:06",1545200
16100,50,400,"sd","13:50:56",1543600
16100,50,1000,"sd","13:50:56",1543200
16100,50,3000,"sd","13:50:56",1542200
16100,50,400,"sd","13:50:56",1539200
16100,50,600,"sd","13:50:35",1538800
16100,50,1400,"sd","13:50:35",1538200
16100,50,1800,"sd","13:50:25",1536800
16100,50,200,"sd","13:50:25",1535000
16100,50,100,"sd","13:50:14",1534800
16100,50,100,"sd","13:50:14",1534700
16100,50,100,"sd","13:50:14",1534600
16100,50,400,"sd","13:50:14",1534500
16100,50,600,"sd","13:48:50",1534100
16100,50,2400,"sd","13:48:50",1533500
16100,50,600,"sd","13:48:33",1531100
16100,50,400,"sd","13:48:33",1530500
16100,50,2000,"sd","13:48:01",1530100
16100,50,1000,"sd","13:47:24",1528100
16100,50,200,"sd","13:47:23",1527100
16100,50,5000,"bu","13:47:20",1526900
16100,50,100,"bu","13:47:20",1521900
16100,50,1300,"bu","13:47:20",1521800
16100,50,300,"bu","13:47:19",1520500
16100,50,500,"bu","13:47:19",1520200
16100,50,500,"bu","13:47:12",1519700
16100,50,100,"bu","13:47:03",1519200
16100,50,1900,"bu","13:47:03",1519100
16100,50,300,"bu","13:46:50",1517200
16100,50,600,"bu","13:46:48",1516900
16100,50,300,"bu","13:46:31",1516300
16100,50,100,"bu","13:46:31",1516000
16050,0,300,"sd","13:46:29",1515900
16050,0,100,"sd","13:46:29",1515600
16100,50,1000,"sd","13:46:21",1515500
16100,50,100,"sd","13:46:21",1514500
16100,50,300,"sd","13:46:21",1514400
16100,50,2000,"sd","13:46:21",1514100
16100,50,100,"sd","13:46:21",1512100
16100,50,500,"sd","13:46:21",1512000
16100,50,500,"sd","13:46:10",1511500
16100,50,2500,"sd","13:45:28",1511000
16100,50,3500,"sd","13:45:28",1508500
16100,50,500,"sd","13:45:17",1505000
16100,50,1000,"sd","13:44:53",1504500
16100,50,1000,"sd","13:44:41",1503500
16100,50,1900,"sd","13:44:35",1502500
16100,50,500,"bu","13:44:29",1500600
16100,50,1600,"bu","13:44:29",1500100
16100,50,400,"bu","13:44:23",1498500
16100,50,400,"bu","13:44:23",1498100
16100,50,4200,"bu","13:44:23",1497700
16100,50,300,"bu","13:44:11",1493500
16100,50,500,"bu","13:44:08",1493200
16100,50,100,"bu","13:44:02",1492700
16050,0,400,"sd","13:43:58",1492600
16050,0,100,"sd","13:43:58",1492200
16100,50,400,"bu","13:43:55",1492100
16050,0,200,"sd","13:43:37",1491700
16050,0,100,"sd","13:43:37",1491500
16050,0,500,"sd","13:43:37",1491400
16100,50,5000,"bu","13:43:21",1490900
16100,50,500,"bu","13:43:10",1485900
16050,0,100,"sd","13:42:58",1485400
16050,0,1900,"sd","13:42:57",1485300
16050,0,100,"sd","13:42:57",1483400
16100,50,1000,"bu","13:42:55",1483300
16100,50,800,"bu","13:42:52",1482300
16100,50,1500,"bu","13:42:38",1481500
16100,50,100,"bu","13:42:20",1480000
16100,50,300,"sd","13:42:16",1479900
16100,50,2000,"sd","13:42:16",1479600
16100,50,200,"sd","13:42:16",1477600
16100,50,100,"sd","13:42:16",1477400
16100,50,2500,"sd","13:42:16",1477300
16100,50,3000,"sd","13:42:16",1474800
16100,50,1600,"sd","13:42:16",1471800
16100,50,500,"sd","13:42:16",1470200
16100,50,300,"sd","13:42:16",1469700
16100,50,200,"sd","13:42:16",1469400
16100,50,200,"sd","13:42:16",1469200
16100,50,2000,"sd","13:42:16",1469000
16100,50,100,"sd","13:42:16",1467000
16100,50,500,"sd","13:42:16",1466900
16100,50,5000,"sd","13:42:16",1466400
16100,50,200,"sd","13:42:16",1461400
16100,50,2000,"sd","13:42:16",1461200
16100,50,1000,"sd","13:42:16",1459200
16100,50,100,"sd","13:42:16",1458200
16100,50,100,"sd","13:42:16",1458100
16100,50,100,"sd","13:42:16",1458000
16100,50,100,"sd","13:42:16",1457900
16100,50,1000,"sd","13:42:16",1457800
16100,50,100,"sd","13:42:16",1456800
16100,50,100,"sd","13:42:16",1456700
16100,50,3000,"sd","13:42:16",1456600
16100,50,1000,"sd","13:42:16",1453600
16100,50,2000,"sd","13:42:16",1452600
16100,50,100,"sd","13:42:16",1450600
16100,50,600,"sd","13:42:16",1450500
16100,50,2000,"sd","13:42:16",1449900
16100,50,300,"sd","13:42:16",1447900
16100,50,500,"sd","13:42:16",1447600
16100,50,100,"sd","13:42:16",1447100
16100,50,200,"sd","13:42:16",1447000
16100,50,2500,"sd","13:42:16",1446800
16100,50,2500,"sd","13:41:39",1444300
16100,50,100,"sd","13:41:39",1441800
16100,50,500,"sd","13:41:39",1441700
16100,50,200,"sd","13:41:39",1441200
16100,50,1700,"sd","13:41:39",1441000
16150,100,900,"bu","13:41:29",1439300
16100,50,400,"sd","13:41:28",1438400
16100,50,1000,"sd","13:41:28",1438000
16100,50,100,"sd","13:41:28",1437000
16100,50,100,"sd","13:41:28",1436900
16100,50,400,"sd","13:41:28",1436800
16150,100,1300,"bu","13:41:11",1436400
16100,50,600,"sd","13:41:03",1435100
16100,50,400,"sd","13:41:03",1434500
16150,100,100,"bu","13:40:48",1434100
16150,100,500,"bu","13:40:42",1434000
16150,100,100,"bu","13:40:19",1433500
16150,100,100,"bu","13:40:19",1433400
16150,100,2800,"bu","13:40:19",1433300
16150,100,200,"bu","13:39:47",1430500
16100,50,400,"sd","13:39:43",1430300
16100,50,200,"sd","13:39:34",1429900
16100,50,1000,"sd","13:39:34",1429700
16100,50,200,"sd","13:39:34",1428700
16100,50,100,"sd","13:39:34",1428500
16100,50,2900,"sd","13:39:32",1428400
16100,50,100,"sd","13:39:32",1425500
16100,50,1000,"sd","13:39:32",1425400
16100,50,1200,"sd","13:39:32",1424400
16100,50,1000,"sd","13:39:32",1423200
16100,50,500,"sd","13:39:32",1422200
16100,50,300,"sd","13:39:32",1421700
16100,50,1000,"sd","13:39:32",1421400
16100,50,1000,"sd","13:39:32",1420400
16100,50,2000,"sd","13:39:29",1419400
16100,50,900,"sd","13:38:54",1417400
16100,50,1000,"sd","13:38:54",1416500
16100,50,400,"sd","13:38:54",1415500
16150,100,400,"bu","13:38:40",1415100
16150,100,100,"sd","13:38:10",1414700
16150,100,3000,"sd","13:37:56",1414600
16150,100,1300,"bu","13:37:45",1411600
16150,100,600,"bu","13:37:45",1410300
16100,50,100,"sd","13:37:36",1409700
16100,50,100,"sd","13:37:36",1409600
16150,100,400,"bu","13:37:20",1409500
16150,100,500,"bu","13:37:20",1409100
16150,100,500,"bu","13:37:20",1408600
16150,100,1600,"bu","13:37:20",1408100
16150,100,100,"bu","13:37:02",1406500
16150,100,1000,"bu","13:36:44",1406400
16150,100,200,"bu","13:36:41",1405400
16150,100,2100,"bu","13:36:40",1405200
16150,100,200,"bu","13:36:40",1403100
16150,100,1700,"bu","13:36:40",1402900
16150,100,1000,"bu","13:36:40",1401200
16150,100,2000,"bu","13:36:31",1400200
16150,100,500,"bu","13:36:04",1398200
16150,100,1000,"bu","13:35:49",1397700
16150,100,4000,"bu","13:35:33",1396700
16150,100,1000,"bu","13:35:33",1392700
16100,50,2000,"sd","13:35:26",1391700
16150,100,2000,"bu","13:35:19",1389700
16150,100,2600,"bu","13:35:19",1387700
16150,100,400,"bu","13:35:19",1385100
16150,100,600,"bu","13:35:07",1384700
16150,100,100,"bu","13:35:07",1384100
16150,100,300,"bu","13:35:07",1384000
16150,100,100,"bu","13:34:59",1383700
16150,100,4600,"bu","13:34:41",1383600
16150,100,400,"bu","13:34:41",1379000
16150,100,100,"bu","13:34:36",1378600
16150,100,2600,"bu","13:34:31",1378500
16150,100,2400,"bu","13:34:31",1375900
16150,100,100,"bu","13:34:18",1373500
16150,100,100,"bu","13:34:16",1373400
16150,100,2400,"sd","13:34:05",1373300
16150,100,4600,"sd","13:33:54",1370900
16150,100,100,"sd","13:33:54",1366300
16150,100,1000,"sd","13:33:54",1366200
16150,100,1000,"sd","13:33:54",1365200
16150,100,100,"sd","13:33:54",1364200
16150,100,2000,"sd","13:33:54",1364100
16150,100,3000,"sd","13:33:54",1362100
16150,100,100,"sd","13:33:54",1359100
16150,100,5000,"sd","13:33:54",1359000
16150,100,100,"sd","13:33:54",1354000
16150,100,100,"sd","13:33:54",1353900
16150,100,2000,"sd","13:33:54",1353800
16150,100,900,"sd","13:33:54",1351800
16150,100,4100,"sd","13:33:19",1350900
16150,100,200,"sd","13:33:19",1346800
16150,100,200,"sd","13:33:19",1346600
16150,100,100,"sd","13:33:11",1346400
16150,100,1400,"sd","13:32:59",1346300
16150,100,1500,"sd","13:32:59",1344900
16200,150,100,"bu","13:32:43",1343400
16200,150,300,"sd","13:32:03",1343300
16200,150,800,"sd","13:31:42",1343000
16200,150,100,"sd","13:31:20",1342200
16200,150,2000,"bu","13:31:01",1342100
16200,150,1800,"bu","13:31:01",1340100
16200,150,100,"bu","13:30:44",1338300
16200,150,100,"bu","13:30:44",1338200
16200,150,2700,"bu","13:30:40",1338100
16200,150,1000,"bu","13:30:34",1335400
16200,150,200,"sd","13:30:29",1334400
16200,150,300,"sd","13:30:29",1334200
16200,150,8800,"sd","13:30:29",1333900
16200,150,500,"sd","13:29:49",1325100
16200,150,1700,"bu","13:29:38",1324600
16200,150,100,"bu","13:29:38",1322900
16200,150,6800,"bu","13:29:38",1322800
16200,150,100,"bu","13:29:36",1316000
16200,150,100,"bu","13:29:22",1315900
16200,150,1000,"sd","13:29:20",1315800
16200,150,200,"sd","13:29:20",1314800
16200,150,1800,"sd","13:29:20",1314600
16200,150,300,"bu","13:28:42",1312800
16200,150,1000,"bu","13:28:42",1312500
16200,150,16900,"bu","13:28:42",1311500
16200,150,100,"bu","13:28:35",1294600
16150,100,500,"sd","13:28:33",1294500
16200,150,100,"bu","13:28:32",1294000
16200,150,4000,"bu","13:28:18",1293900
16150,100,1100,"sd","13:28:08",1289900
16150,100,900,"sd","13:27:51",1288800
16150,100,2000,"sd","13:27:51",1287900
16150,100,2100,"sd","13:27:51",1285900
16200,150,100,"bu","13:27:33",1283800
16200,150,200,"bu","13:27:25",1283700
16200,150,1600,"bu","13:27:08",1283500
16200,150,900,"sd","13:26:44",1281900
16200,150,500,"sd","13:26:44",1281000
16200,150,300,"sd","13:26:44",1280500
16200,150,3200,"sd","13:26:44",1280200
16200,150,2100,"sd","13:26:44",1277000
16250,200,1500,"bu","13:26:33",1274900
16200,150,1500,"sd","13:26:25",1273400
16200,150,2500,"bu","13:25:41",1271900
16200,150,500,"bu","13:25:41",1269400
16200,150,200,"bu","13:25:41",1268900
16200,150,3200,"bu","13:25:41",1268700
16200,150,1800,"bu","13:25:35",1265500
16200,150,28200,"bu","13:25:35",1263700
16200,150,1800,"bu","13:25:23",1235500
16200,150,500,"bu","13:25:23",1233700
16200,150,500,"bu","13:25:23",1233200
16200,150,2200,"bu","13:25:23",1232700
16150,100,700,"sd","13:25:07",1230500
16200,150,100,"bu","13:25:01",1229800
16200,150,700,"bu","13:24:25",1229700
16200,150,500,"bu","13:23:50",1229000
16200,150,500,"bu","13:23:41",1228500
16150,100,1200,"sd","13:23:27",1228000
16150,100,300,"sd","13:23:27",1226800
16150,100,500,"sd","13:23:27",1226500
16150,100,100,"sd","13:23:27",1226000
16150,100,200,"sd","13:23:27",1225900
16150,100,4800,"sd","13:22:17",1225700
16150,100,200,"sd","13:22:17",1220900
16150,100,100,"sd","13:21:57",1220700
16150,100,900,"sd","13:21:57",1220600
16150,100,3800,"sd","13:21:45",1219700
16150,100,5300,"sd","13:21:08",1215900
16150,100,100,"sd","13:21:08",1210600
16150,100,100,"sd","13:21:08",1210500
16150,100,500,"sd","13:21:08",1210400
16150,100,100,"sd","13:21:08",1209900
16150,100,500,"sd","13:21:08",1209800
16150,100,1000,"sd","13:21:08",1209300
16150,100,200,"sd","13:21:08",1208300
16150,100,700,"sd","13:21:08",1208100
16150,100,400,"sd","13:21:00",1207400
16150,100,100,"sd","13:21:00",1207000
16200,150,300,"bu","13:20:26",1206900
16200,150,5200,"bu","13:20:26",1206600
16150,100,100,"sd","13:20:08",1201400
16150,100,200,"sd","13:20:08",1201300
16150,100,700,"sd","13:20:08",1201100
16150,100,1000,"sd","13:20:08",1200400
16150,100,1000,"sd","13:20:08",1199400
16150,100,3000,"sd","13:20:08",1198400
16150,100,1500,"sd","13:20:08",1195400
16200,150,4800,"sd","13:19:45",1193900
16200,150,200,"bu","13:19:30",1189100
16200,150,500,"sd","13:19:10",1188900
16200,150,4500,"sd","13:19:04",1188400
16200,150,5000,"sd","13:19:04",1183900
16200,150,300,"sd","13:19:04",1178900
16200,150,200,"sd","13:19:04",1178600
16200,150,500,"sd","13:19:04",1178400
16200,150,500,"sd","13:19:04",1177900
16200,150,200,"sd","13:19:04",1177400
16200,150,800,"sd","13:19:04",1177200
16200,150,500,"sd","13:19:04",1176400
16200,150,100,"sd","13:19:04",1175900
16200,150,2000,"sd","13:19:04",1175800
16200,150,100,"sd","13:19:04",1173800
16200,150,100,"sd","13:19:04",1173700
16200,150,100,"sd","13:19:04",1173600
16200,150,100,"sd","13:19:04",1173500
16200,150,500,"sd","13:19:04",1173400
16200,150,700,"sd","13:19:04",1172900
16200,150,200,"sd","13:19:04",1172200
16200,150,100,"sd","13:19:04",1172000
16200,150,500,"sd","13:19:04",1171900
16200,150,100,"sd","13:19:04",1171400
16200,150,500,"sd","13:19:04",1171300
16200,150,100,"sd","13:19:04",1170800
16200,150,500,"sd","13:19:04",1170700
16200,150,500,"sd","13:19:04",1170200
16200,150,100,"sd","13:19:04",1169700
16200,150,2000,"sd","13:19:04",1169600
16200,150,5000,"sd","13:19:04",1167600
16200,150,200,"sd","13:19:04",1162600
16200,150,100,"sd","13:19:04",1162400
16200,150,500,"sd","13:19:04",1162300
16200,150,500,"sd","13:19:04",1161800
16200,150,1400,"sd","13:19:04",1161300
16200,150,100,"sd","13:19:04",1159900
16200,150,1000,"sd","13:19:04",1159800
16200,150,200,"sd","13:19:04",1158800
16200,150,700,"sd","13:19:04",1158600
16200,150,3200,"sd","13:19:04",1157900
16200,150,3000,"sd","13:19:04",1154700
16200,150,5000,"sd","13:19:04",1151700
16200,150,400,"sd","13:19:04",1146700
16200,150,5000,"sd","13:19:04",1146300
16200,150,2900,"sd","13:19:04",1141300
16250,200,3500,"bu","13:19:02",1138400
16250,200,2000,"bu","13:19:02",1134900
16250,200,500,"bu","13:19:02",1132900
16250,200,4000,"bu","13:19:02",1132400
16250,200,5000,"bu","13:18:04",1128400
16200,150,100,"sd","13:17:55",1123400
16250,200,100,"bu","13:17:16",1123300
16200,150,100,"sd","13:17:07",1123200
16200,150,1400,"sd","13:16:27",1123100
16200,150,500,"sd","13:16:27",1121700
16200,150,500,"sd","13:16:27",1121200
16200,150,900,"sd","13:16:27",1120700
16200,150,700,"sd","13:16:27",1119800
16200,150,500,"sd","13:16:13",1119100
16200,150,200,"sd","13:16:13",1118600
16200,150,400,"sd","13:16:13",1118400
16200,150,1600,"sd","13:16:12",1118000
16200,150,500,"sd","13:16:12",1116400
16200,150,2900,"sd","13:16:12",1115900
16200,150,1100,"sd","13:15:19",1113000
16200,150,200,"sd","13:15:19",1111900
16200,150,500,"sd","13:15:19",1111700
16200,150,100,"sd","13:15:19",1111200
16250,200,5000,"bu","13:15:10",1111100
16250,200,900,"bu","13:14:56",1106100
16250,200,100,"bu","13:14:56",1105200
16250,200,900,"bu","13:14:26",1105100
16250,200,100,"bu","13:14:26",1104200
16200,150,100,"sd","13:13:44",1104100
16200,150,1900,"sd","13:13:44",1104000
16250,200,2400,"bu","13:13:01",1102100
16250,200,200,"bu","13:13:01",1099700
16250,200,1400,"bu","13:13:01",1099500
16250,200,600,"bu","13:12:21",1098100
16250,200,500,"bu","13:12:20",1097500
16250,200,500,"bu","13:12:20",1097000
16250,200,200,"bu","13:12:20",1096500
16250,200,1200,"bu","13:12:20",1096300
16250,200,5000,"bu","13:10:32",1095100
16250,200,100,"bu","13:10:04",1090100
16250,200,3700,"bu","13:09:46",1090000
16250,200,3400,"bu","13:09:46",1086300
16250,200,300,"sd","13:09:30",1082900
16250,200,100,"sd","13:09:30",1082600
16250,200,1200,"sd","13:09:30",1082500
16250,200,2000,"sd","13:08:50",1081300
16250,200,1800,"bu","13:08:17",1079300
16250,200,200,"bu","13:08:06",1077500
16250,200,400,"bu","13:08:06",1077300
16250,200,400,"bu","13:08:06",1076900
16250,200,600,"bu","13:07:11",1076500
16250,200,1000,"bu","13:07:11",1075900
16250,200,8400,"bu","13:07:11",1074900
16250,200,5000,"bu","13:06:52",1066500
16250,200,500,"bu","13:06:48",1061500
16200,150,500,"sd","13:06:20",1061000
16250,200,500,"bu","13:06:16",1060500
16250,200,1000,"bu","13:06:06",1060000
16250,200,500,"bu","13:05:58",1059000
16250,200,500,"sd","13:05:55",1058500
16250,200,100,"sd","13:05:55",1058000
16250,200,1000,"sd","13:05:55",1057900
16250,200,1000,"sd","13:05:55",1056900
16250,200,200,"sd","13:05:55",1055900
16250,200,300,"sd","13:05:55",1055700
16250,200,500,"sd","13:05:55",1055400
16250,200,1300,"sd","13:05:55",1054900
16250,200,500,"sd","13:05:55",1053600
16250,200,1900,"sd","13:05:55",1053100
16250,200,400,"sd","13:05:55",1051200
16250,200,100,"sd","13:05:55",1050800
16250,200,100,"sd","13:05:55",1050700
16250,200,100,"sd","13:05:55",1050600
16250,200,2000,"sd","13:05:55",1050500
16250,200,500,"sd","13:05:55",1048500
16250,200,200,"sd","13:05:55",1048000
16250,200,200,"sd","13:05:55",1047800
16250,200,200,"sd","13:05:55",1047600
16250,200,100,"sd","13:05:55",1047400
16250,200,100,"sd","13:05:55",1047300
16250,200,300,"sd","13:05:55",1047200
16250,200,1100,"sd","13:05:55",1046900
16250,200,1000,"sd","13:05:55",1045800
16250,200,400,"sd","13:05:55",1044800
16250,200,1600,"sd","13:05:47",1044400
16250,200,100,"sd","13:05:47",1042800
16250,200,100,"sd","13:05:47",1042700
16250,200,5000,"sd","13:05:47",1042600
16250,200,1000,"sd","13:05:47",1037600
16250,200,8000,"sd","13:05:47",1036600
16250,200,1000,"sd","13:05:47",1028600
16250,200,1000,"sd","13:05:47",1027600
16250,200,100,"sd","13:05:47",1026600
16250,200,3500,"sd","13:05:47",1026500
16250,200,600,"sd","13:05:47",1023000
16300,250,500,"bu","13:05:29",1022400
16250,200,1000,"sd","13:05:18",1021900
16250,200,300,"sd","13:04:28",1020900
16250,200,2000,"sd","13:04:28",1020600
16250,200,5000,"sd","13:04:28",1018600
16250,200,1000,"sd","13:04:28",1013600
16250,200,500,"sd","13:04:28",1012600
16250,200,200,"sd","13:04:28",1012100
16250,200,1000,"sd","13:04:28",1011900
16250,200,4000,"sd","13:04:18",1010900
16250,200,300,"sd","13:03:32",1006900
16250,200,3700,"sd","13:03:06",1006600
16250,200,1000,"sd","13:02:59",1002900
16250,200,500,"sd","13:02:59",1001900
16250,200,1000,"sd","13:02:59",1001400
16250,200,100,"sd","13:02:45",1000400
16300,250,100,"sd","13:02:29",1000300
16300,250,1000,"sd","13:02:29",1000200
16300,250,500,"sd","13:02:29",999200
16300,250,500,"sd","13:02:29",998700
16300,250,1000,"sd","13:02:29",998200
16300,250,2000,"sd","13:02:29",997200
16300,250,100,"sd","13:02:29",995200
16300,250,1000,"sd","13:02:29",995100
16300,250,6900,"sd","13:02:29",994100
16300,250,2000,"sd","13:02:24",987200
16300,250,300,"sd","13:02:14",985200
16300,250,500,"sd","13:02:12",984900
16300,250,1500,"sd","13:02:01",984400
16350,300,100,"bu","13:01:26",982900
16300,250,1500,"sd","13:01:19",982800
16300,250,2000,"sd","13:01:05",981300
16300,250,500,"sd","13:00:34",979300
16350,300,1000,"bu","13:00:34",978800
16300,250,100,"sd","13:00:29",977800
16300,250,4700,"sd","13:00:28",977700
16300,250,500,"sd","13:00:28",973000
16300,250,300,"bu","13:00:26",972500
16300,250,1500,"bu","13:00:26",972200
16300,250,2000,"bu","13:00:26",970700
16300,250,700,"bu","13:00:26",968700
16300,250,100,"bu","13:00:26",968000
16300,250,1200,"bu","13:00:21",967900
16300,250,500,"bu","13:00:21",966700
16300,250,100,"bu","13:00:21",966200
16300,250,500,"bu","13:00:20",966100
16300,250,2000,"bu","13:00:14",965600
16300,250,4000,"sd","13:00:11",963600
16300,250,900,"sd","13:00:11",959600
16300,250,100,"sd","13:00:09",958700
16300,250,900,"sd","13:00:09",958600
16300,250,700,"sd","13:00:08",957700
16300,250,200,"sd","13:00:07",957000
16300,250,2000,"sd","13:00:07",956800
16300,250,1300,"sd","13:00:04",954800
16300,250,200,"bu","13:00:03",953500
16300,250,700,"bu","13:00:03",953300
16300,250,100,"bu","13:00:02",952600
16300,250,200,"sd","13:00:01",952500
16300,250,200,"sd","11:25:16",952300
16300,250,800,"sd","11:24:45",952100
16300,250,500,"sd","11:24:45",951300
16300,250,600,"sd","11:24:45",950800
16300,250,100,"sd","11:23:53",950200
16300,250,3000,"sd","11:23:03",950100
16300,250,200,"sd","11:22:42",947100
16300,250,1000,"bu","11:20:49",946900
16300,250,100,"bu","11:20:49",945900
16300,250,100,"sd","11:20:43",945800
16300,250,1000,"sd","11:20:43",945700
16300,250,1000,"sd","11:19:49",944700
16300,250,500,"bu","11:19:24",943700
16300,250,2500,"bu","11:19:24",943200
16300,250,200,"bu","11:19:13",940700
16300,250,1000,"bu","11:18:52",940500
16300,250,100,"sd","11:18:46",939500
16300,250,500,"sd","11:18:46",939400
16300,250,400,"sd","11:18:46",938900
16300,250,300,"sd","11:18:46",938500
16300,250,200,"sd","11:17:59",938200
16300,250,100,"sd","11:17:59",938000
16300,250,500,"sd","11:16:57",937900
16300,250,500,"sd","11:16:57",937400
16300,250,500,"sd","11:16:40",936900
16300,250,200,"sd","11:16:40",936400
16300,250,300,"sd","11:16:40",936200
16300,250,200,"sd","11:16:24",935900
16300,250,200,"sd","11:16:24",935700
16300,250,2000,"sd","11:16:24",935500
16300,250,300,"sd","11:16:24",933500
16300,250,200,"sd","11:16:24",933200
16300,250,1100,"sd","11:16:24",933000
16300,250,500,"sd","11:16:06",931900
16300,250,400,"sd","11:15:50",931400
16300,250,2000,"sd","11:15:50",931000
16300,250,200,"sd","11:15:50",929000
16300,250,300,"sd","11:15:50",928800
16300,250,1100,"sd","11:15:50",928500
16300,250,500,"sd","11:15:11",927400
16300,250,200,"sd","11:14:45",926900
16350,300,200,"bu","11:13:22",926700
16350,300,200,"bu","11:13:10",926500
16300,250,4000,"sd","11:12:12",926300
16300,250,600,"sd","11:11:50",922300
16300,250,1000,"sd","11:11:40",921700
16300,250,600,"sd","11:11:30",920700
16300,250,1500,"sd","11:10:20",920100
16300,250,200,"sd","11:10:19",918600
16300,250,800,"sd","11:10:19",918400
16300,250,500,"sd","11:10:08",917600
16300,250,1000,"sd","11:10:01",917100
16300,250,3000,"sd","11:09:51",916100
16300,250,500,"sd","11:09:48",913100
16300,250,3000,"sd","11:09:42",912600
16300,250,1000,"sd","11:09:40",909600
16300,250,200,"sd","11:09:15",908600
16300,250,500,"sd","11:09:02",908400
16300,250,4000,"bu","11:07:36",907900
16300,250,500,"bu","11:07:36",903900
16300,250,500,"bu","11:07:31",903400
16300,250,700,"sd","11:06:56",902900
16300,250,100,"sd","11:06:56",902200
16300,250,1500,"sd","11:06:56",902100
16300,250,1000,"sd","11:06:56",900600
16300,250,700,"sd","11:06:56",899600
16300,250,200,"bu","11:06:06",898900
16300,250,100,"bu","11:06:06",898700
16300,250,100,"bu","11:06:03",898600
16300,250,2900,"bu","11:06:03",898500
16300,250,3100,"bu","11:05:50",895600
16300,250,500,"bu","11:05:50",892500
16300,250,1600,"bu","11:05:50",892000
16300,250,4800,"bu","11:05:50",890400
16300,250,200,"bu","11:04:48",885600
16250,200,100,"sd","11:02:47",885400
16250,200,100,"sd","11:02:27",885300
16250,200,1000,"sd","10:59:24",885200
16300,250,500,"bu","10:59:21",884200
16300,250,300,"sd","10:58:27",883700
16300,250,100,"sd","10:58:27",883400
16300,250,400,"sd","10:58:27",883300
16300,250,1000,"sd","10:58:00",882900
16300,250,500,"sd","10:56:40",881900
16300,250,100,"bu","10:56:34",881400
16300,250,3000,"bu","10:56:34",881300
16300,250,100,"bu","10:56:30",878300
16300,250,200,"bu","10:56:24",878200
16300,250,1500,"bu","10:56:09",878000
16300,250,1000,"bu","10:56:06",876500
16300,250,3100,"bu","10:55:32",875500
16300,250,900,"bu","10:54:53",872400
16300,250,200,"sd","10:54:31",871500
16300,250,1200,"sd","10:54:05",871300
16300,250,1000,"sd","10:52:56",870100
16300,250,1000,"bu","10:52:49",869100
16300,250,500,"bu","10:52:49",868100
16300,250,5000,"bu","10:52:49",867600
16300,250,2000,"bu","10:52:49",862600
16300,250,2100,"bu","10:52:49",860600
16300,250,1000,"bu","10:51:36",858500
16300,250,100,"bu","10:50:08",857500
16250,200,100,"sd","10:50:02",857400
16300,250,100,"sd","10:48:35",857300
16300,250,500,"sd","10:48:35",857200
16300,250,100,"sd","10:48:35",856700
16300,250,500,"sd","10:48:35",856600
16300,250,600,"sd","10:48:35",856100
16300,250,100,"sd","10:47:51",855500
16300,250,100,"sd","10:47:19",855400
16300,250,1000,"sd","10:46:53",855300
16300,250,200,"sd","10:45:02",854300
16300,250,300,"sd","10:45:02",854100
16300,250,500,"sd","10:44:23",853800
16300,250,1000,"sd","10:44:23",853300
16300,250,200,"sd","10:44:23",852300
16300,250,2200,"sd","10:44:23",852100
16300,250,500,"sd","10:44:23",849900
16300,250,1000,"sd","10:44:23",849400
16300,250,100,"sd","10:44:23",848400
16300,250,1000,"sd","10:44:23",848300
16300,250,10000,"sd","10:44:23",847300
16300,250,5800,"sd","10:44:23",837300
16300,250,1000,"sd","10:44:23",831500
16300,250,700,"sd","10:44:23",830500
16300,250,1000,"sd","10:44:23",829800
16300,250,10000,"sd","10:44:23",828800
16300,250,2500,"sd","10:44:23",818800
16300,250,1000,"sd","10:44:23",816300
16300,250,1500,"sd","10:44:23",815300
16300,250,1000,"sd","10:43:00",813800
16350,300,100,"bu","10:41:15",812800
16350,300,700,"bu","10:41:14",812700
16350,300,300,"bu","10:41:14",812000
16350,300,300,"bu","10:41:14",811700
16350,300,1700,"bu","10:41:01",811400
16350,300,1300,"bu","10:41:01",809700
16350,300,400,"bu","10:39:15",808400
16350,300,2500,"bu","10:39:15",808000
16350,300,100,"bu","10:39:15",805500
16350,300,100,"bu","10:37:40",805400
16350,300,200,"bu","10:37:22",805300
16350,300,200,"bu","10:37:22",805100
16350,300,800,"bu","10:36:03",804900
16350,300,4200,"bu","10:36:03",804100
16300,250,2000,"sd","10:35:58",799900
16300,250,100,"sd","10:34:56",797900
16350,300,100,"sd","10:34:36",797800
16350,300,700,"sd","10:34:36",797700
16350,300,100,"sd","10:34:32",797000
16350,300,300,"sd","10:34:25",796900
16350,300,1700,"sd","10:34:25",796600
16400,350,300,"bu","10:34:15",794900
16350,300,1000,"sd","10:33:40",794600
16350,300,100,"sd","10:33:35",793600
16350,300,500,"sd","10:33:27",793500
16350,300,100,"sd","10:33:21",793000
16350,300,100,"sd","10:33:21",792900
16350,300,100,"sd","10:32:14",792800
16350,300,400,"sd","10:32:14",792700
16350,300,400,"sd","10:32:00",792300
16350,300,500,"sd","10:32:00",791900
16350,300,100,"sd","10:32:00",791400
16350,300,200,"sd","10:31:40",791300
16350,300,200,"sd","10:31:40",791100
16350,300,100,"sd","10:31:40",790900
16350,300,400,"sd","10:31:11",790800
16350,300,2100,"sd","10:31:11",790400
16350,300,900,"sd","10:31:11",788300
16350,300,100,"sd","10:30:59",787400
16350,300,900,"sd","10:30:59",787300
16350,300,100,"sd","10:29:39",786400
16350,300,2400,"sd","10:29:39",786300
16350,300,100,"sd","10:29:30",783900
16350,300,900,"sd","10:29:14",783800
16350,300,500,"sd","10:29:05",782900
16350,300,200,"sd","10:28:18",782400
16350,300,5000,"sd","10:27:12",782200
16350,300,2000,"sd","10:27:11",777200
16350,300,200,"sd","10:26:42",775200
16350,300,2000,"sd","10:26:40",775000
16350,300,1300,"sd","10:25:57",773000
16400,350,1000,"bu","10:25:49",771700
16350,300,5900,"sd","10:25:41",770700
16350,300,100,"sd","10:25:12",764800
16400,350,500,"bu","10:24:40",764700
16350,300,5000,"sd","10:24:31",764200
16350,300,4400,"sd","10:24:25",759200
16350,300,5000,"sd","10:24:25",754800
16350,300,600,"sd","10:24:25",749800
16350,300,300,"sd","10:24:24",749200
16350,300,500,"sd","10:24:00",748900
16350,300,5000,"sd","10:23:39",748400
16350,300,2000,"sd","10:23:02",743400
16400,350,2000,"bu","10:22:52",741400
16350,300,100,"sd","10:22:15",739400
16350,300,4000,"sd","10:21:56",739300
16350,300,100,"sd","10:21:37",735300
16350,300,300,"sd","10:21:31",735200
16350,300,200,"sd","10:20:47",734900
16350,300,100,"sd","10:20:26",734700
16350,300,400,"sd","10:20:22",734600
16350,300,100,"sd","10:20:19",734200
16350,300,900,"sd","10:20:07",734100
16350,300,1000,"sd","10:20:03",733200
16350,300,100,"sd","10:20:01",732200
16350,300,100,"sd","10:20:00",732100
16350,300,2000,"sd","10:19:45",732000
16350,300,900,"sd","10:18:53",730000
16350,300,1300,"sd","10:18:32",729100
16350,300,3000,"sd","10:18:32",727800
16350,300,200,"sd","10:18:32",724800
16350,300,200,"sd","10:18:32",724600
16350,300,300,"sd","10:18:32",724400
16350,300,700,"sd","10:17:09",724100
16350,300,1700,"sd","10:17:09",723400
16350,300,600,"sd","10:17:09",721700
16400,350,200,"bu","10:17:00",721100
16350,300,200,"sd","10:16:27",720900
16350,300,1000,"sd","10:15:26",720700
16350,300,100,"sd","10:14:26",719700
16350,300,100,"sd","10:14:01",719600
16350,300,100,"sd","10:14:01",719500
16350,300,100,"sd","10:13:58",719400
16350,300,300,"bu","10:13:46",719300
16300,250,200,"sd","10:13:45",719000
16350,300,300,"bu","10:12:59",718800
16350,300,200,"bu","10:12:59",718500
16350,300,1000,"bu","10:12:53",718300
16350,300,200,"bu","10:12:38",717300
16350,300,100,"bu","10:12:38",717100
16350,300,200,"bu","10:12:38",717000
16350,300,500,"bu","10:12:38",716800
16350,300,7800,"bu","10:12:38",716300
16350,300,10000,"bu","10:12:38",708500
16350,300,1000,"bu","10:12:38",698500
16350,300,200,"bu","10:12:38",697500
16350,300,100,"bu","10:12:38",697300
16350,300,300,"bu","10:12:38",697200
16350,300,2000,"bu","10:12:38",696900
16350,300,700,"bu","10:12:38",694900
16350,300,100,"bu","10:12:38",694200
16350,300,300,"bu","10:12:38",694100
16350,300,5000,"bu","10:12:38",693800
16350,300,200,"bu","10:12:38",688800
16350,300,2500,"bu","10:12:38",688600
16350,300,300,"bu","10:12:38",686100
16350,300,1500,"bu","10:12:37",685800
16350,300,200,"bu","10:12:37",684300
16350,300,3000,"bu","10:12:37",684100
16350,300,500,"bu","10:12:37",681100
16350,300,500,"bu","10:12:37",680600
16350,300,2800,"bu","10:12:37",680100
16300,250,3000,"sd","10:12:23",677300
16300,250,1000,"sd","10:11:02",674300
16350,300,200,"bu","10:10:19",673300
16350,300,100,"bu","10:10:13",673100
16350,300,100,"bu","10:10:12",673000
16300,250,300,"sd","10:09:52",672900
16300,250,300,"sd","10:08:06",672600
16300,250,500,"sd","10:06:45",672300
16350,300,400,"bu","10:06:24",671800
16300,250,100,"sd","10:06:15",671400
16350,300,6400,"bu","10:04:48",671300
16350,300,2000,"bu","10:04:48",664900
16350,300,1000,"bu","10:04:48",662900
16350,300,600,"bu","10:04:48",661900
16350,300,200,"bu","10:04:40",661300
16350,300,1100,"bu","10:03:19",661100
16350,300,300,"bu","10:03:16",660000
16350,300,500,"bu","10:02:36",659700
16350,300,3000,"bu","10:02:29",659200
16250,200,1000,"sd","10:01:56",656200
16350,300,3000,"bu","10:01:37",655200
16300,250,500,"bu","10:01:37",652200
16300,250,100,"bu","10:01:37",651700
16300,250,2400,"bu","10:01:37",651600
16300,250,1000,"bu","10:01:31",649200
16300,250,200,"bu","09:59:39",648200
16300,250,5000,"bu","09:58:53",648000
16300,250,1000,"bu","09:58:44",643000
16300,250,400,"bu","09:58:39",642000
16300,250,2600,"bu","09:58:39",641600
16300,250,100,"bu","09:58:38",639000
16300,250,300,"bu","09:58:37",638900
16300,250,100,"bu","09:58:37",638600
16300,250,100,"bu","09:58:32",638500
16300,250,1000,"bu","09:58:32",638400
16300,250,700,"bu","09:58:32",637400
16300,250,1000,"bu","09:58:32",636700
16300,250,2200,"bu","09:58:32",635700
16250,200,200,"bu","09:58:17",633500
16250,200,2400,"bu","09:58:17",633300
16250,200,100,"bu","09:57:55",630900
16250,200,900,"bu","09:57:55",630800
16250,200,500,"bu","09:57:52",629900
16200,150,2600,"sd","09:57:48",629400
16200,150,1000,"sd","09:57:48",626800
16200,150,400,"sd","09:57:48",625800
16200,150,200,"sd","09:57:35",625400
16250,200,100,"bu","09:57:29",625200
16200,150,300,"sd","09:57:20",625100
16250,200,600,"bu","09:56:58",624800
16200,150,100,"sd","09:56:35",624200
16250,200,1000,"sd","09:56:29",624100
16250,200,400,"sd","09:56:29",623100
16250,200,500,"sd","09:56:29",622700
16250,200,100,"sd","09:56:29",622200
16250,200,4800,"sd","09:56:29",622100
16250,200,1000,"sd","09:56:29",617300
16250,200,2000,"sd","09:56:29",616300
16250,200,600,"sd","09:56:29",614300
16250,200,2400,"sd","09:55:22",613700
16250,200,400,"sd","09:55:22",611300
16250,200,600,"sd","09:54:46",610900
16250,200,500,"sd","09:54:46",610300
16250,200,100,"sd","09:54:46",609800
16250,200,200,"sd","09:54:46",609700
16250,200,500,"sd","09:54:46",609500
16250,200,1000,"sd","09:54:46",609000
16250,200,400,"sd","09:54:46",608000
16250,200,300,"sd","09:54:46",607600
16250,200,200,"sd","09:54:46",607300
16250,200,1500,"sd","09:54:46",607100
16250,200,2700,"sd","09:54:46",605600
16250,200,2000,"sd","09:54:26",602900
16250,200,2000,"sd","09:53:31",600900
16300,250,200,"bu","09:53:11",598900
16300,250,100,"bu","09:52:42",598700
16300,250,100,"bu","09:52:42",598600
16300,250,500,"bu","09:51:57",598500
16300,250,500,"bu","09:51:56",598000
16300,250,1900,"bu","09:51:11",597500
16300,250,100,"bu","09:51:11",595600
16300,250,500,"bu","09:50:32",595500
16300,250,200,"bu","09:50:26",595000
16250,200,1000,"sd","09:50:13",594800
16250,200,1000,"sd","09:50:01",593800
16250,200,700,"sd","09:49:22",592800
16250,200,2000,"sd","09:49:22",592100
16250,200,300,"sd","09:49:22",590100
16300,250,1000,"bu","09:49:09",589800
16300,250,200,"bu","09:49:04",588800
16300,250,100,"bu","09:48:31",588600
16300,250,100,"sd","09:48:25",588500
16300,250,1400,"bu","09:48:13",588400
16300,250,900,"sd","09:48:04",587000
16300,250,700,"sd","09:48:04",586100
16300,250,200,"sd","09:48:03",585400
16300,250,100,"sd","09:48:02",585200
16300,250,900,"sd","09:48:02",585100
16300,250,100,"sd","09:47:49",584200
16300,250,200,"sd","09:47:44",584100
16300,250,600,"sd","09:47:44",583900
16300,250,1200,"sd","09:47:23",583300
16300,250,1200,"sd","09:47:11",582100
16300,250,400,"sd","09:47:11",580900
16300,250,2400,"sd","09:47:11",580500
16300,250,200,"sd","09:47:09",578100
16300,250,5000,"sd","09:46:49",577900
16350,300,400,"bu","09:46:42",572900
16350,300,900,"sd","09:46:03",572500
16350,300,100,"sd","09:45:49",571600
16350,300,100,"sd","09:45:40",571500
16350,300,100,"bu","09:45:22",571400
16350,300,200,"bu","09:45:22",571300
16350,300,600,"bu","09:45:22",571100
16350,300,100,"bu","09:45:09",570500
16350,300,100,"bu","09:45:06",570400
16350,300,200,"bu","09:44:47",570300
16350,300,1000,"bu","09:44:37",570100
16350,300,300,"bu","09:44:28",569100
16350,300,100,"sd","09:44:26",568800
16350,300,600,"sd","09:44:26",568700
16400,350,300,"bu","09:44:10",568100
16400,350,100,"bu","09:44:10",567800
16400,350,5000,"bu","09:44:10",567700
16400,350,300,"bu","09:44:10",562700
16400,350,2000,"bu","09:44:10",562400
16400,350,1300,"bu","09:44:10",560400
16350,300,400,"sd","09:43:58",559100
16350,300,2600,"sd","09:43:58",558700
16350,300,1000,"sd","09:43:52",556100
16350,300,900,"sd","09:43:46",555100
16350,300,100,"sd","09:43:46",554200
16350,300,2000,"sd","09:43:12",554100
16350,300,300,"bu","09:42:56",552100
16350,300,5000,"bu","09:42:56",551800
16350,300,1000,"bu","09:42:56",546800
16350,300,100,"bu","09:42:56",545800
16350,300,2000,"bu","09:42:56",545700
16350,300,2000,"bu","09:42:56",543700
16350,300,400,"bu","09:42:56",541700
16350,300,600,"bu","09:41:58",541300
16300,250,2400,"sd","09:41:37",540700
16300,250,400,"sd","09:41:37",538300
16300,250,1000,"sd","09:41:37",537900
16300,250,500,"sd","09:41:37",536900
16300,250,500,"sd","09:41:37",536400
16300,250,100,"sd","09:41:37",535900
16300,250,1000,"sd","09:40:40",535800
16300,250,6000,"sd","09:40:40",534800
16300,250,600,"sd","09:40:40",528800
16300,250,400,"sd","09:40:40",528200
16350,300,1000,"sd","09:40:08",527800
16350,300,500,"sd","09:40:05",526800
16350,300,1000,"sd","09:40:05",526300
16350,300,500,"sd","09:40:05",525300
16350,300,1100,"sd","09:39:59",524800
16350,300,1400,"sd","09:39:47",523700
16350,300,1000,"sd","09:39:47",522300
16350,300,600,"sd","09:39:47",521300
16350,300,100,"sd","09:39:13",520700
16350,300,200,"sd","09:39:06",520600
16350,300,500,"sd","09:39:01",520400
16350,300,2000,"sd","09:38:53",519900
16350,300,2000,"sd","09:38:28",517900
16400,350,1000,"bu","09:38:23",515900
16350,300,1400,"bu","09:38:08",514900
16350,300,3200,"bu","09:38:08",513500
16350,300,6300,"bu","09:38:04",510300
16350,300,100,"sd","09:37:47",504000
16350,300,400,"sd","09:37:47",503900
16350,300,2000,"sd","09:37:38",503500
16350,300,1600,"sd","09:37:31",501500
16350,300,300,"sd","09:37:31",499900
16350,300,600,"sd","09:37:31",499600
16350,300,100,"sd","09:37:30",499000
16350,300,300,"sd","09:37:19",498900
16350,300,3000,"sd","09:37:19",498600
16350,300,200,"sd","09:37:19",495600
16350,300,200,"sd","09:37:19",495400
16350,300,1300,"sd","09:37:19",495200
16350,300,3700,"sd","09:36:47",493900
16350,300,100,"sd","09:36:47",490200
16350,300,100,"sd","09:36:47",490100
16350,300,400,"sd","09:36:45",490000
16350,300,200,"sd","09:36:45",489600
16350,300,300,"sd","09:36:41",489400
16350,300,200,"sd","09:36:37",489100
16350,300,1300,"sd","09:36:28",488900
16350,300,700,"sd","09:36:28",487600
16400,350,700,"bu","09:36:13",486900
16400,350,100,"bu","09:36:13",486200
16350,300,2000,"sd","09:35:49",486100
16350,300,7300,"sd","09:35:23",484100
16350,300,100,"sd","09:35:23",476800
16350,300,500,"sd","09:35:23",476700
16350,300,2500,"sd","09:35:20",476200
16350,300,2000,"sd","09:35:12",473700
16350,300,5000,"sd","09:35:09",471700
16400,350,200,"bu","09:34:21",466700
16400,350,6000,"bu","09:34:03",466500
16400,350,10000,"bu","09:34:02",460500
16400,350,2000,"bu","09:33:59",450500
16400,350,1000,"sd","09:33:50",448500
16400,350,500,"sd","09:33:50",447500
16400,350,100,"sd","09:33:50",447000
16400,350,500,"sd","09:33:50",446900
16400,350,1800,"sd","09:33:50",446400
16400,350,300,"sd","09:33:50",444600
16400,350,10000,"sd","09:33:50",444300
16400,350,1000,"sd","09:33:50",434300
16400,350,500,"sd","09:33:50",433300
16400,350,500,"sd","09:33:50",432800
16400,350,400,"sd","09:33:50",432300
16400,350,3300,"sd","09:33:50",431900
16400,350,7000,"sd","09:33:50",428600
16400,350,1000,"sd","09:33:37",421600
16400,350,1000,"sd","09:33:34",420600
16400,350,4000,"sd","09:33:32",419600
16400,350,5000,"sd","09:33:30",415600
16400,350,12000,"sd","09:33:05",410600
16450,400,500,"bu","09:33:05",398600
16450,400,500,"bu","09:32:57",398100
16450,400,3000,"bu","09:32:57",397600
16450,400,1000,"bu","09:32:57",394600
16450,400,500,"bu","09:32:57",393600
16450,400,100,"bu","09:32:57",393100
16450,400,500,"bu","09:32:57",393000
16450,400,2000,"bu","09:32:57",392500
16450,400,1000,"bu","09:32:57",390500
16450,400,1000,"bu","09:32:57",389500
16450,400,400,"bu","09:32:57",388500
16450,400,400,"bu","09:32:29",388100
16450,400,500,"sd","09:31:58",387700
16450,400,1500,"bu","09:31:55",387200
16450,400,100,"bu","09:31:52",385700
16450,400,400,"bu","09:31:51",385600
16450,400,600,"bu","09:31:51",385200
16450,400,500,"bu","09:31:48",384600
16450,400,2000,"sd","09:31:44",384100
16450,400,300,"sd","09:31:44",382100
16450,400,1000,"sd","09:31:44",381800
16450,400,1400,"sd","09:31:44",380800
16450,400,3600,"sd","09:31:43",379400
16450,400,300,"sd","09:31:43",375800
16450,400,6100,"sd","09:31:43",375500
16450,400,100,"sd","09:31:42",369400
16450,400,800,"sd","09:31:41",369300
16450,400,1000,"sd","09:31:34",368500
16450,400,500,"sd","09:31:32",367500
16450,400,1000,"sd","09:31:32",367000
16450,400,5500,"sd","09:31:22",366000
16450,400,2000,"sd","09:31:22",360500
16450,400,2500,"sd","09:31:22",358500
16450,400,800,"sd","09:31:10",356000
16450,400,300,"bu","09:31:06",355200
16450,400,300,"bu","09:31:06",354900
16450,400,100,"bu","09:31:06",354600
16450,400,400,"bu","09:31:06",354500
16450,400,500,"bu","09:31:06",354100
16450,400,2200,"bu","09:31:06",353600
16450,400,1800,"bu","09:31:06",351400
16450,400,1000,"bu","09:31:06",349600
16450,400,500,"bu","09:31:06",348600
16450,400,1700,"bu","09:31:06",348100
16450,400,300,"bu","09:31:06",346400
16450,400,4700,"bu","09:31:06",346100
16450,400,100,"bu","09:31:03",341400
16450,400,200,"bu","09:31:03",341300
16450,400,300,"bu","09:31:02",341100
16450,400,500,"bu","09:31:02",340800
16450,400,100,"bu","09:31:02",340300
16450,400,500,"bu","09:31:02",340200
16450,400,800,"bu","09:31:02",339700
16450,400,800,"bu","09:31:02",338900
16450,400,5000,"bu","09:31:02",338100
16450,400,200,"bu","09:31:02",333100
16450,400,100,"bu","09:30:58",332900
16450,400,3400,"bu","09:30:55",332800
16450,400,2600,"bu","09:30:55",329400
16450,400,2400,"bu","09:30:51",326800
16450,400,600,"bu","09:30:51",324400
16450,400,100,"bu","09:30:43",323800
16450,400,100,"bu","09:30:39",323700
16450,400,300,"bu","09:30:33",323600
16450,400,300,"bu","09:30:33",323300
16450,400,100,"bu","09:30:33",323000
16450,400,300,"bu","09:30:33",322900
16450,400,100,"bu","09:30:32",322600
16450,400,1200,"bu","09:30:31",322500
16450,400,200,"bu","09:30:31",321300
16400,350,500,"sd","09:30:29",321100
16450,400,200,"bu","09:30:21",320600
16450,400,300,"bu","09:30:21",320400
16400,350,7600,"sd","09:30:17",320100
16400,350,500,"sd","09:30:17",312500
16400,350,1000,"sd","09:30:17",312000
16400,350,900,"sd","09:30:17",311000
16450,400,100,"bu","09:30:17",310100
16400,350,100,"sd","09:30:10",310000
16400,350,300,"bu","09:29:58",309900
16400,350,500,"bu","09:29:58",309600
16400,350,5000,"bu","09:29:58",309100
16400,350,100,"bu","09:29:58",304100
16400,350,300,"bu","09:29:58",304000
16400,350,200,"bu","09:29:58",303700
16400,350,100,"bu","09:29:58",303500
16400,350,200,"bu","09:29:58",303400
16400,350,200,"bu","09:29:58",303200
16400,350,10000,"bu","09:29:58",303000
16400,350,4100,"bu","09:29:58",293000
16400,350,1700,"bu","09:29:56",288900
16400,350,100,"bu","09:29:56",287200
16400,350,1000,"bu","09:29:56",287100
16400,350,200,"bu","09:29:56",286100
16400,350,500,"bu","09:29:56",285900
16400,350,100,"bu","09:29:56",285400
16400,350,4200,"bu","09:29:53",285300
16400,350,500,"bu","09:29:53",281100
16400,350,5300,"bu","09:29:53",280600
16400,350,1000,"bu","09:29:52",275300
16400,350,2100,"bu","09:29:49",274300
16400,350,500,"bu","09:29:46",272200
16400,350,1100,"bu","09:29:44",271700
16400,350,100,"bu","09:29:44",270600
16400,350,500,"bu","09:29:44",270500
16400,350,100,"bu","09:29:44",270000
16400,350,700,"bu","09:29:44",269900
16400,350,1500,"bu","09:29:44",269200
16400,350,3400,"bu","09:29:44",267700
16400,350,15000,"bu","09:29:38",264300
16350,300,600,"sd","09:29:15",249300
16350,300,1400,"sd","09:29:15",248700
16350,300,1400,"sd","09:28:54",247300
16350,300,100,"sd","09:28:46",245900
16350,300,400,"sd","09:28:41",245800
16350,300,800,"sd","09:28:25",245400
16400,350,29000,"bu","09:28:24",244600
16400,350,1000,"bu","09:28:24",215600
16350,300,1000,"sd","09:28:14",214600
16350,300,1000,"sd","09:27:55",213600
16350,300,200,"bu","09:27:53",212600
16350,300,300,"bu","09:27:53",212400
16350,300,2000,"bu","09:27:53",212100
16350,300,1000,"bu","09:27:53",210100
16350,300,300,"bu","09:27:53",209100
16350,300,800,"bu","09:27:53",208800
16350,300,6000,"bu","09:27:53",208000
16350,300,100,"bu","09:27:53",202000
16350,300,1000,"bu","09:27:53",201900
16350,300,3000,"bu","09:27:53",200900
16350,300,1000,"bu","09:27:53",197900
16350,300,500,"bu","09:27:52",196900
16350,300,600,"bu","09:27:52",196400
16350,300,2000,"bu","09:27:52",195800
16350,300,100,"bu","09:27:52",188800
16350,300,5000,"bu","09:27:52",193800
16300,250,1000,"bu","09:27:18",188700
16300,250,1000,"bu","09:27:18",187700
16300,250,700,"bu","09:27:18",186700
16300,250,500,"bu","09:27:18",186000
16300,250,2000,"bu","09:27:18",185500
16300,250,200,"bu","09:27:18",183500
16300,250,400,"bu","09:27:18",183300
16300,250,1600,"bu","09:27:15",182900
16300,250,400,"bu","09:27:15",181300
16300,250,100,"bu","09:27:13",180900
16300,250,3000,"bu","09:27:13",180800
16300,250,1000,"bu","09:27:13",177800
16300,250,900,"bu","09:27:13",176800
16300,250,100,"bu","09:27:05",175900
16300,250,1000,"bu","09:26:57",175800
16300,250,300,"bu","09:26:57",174800
16300,250,500,"bu","09:26:57",174500
16300,250,500,"bu","09:26:57",174000
16300,250,100,"bu","09:26:57",173500
16300,250,3000,"bu","09:26:57",173400
16300,250,600,"bu","09:26:57",170400
16300,250,600,"bu","09:26:57",169800
16300,250,3400,"bu","09:26:57",169200
16300,250,1600,"bu","09:26:50",165800
16300,250,800,"bu","09:26:50",164200
16300,250,100,"bu","09:26:50",163400
16300,250,500,"bu","09:26:50",163300
16300,250,100,"bu","09:26:31",162800
16300,250,900,"bu","09:26:31",162700
16250,200,200,"sd","09:26:20",161800
16300,250,100,"bu","09:26:16",161600
16250,200,1000,"sd","09:25:57",161500
16250,200,1000,"bu","09:25:45",160500
16250,200,8000,"bu","09:25:45",159500
16250,200,500,"bu","09:25:45",151500
16250,200,200,"bu","09:25:45",151000
16250,200,500,"bu","09:25:45",150800
16250,200,1000,"bu","09:25:45",150300
16250,200,200,"bu","09:25:45",149300
16250,200,500,"bu","09:25:44",149100
16250,200,1300,"bu","09:25:33",148600
16250,200,1000,"bu","09:25:33",147300
16250,200,200,"bu","09:25:33",146300
16250,200,4100,"bu","09:25:33",146100
16250,200,1000,"bu","09:25:33",142000
16250,200,400,"bu","09:25:33",141000
16250,200,100,"bu","09:25:23",140600
16250,200,1300,"bu","09:25:23",140500
16250,200,400,"bu","09:25:23",139200
16250,200,100,"bu","09:25:23",138800
16250,200,100,"bu","09:25:23",138700
16250,200,900,"bu","09:25:16",138600
16250,200,3000,"bu","09:25:16",137700
16250,200,100,"bu","09:25:16",134700
16200,150,2000,"sd","09:25:02",134600
16250,200,200,"bu","09:24:59",132600
16250,200,500,"bu","09:24:59",132400
16250,200,600,"bu","09:24:59",131900
16250,200,100,"bu","09:24:59",131300
16250,200,18600,"bu","09:24:59",131200
16200,150,900,"sd","09:24:38",112600
16200,150,500,"sd","09:24:38",111700
16200,150,100,"sd","09:24:38",111200
16200,150,200,"sd","09:24:38",111100
16200,150,600,"sd","09:24:38",110900
16200,150,1900,"sd","09:24:38",110300
16200,150,300,"sd","09:24:30",108400
16200,150,300,"sd","09:24:13",108100
16200,150,1000,"sd","09:23:52",107800
16250,200,5000,"bu","09:23:06",106800
16250,200,3000,"bu","09:22:47",101800
16200,150,200,"sd","09:22:40",98800
16200,150,2000,"sd","09:22:08",98600
16200,150,2000,"sd","09:21:21",96600
16200,150,500,"sd","09:21:11",94600
16200,150,200,"sd","09:21:08",94100
16200,150,1600,"sd","09:20:02",93900
16200,150,1400,"sd","09:20:02",92300
16200,150,500,"sd","09:19:56",90900
16200,150,100,"sd","09:19:50",90400
16200,150,400,"sd","09:19:50",90300
16250,200,3000,"bu","09:19:43",89900
16250,200,400,"bu","09:19:12",86900
16250,200,200,"bu","09:19:12",86500
16200,150,5000,"sd","09:19:07",86300
16200,150,200,"sd","09:18:55",81300
16200,150,1000,"sd","09:18:52",81100
16200,150,200,"sd","09:18:33",80100
16200,150,3000,"sd","09:18:20",79900
16200,150,200,"sd","09:18:17",76900
16200,150,5000,"sd","09:18:12",76700
16200,150,1000,"sd","09:18:04",71700
16200,150,700,"sd","09:17:41",70700
16200,150,10000,"bu","09:17:30",70000
16200,150,100,"bu","09:17:30",60000
16200,150,2000,"bu","09:17:30",59900
16200,150,1200,"bu","09:17:30",57900
16200,150,800,"bu","09:17:26",56700
16200,150,4200,"bu","09:17:26",55900
16150,100,1000,"sd","09:17:23",51700
16150,100,100,"bu","09:17:16",50700
16150,100,1000,"bu","09:17:13",50600
16150,100,5000,"bu","09:17:09",49600
16100,50,100,"sd","09:17:07",44600
16150,100,100,"bu","09:17:07",44500
16150,100,300,"sd","09:16:58",44400
16150,100,1000,"sd","09:16:58",44100
16150,100,300,"sd","09:16:58",43100
16150,100,500,"sd","09:16:58",42800
16150,100,200,"sd","09:16:58",42300
16150,100,100,"sd","09:16:58",42100
16150,100,1000,"sd","09:16:58",42000
16150,100,400,"sd","09:16:58",41000
16200,150,800,"bu","09:16:52",40600
16200,150,1200,"bu","09:16:52",39800
16200,150,1500,"bu","09:16:51",38600
16200,150,100,"bu","09:16:50",37100
16200,150,200,"sd","09:16:39",37000
16250,200,800,"bu","09:16:39",36800
16250,200,700,"bu","09:16:39",36000
16200,150,1000,"sd","09:16:25",35300
16250,200,300,"bu","09:16:19",34300
16150,100,2100,"sd","09:16:06",34000
16200,150,100,"sd","09:16:06",31900
16200,150,800,"sd","09:16:06",31800
16200,150,200,"bu","09:15:57",31000
16100,50,2600,"sd","09:15:54",30800
16100,50,100,"sd","09:15:54",28200
16150,100,300,"sd","09:15:54",28100
16200,150,300,"sd","09:15:42",27800
16200,150,500,"sd","09:15:42",27500
16200,150,2000,"sd","09:15:27",27000
16200,150,25000,"sd","09:15:02",25000
