"price","change","match_qtty","side","time","total_vol"
15800,500,100,"bu","14:59:20",1693700
15800,500,700,"bu","14:59:03",1693600
15800,500,100,"bu","14:58:39",1692900
15800,500,6600,"bu","14:58:34",1692800
15800,500,100,"sd","14:58:19",1686200
15900,600,3000,"bu","14:58:07",1686100
15800,500,700,"sd","14:56:31",1683100
15800,500,10000,"sd","14:56:12",1682400
15900,600,200,"bu","14:54:55",1672400
15800,500,100,"sd","14:54:54",1672200
15900,600,5000,"bu","14:53:16",1672100
15900,600,100,"bu","14:49:35",1667100
15800,500,1000,"sd","14:49:28",1667000
15800,500,100,"sd","14:46:23",1666000
15800,500,1000,"bu","14:45:34",1665900
15800,500,500,"unknown","14:44:01",1664900
15700,400,800,"sd","14:43:49",1664400
15800,500,200,"unknown","14:43:39",1663600
15800,500,800,"sd","14:42:51",1663400
15800,500,6600,"bu","14:42:16",1662600
15800,500,1000,"bu","14:40:34",1656000
15800,500,1500,"bu","14:40:03",1655000
15800,500,100,"bu","14:39:52",1653500
15800,500,1500,"bu","14:39:46",1653400
15800,500,100,"bu","14:39:28",1651900
15800,500,100,"bu","14:38:58",1651800
15800,500,100,"bu","14:38:20",1651700
15700,400,200,"sd","14:37:19",1651600
15700,400,500,"sd","14:36:26",1651400
15800,500,5200,"bu","14:36:17",1650900
15700,400,400,"sd","14:36:12",1645700
15700,400,100,"sd","14:35:55",1645300
15800,500,500,"bu","14:35:48",1645200
15800,500,7000,"bu","14:35:39",1644700
15800,500,10000,"bu","14:35:26",1637700
15800,500,4200,"bu","14:34:05",1627700
15700,400,1000,"sd","14:33:18",1623500
15800,500,100,"bu","14:32:56",1622500
15700,400,1000,"sd","14:32:55",1622400
15700,400,200,"sd","14:29:05",1621400
15800,500,100,"bu","14:28:51",1621200
15700,400,800,"sd","14:27:06",1621100
15700,400,1700,"bu","14:24:44",1620300
15700,400,200,"bu","14:24:42",1618600
15700,400,1000,"bu","14:24:24",1618400
15700,400,9100,"bu","14:24:09",1617400
15700,400,10000,"sd","14:23:42",1608300
15800,500,100,"bu","14:22:47",1598300
15700,400,500,"sd","14:22:41",1598200
15800,500,100,"bu","14:22:28",1597700
15800,500,1000,"bu","14:21:33",1597600
15800,500,100,"bu","14:20:53",1596600
15800,500,1000,"bu","14:20:32",1596500
15700,400,5000,"sd","14:19:53",1595500
15700,400,500,"sd","14:18:51",1590500
15700,400,1000,"sd","14:17:42",1590000
15800,500,1000,"bu","14:17:35",1589000
15700,400,7000,"sd","14:17:13",1588000
15700,400,2100,"sd","14:16:36",1581000
15700,400,500,"sd","14:16:26",1578900
15700,400,8900,"sd","14:16:24",1578400
15700,400,1000,"sd","14:15:21",1569500
15700,400,1000,"bu","14:11:28",1568500
15700,400,500,"bu","14:10:57",1567500
15700,400,200,"bu","14:10:22",1567000
15700,400,1000,"bu","14:10:21",1566800
15700,400,300,"bu","14:08:58",1565800
15700,400,1000,"bu","14:08:09",1565500
15700,400,1000,"bu","14:07:46",1564500
15700,400,1000,"bu","14:07:27",1563500
15700,400,500,"bu","14:07:13",1562500
15700,400,500,"bu","14:07:08",1562000
15700,400,1000,"bu","14:06:59",1561500
15700,400,800,"bu","14:06:14",1560500
15700,400,100,"bu","14:05:56",1559700
15700,400,2000,"bu","14:05:31",1559600
15700,400,500,"bu","14:04:42",1557600
15700,400,200,"bu","14:04:10",1557100
15700,400,100,"bu","14:04:01",1556900
15700,400,200,"bu","14:03:52",1556800
15700,400,2300,"bu","14:03:04",1556600
15700,400,1500,"sd","14:02:48",1554300
15700,400,800,"sd","14:02:15",1552800
15600,300,100,"sd","14:00:56",1552000
15700,400,5000,"bu","13:58:30",1551900
15800,500,4000,"bu","13:57:51",1546900
15700,400,100,"sd","13:56:56",1542900
15700,400,16000,"sd","13:56:54",1542800
15700,400,2000,"sd","13:56:15",1526800
15700,400,1600,"sd","13:56:14",1524800
15700,400,22000,"sd","13:56:07",1523200
15700,400,1000,"sd","13:55:43",1501200
15700,400,1800,"sd","13:54:49",1500200
15700,400,1000,"sd","13:54:35",1498400
15700,400,25000,"sd","13:54:32",1497400
15700,400,1700,"sd","13:53:49",1472400
15800,500,300,"bu","13:53:13",1470700
15800,500,300,"bu","13:53:12",1470400
15800,500,100,"bu","13:51:36",1470100
15700,400,200,"sd","13:51:32",1470000
15800,500,500,"bu","13:51:08",1469800
15800,500,500,"bu","13:50:59",1469300
15800,500,1000,"bu","13:49:28",1468800
15800,500,700,"bu","13:48:58",1467800
15800,500,2300,"bu","13:48:48",1467100
15800,500,10000,"bu","13:48:32",1464800
15800,500,200,"bu","13:47:53",1454800
15800,500,400,"bu","13:47:35",1454600
15800,500,100,"bu","13:43:22",1454200
15800,500,1500,"bu","13:40:28",1454100
15800,500,5900,"bu","13:40:09",1452600
15800,500,100,"unknown","13:38:50",1446700
15800,500,1400,"sd","13:38:48",1446600
15800,500,500,"bu","13:38:03",1445200
15800,500,2000,"bu","13:37:54",1444700
15800,500,500,"sd","13:37:52",1442700
15800,500,500,"sd","13:37:46",1442200
15800,500,400,"sd","13:37:19",1441700
15800,500,200,"sd","13:36:19",1441300
15800,500,100,"bu","13:35:47",1441100
15800,500,300,"bu","13:35:37",1441000
15800,500,4600,"bu","13:35:36",1440700
15800,500,200,"sd","13:34:54",1436100
15800,500,3000,"sd","13:33:59",1435900
15800,500,200,"sd","13:33:28",1432900
15800,500,3000,"sd","13:31:28",1432700
15800,500,1300,"sd","13:30:37",1429700
15900,600,800,"bu","13:29:10",1428400
15900,600,300,"bu","13:24:37",1427600
15900,600,100,"bu","13:22:48",1427300
15800,500,200,"sd","13:22:39",1427200
15800,500,500,"sd","13:21:22",1427000
15800,500,600,"sd","13:21:10",1426500
15800,500,2000,"sd","13:19:20",1425900
15900,600,1500,"bu","13:19:02",1423900
15800,500,300,"sd","13:18:37",1422400
15800,500,100,"bu","13:18:32",1422100
15800,500,500,"bu","13:18:28",1422000
15800,500,5000,"bu","13:17:27",1421500
15800,500,2500,"bu","13:17:08",1416500
15800,500,6800,"sd","13:16:42",1414000
15800,500,800,"sd","13:16:38",1407200
15800,500,200,"sd","13:16:33",1406400
15800,500,500,"sd","13:16:28",1406200
15800,500,100,"bu","13:15:22",1405700
15800,500,100,"bu","13:15:14",1405600
15800,500,1000,"bu","13:15:13",1405500
15800,500,59800,"sd","13:15:05",1404500
15900,600,1000,"bu","13:15:04",1344700
15900,600,100,"bu","13:13:46",1343700
15800,500,500,"sd","13:11:08",1343600
15800,500,500,"sd","13:11:00",1343100
15800,500,7000,"sd","13:08:48",1342600
15800,500,200,"sd","13:08:28",1335600
15800,500,2500,"sd","13:08:04",1335400
15900,600,1000,"bu","13:07:47",1332900
15800,500,2000,"sd","13:07:37",1331900
15800,500,4000,"sd","13:07:19",1329900
15800,500,2000,"sd","13:06:59",1325900
15800,500,300,"sd","13:06:45",1323900
15800,500,3500,"sd","13:06:40",1323600
15900,600,100,"bu","13:06:32",1320100
15900,600,1500,"bu","13:05:58",1320000
15900,600,200,"bu","13:05:46",1318500
15900,600,1800,"bu","13:05:09",1318300
15900,600,300,"bu","13:03:44",1316500
15900,600,800,"bu","13:03:12",1316200
15900,600,100,"bu","13:00:17",1315400
15900,600,1000,"bu","13:00:04",1315300
15900,600,5200,"bu","13:00:03",1314300
15900,600,200,"bu","11:29:32",1309100
15900,600,1200,"sd","11:28:24",1308900
15900,600,10000,"sd","11:28:19",1307700
15900,600,2000,"sd","11:26:30",1297700
15900,600,500,"sd","11:25:36",1295700
15900,600,200,"sd","11:24:34",1295200
16000,700,300,"bu","11:24:32",1295000
15900,600,7400,"sd","11:23:39",1294700
15900,600,200,"bu","11:23:25",1287300
15900,600,4000,"bu","11:23:16",1287100
15900,600,1200,"bu","11:22:42",1283100
15900,600,200,"bu","11:22:17",1281900
15900,600,5000,"bu","11:21:50",1281700
15800,500,3000,"sd","11:21:36",1276700
15900,600,5000,"bu","11:21:31",1273700
15900,600,900,"bu","11:21:20",1268700
15900,600,5000,"bu","11:21:13",1267800
15900,600,100,"bu","11:21:12",1262800
15900,600,100,"bu","11:20:12",1262700
15900,600,3000,"bu","11:17:51",1262600
15900,600,300,"bu","11:17:04",1259600
15800,500,100,"sd","11:16:45",1259300
15800,500,100,"sd","11:13:07",1259200
15900,600,2700,"bu","11:13:05",1259100
15900,600,200,"bu","11:12:52",1256400
15900,600,2000,"bu","11:12:06",1256200
15900,600,100,"bu","11:10:25",1254200
15900,600,1200,"bu","11:10:03",1254100
15800,500,8300,"sd","11:09:41",1252900
15900,600,500,"bu","11:09:31",1244600
15900,600,400,"bu","11:08:52",1244100
15800,500,1000,"sd","11:07:04",1243700
15900,600,1500,"bu","11:07:01",1242700
15900,600,2000,"bu","11:05:56",1241200
15900,600,18600,"sd","11:05:55",1239200
15900,600,30000,"sd","11:05:54",1220600
15900,600,35000,"sd","11:05:45",1190600
15900,600,5000,"sd","11:05:33",1155600
15900,600,300,"sd","11:05:05",1150600
15900,600,8300,"sd","11:04:43",1150300
15900,600,5000,"sd","11:04:38",1142000
15900,600,100,"sd","11:01:01",1137000
15900,600,5000,"sd","10:58:52",1136900
15900,600,1000,"sd","10:58:27",1131900
16000,700,300,"bu","10:57:50",1130900
16000,700,500,"bu","10:57:03",1130600
16000,700,200,"bu","10:56:30",1130100
16000,700,2000,"bu","10:56:20",1129900
16000,700,10000,"bu","10:55:33",1127900
16000,700,100,"bu","10:55:09",1117900
16000,700,300,"bu","10:54:04",1117800
16000,700,300,"bu","10:52:57",1117500
16000,700,2300,"bu","10:52:46",1117200
16000,700,800,"bu","10:52:02",1114900
16000,700,2200,"sd","10:51:48",1114100
16000,700,1900,"bu","10:51:37",1111900
16000,700,18000,"bu","10:51:29",1110000
16000,700,100,"bu","10:51:27",1092000
16000,700,2000,"bu","10:51:15",1091900
16000,700,1000,"bu","10:50:46",1089900
16000,700,300,"bu","10:50:34",1088900
16000,700,10000,"bu","10:50:29",1088600
16000,700,1000,"bu","10:50:25",1078600
16000,700,100,"bu","10:49:46",1077600
16000,700,300,"bu","10:49:24",1077500
16000,700,5000,"bu","10:49:13",1077200
16000,700,1700,"bu","10:48:09",1072200
16000,700,2800,"bu","10:48:04",1070500
16000,700,200,"bu","10:47:49",1067700
16000,700,100,"bu","10:47:39",1067500
15900,600,3000,"sd","10:46:50",1067400
16000,700,500,"unknown","10:46:26",1064400
16000,700,2000,"bu","10:46:13",1063900
16000,700,200,"bu","10:45:54",1061900
16000,700,1000,"bu","10:45:42",1061700
16000,700,100,"unknown","10:45:16",1060700
16000,700,2000,"bu","10:45:11",1060600
16000,700,100,"bu","10:44:55",1058600
16000,700,800,"bu","10:44:52",1058500
16000,700,2000,"sd","10:44:46",1057700
16000,700,2000,"sd","10:44:38",1055700
16000,700,15200,"sd","10:44:35",1053700
16000,700,1000,"bu","10:44:12",1038500
16000,700,200,"bu","10:43:36",1037500
16000,700,500,"sd","10:42:41",1037300
16000,700,1400,"sd","10:42:25",1036800
16000,700,1000,"sd","10:42:21",1035400
16100,800,100,"bu","10:42:19",1034400
16000,700,100,"sd","10:42:14",1034300
16000,700,1000,"sd","10:40:27",1034200
16000,700,5000,"sd","10:39:54",1033200
16000,700,5000,"sd","10:39:49",1028200
16000,700,500,"sd","10:39:26",1023200
16000,700,400,"sd","10:39:23",1022700
16000,700,1000,"sd","10:39:06",1022300
16100,800,100,"bu","10:39:04",1021300
16000,700,400,"sd","10:38:51",1021200
16100,800,100,"bu","10:38:50",1020800
16000,700,100,"sd","10:38:32",1020700
16000,700,100,"sd","10:38:25",1020600
16000,700,500,"sd","10:38:20",1020500
16000,700,200,"sd","10:37:59",1020000
16000,700,1800,"bu","10:37:42",1019800
16000,700,1400,"sd","10:37:31",1018000
16000,700,2600,"sd","10:37:20",1016600
16000,700,3000,"sd","10:37:06",1014000
16000,700,2000,"sd","10:36:37",1011000
16100,800,100,"bu","10:36:34",1009000
16000,700,2000,"sd","10:36:22",1008900
16000,700,100,"sd","10:36:16",1006900
16000,700,100,"bu","10:36:08",1006800
16000,700,5000,"bu","10:36:04",1006700
16000,700,500,"bu","10:36:01",1001700
16000,700,500,"bu","10:35:56",1001200
16000,700,100,"bu","10:35:46",1000700
16000,700,500,"bu","10:35:44",1000600
16000,700,500,"bu","10:35:37",1000100
16000,700,1400,"sd","10:35:24",999600
16000,700,5000,"sd","10:35:14",998200
16000,700,500,"sd","10:35:11",993200
16000,700,3000,"sd","10:34:50",992700
16000,700,300,"sd","10:34:26",989700
16000,700,300,"sd","10:34:06",989400
16100,800,300,"bu","10:34:04",989100
16000,700,3000,"sd","10:34:00",988800
16000,700,100,"sd","10:33:34",985800
16000,700,5000,"sd","10:33:14",985700
16000,700,10000,"sd","10:33:05",980700
16100,800,9300,"bu","10:32:53",970700
16000,700,4500,"sd","10:32:52",961400
16100,800,100,"bu","10:32:41",956900
16100,800,200,"bu","10:31:35",956800
16000,700,1100,"sd","10:30:55",956600
16100,800,1000,"bu","10:30:38",955500
16000,700,900,"sd","10:30:36",954500
16000,700,600,"sd","10:30:20",953600
16100,800,1000,"bu","10:29:55",953000
16100,800,100,"bu","10:29:33",952000
16100,800,2000,"bu","10:29:04",951900
16100,800,500,"bu","10:28:59",949900
16000,700,3100,"sd","10:28:58",949400
16100,800,300,"bu","10:28:46",946300
16100,800,100,"bu","10:28:45",946000
16000,700,8000,"sd","10:28:42",945900
16000,700,500,"sd","10:28:30",937900
16000,700,100,"sd","10:28:10",937400
16000,700,500,"sd","10:28:02",937300
16000,700,100,"sd","10:27:34",936800
16100,800,500,"bu","10:27:02",936700
16100,800,500,"bu","10:27:01",936200
16000,700,1500,"sd","10:27:00",935700
16100,800,1000,"bu","10:26:53",934200
16100,800,200,"bu","10:26:12",933200
16000,700,100,"sd","10:26:09",933000
16000,700,500,"sd","10:25:29",932900
16000,700,5200,"bu","10:25:12",932400
16000,700,900,"bu","10:25:03",927200
16000,700,1000,"bu","10:24:45",926300
16000,700,100,"sd","10:24:42",925300
16000,700,300,"bu","10:24:40",925200
16000,700,700,"bu","10:24:37",924900
16000,700,2000,"sd","10:24:31",924200
16000,700,2400,"sd","10:24:30",922200
16000,700,100,"sd","10:24:29",919800
16000,700,2000,"sd","10:24:16",919700
16000,700,1000,"sd","10:23:47",917700
16000,700,8500,"sd","10:23:40",916700
16000,700,2500,"sd","10:23:30",908200
16000,700,3000,"sd","10:23:10",905700
16000,700,3000,"sd","10:23:06",902700
16000,700,1500,"sd","10:22:59",899700
16000,700,200,"sd","10:22:47",898200
16100,800,1000,"bu","10:22:24",898000
16100,800,1000,"bu","10:22:06",897000
16000,700,4000,"sd","10:22:05",896000
16000,700,2000,"sd","10:22:01",892000
16100,800,100,"bu","10:21:52",890000
16000,700,300,"sd","10:21:49",889900
16100,800,1000,"bu","10:21:40",889600
16100,800,1400,"bu","10:21:34",888600
16100,800,2000,"sd","10:21:28",887200
16100,800,100,"sd","10:21:25",885200
16100,800,400,"sd","10:21:23",885100
16100,800,100,"unknown","10:21:20",884700
16000,700,3000,"sd","10:21:05",884600
16000,700,1000,"sd","10:21:02",881600
16100,800,4800,"bu","10:21:01",880600
16100,800,3100,"bu","10:20:58",875800
16000,700,200,"sd","10:20:56",872700
16100,800,700,"bu","10:20:52",872500
16100,800,1000,"bu","10:20:50",871800
16100,800,200,"bu","10:20:37",870800
16000,700,200,"sd","10:20:36",870600
16100,800,2800,"bu","10:20:26",870400
16100,800,1200,"sd","10:20:25",867600
16100,800,3800,"bu","10:20:16",866400
16100,800,2500,"sd","10:20:14",862600
16200,900,200,"bu","10:20:13",860100
16200,900,500,"bu","10:20:05",859900
16200,900,100,"bu","10:19:59",859400
16200,900,300,"bu","10:19:55",859300
16200,900,1000,"bu","10:19:32",859000
16100,800,1000,"unknown","10:19:24",858000
16100,800,1000,"bu","10:19:21",857000
16100,800,3000,"sd","10:19:17",856000
16200,900,49300,"bu","10:19:16",853000
16100,800,400,"sd","10:19:15",803700
16100,800,200,"bu","10:19:12",803300
16100,800,600,"bu","10:19:08",803100
16100,800,5000,"bu","10:19:07",802500
16000,700,100,"sd","10:18:58",797500
16100,800,2000,"bu","10:18:56",797400
16100,800,2000,"bu","10:18:54",795400
16000,700,12500,"sd","10:18:46",793400
16000,700,1000,"bu","10:18:42",780900
16000,700,1600,"bu","10:18:40",779900
16000,700,5000,"bu","10:18:37",778300
16000,700,5000,"bu","10:18:34",773300
16000,700,5000,"bu","10:18:33",768300
16000,700,100,"bu","10:18:31",763300
16000,700,200000,"bu","10:18:24",763200
15900,600,28700,"bu","10:18:23",563200
15900,600,300,"bu","10:18:17",534500
15900,600,4000,"bu","10:18:14",534200
15900,600,1000,"bu","10:18:13",530200
15900,600,5000,"bu","10:18:11",529200
15900,600,1500,"bu","10:18:08",524200
15900,600,1400,"bu","10:18:06",522700
15900,600,6500,"bu","10:18:01",521300
15900,600,300,"bu","10:18:00",514800
15900,600,2000,"bu","10:17:58",514500
15900,600,5400,"bu","10:17:47",512500
15900,600,2000,"bu","10:17:44",507100
15900,600,900,"bu","10:17:40",505100
15900,600,2000,"bu","10:17:39",504200
15900,600,2200,"bu","10:17:34",502200
15900,600,2000,"bu","10:17:31",500000
15900,600,100,"bu","10:17:27",498000
15900,600,500,"bu","10:17:19",497900
15900,600,1300,"bu","10:17:15",497400
15900,600,2000,"bu","10:17:14",496100
15900,600,6000,"bu","10:17:13",494100
15900,600,5000,"bu","10:17:09",488100
15800,500,200,"sd","10:17:01",483100
15800,500,42600,"bu","10:16:52",482900
15800,500,100,"bu","10:16:49",440300
15800,500,1000,"bu","10:16:48",440200
15800,500,3000,"bu","10:16:43",439200
15800,500,2000,"bu","10:16:25",436200
15800,500,4800,"bu","10:16:05",434200
15800,500,1000,"bu","10:15:42",429400
15700,400,40000,"sd","10:15:33",428400
15800,500,1100,"sd","10:15:25",388400
15800,500,5300,"bu","10:15:22",387300
15800,500,1000,"bu","10:15:19",382000
15800,500,800,"bu","10:15:17",381000
15800,500,9000,"bu","10:15:13",380200
15800,500,100000,"bu","10:15:09",371200
15800,500,4600,"bu","10:14:36",271200
15800,500,5400,"bu","10:14:13",266600
15800,500,5000,"bu","10:14:08",261200
15800,500,10000,"bu","10:13:59",256200
15700,400,1000,"sd","10:13:58",246200
15700,400,3000,"sd","10:13:52",245200
15800,500,2400,"bu","10:13:50",242200
15700,400,100,"sd","10:13:49",239800
15700,400,35200,"sd","10:13:26",239700
15700,400,10000,"bu","10:13:14",204500
15700,400,100,"bu","10:11:02",194500
15700,400,10000,"bu","10:10:26",194400
15600,300,1000,"sd","10:09:07",184400
15700,400,100,"bu","10:05:27",183400
15700,400,100,"bu","10:02:33",183300
15600,300,5000,"sd","10:02:23",183200
15600,300,1000,"sd","10:02:01",178200
15600,300,500,"sd","10:01:34",177200
15600,300,2000,"sd","10:00:25",176700
15600,300,900,"sd","09:58:50",174700
15600,300,500,"sd","09:58:18",173800
15600,300,800,"sd","09:57:53",173300
15600,300,1000,"sd","09:57:43",172500
15600,300,1000,"sd","09:56:38",171500
15600,300,100,"sd","09:55:42",170500
15600,300,100,"sd","09:53:34",170400
15600,300,1000,"sd","09:53:01",170300
15600,300,100,"sd","09:52:55",169300
15600,300,3500,"sd","09:52:48",169200
15600,300,1400,"sd","09:50:30",165700
15600,300,3000,"sd","09:50:24",164300
15600,300,4000,"sd","09:49:56",161300
15600,300,1000,"sd","09:49:27",157300
15600,300,100,"sd","09:49:19",156300
15600,300,200,"sd","09:48:22",156200
15600,300,100,"sd","09:48:13",156000
15600,300,7000,"bu","09:48:09",155900
15600,300,1900,"bu","09:48:01",148900
15600,300,20000,"bu","09:47:58",147000
15500,200,100,"sd","09:47:40",127000
15500,200,100,"sd","09:46:56",126900
15500,200,300,"sd","09:46:14",126800
15500,200,24800,"sd","09:44:59",126500
15500,200,100,"bu","09:44:56",101700
15500,200,4000,"bu","09:44:32",101600
15500,200,1700,"bu","09:44:21",97600
15500,200,500,"bu","09:44:11",95900
15500,200,500,"bu","09:42:53",95400
15500,200,100,"bu","09:42:26",94900
15500,200,6000,"bu","09:42:10",94800
15500,200,100,"bu","09:42:03",88800
15500,200,1600,"bu","09:41:59",88700
15500,200,100,"bu","09:41:54",87100
15500,200,100,"bu","09:41:09",87000
15500,200,100,"bu","09:40:16",86900
15500,200,100,"bu","09:39:50",86800
15400,100,300,"sd","09:37:53",86700
15400,100,1900,"sd","09:37:02",86400
15500,200,100,"bu","09:31:53",84500
15500,200,500,"bu","09:27:38",84400
15500,200,200,"bu","09:27:17",83900
15500,200,200,"bu","09:27:05",83700
15500,200,500,"bu","09:26:55",83500
15500,200,900,"bu","09:26:52",83000
15500,200,500,"sd","09:26:45",82100
15500,200,5000,"sd","09:26:33",81600
15500,200,5000,"sd","09:26:21",76600
15600,300,100,"bu","09:26:19",71600
15500,200,500,"sd","09:25:07",71500
15600,300,5500,"bu","09:24:47",71000
15600,300,5000,"bu","09:24:09",65500
15600,300,800,"bu","09:23:59",60500
15600,300,300,"bu","09:22:58",59700
15600,300,100,"bu","09:22:46",59400
15500,200,3000,"sd","09:19:20",59300
15500,200,2100,"sd","09:18:51",56300
15500,200,100,"sd","09:14:17",54200
15500,200,1900,"sd","09:11:48",54100
15500,200,100,"bu","09:11:37",52200
15500,200,3000,"bu","09:11:32",52100
15500,200,100,"bu","09:11:13",49100
15500,200,500,"bu","09:11:07",49000
15500,200,100,"bu","09:10:45",48500
15500,200,300,"sd","09:10:40",48400
15500,200,500,"sd","09:10:36",48100
15500,200,3000,"sd","09:10:10",47600
15500,200,100,"sd","09:09:51",44600
15500,200,2000,"sd","09:09:50",44500
15500,200,2500,"sd","09:09:43",42500
15500,200,5000,"sd","09:09:10",40000
15600,300,500,"bu","09:06:35",35000
15500,200,100,"sd","09:06:25",34500
15500,200,500,"bu","09:06:18",34400
15500,200,10000,"bu","09:05:50",33900
15500,200,1000,"bu","09:05:20",23900
15500,200,8400,"bu","09:05:11",22900
15500,200,1000,"sd","09:04:10",14500
15500,200,1000,"sd","09:04:00",13500
15500,200,1000,"sd","09:03:20",12500
15500,200,8300,"sd","09:03:09",11500
15400,100,2000,"unknown","09:01:44",3200
15300,0,1200,"sd","09:00:13",1200
