"price","change","match_qtty","side","time","total_vol"
5700,300,1700,"unknown","14:45:01",139100
5600,200,500,"sd","14:29:22",137400
5600,200,200,"sd","14:28:39",136900
5600,200,100,"sd","14:26:16",136700
5600,200,900,"sd","14:22:03",136600
5600,200,9100,"bu","14:21:39",135700
5600,200,2000,"sd","14:13:01",126600
5600,200,1000,"sd","14:09:05",124600
5700,300,100,"sd","13:38:53",123600
5700,300,1900,"bu","13:33:41",123500
5700,300,900,"bu","13:22:28",121600
5700,300,2000,"sd","13:16:59",120700
5700,300,4700,"bu","13:13:31",118700
5700,300,1000,"bu","13:10:44",114000
5700,300,200,"bu","13:04:30",113000
5700,300,3400,"unknown","13:02:25",112800
5700,300,1000,"bu","13:01:31",109400
5700,300,3000,"bu","13:00:09",108400
5600,200,100,"sd","13:00:05",105400
5700,300,8200,"bu","11:29:16",105300
5800,400,1200,"bu","11:22:22",97100
5800,400,1800,"bu","11:21:54",95900
5800,400,1000,"bu","11:21:08",94100
5800,400,200,"bu","11:20:54",93100
5800,400,200,"bu","11:19:28",92900
5800,400,2000,"bu","11:19:00",92700
5800,400,1000,"bu","11:13:45",90700
5800,400,400,"bu","11:12:55",89700
5800,400,500,"bu","11:12:15",89300
5800,400,1000,"bu","11:12:05",88800
5800,400,1000,"bu","11:11:48",87800
5700,300,1900,"bu","11:11:37",86800
5700,300,2000,"bu","11:11:19",84900
5700,300,100,"bu","11:08:11",82900
5700,300,1500,"bu","11:00:28",82800
5700,300,100,"bu","10:58:39",81300
5700,300,2000,"bu","10:49:17",81200
5700,300,3000,"bu","10:42:27",79200
5700,300,700,"bu","10:39:27",76200
5800,400,300,"bu","10:39:11",75500
5700,300,300,"sd","10:38:54",75200
5700,300,4000,"bu","10:38:28",74900
5700,300,3000,"bu","10:38:20",70900
5700,300,2000,"bu","10:37:21",67900
5700,300,4000,"bu","10:36:05",65900
5700,300,500,"bu","10:34:15",61900
5600,200,900,"sd","10:33:52",61400
5600,200,100,"sd","10:31:31",60500
5600,200,400,"bu","10:26:40",60400
5600,200,700,"sd","10:25:45",60000
5600,200,1800,"bu","10:24:46",59300
5600,200,500,"bu","10:24:33",57500
5600,200,1000,"bu","10:21:48",57000
5600,200,1000,"bu","10:20:50",56000
5600,200,3000,"bu","10:18:21",55000
5600,200,2000,"bu","10:16:46",52000
5600,200,4000,"bu","10:15:13",50000
5600,200,3000,"bu","10:14:17",46000
5600,200,2000,"bu","10:13:59",43000
5600,200,300,"sd","10:13:42",41000
5600,200,9700,"bu","10:13:22",40700
5600,200,2000,"bu","10:12:54",31000
5600,200,2000,"bu","10:12:20",29000
5600,200,1000,"bu","10:12:05",27000
5600,200,500,"bu","10:11:26",26000
5500,100,9000,"bu","10:11:00",25500
5500,100,100,"bu","10:10:56",16500
5500,100,300,"bu","10:10:50",16400
5500,100,9000,"bu","10:10:35",16100
5500,100,3000,"bu","10:10:27",7100
5400,0,100,"sd","10:04:49",4100
5400,0,1000,"sd","09:49:25",4000
5400,0,1100,"unknown","09:42:49",3000
5500,100,1000,"bu","09:30:43",1900
5500,100,900,"bu","09:28:01",900
