"price","change","match_qtty","side","time","total_vol"
3950,-30,200,"sd","14:45:01",47900
3960,-20,200,"unknown","14:29:30",47700
3960,-20,100,"unknown","14:29:30",47500
3960,-20,100,"unknown","14:29:30",47400
3970,-10,200,"bu","14:22:27",47300
3970,-10,200,"bu","14:22:09",47100
3970,-10,100,"sd","14:21:13",46900
3980,0,200,"bu","14:02:57",46800
3960,-20,400,"sd","13:54:16",46600
3960,-20,500,"sd","13:50:56",46200
3950,-30,2000,"sd","13:37:00",45700
3950,-30,2500,"sd","13:36:35",43700
3950,-30,100,"sd","13:36:35",41200
3950,-30,4900,"sd","13:34:10",41100
3950,-30,100,"sd","13:34:10",36200
3950,-30,5000,"unknown","13:29:47",36100
3950,-30,3000,"bu","13:28:10",31100
3950,-30,800,"bu","13:28:10",28100
3950,-30,200,"bu","13:28:10",27300
3950,-30,500,"bu","13:28:10",27100
3950,-30,300,"bu","13:28:10",26600
3950,-30,300,"sd","13:22:19",26300
3950,-30,2700,"sd","13:17:15",26000
3960,-20,300,"sd","13:15:51",23300
3960,-20,200,"sd","13:15:38",23000
3960,-20,300,"sd","13:15:38",22800
3960,-20,500,"sd","13:13:31",22500
3960,-20,1000,"sd","13:08:32",22000
3960,-20,100,"sd","13:00:01",21000
3960,-20,600,"sd","11:26:31",20900
3960,-20,300,"sd","11:26:31",20300
3960,-20,200,"sd","11:26:31",20000
3960,-20,100,"sd","11:26:31",19800
3960,-20,3900,"sd","11:06:32",19700
3960,-20,100,"sd","11:06:32",15800
4000,20,100,"bu","11:03:52",15700
4000,20,100,"bu","10:55:35",15600
4000,20,100,"bu","10:32:04",15500
4000,20,5700,"bu","10:27:20",15400
3990,10,300,"unknown","10:27:20",9700
3960,-20,100,"sd","10:20:36",9400
3960,-20,100,"sd","10:20:36",9300
3960,-20,100,"sd","10:20:36",9200
3950,-30,900,"sd","09:37:37",2400
3950,-30,6700,"sd","09:37:37",9100
3960,-20,200,"unknown","09:37:37",1500
4000,20,100,"unknown","09:37:37",1300
4060,80,300,"bu","09:37:06",1200
4080,100,100,"bu","09:25:14",900
4050,70,100,"unknown","09:25:03",800
4050,70,100,"bu","09:24:01",700
4050,70,100,"bu","09:22:49",600
4050,70,100,"bu","09:22:49",500
4050,70,100,"bu","09:22:32",400
4000,20,200,"bu","09:18:43",300
4000,20,100,"bu","09:15:00",100
