"price","change","match_qtty","side","time","total_vol"
13300,1000,334700,"unknown","14:45:02",7692900
13300,1000,93400,"unknown","14:45:01",7358200
0,-12300,11300,"bu","14:30:01",7264800
13300,1000,2000,"bu","14:30:00",7253500
13300,1000,900,"bu","14:29:59",7251500
13300,1000,1000,"bu","14:29:56",7250600
13300,1000,2300,"bu","14:29:55",7249600
13300,1000,8500,"bu","14:29:54",7247300
13300,1000,18000,"bu","14:29:51",7238800
13300,1000,12200,"bu","14:29:50",7220800
13300,1000,2800,"bu","14:29:49",7208600
13200,900,1000,"sd","14:29:46",7205800
13300,1000,8500,"bu","14:29:45",7204800
13300,1000,2300,"bu","14:29:44",7196300
13300,1000,8000,"bu","14:29:43",7194000
13300,1000,3700,"bu","14:29:40",7186000
13300,1000,2000,"bu","14:29:39",7182300
13300,1000,5200,"bu","14:29:37",7180300
13300,1000,6500,"bu","14:29:34",7175100
13300,1000,1000,"bu","14:29:33",7168600
13300,1000,800,"bu","14:29:30",7167600
13300,1000,5000,"bu","14:29:28",7166800
13200,900,500,"sd","14:29:23",7161800
13300,1000,2300,"bu","14:29:22",7161300
13300,1000,3000,"bu","14:29:18",7159000
13200,900,200,"sd","14:29:16",7156000
13300,1000,1700,"bu","14:29:09",7155800
13300,1000,500,"bu","14:29:03",7154100
13300,1000,2000,"bu","14:29:02",7153600
13300,1000,3100,"bu","14:29:01",7151600
13300,1000,200,"bu","14:28:57",7148500
13300,1000,1300,"bu","14:28:51",7148300
13200,900,1000,"sd","14:28:50",7147000
13300,1000,1000,"bu","14:28:49",7146000
13300,1000,2200,"bu","14:28:46",7145000
13300,1000,400,"bu","14:28:43",7142800
13300,1000,2000,"bu","14:28:37",7142400
13300,1000,1500,"bu","14:28:32",7140400
13300,1000,1000,"bu","14:28:22",7138900
13200,900,2200,"sd","14:28:17",7137900
13200,900,500,"sd","14:28:14",7135700
13300,1000,3000,"bu","14:28:13",7135200
13200,900,5000,"sd","14:28:10",7132200
13200,900,25000,"sd","14:28:08",7127200
13200,900,500,"sd","14:28:07",7102200
13200,900,100,"sd","14:27:58",7101700
13300,1000,100,"bu","14:27:55",7101600
13300,1000,4000,"bu","14:27:54",7101500
13300,1000,2000,"bu","14:27:50",7097500
13200,900,5000,"sd","14:27:46",7095500
13200,900,100,"sd","14:27:44",7090500
13300,1000,100,"bu","14:27:17",7090400
13200,900,100,"sd","14:27:06",7090300
13300,1000,600,"bu","14:27:05",7090200
13300,1000,2500,"bu","14:26:57",7089600
13300,1000,7200,"bu","14:26:35",7087100
13200,900,100,"sd","14:26:33",7079900
13200,900,1000,"sd","14:26:14",7079800
13200,900,5000,"sd","14:26:11",7078800
13200,900,200,"sd","14:25:59",7073800
13200,900,300,"sd","14:25:56",7073600
13200,900,3000,"sd","14:25:48",7073300
13200,900,500,"sd","14:25:41",7070300
13200,900,300,"sd","14:25:29",7069800
13200,900,400,"bu","14:25:22",7069500
13200,900,6000,"bu","14:25:21",7069100
13200,900,1000,"bu","14:25:20",7063100
13200,900,5700,"bu","14:25:16",7062100
13200,900,6700,"bu","14:25:15",7056400
13200,900,29400,"sd","14:25:10",7049700
13200,900,20000,"sd","14:25:08",7020300
13200,900,300,"sd","14:24:52",7000300
13200,900,200,"sd","14:24:49",7000000
13200,900,1100,"sd","14:23:55",6999800
13200,900,1000,"bu","14:23:53",6998700
13100,800,200,"sd","14:23:48",6997700
13200,900,1000,"bu","14:23:47",6997500
13200,900,300,"bu","14:23:38",6996500
13200,900,200,"bu","14:23:37",6996200
13200,900,800,"bu","14:23:36",6996000
13200,900,1100,"bu","14:23:35",6995200
13200,900,900,"bu","14:23:33",6994100
13200,900,3000,"bu","14:23:32",6993200
13200,900,800,"bu","14:23:30",6990200
13200,900,500,"bu","14:23:29",6989400
13200,900,100,"bu","14:23:28",6988900
13200,900,2000,"bu","14:23:27",6988800
13200,900,700,"bu","14:23:26",6986800
13200,900,1200,"bu","14:23:24",6986100
13200,900,300,"bu","14:23:23",6984900
13200,900,1200,"bu","14:23:20",6984600
13200,900,500,"bu","14:23:16",6983400
13200,900,3000,"bu","14:23:15",6982900
13200,900,300,"bu","14:23:13",6979900
13200,900,15000,"bu","14:23:12",6979600
13200,900,1500,"bu","14:23:09",6964600
13200,900,1000,"bu","14:23:07",6963100
13200,900,500,"bu","14:23:05",6962100
13200,900,100,"bu","14:23:01",6961600
13200,900,900,"bu","14:22:53",6961500
13200,900,100,"bu","14:22:52",6960600
13200,900,100,"bu","14:22:42",6960500
13200,900,25000,"bu","14:22:31",6960400
13200,900,5000,"bu","14:22:30",6935400
13200,900,300,"bu","14:22:29",6930400
13200,900,500,"bu","14:22:23",6930100
13200,900,4100,"bu","14:22:19",6929600
13200,900,6000,"bu","14:22:11",6925500
13100,800,100,"sd","14:22:09",6919500
13200,900,600,"bu","14:21:56",6919400
13200,900,600,"bu","14:21:52",6918800
13200,900,1100,"bu","14:21:46",6918200
13200,900,300,"bu","14:21:45",6917100
13200,900,10100,"bu","14:21:31",6916800
13200,900,2100,"bu","14:21:26",6906700
13200,900,4000,"bu","14:21:18",6904600
13200,900,1100,"bu","14:21:17",6900600
13200,900,2300,"bu","14:21:14",6899500
13200,900,2000,"bu","14:21:11",6897200
13200,900,1000,"bu","14:21:10",6895200
13200,900,500,"bu","14:21:09",6894200
13200,900,500,"bu","14:21:08",6893700
13100,800,100,"sd","14:21:05",6893200
13200,900,2000,"bu","14:21:04",6893100
13200,900,9000,"bu","14:21:02",6891100
13200,900,1000,"bu","14:21:01",6882100
13200,900,500,"bu","14:20:56",6881100
13200,900,21300,"bu","14:20:54",6880600
13200,900,500,"bu","14:20:50",6859300
13200,900,2000,"bu","14:20:47",6858800
13200,900,1400,"bu","14:20:42",6856800
13200,900,200,"bu","14:20:22",6855400
13200,900,5100,"bu","14:20:00",6855200
13200,900,1000,"bu","14:19:53",6850100
13100,800,200,"sd","14:19:42",6849100
13200,900,6000,"bu","14:19:27",6848900
13200,900,2000,"bu","14:19:26",6842900
13200,900,300,"bu","14:19:13",6840900
13200,900,8000,"bu","14:18:22",6840600
13200,900,15000,"bu","14:18:09",6832600
13200,900,60000,"bu","14:18:00",6817600
13200,900,500,"bu","14:17:50",6757600
13100,800,2200,"sd","14:17:49",6757100
13200,900,300,"bu","14:17:34",6754900
13200,900,600,"bu","14:17:08",6754600
13100,800,400,"sd","14:17:02",6754000
13100,800,2500,"sd","14:16:59",6753600
13100,800,500,"sd","14:16:41",6751100
13100,800,200,"sd","14:16:39",6750600
13100,800,34000,"sd","14:16:36",6750400
13100,800,100,"sd","14:16:29",6716400
13100,800,3400,"bu","14:16:28",6716300
13100,800,2800,"bu","14:16:27",6712900
13100,800,100,"bu","14:16:17",6710100
13100,800,2000,"bu","14:16:16",6710000
13100,800,500,"bu","14:16:10",6708000
13100,800,4300,"bu","14:16:07",6707500
13100,800,500,"sd","14:15:57",6703200
13100,800,900,"sd","14:15:46",6702700
13100,800,12000,"sd","14:15:32",6701800
13100,800,18200,"sd","14:15:22",6689800
13100,800,14500,"sd","14:14:58",6671600
13100,800,1000,"bu","14:14:56",6657100
13100,800,2200,"bu","14:14:54",6656100
13100,800,600,"bu","14:14:39",6653900
13000,700,100,"sd","14:14:36",6653300
13100,800,4000,"bu","14:14:35",6653200
13100,800,2000,"bu","14:14:30",6649200
13100,800,500,"bu","14:14:27",6647200
13100,800,300,"bu","14:14:25",6646700
13100,800,500,"bu","14:14:24",6646400
13100,800,1700,"bu","14:14:14",6645900
13100,800,100,"bu","14:14:00",6644200
13100,800,3000,"bu","14:13:58",6644100
13100,800,5200,"bu","14:13:57",6641100
13000,700,100,"sd","14:13:56",6635900
13100,800,400,"bu","14:13:51",6635800
13100,800,200,"bu","14:13:50",6635400
13100,800,100,"bu","14:13:49",6635200
13100,800,2000,"bu","14:13:40",6635100
13100,800,700,"bu","14:13:34",6633100
13100,800,600,"bu","14:13:27",6632400
13100,800,100,"bu","14:13:22",6631800
13100,800,1000,"bu","14:13:21",6631700
13100,800,500,"bu","14:13:05",6630700
13100,800,500,"bu","14:13:01",6630200
13100,800,1000,"sd","14:12:58",6629700
13100,800,19000,"bu","14:12:57",6628700
13100,800,500,"bu","14:12:54",6609700
13100,800,900,"bu","14:12:47",6609200
13100,800,600,"bu","14:12:41",6608300
13100,800,500,"bu","14:12:38",6607700
13100,800,700,"bu","14:12:27",6607200
13100,800,300,"bu","14:12:23",6606500
13100,800,100,"sd","14:12:18",6606200
13100,800,30100,"sd","14:12:14",6606100
13100,800,600,"sd","14:12:09",6576000
13100,800,900,"sd","14:12:08",6575400
13100,800,1100,"sd","14:11:57",6574500
13100,800,69000,"sd","14:11:53",6573400
13100,800,100,"sd","14:11:50",6504400
13100,800,5000,"sd","14:11:39",6504300
13100,800,100,"sd","14:11:37",6499300
13100,800,50000,"sd","14:11:23",6499200
13100,800,6800,"sd","14:11:12",6449200
13200,900,1000,"bu","14:11:11",6442400
13200,900,300,"bu","14:11:06",6441400
13200,900,100,"bu","14:10:56",6441100
13100,800,500,"sd","14:10:52",6441000
13100,800,1000,"sd","14:10:49",6440500
13200,900,800,"bu","14:10:22",6439500
13100,800,2000,"sd","14:10:15",6438700
13200,900,400,"bu","14:09:43",6436700
13200,900,3500,"bu","14:09:41",6436300
13100,800,5000,"sd","14:09:40",6432800
13200,900,500,"bu","14:09:39",6427800
13200,900,200,"bu","14:09:36",6427300
13200,900,400,"bu","14:09:34",6427100
13200,900,1000,"bu","14:09:18",6426700
13200,900,9200,"bu","14:08:50",6425700
13200,900,2200,"bu","14:08:39",6416500
13200,900,5300,"sd","14:08:32",6414300
13200,900,5000,"sd","14:08:31",6409000
13200,900,2600,"sd","14:08:19",6404000
13200,900,7500,"bu","14:08:10",6401400
13200,900,500,"bu","14:08:06",6393900
13200,900,1000,"bu","14:08:03",6393400
13200,900,2300,"sd","14:08:02",6392400
13200,900,100,"sd","14:07:54",6390100
13200,900,1000,"sd","14:07:53",6390000
13200,900,3600,"sd","14:07:41",6389000
13200,900,1000,"bu","14:07:36",6385400
13200,900,1000,"bu","14:07:30",6384400
13200,900,100,"bu","14:07:21",6383400
13200,900,3400,"bu","14:07:12",6383300
13200,900,200,"bu","14:07:04",6379900
13200,900,10000,"bu","14:07:00",6379700
13200,900,500,"bu","14:06:57",6369700
13200,900,100,"bu","14:06:55",6369200
13200,900,4800,"bu","14:06:52",6369100
13200,900,2100,"bu","14:06:46",6364300
13200,900,2000,"bu","14:06:40",6362200
13200,900,1700,"bu","14:06:34",6360200
13200,900,100,"sd","14:06:20",6358500
13200,900,300,"bu","14:06:18",6358400
13200,900,300,"bu","14:06:08",6358100
13200,900,2000,"bu","14:06:06",6357800
13200,900,4500,"sd","14:06:05",6355800
13200,900,100,"sd","14:05:50",6351300
13200,900,200,"bu","14:05:38",6351200
13200,900,300,"sd","14:05:36",6351000
13200,900,5000,"sd","14:05:34",6350700
13200,900,100,"sd","14:05:30",6345700
13200,900,400,"sd","14:05:29",6345600
13200,900,3600,"bu","14:05:24",6345200
13200,900,2500,"bu","14:05:17",6341600
13200,900,1000,"bu","14:05:12",6339100
13200,900,600,"bu","14:05:11",6338100
13200,900,10000,"bu","14:05:10",6337500
13200,900,10000,"bu","14:05:06",6327500
13100,800,3000,"sd","14:05:05",6317500
13200,900,500,"bu","14:05:02",6314500
13200,900,200,"bu","14:05:01",6314000
13200,900,15000,"bu","14:04:58",6313800
13200,900,100,"bu","14:04:53",6298800
13200,900,3600,"bu","14:04:42",6298700
13200,900,3100,"bu","14:04:37",6295100
13200,900,1900,"bu","14:04:21",6292000
13200,900,200,"bu","14:04:14",6290100
13200,900,3000,"bu","14:04:13",6289900
13200,900,5000,"bu","14:04:08",6286900
13200,900,200,"bu","14:04:07",6281900
13200,900,5000,"bu","14:04:03",6281700
13200,900,900,"bu","14:03:57",6276700
13200,900,100,"bu","14:03:56",6275800
13200,900,4500,"bu","14:03:55",6275700
13200,900,500,"bu","14:03:45",6271200
13200,900,6700,"bu","14:03:40",6270700
13200,900,100,"bu","14:03:39",6264000
13200,900,500,"bu","14:03:38",6263900
13100,800,100,"sd","14:03:03",6263400
13200,900,1200,"bu","14:02:52",6263300
13200,900,1400,"bu","14:02:45",6262100
13200,900,100,"sd","14:02:42",6260700
13300,1000,800,"bu","14:02:40",6260600
13200,900,5000,"sd","14:02:39",6259800
13200,900,100,"sd","14:02:38",6254800
13200,900,400,"unknown","14:02:29",6254700
13200,900,500,"bu","14:02:27",6254300
13200,900,10000,"bu","14:02:25",6253800
13200,900,1000,"sd","14:02:23",6243800
13200,900,900,"sd","14:02:20",6242800
13200,900,100,"sd","14:02:15",6241900
13200,900,10000,"sd","14:02:13",6241800
13200,900,100,"sd","14:02:03",6231800
13200,900,10000,"sd","14:02:02",6231700
13200,900,500,"sd","14:02:00",6221700
13200,900,100,"sd","14:01:59",6221200
13200,900,1000,"sd","14:01:54",6221100
13200,900,2000,"sd","14:01:49",6220100
13200,900,40700,"sd","14:01:42",6218100
13200,900,700,"sd","14:01:35",6177400
13300,1000,2000,"bu","14:01:25",6176700
13200,900,1000,"sd","14:01:23",6174700
13300,1000,30000,"bu","14:01:19",6173700
13200,900,100,"sd","14:01:15",6143700
13200,900,200,"sd","14:01:14",6143600
13200,900,500,"sd","14:01:04",6143400
13200,900,1000,"sd","14:01:03",6142900
13200,900,1500,"sd","14:01:00",6141900
13200,900,1000,"sd","14:00:56",6140400
13200,900,100,"sd","14:00:52",6139400
13300,1000,2900,"bu","14:00:47",6139300
13200,900,100,"sd","14:00:45",6136400
13200,900,300,"sd","14:00:35",6136300
13200,900,1000,"sd","14:00:20",6136000
13300,1000,10000,"bu","14:00:18",6135000
13200,900,100,"sd","14:00:11",6125000
13200,900,600,"sd","14:00:04",6124900
13200,900,200,"sd","13:59:59",6124300
13200,900,2000,"sd","13:59:57",6124100
13200,900,1000,"sd","13:59:49",6122100
13200,900,100,"sd","13:59:45",6121100
13200,900,100,"sd","13:59:30",6121000
13200,900,100,"sd","13:59:27",6120900
13200,900,1000,"sd","13:59:19",6120800
13200,900,1400,"sd","13:59:16",6119800
13200,900,1000,"sd","13:59:11",6118400
13200,900,3800,"sd","13:59:10",6117400
13200,900,100,"sd","13:59:08",6113600
13200,900,500,"sd","13:59:06",6113500
13200,900,1000,"sd","13:58:58",6113000
13200,900,3100,"sd","13:58:57",6112000
13300,1000,100,"bu","13:58:52",6108900
13200,900,900,"sd","13:58:51",6108800
13200,900,100,"sd","13:58:48",6107900
13200,900,2000,"sd","13:58:46",6107800
13200,900,100,"sd","13:58:42",6105800
13200,900,100,"sd","13:58:20",6105700
13200,900,2000,"sd","13:58:18",6105600
13200,900,10000,"sd","13:58:16",6103600
13300,1000,600,"bu","13:58:15",6093600
13300,1000,7500,"bu","13:58:13",6093000
13200,900,25200,"sd","13:58:09",6085500
13200,900,4000,"sd","13:58:08",6060300
13300,1000,400,"bu","13:58:03",6056300
13300,1000,100,"bu","13:57:56",6055900
13300,1000,500,"bu","13:57:26",6055800
13300,1000,200,"bu","13:57:25",6055300
13200,900,100,"sd","13:57:22",6055100
13200,900,200,"sd","13:57:14",6055000
13200,900,21000,"sd","13:57:12",6054800
13200,900,3000,"sd","13:57:04",6033800
13200,900,100,"sd","13:56:59",6030800
13200,900,1000,"sd","13:56:57",6030700
13200,900,8000,"sd","13:56:47",6029700
13200,900,100,"sd","13:56:43",6021700
13200,900,6000,"sd","13:56:26",6021600
13200,900,1800,"sd","13:56:12",6015600
13200,900,1100,"sd","13:56:05",6013800
13200,900,5000,"sd","13:56:02",6012700
13200,900,2000,"sd","13:55:49",6007700
13200,900,200,"sd","13:55:48",6005700
13200,900,500,"sd","13:55:23",6005500
13200,900,60000,"sd","13:55:21",6005000
13300,1000,300,"bu","13:55:19",5945000
13200,900,1000,"sd","13:55:08",5944700
13300,1000,1000,"bu","13:55:05",5943700
13300,1000,200,"bu","13:54:48",5942700
13300,1000,5000,"bu","13:54:44",5942500
13300,1000,100,"bu","13:54:39",5937500
13300,1000,500,"bu","13:54:30",5937400
13300,1000,10000,"bu","13:54:21",5936900
13300,1000,100,"bu","13:54:17",5926900
13300,1000,8000,"bu","13:54:15",5926800
13300,1000,800,"bu","13:54:11",5918800
13300,1000,200,"bu","13:54:07",5918000
13200,900,1000,"sd","13:54:06",5917800
13300,1000,16900,"bu","13:54:04",5916800
13300,1000,100,"bu","13:53:59",5899900
13200,900,100,"sd","13:53:57",5899800
13200,900,200,"sd","13:53:52",5899700
13300,1000,2000,"bu","13:53:28",5899500
13300,1000,100,"bu","13:53:26",5897500
13200,900,200,"sd","13:53:05",5897400
13200,900,300,"sd","13:52:52",5897200
13300,1000,2000,"bu","13:52:45",5896900
13200,900,1000,"sd","13:52:43",5894900
13200,900,100,"sd","13:52:28",5893900
13300,1000,400,"bu","13:52:19",5893800
13300,1000,3000,"bu","13:51:39",5893400
13300,1000,100,"bu","13:51:31",5890400
13300,1000,1000,"bu","13:51:29",5890300
13300,1000,5300,"bu","13:51:22",5889300
13300,1000,100,"bu","13:51:17",5884000
13200,900,100,"sd","13:51:15",5883900
13300,1000,100,"bu","13:51:08",5883800
13300,1000,600,"bu","13:51:02",5883700
13300,1000,500,"bu","13:50:58",5883100
13200,900,1000,"sd","13:50:57",5882600
13300,1000,1000,"bu","13:50:46",5881600
13300,1000,2500,"bu","13:50:30",5880600
13200,900,100,"sd","13:50:27",5878100
13200,900,6000,"sd","13:50:17",5878000
13300,1000,2100,"bu","13:50:12",5872000
13200,900,3000,"sd","13:50:05",5869900
13300,1000,3500,"bu","13:49:57",5866900
13300,1000,100,"bu","13:49:47",5863400
13200,900,200,"sd","13:49:46",5863300
13200,900,900,"sd","13:49:42",5863100
13200,900,100,"sd","13:49:37",5862200
13200,900,4000,"sd","13:49:21",5862100
13200,900,2000,"sd","13:49:04",5858100
13200,900,2000,"sd","13:48:58",5856100
13200,900,100,"sd","13:48:54",5854100
13200,900,4000,"sd","13:48:50",5854000
13300,1000,2000,"bu","13:48:39",5850000
13200,900,5000,"sd","13:48:36",5848000
13200,900,101000,"sd","13:48:31",5843000
13200,900,200,"sd","13:48:28",5742000
13200,900,100,"sd","13:48:27",5741800
13200,900,1000,"sd","13:48:22",5741700
13200,900,1400,"sd","13:48:18",5740700
13200,900,800,"sd","13:47:54",5739300
13300,1000,300,"bu","13:47:44",5738500
13300,1000,2000,"bu","13:47:38",5738200
13300,1000,800,"bu","13:47:36",5736200
13200,900,10000,"sd","13:47:29",5735400
13300,1000,400,"bu","13:47:18",5725400
13300,1000,500,"bu","13:46:57",5725000
13300,1000,4700,"bu","13:46:54",5724500
13200,900,2000,"sd","13:46:51",5719800
13200,900,200,"sd","13:46:49",5717800
13300,1000,500,"bu","13:46:42",5717600
13300,1000,900,"bu","13:46:37",5717100
13200,900,200,"sd","13:46:33",5716200
13200,900,5000,"sd","13:46:32",5716000
13300,1000,1000,"bu","13:46:26",5711000
13200,900,100,"sd","13:46:16",5710000
13200,900,100,"sd","13:45:58",5709900
13200,900,200,"sd","13:45:46",5709800
13200,900,1600,"sd","13:45:36",5709600
13200,900,200,"sd","13:45:34",5708000
13200,900,100,"sd","13:45:19",5707800
13200,900,100,"sd","13:45:13",5707700
13200,900,100,"sd","13:45:09",5707600
13200,900,1000,"sd","13:45:03",5707500
13200,900,3000,"sd","13:44:48",5706500
13300,1000,100,"bu","13:44:44",5703500
13300,1000,900,"bu","13:44:23",5703400
13300,1000,1000,"bu","13:44:20",5702500
13300,1000,1000,"bu","13:44:19",5701500
13300,1000,300,"bu","13:44:13",5700500
13300,1000,900,"bu","13:43:38",5700200
13300,1000,100,"bu","13:43:34",5699300
13300,1000,200,"bu","13:43:20",5699200
13300,1000,200,"bu","13:43:18",5699000
13300,1000,500,"bu","13:43:17",5698800
13300,1000,200,"bu","13:43:15",5698300
13300,1000,1800,"bu","13:42:41",5698100
13300,1000,4700,"bu","13:42:38",5696300
13300,1000,8500,"bu","13:42:35",5691600
13300,1000,3300,"bu","13:42:32",5683100
13200,900,3000,"sd","13:42:31",5679800
13300,1000,4000,"bu","13:42:26",5676800
13300,1000,100,"bu","13:42:18",5672800
13300,1000,2000,"bu","13:42:15",5672700
13200,900,300,"sd","13:42:14",5670700
13300,1000,1600,"bu","13:42:07",5670400
13300,1000,100,"bu","13:42:01",5668800
13300,1000,100,"bu","13:41:57",5668700
13300,1000,100,"bu","13:41:43",5668600
13300,1000,1000,"bu","13:41:42",5668500
13300,1000,100,"bu","13:41:39",5667500
13300,1000,2400,"bu","13:41:29",5667400
13300,1000,11900,"bu","13:41:18",5665000
13300,1000,9500,"bu","13:40:57",5653100
13300,1000,100,"bu","13:40:48",5643600
13300,1000,100,"bu","13:40:35",5643500
13200,900,1000,"sd","13:40:34",5643400
13200,900,100,"sd","13:40:33",5642400
13200,900,300,"sd","13:39:57",5642300
13200,900,100,"sd","13:39:52",5642000
13300,1000,3000,"bu","13:39:48",5641900
13200,900,2000,"sd","13:39:36",5638900
13200,900,100,"sd","13:39:34",5636900
13200,900,200,"sd","13:39:12",5636800
13200,900,500,"sd","13:39:06",5636600
13200,900,1100,"sd","13:38:56",5636100
13200,900,30000,"sd","13:38:53",5635000
13300,1000,800,"bu","13:38:49",5605000
13300,1000,300,"bu","13:38:46",5604200
13200,900,1000,"sd","13:38:44",5603900
13200,900,2500,"sd","13:38:40",5602900
13300,1000,100,"bu","13:38:32",5600400
13200,900,300,"sd","13:38:30",5600300
13200,900,1000,"sd","13:38:21",5600000
13200,900,100,"sd","13:38:16",5599000
13200,900,800,"sd","13:38:04",5598900
13300,1000,2000,"bu","13:38:03",5598100
13200,900,1000,"sd","13:38:00",5596100
13300,1000,1100,"bu","13:37:47",5595100
13200,900,400,"sd","13:37:45",5594000
13200,900,300,"sd","13:37:26",5593600
13300,1000,30000,"bu","13:37:16",5593300
13200,900,700,"sd","13:36:55",5563300
13300,1000,400,"bu","13:36:54",5562600
13300,1000,100,"bu","13:36:52",5562200
13200,900,1000,"sd","13:36:51",5562100
13200,900,100,"sd","13:36:45",5561100
13200,900,100,"sd","13:36:40",5561000
13300,1000,2000,"bu","13:36:39",5560900
13200,900,12000,"sd","13:36:38",5558900
13300,1000,5200,"bu","13:36:30",5546900
13200,900,1000,"sd","13:36:24",5541700
13300,1000,3000,"bu","13:36:23",5540700
13200,900,500,"sd","13:36:17",5537700
13200,900,3100,"sd","13:36:16",5537200
13200,900,2200,"sd","13:36:10",5534100
13200,900,2500,"sd","13:36:09",5531900
13200,900,900,"sd","13:35:56",5529400
13200,900,1000,"sd","13:35:51",5528500
13200,900,8900,"sd","13:35:48",5527500
13200,900,12900,"sd","13:35:44",5518600
13200,900,100,"sd","13:35:38",5505700
13200,900,2000,"sd","13:35:36",5505600
13200,900,300,"sd","13:35:33",5503600
13200,900,100,"sd","13:35:28",5503300
13200,900,3000,"sd","13:35:06",5503200
13200,900,600,"sd","13:34:54",5500200
13200,900,900,"sd","13:34:52",5499600
13300,1000,2400,"bu","13:34:50",5498700
13300,1000,500,"bu","13:34:40",5496300
13300,1000,100,"bu","13:34:34",5495800
13200,900,300,"sd","13:34:24",5495700
13300,1000,100,"bu","13:34:00",5495400
13300,1000,4300,"bu","13:33:56",5495300
13300,1000,2000,"bu","13:33:53",5491000
13200,900,200,"sd","13:33:46",5489000
13300,1000,5700,"bu","13:33:45",5488800
13300,1000,500,"bu","13:33:44",5483100
13200,900,100,"sd","13:33:43",5482600
13200,900,1000,"sd","13:33:40",5482500
13200,900,100,"sd","13:33:34",5481500
13300,1000,11300,"bu","13:33:20",5481400
13200,900,2000,"sd","13:33:10",5470100
13200,900,2000,"sd","13:33:03",5468100
13200,900,100,"sd","13:32:55",5466100
13200,900,600,"sd","13:32:52",5466000
13200,900,2000,"sd","13:32:47",5465400
13300,1000,100,"bu","13:32:42",5463400
13300,1000,1000,"bu","13:32:24",5463300
13200,900,1000,"sd","13:32:23",5462300
13200,900,8400,"bu","13:32:19",5461300
13200,900,2200,"bu","13:32:17",5452900
13200,900,100,"bu","13:32:16",5450700
13200,900,2000,"bu","13:32:13",5450600
13200,900,1000,"bu","13:32:08",5448600
13200,900,10000,"bu","13:31:59",5447600
13200,900,2500,"bu","13:31:58",5437600
13200,900,11000,"bu","13:31:55",5435100
13200,900,500,"bu","13:31:54",5424100
13200,900,300,"bu","13:31:51",5423600
13200,900,1200,"bu","13:31:50",5423300
13200,900,3800,"bu","13:31:49",5422100
13200,900,1000,"bu","13:31:44",5418300
13200,900,800,"bu","13:31:43",5417300
13200,900,2100,"bu","13:31:40",5416500
13200,900,8100,"bu","13:31:38",5414400
13100,800,20000,"sd","13:31:36",5406300
13200,900,100,"bu","13:31:35",5386300
13200,900,2000,"bu","13:31:34",5386200
13200,900,1300,"bu","13:31:32",5384200
13200,900,500,"bu","13:31:31",5382900
13200,900,500,"bu","13:31:29",5382400
13200,900,300,"bu","13:31:25",5381900
13200,900,2000,"bu","13:31:17",5381600
13200,900,500,"bu","13:31:10",5379600
13100,800,2000,"sd","13:31:05",5379100
13200,900,100,"bu","13:31:04",5377100
13200,900,25000,"bu","13:31:02",5377000
13200,900,500,"bu","13:31:00",5352000
13100,800,1000,"sd","13:30:53",5351500
13100,800,200,"sd","13:30:51",5350500
13100,800,200,"sd","13:30:49",5350300
13100,800,10700,"bu","13:30:45",5350100
13100,800,100,"bu","13:30:43",5339400
13100,800,5200,"bu","13:30:42",5339300
13100,800,2600,"bu","13:30:41",5334100
13100,800,2000,"bu","13:30:39",5331500
13100,800,31500,"bu","13:30:38",5329500
13000,700,12000,"sd","13:30:36",5298000
13100,800,100,"bu","13:30:35",5286000
13100,800,100,"bu","13:30:34",5285900
13100,800,9100,"bu","13:30:33",5285800
13100,800,700,"bu","13:30:30",5276700
13100,800,10000,"bu","13:30:29",5276000
13100,800,25400,"bu","13:30:28",5266000
13100,800,500,"bu","13:30:27",5240600
13000,700,1000,"sd","13:30:26",5240100
13100,800,2200,"bu","13:30:25",5239100
13000,700,100,"sd","13:30:22",5236900
13100,800,200,"bu","13:30:13",5236800
13100,800,500,"bu","13:30:01",5236600
13000,700,10000,"sd","13:29:59",5236100
13100,800,200,"bu","13:29:46",5226100
13100,800,1000,"bu","13:29:43",5225900
13100,800,5000,"bu","13:29:30",5224900
13100,800,41000,"sd","13:29:28",5219900
13100,800,6600,"sd","13:29:27",5178900
13100,800,23700,"sd","13:29:25",5172300
13100,800,100,"sd","13:29:21",5148600
13100,800,2000,"sd","13:29:20",5148500
13100,800,10000,"sd","13:29:19",5146500
13100,800,59800,"sd","13:29:15",5136500
13100,800,1000,"sd","13:29:12",5076700
13100,800,10000,"sd","13:29:09",5075700
13200,900,5000,"bu","13:29:08",5065700
13200,900,1500,"bu","13:29:00",5060700
13200,900,500,"bu","13:28:56",5059200
13200,900,11200,"sd","13:28:54",5058700
13200,900,57800,"sd","13:28:52",5047500
13200,900,3000,"sd","13:28:49",4989700
13200,900,500,"sd","13:28:48",4986700
13200,900,10000,"sd","13:28:47",4986200
13200,900,1000,"sd","13:28:40",4976200
13200,900,2000,"sd","13:28:37",4975200
13300,1000,100,"bu","13:28:31",4973200
13200,900,1700,"sd","13:28:29",4973100
13300,1000,6000,"bu","13:28:28",4971400
13300,1000,5600,"bu","13:28:27",4965400
13200,900,4000,"sd","13:28:26",4959800
13300,1000,300,"bu","13:28:17",4955800
13200,900,6000,"sd","13:28:13",4955500
13300,1000,100,"bu","13:28:08",4949500
13300,1000,100,"bu","13:28:07",4949400
13200,900,97000,"sd","13:28:06",4949300
13300,1000,1100,"bu","13:28:05",4852300
13300,1000,2500,"bu","13:28:04",4851200
13300,1000,400,"bu","13:27:59",4848700
13300,1000,100,"bu","13:27:57",4848300
13300,1000,1000,"bu","13:27:56",4848200
13300,1000,3000,"bu","13:27:55",4847200
13300,1000,1000,"bu","13:27:49",4844200
13300,1000,500,"bu","13:27:44",4843200
13300,1000,700,"bu","13:27:43",4842700
13300,1000,2000,"sd","13:27:42",4842000
13300,1000,5000,"sd","13:27:40",4840000
13300,1000,5100,"sd","13:27:39",4835000
13300,1000,200,"sd","13:27:38",4829900
13300,1000,600,"sd","13:27:37",4829700
13300,1000,1100,"sd","13:27:36",4829100
13300,1000,20000,"sd","13:27:35",4828000
13300,1000,2000,"sd","13:27:34",4808000
13300,1000,1000,"sd","13:27:33",4806000
13300,1000,2600,"sd","13:27:32",4805000
13300,1000,1600,"sd","13:27:31",4802400
13300,1000,1000,"sd","13:27:30",4800800
13300,1000,10000,"sd","13:27:27",4799800
13300,1000,400,"sd","13:27:26",4789800
13300,1000,1000,"sd","13:27:20",4789400
13300,1000,50000,"sd","13:27:13",4788400
13400,1100,22300,"bu","13:27:11",4738400
13400,1100,500,"bu","13:26:56",4716100
13400,1100,8000,"bu","13:26:53",4715600
13400,1100,200,"bu","13:26:47",4707600
13400,1100,1000,"bu","13:26:40",4707400
13400,1100,2200,"bu","13:26:35",4706400
13400,1100,500,"bu","13:26:23",4704200
13400,1100,7100,"bu","13:26:19",4703700
13300,1000,1700,"sd","13:26:15",4696600
13300,1000,5400,"sd","13:26:13",4694900
13400,1100,500,"bu","13:26:07",4689500
13300,1000,200,"sd","13:25:50",4689000
13400,1100,200,"bu","13:25:47",4688800
13400,1100,2000,"bu","13:25:46",4688600
13400,1100,3000,"bu","13:25:37",4686600
13400,1100,7500,"bu","13:25:35",4683600
13300,1000,700,"sd","13:25:32",4676100
13400,1100,400,"bu","13:25:27",4675400
13400,1100,5100,"bu","13:25:23",4675000
13300,1000,500,"sd","13:25:12",4669900
13400,1100,100,"bu","13:25:10",4669400
13300,1000,13500,"sd","13:25:08",4669300
13300,1000,3000,"sd","13:24:54",4655800
13300,1000,5000,"sd","13:24:53",4652800
13400,1100,500,"bu","13:24:52",4647800
13400,1100,1800,"bu","13:24:49",4647300
13400,1100,800,"bu","13:24:48",4645500
13400,1100,11000,"bu","13:24:40",4644700
13300,1000,20000,"sd","13:24:36",4633700
13300,1000,1000,"sd","13:24:35",4613700
13400,1100,700,"bu","13:24:27",4612700
13400,1100,2000,"bu","13:24:26",4612000
13300,1000,1000,"sd","13:24:15",4610000
13300,1000,500,"sd","13:24:11",4609000
13300,1000,100,"sd","13:24:10",4608500
13300,1000,6500,"bu","13:24:07",4608400
13300,1000,3000,"bu","13:24:06",4601900
13300,1000,7000,"bu","13:24:05",4598900
13300,1000,200,"bu","13:24:04",4591900
13300,1000,4000,"bu","13:24:02",4591700
13300,1000,7000,"bu","13:24:01",4587700
13300,1000,1100,"bu","13:24:00",4580700
13300,1000,500,"bu","13:23:59",4579600
13300,1000,4400,"bu","13:23:57",4579100
13300,1000,3400,"bu","13:23:55",4574700
13300,1000,500,"bu","13:23:54",4571300
13300,1000,2000,"bu","13:23:53",4570800
13300,1000,3400,"bu","13:23:52",4568800
13300,1000,5200,"bu","13:23:51",4565400
13300,1000,20000,"bu","13:23:50",4560200
13300,1000,1500,"bu","13:23:49",4540200
13300,1000,5000,"bu","13:23:48",4538700
13300,1000,2000,"bu","13:23:45",4533700
13300,1000,14100,"bu","13:23:42",4531700
13300,1000,3500,"bu","13:23:40",4517600
13300,1000,2000,"bu","13:23:38",4514100
13300,1000,15200,"bu","13:23:37",4512100
13300,1000,2000,"bu","13:23:36",4496900
13300,1000,10000,"bu","13:23:35",4494900
13300,1000,1300,"bu","13:23:33",4484900
13300,1000,1000,"bu","13:23:32",4483600
13300,1000,1200,"bu","13:23:30",4482600
13300,1000,200,"bu","13:23:29",4481400
13300,1000,5000,"bu","13:23:28",4481200
13300,1000,1500,"bu","13:23:27",4476200
13300,1000,100,"bu","13:23:26",4474700
13300,1000,8100,"bu","13:23:25",4474600
13300,1000,100,"bu","13:23:24",4466500
13300,1000,1000,"bu","13:23:23",4466400
13300,1000,100,"bu","13:23:22",4465400
13300,1000,4500,"bu","13:23:21",4465300
13300,1000,300,"bu","13:23:20",4460800
13300,1000,10600,"bu","13:23:18",4460500
13300,1000,8500,"bu","13:23:17",4449900
13300,1000,3000,"bu","13:23:16",4441400
13300,1000,3800,"bu","13:23:15",4438400
13300,1000,13500,"bu","13:23:13",4434600
13300,1000,12000,"bu","13:23:10",4421100
13300,1000,15500,"bu","13:23:06",4409100
13300,1000,1600,"bu","13:23:04",4393600
13200,900,1000,"sd","13:23:03",4392000
13300,1000,5000,"bu","13:23:01",4391000
13300,1000,200,"bu","13:23:00",4386000
13300,1000,2000,"bu","13:22:59",4385800
13300,1000,700,"bu","13:22:58",4383800
13300,1000,3000,"bu","13:22:57",4383100
13200,900,2000,"sd","13:22:56",4380100
13300,1000,1600,"bu","13:22:53",4378100
13300,1000,100,"bu","13:22:52",4376500
13300,1000,1000,"bu","13:22:46",4376400
13300,1000,400,"bu","13:22:43",4375400
13300,1000,5000,"bu","13:22:40",4375000
13300,1000,2300,"bu","13:22:36",4370000
13300,1000,1000,"bu","13:22:34",4367700
13300,1000,600,"bu","13:22:30",4366700
13200,900,3000,"sd","13:22:26",4366100
13300,1000,400,"bu","13:22:24",4363100
13300,1000,200,"bu","13:22:23",4362700
13300,1000,600,"bu","13:22:20",4362500
13300,1000,100,"bu","13:22:19",4361900
13300,1000,14800,"bu","13:22:16",4361800
13300,1000,5500,"bu","13:22:14",4347000
13300,1000,500,"bu","13:22:13",4341500
13300,1000,2000,"bu","13:22:09",4341000
13200,900,2500,"sd","13:22:07",4339000
13200,900,200,"sd","13:22:04",4336500
13300,1000,1000,"bu","13:22:03",4336300
13300,1000,400,"bu","13:22:02",4335300
13300,1000,4000,"bu","13:22:00",4334900
13300,1000,500,"bu","13:21:59",4330900
13200,900,1000,"sd","13:21:57",4330400
13300,1000,11200,"bu","13:21:54",4329400
13200,900,2700,"sd","13:21:53",4318200
13300,1000,10000,"bu","13:21:51",4315500
13300,1000,1000,"bu","13:21:49",4305500
13300,1000,200,"bu","13:21:44",4304500
13300,1000,100,"bu","13:21:43",4304300
13200,900,1500,"sd","13:21:41",4304200
13300,1000,2000,"bu","13:21:37",4302700
13300,1000,5000,"bu","13:21:35",4300700
13200,900,1000,"sd","13:21:32",4295700
13200,900,100,"sd","13:21:28",4294700
13200,900,2000,"sd","13:21:25",4294600
13300,1000,100,"bu","13:21:23",4292600
13300,1000,1000,"bu","13:21:22",4292500
13300,1000,1000,"bu","13:21:21",4291500
13300,1000,700,"bu","13:21:19",4290500
13200,900,50000,"sd","13:21:18",4289800
13200,900,1000,"sd","13:21:17",4239800
13200,900,600,"sd","13:21:15",4238800
13200,900,30000,"sd","13:21:11",4238200
13200,900,1000,"sd","13:21:05",4208200
13200,900,135400,"sd","13:21:00",4207200
13100,800,1000,"sd","13:20:56",4071800
13100,800,100,"sd","13:20:54",4070800
13200,900,1700,"bu","13:20:48",4070700
13200,900,200,"bu","13:20:43",4069000
13100,800,300,"sd","13:20:38",4068800
13200,900,100,"bu","13:20:35",4068500
13200,900,1700,"bu","13:20:29",4068400
13200,900,900,"bu","13:20:18",4066700
13200,900,8000,"bu","13:20:17",4065800
13200,900,1100,"bu","13:20:11",4057800
13200,900,3500,"bu","13:20:10",4056700
13200,900,17000,"bu","13:20:09",4053200
13200,900,900,"bu","13:20:07",4036200
13200,900,10000,"bu","13:20:06",4035300
13200,900,1000,"bu","13:20:03",4025300
13200,900,1200,"bu","13:20:02",4024300
13200,900,10000,"bu","13:19:58",4023100
13200,900,4000,"bu","13:19:57",4013100
13200,900,400,"bu","13:19:56",4009100
13200,900,100,"bu","13:19:50",4008700
13200,900,500,"bu","13:19:46",4008600
13200,900,1600,"bu","13:19:45",4008100
13100,800,5000,"sd","13:19:44",4006500
13200,900,500,"bu","13:19:41",4001500
13100,800,1200,"sd","13:19:38",4001000
13200,900,600,"bu","13:19:37",3999800
13200,900,400,"bu","13:19:36",3999200
13200,900,1300,"bu","13:19:33",3998800
13100,800,6600,"sd","13:19:32",3997500
13100,800,300,"sd","13:19:30",3990900
13200,900,1000,"bu","13:19:27",3990600
13100,800,1000,"sd","13:19:22",3989600
13200,900,100,"bu","13:19:21",3988600
13100,800,4700,"sd","13:19:20",3988500
13200,900,3000,"bu","13:19:19",3983800
13100,800,4600,"sd","13:19:17",3980800
13100,800,500,"sd","13:19:16",3976200
13100,800,500,"sd","13:19:14",3975700
13200,900,1000,"bu","13:19:11",3975200
13100,800,200,"sd","13:19:08",3974200
13100,800,10000,"sd","13:19:06",3974000
13200,900,400,"bu","13:19:00",3964000
13100,800,1000,"sd","13:18:58",3963600
13100,800,10200,"sd","13:18:52",3962600
13200,900,11400,"bu","13:18:48",3952400
13100,800,20300,"sd","13:18:46",3941000
13200,900,100,"bu","13:18:45",3920700
13200,900,1400,"bu","13:18:40",3920600
13100,800,100,"sd","13:18:35",3919200
13100,800,500,"sd","13:18:26",3919100
13100,800,400,"sd","13:18:25",3918600
13200,900,100,"bu","13:18:23",3918200
13100,800,100,"sd","13:18:19",3918100
13100,800,100,"sd","13:18:10",3918000
13100,800,10000,"sd","13:18:07",3917900
13100,800,9000,"bu","13:18:03",3907900
13100,800,1000,"bu","13:18:02",3898900
13100,800,1000,"bu","13:18:01",3897900
13100,800,6500,"bu","13:18:00",3896900
13100,800,1700,"bu","13:17:58",3890400
13100,800,1900,"bu","13:17:56",3888700
13100,800,600,"bu","13:17:53",3886800
13100,800,400,"bu","13:17:51",3886200
13100,800,500,"bu","13:17:50",3885800
13100,800,2500,"bu","13:17:49",3885300
13100,800,500,"bu","13:17:48",3882800
13100,800,2900,"bu","13:17:47",3882300
13100,800,2100,"bu","13:17:46",3879400
13100,800,4200,"bu","13:17:44",3877300
13100,800,5000,"bu","13:17:43",3873100
13100,800,4000,"bu","13:17:42",3868100
13100,800,100,"bu","13:17:41",3864100
13100,800,4000,"bu","13:17:39",3864000
13100,800,900,"bu","13:17:37",3860000
13100,800,3000,"bu","13:17:36",3859100
13100,800,2000,"bu","13:17:33",3856100
13100,800,15000,"bu","13:17:32",3854100
13100,800,1000,"bu","13:17:30",3839100
13100,800,500,"bu","13:17:26",3838100
13100,800,1700,"bu","13:17:25",3837600
13100,800,1700,"bu","13:17:24",3835900
13100,800,100,"bu","13:17:21",3834200
13100,800,22200,"bu","13:17:20",3834100
13100,800,2600,"bu","13:17:19",3811900
13100,800,1000,"bu","13:17:16",3809300
13100,800,7500,"bu","13:17:15",3808300
13100,800,9300,"bu","13:17:14",3800800
13100,800,1400,"bu","13:17:13",3791500
13100,800,3500,"bu","13:17:12",3790100
13100,800,2000,"bu","13:17:11",3786600
13100,800,5000,"bu","13:17:09",3784600
13100,800,21900,"sd","13:17:08",3779600
13100,800,700,"bu","13:17:05",3757700
13100,800,400,"bu","13:17:03",3757000
13100,800,2000,"bu","13:17:02",3756600
13100,800,1000,"bu","13:17:01",3754600
13100,800,1100,"bu","13:17:00",3753600
13000,700,4800,"sd","13:16:59",3752500
13100,800,27700,"sd","13:16:58",3747700
13200,900,10000,"bu","13:16:55",3720000
13100,800,100,"sd","13:16:53",3710000
13200,900,11600,"bu","13:16:52",3709900
13100,800,4000,"bu","13:16:51",3698300
13100,800,10900,"bu","13:16:50",3694300
13100,800,300,"bu","13:16:49",3683400
13100,800,13500,"bu","13:16:48",3683100
13100,800,3200,"bu","13:16:47",3669600
13100,800,23600,"bu","13:16:46",3666400
13100,800,7300,"bu","13:16:45",3642800
13100,800,6000,"bu","13:16:44",3635500
13100,800,5600,"bu","13:16:43",3629500
13100,800,3600,"bu","13:16:42",3623900
13100,800,3500,"bu","13:16:41",3620300
13100,800,1000,"bu","13:16:40",3616800
13100,800,500,"bu","13:16:39",3615800
13100,800,10700,"bu","13:16:37",3615300
13100,800,2000,"bu","13:16:36",3604600
13100,800,500,"bu","13:16:35",3602600
13100,800,4800,"bu","13:16:33",3602100
13000,700,1200,"sd","13:16:32",3597300
13100,800,500,"bu","13:16:31",3596100
13000,700,600,"sd","13:16:29",3595600
13000,700,7800,"sd","13:16:20",3595000
13000,700,106200,"bu","13:16:19",3587200
13000,700,20700,"bu","13:16:18",3481000
13000,700,20200,"bu","13:16:17",3460300
13000,700,31300,"bu","13:16:16",3440100
13000,700,9000,"bu","13:16:15",3408800
13000,700,9700,"bu","13:16:14",3399800
13000,700,50100,"bu","13:16:13",3390100
13000,700,19700,"bu","13:16:12",3340000
13000,700,81000,"bu","13:16:11",3320300
13000,700,2000,"bu","13:16:10",3239300
13000,700,2500,"bu","13:16:09",3237300
13000,700,108800,"bu","13:16:07",3234800
13000,700,1700,"bu","13:16:05",3126000
13000,700,100,"bu","13:16:04",3124300
13000,700,2000,"bu","13:16:03",3124200
13000,700,1000,"bu","13:16:02",3122200
13000,700,1000,"bu","13:16:01",3121200
13000,700,1500,"bu","13:16:00",3120200
13000,700,500,"bu","13:15:59",3118700
13000,700,1000,"bu","13:15:58",3118200
13000,700,500,"bu","13:15:57",3117200
13000,700,2200,"bu","13:15:55",3116700
13000,700,3000,"bu","13:15:51",3114500
13000,700,300,"bu","13:15:49",3111500
13000,700,500,"bu","13:15:48",3111200
13000,700,300,"bu","13:15:47",3110700
13000,700,500,"bu","13:15:46",3110400
13000,700,5000,"bu","13:15:45",3109900
13000,700,6700,"bu","13:15:43",3104900
13000,700,1000,"bu","13:15:39",3098200
13000,700,18100,"bu","13:15:37",3097200
13000,700,3800,"bu","13:15:36",3079100
13000,700,3000,"bu","13:15:31",3075300
12900,600,20000,"sd","13:15:25",3072300
13000,700,300,"bu","13:15:23",3052300
13000,700,300,"bu","13:15:21",3052000
12900,600,21700,"sd","13:15:09",3051700
13000,700,500,"bu","13:15:08",3030000
12900,600,1000,"sd","13:15:06",3029500
12900,600,139100,"sd","13:15:04",3028500
12900,600,1000,"bu","13:15:02",2889400
12800,500,38000,"sd","13:15:01",2888400
12900,600,500,"bu","13:14:59",2850400
12900,600,200,"bu","13:14:58",2849900
12900,600,1000,"bu","13:14:54",2849700
12900,600,1500,"bu","13:14:49",2848700
12900,600,300,"bu","13:14:40",2847200
12900,600,1000,"bu","13:14:39",2846900
12900,600,500,"bu","13:14:38",2845900
12800,500,43200,"sd","13:14:37",2845400
12800,500,36500,"bu","13:14:36",2802200
12800,500,63200,"bu","13:14:35",2765700
12800,500,15000,"bu","13:14:34",2702500
12800,500,6000,"bu","13:14:33",2687500
12800,500,6100,"bu","13:14:31",2681500
12800,500,6300,"bu","13:14:30",2675400
12800,500,100,"bu","13:14:29",2669100
12800,500,17500,"bu","13:14:28",2669000
12800,500,5700,"bu","13:14:27",2651500
12800,500,8000,"bu","13:14:26",2645800
12800,500,100,"bu","13:14:23",2637800
12800,500,53000,"bu","13:14:22",2637700
12700,400,100,"sd","13:14:20",2584700
12800,500,7000,"bu","13:14:18",2584600
12800,500,500,"bu","13:14:14",2577600
12800,500,500,"bu","13:14:13",2577100
12800,500,1000,"bu","13:14:06",2576600
12800,500,1000,"bu","13:14:05",2575600
12800,500,6700,"bu","13:14:03",2574600
12800,500,200,"bu","13:13:59",2567900
12800,500,1300,"bu","13:13:58",2567700
12800,500,1000,"bu","13:13:49",2566400
12800,500,5100,"bu","13:13:43",2565400
12800,500,1000,"bu","13:13:41",2560300
12800,500,100,"bu","13:13:40",2559300
12800,500,1500,"bu","13:13:39",2559200
12800,500,5300,"bu","13:13:38",2557700
12800,500,500,"bu","13:13:35",2552400
12800,500,200,"bu","13:13:31",2551900
12800,500,12000,"bu","13:13:28",2551700
12800,500,5100,"bu","13:13:24",2539700
12800,500,200,"bu","13:13:11",2534600
12800,500,3200,"bu","13:13:05",2534400
12800,500,100,"bu","13:13:00",2531200
12800,500,1000,"bu","13:12:59",2531100
12800,500,3500,"bu","13:12:53",2530100
12800,500,5000,"bu","13:12:52",2526600
12800,500,100,"bu","13:12:36",2521600
12700,400,100,"sd","13:12:17",2521500
12700,400,1000,"sd","13:12:14",2521400
12800,500,900,"bu","13:12:10",2520400
12800,500,200,"bu","13:12:05",2519500
12700,400,100,"sd","13:12:01",2519300
12800,500,500,"bu","13:11:59",2519200
12800,500,100,"bu","13:11:55",2518700
12800,500,500,"bu","13:11:53",2518600
12800,500,100,"bu","13:11:48",2518100
12800,500,1000,"bu","13:11:46",2518000
12800,500,1700,"bu","13:11:44",2517000
12800,500,2500,"bu","13:11:41",2515300
12800,500,1000,"bu","13:11:39",2512800
12700,400,500,"sd","13:11:38",2511800
12800,500,1000,"bu","13:11:29",2511300
12800,500,2000,"bu","13:11:23",2510300
12800,500,3000,"bu","13:11:11",2508300
12800,500,5000,"bu","13:11:10",2505300
12800,500,3000,"bu","13:11:08",2500300
12800,500,700,"bu","13:11:05",2497300
12800,500,1000,"bu","13:11:03",2496600
12800,500,2000,"bu","13:11:01",2495600
12800,500,3000,"bu","13:10:45",2493600
12700,400,2000,"sd","13:10:39",2490600
12800,500,5000,"bu","13:10:37",2488600
12700,400,100,"sd","13:10:31",2483600
12700,400,200,"sd","13:10:30",2483500
12700,400,5000,"sd","13:09:49",2483300
12700,400,500,"sd","13:09:46",2478300
12700,400,1000,"sd","13:09:43",2477800
12800,500,3000,"bu","13:09:39",2476800
12700,400,500,"sd","13:09:38",2473800
12700,400,10300,"sd","13:09:30",2473300
12700,400,1000,"sd","13:09:24",2463000
12700,400,10000,"sd","13:09:22",2462000
12700,400,2000,"sd","13:09:15",2452000
12700,400,1100,"sd","13:09:11",2450000
12700,400,700,"sd","13:09:08",2448900
12700,400,1000,"sd","13:09:00",2448200
12700,400,7300,"sd","13:08:58",2447200
12700,400,300,"sd","13:08:56",2439900
12700,400,2000,"sd","13:08:53",2439600
12700,400,3000,"sd","13:08:51",2437600
12700,400,1400,"sd","13:08:47",2434600
12700,400,700,"sd","13:08:44",2433200
12700,400,500,"sd","13:08:43",2432500
12700,400,500,"sd","13:08:42",2432000
12700,400,100,"sd","13:08:39",2431500
12700,400,2100,"sd","13:08:34",2431400
12700,400,500,"sd","13:08:33",2429300
12700,400,13000,"sd","13:08:24",2428800
12700,400,100,"sd","13:08:19",2415800
12700,400,2000,"sd","13:08:15",2415700
12700,400,9000,"sd","13:08:14",2413700
12700,400,2000,"sd","13:08:09",2404700
12700,400,5000,"sd","13:08:01",2402700
12700,400,3000,"sd","13:08:00",2397700
12700,400,500,"sd","13:07:59",2394700
12700,400,100,"sd","13:07:56",2394200
12700,400,20000,"sd","13:07:49",2394100
12700,400,8000,"sd","13:07:43",2374100
12700,400,300,"sd","13:07:38",2366100
12700,400,100,"sd","13:07:33",2365800
12700,400,100,"sd","13:07:25",2365700
12700,400,1000,"sd","13:07:09",2365600
12700,400,6700,"sd","13:07:05",2364600
12700,400,12000,"sd","13:06:53",2357900
12700,400,100,"sd","13:06:51",2345900
12700,400,100,"sd","13:06:49",2345800
12700,400,19000,"sd","13:06:46",2345700
12700,400,1000,"sd","13:06:42",2326700
12700,400,200,"sd","13:06:41",2325700
12700,400,1000,"sd","13:06:40",2325500
12700,400,100,"sd","13:06:29",2324500
12700,400,100,"sd","13:06:03",2324400
12700,400,1100,"sd","13:05:59",2324300
12700,400,100,"sd","13:05:33",2323200
12700,400,100,"sd","13:05:13",2323100
12700,400,500,"sd","13:05:10",2323000
12700,400,10000,"sd","13:05:07",2322500
12700,400,2000,"sd","13:04:59",2312500
12700,400,100,"sd","13:04:53",2310500
12700,400,4600,"sd","13:04:38",2310400
12700,400,1700,"bu","13:04:31",2305800
12700,400,900,"bu","13:04:24",2304100
12700,400,1000,"sd","13:04:23",2303200
12700,400,100,"sd","13:04:20",2302200
12700,400,2500,"sd","13:04:04",2302100
12700,400,2400,"sd","13:03:56",2299600
12700,400,600,"bu","13:03:52",2297200
12700,400,500,"bu","13:03:39",2296600
12700,400,500,"sd","13:03:36",2296100
12700,400,1000,"sd","13:03:34",2295600
12700,400,4000,"sd","13:03:29",2294600
12700,400,2700,"sd","13:03:23",2290600
12800,500,100,"bu","13:03:22",2287900
12700,400,10000,"sd","13:03:18",2287800
12700,400,22000,"sd","13:03:16",2277800
12700,400,1900,"sd","13:03:15",2255800
12700,400,3000,"sd","13:03:11",2253900
12700,400,3000,"sd","13:02:58",2250900
12700,400,100,"sd","13:02:57",2247900
12700,400,1300,"sd","13:02:56",2247800
12700,400,10000,"sd","13:02:53",2246500
12700,400,1000,"sd","13:02:37",2236500
12700,400,200,"sd","13:02:34",2235500
12800,500,900,"bu","13:02:29",2235300
12700,400,4000,"sd","13:02:26",2234400
12700,400,2400,"sd","13:02:24",2230400
12700,400,1000,"sd","13:02:21",2228000
12700,400,1300,"sd","13:02:14",2227000
12700,400,5000,"bu","13:02:12",2225700
12700,400,5800,"bu","13:02:10",2220700
12700,400,800,"bu","13:02:08",2214900
12600,300,9400,"sd","13:02:03",2214100
12700,400,15300,"bu","13:01:55",2204700
12700,400,4300,"bu","13:01:52",2189400
12700,400,500,"bu","13:01:49",2185100
12700,400,7000,"bu","13:01:43",2184600
12700,400,10200,"bu","13:01:39",2177600
12700,400,300,"bu","13:01:34",2167400
12700,400,1500,"bu","13:01:05",2167100
12700,400,1500,"bu","13:00:55",2165600
12700,400,1100,"bu","13:00:51",2164100
12700,400,12000,"bu","13:00:49",2163000
12700,400,1000,"bu","13:00:46",2151000
12700,400,1100,"bu","13:00:08",2150000
12700,400,1300,"bu","13:00:06",2148900
12700,400,11000,"bu","13:00:05",2147600
12700,400,1500,"bu","13:00:04",2136600
12700,400,3800,"bu","13:00:03",2135100
12700,400,37100,"bu","13:00:02",2131300
12600,300,33900,"sd","13:00:01",2094200
12700,400,1100,"bu","11:30:00",2060300
12600,300,200,"sd","11:29:34",2059200
12600,300,2400,"sd","11:29:30",2059000
12600,300,800,"bu","11:29:27",2056600
12600,300,500,"bu","11:29:23",2055800
12600,300,900,"bu","11:29:20",2055300
12600,300,5700,"bu","11:29:18",2054400
12700,400,2500,"bu","11:29:06",2048700
12600,300,50000,"sd","11:29:05",2046200
12600,300,1500,"sd","11:28:32",1996200
12600,300,800,"sd","11:28:29",1994700
12700,400,100,"bu","11:28:22",1993900
12700,400,1000,"bu","11:28:13",1993800
12700,400,100,"bu","11:27:57",1992800
12700,400,600,"bu","11:27:51",1992700
12700,400,46300,"bu","11:27:42",1992100
12700,400,7000,"sd","11:27:36",1945800
12700,400,2000,"sd","11:27:29",1938800
12800,500,1500,"bu","11:27:21",1936800
12800,500,300,"bu","11:27:17",1935300
12800,500,800,"bu","11:27:14",1935000
12700,400,2000,"sd","11:27:12",1934200
12800,500,2800,"bu","11:27:10",1932200
12800,500,2200,"bu","11:27:07",1929400
12800,500,100,"bu","11:27:02",1927200
12800,500,3000,"bu","11:26:58",1927100
12800,500,3000,"bu","11:26:57",1924100
12800,500,8300,"bu","11:26:54",1921100
12800,500,2000,"bu","11:26:53",1912800
12800,500,3000,"bu","11:26:50",1910800
12800,500,200,"bu","11:26:43",1907800
12800,500,800,"bu","11:26:39",1907600
12800,500,800,"bu","11:26:21",1906800
12800,500,1500,"bu","11:26:18",1906000
12700,400,500,"sd","11:26:16",1904500
12700,400,100,"sd","11:26:09",1904000
12700,400,100,"sd","11:26:05",1903900
12700,400,6100,"sd","11:26:03",1903800
12700,400,6500,"bu","11:26:02",1897700
12700,400,6000,"bu","11:26:01",1891200
12700,400,5000,"bu","11:26:00",1885200
12700,400,56700,"bu","11:25:58",1880200
12700,400,11300,"bu","11:25:57",1823500
12700,400,24100,"bu","11:25:54",1812200
12700,400,800,"bu","11:25:52",1788100
12700,400,30000,"bu","11:25:49",1787300
12700,400,12200,"bu","11:25:48",1757300
12700,400,100,"bu","11:25:46",1745100
12700,400,5000,"bu","11:25:39",1745000
12700,400,200,"bu","11:25:38",1740000
12700,400,3000,"bu","11:25:34",1739800
12700,400,3000,"bu","11:25:32",1736800
12700,400,2000,"bu","11:25:31",1733800
12700,400,400,"bu","11:25:25",1731800
12700,400,1000,"bu","11:25:21",1731400
12700,400,500,"bu","11:25:20",1730400
12700,400,200,"bu","11:25:13",1729900
12700,400,6100,"bu","11:25:08",1729700
12700,400,100,"bu","11:25:03",1723600
12700,400,200,"bu","11:25:01",1723500
12700,400,11000,"bu","11:24:46",1723300
12700,400,30000,"bu","11:24:35",1712300
12700,400,100,"bu","11:24:31",1682300
12700,400,800,"bu","11:24:27",1682200
12700,400,700,"bu","11:24:24",1681400
12700,400,2000,"bu","11:24:17",1680700
12700,400,2000,"bu","11:24:07",1678700
12700,400,100,"bu","11:24:06",1676700
12600,300,200,"sd","11:24:04",1676600
12700,400,100,"bu","11:23:51",1676400
12600,300,11500,"sd","11:23:25",1676300
12600,300,20200,"bu","11:23:24",1664800
12600,300,20000,"bu","11:23:23",1644600
12600,300,200,"bu","11:23:22",1624600
12600,300,4300,"bu","11:23:21",1624400
12600,300,1200,"bu","11:23:20",1620100
12600,300,5000,"bu","11:23:18",1618900
12600,300,50000,"bu","11:23:17",1613900
12600,300,500,"bu","11:23:14",1563900
12600,300,30000,"bu","11:23:13",1563400
12600,300,10000,"bu","11:23:11",1533400
12600,300,500,"bu","11:23:03",1523400
12600,300,200,"bu","11:23:00",1522900
12600,300,2500,"bu","11:22:59",1522700
12600,300,1000,"bu","11:22:50",1520200
12600,300,2000,"bu","11:22:45",1519200
12600,300,200,"bu","11:22:37",1517200
12500,200,2500,"sd","11:22:09",1517000
12500,200,9600,"sd","11:21:55",1514500
12500,200,500,"bu","11:21:49",1504900
12500,200,7000,"bu","11:21:38",1504400
12500,200,8000,"bu","11:21:35",1497400
12500,200,200,"bu","11:21:13",1489400
12400,100,3000,"sd","11:20:58",1489200
12500,200,600,"bu","11:20:56",1486200
12500,200,3000,"bu","11:20:53",1485600
12500,200,20000,"bu","11:20:45",1482600
12500,200,2400,"bu","11:20:43",1462600
12500,200,1000,"bu","11:20:41",1460200
12500,200,300,"bu","11:20:38",1459200
12500,200,8000,"bu","11:20:37",1458900
12500,200,3500,"bu","11:20:22",1450900
12500,200,400,"bu","11:19:11",1447400
12400,100,1500,"sd","11:18:53",1447000
12500,200,4000,"bu","11:18:16",1445500
12500,200,100,"bu","11:16:53",1441500
12500,200,100,"bu","11:16:52",1441400
12500,200,2000,"bu","11:16:29",1441300
12500,200,300,"bu","11:15:58",1439300
12500,200,43900,"sd","11:14:57",1439000
12500,200,300,"sd","11:14:34",1395100
12500,200,100,"sd","11:12:59",1394800
12500,200,500,"sd","11:12:58",1394700
12500,200,1000,"sd","11:12:50",1394200
12500,200,100,"sd","11:12:41",1393200
12500,200,100,"sd","11:12:02",1393100
12500,200,400,"sd","11:10:55",1393000
12500,200,18400,"sd","11:09:49",1392600
12500,200,6000,"bu","11:09:27",1374200
12500,200,30800,"bu","11:09:24",1368200
12500,200,1000,"bu","11:09:13",1337400
12500,200,3000,"bu","11:08:59",1336400
12500,200,400,"bu","11:08:29",1333400
12500,200,10000,"bu","11:08:13",1333000
12400,100,100,"sd","11:07:37",1323000
12500,200,1000,"bu","11:06:31",1322900
12500,200,1000,"bu","11:06:21",1321900
12400,100,100,"sd","11:04:52",1320900
12500,200,100,"bu","11:04:50",1320800
12500,200,100,"bu","11:04:38",1320700
12500,200,10000,"bu","11:04:20",1320600
12500,200,6000,"bu","11:04:11",1310600
12500,200,200,"bu","11:03:41",1304600
12500,200,100,"bu","11:03:37",1304400
12500,200,200,"bu","11:03:35",1304300
12500,200,10000,"bu","11:03:19",1304100
12500,200,2000,"bu","11:02:41",1294100
12500,200,100,"bu","11:02:26",1292100
12500,200,1000,"bu","11:01:13",1292000
12500,200,2400,"bu","11:01:03",1291000
12500,200,2000,"bu","11:01:02",1288600
12500,200,400,"bu","11:00:45",1286600
12500,200,1000,"bu","11:00:39",1286200
12500,200,1400,"unknown","10:59:51",1285200
12500,200,3100,"sd","10:59:44",1283800
12500,200,800,"sd","10:59:36",1280700
12500,200,10000,"sd","10:59:15",1279900
12500,200,27400,"sd","10:59:05",1269900
12600,300,4000,"bu","10:58:55",1242500
12500,200,2000,"sd","10:58:39",1238500
12500,200,6400,"sd","10:57:54",1236500
12500,200,20000,"sd","10:57:22",1230100
12500,200,400,"sd","10:57:09",1210100
12600,300,1000,"bu","10:55:53",1209700
12600,300,1000,"bu","10:55:46",1208700
12600,300,10000,"bu","10:55:37",1207700
12500,200,500,"sd","10:55:28",1197700
12500,200,5000,"sd","10:54:39",1197200
12600,300,20000,"bu","10:54:17",1192200
12500,200,2000,"sd","10:54:05",1172200
12600,300,9600,"bu","10:53:51",1170200
12500,200,400,"sd","10:53:23",1160600
12500,200,1000,"sd","10:53:16",1160200
12500,200,100,"sd","10:52:47",1159200
12500,200,500,"sd","10:52:39",1159100
12500,200,500,"sd","10:51:15",1158600
12600,300,1000,"bu","10:50:52",1158100
12600,300,2000,"bu","10:50:36",1157100
12600,300,200,"bu","10:49:39",1155100
12600,300,100,"bu","10:49:20",1154900
12500,200,5000,"sd","10:49:18",1154800
12500,200,200,"sd","10:48:56",1149800
12500,200,1000,"sd","10:48:35",1149600
12500,200,1000,"sd","10:48:23",1148600
12500,200,200,"sd","10:48:22",1147600
12500,200,200,"sd","10:48:20",1147400
12500,200,50000,"sd","10:48:10",1147200
12600,300,100,"bu","10:47:52",1097200
12600,300,6000,"bu","10:47:29",1097100
12600,300,1200,"bu","10:47:23",1091100
12600,300,2000,"bu","10:47:21",1089900
12600,300,1000,"bu","10:47:13",1087900
12500,200,4000,"sd","10:47:10",1086900
12600,300,2400,"bu","10:47:09",1082900
12600,300,700,"bu","10:46:42",1080500
12600,300,900,"bu","10:46:29",1079800
12600,300,4000,"bu","10:46:28",1078900
12600,300,1000,"bu","10:46:17",1074900
12600,300,5000,"bu","10:46:06",1073900
12600,300,2000,"bu","10:46:03",1068900
12600,300,300,"bu","10:45:53",1066900
12600,300,10000,"bu","10:45:45",1066600
12600,300,1000,"bu","10:45:41",1056600
12600,300,100,"bu","10:45:32",1055600
12600,300,5000,"bu","10:45:14",1055500
12600,300,3000,"bu","10:44:57",1050500
12600,300,1000,"bu","10:44:48",1047500
12600,300,10000,"bu","10:44:34",1046500
12500,200,700,"sd","10:44:02",1036500
12500,200,100,"bu","10:43:58",1035800
12500,200,10000,"bu","10:43:57",1035700
12500,200,7000,"bu","10:43:54",1025700
12500,200,4300,"bu","10:43:47",1018700
12500,200,300,"bu","10:43:45",1014400
12500,200,2000,"bu","10:43:44",1014100
12500,200,12100,"bu","10:43:43",1012100
12500,200,60000,"bu","10:43:41",1000000
12500,200,1700,"bu","10:43:39",940000
12500,200,4000,"bu","10:43:36",938300
12500,200,5000,"bu","10:43:30",934300
12500,200,5000,"bu","10:43:22",929300
12500,200,500,"bu","10:43:09",924300
12500,200,200,"bu","10:42:51",923800
12500,200,1200,"bu","10:42:45",923600
12500,200,5000,"bu","10:42:01",922400
12400,100,3600,"sd","10:41:49",917400
12400,100,100,"sd","10:41:47",913800
12400,100,100,"sd","10:41:27",913700
12400,100,900,"sd","10:41:24",913600
12500,200,700,"bu","10:41:23",912700
12400,100,3000,"sd","10:41:21",912000
12400,100,2500,"sd","10:40:24",909000
12400,100,300,"sd","10:37:44",906500
12500,200,100,"bu","10:37:33",906200
12500,200,100,"bu","10:37:12",906100
12500,200,400,"bu","10:36:29",906000
12500,200,500,"bu","10:36:22",905600
12500,200,3000,"bu","10:36:11",905100
12500,200,2100,"bu","10:34:23",902100
12500,200,100,"bu","10:34:11",900000
12500,200,6100,"sd","10:34:01",899900
12500,200,500,"sd","10:33:40",893800
12500,200,100,"sd","10:32:53",893300
12500,200,2800,"bu","10:32:42",893200
12500,200,400,"bu","10:32:33",890400
12500,200,200,"bu","10:32:32",890000
12500,200,9800,"sd","10:32:23",889800
12600,300,1000,"bu","10:32:21",880000
12600,300,1000,"bu","10:31:56",879000
12600,300,3000,"bu","10:31:55",878000
12600,300,5000,"bu","10:31:09",875000
12500,200,200,"bu","10:31:07",870000
12500,200,1000,"bu","10:31:06",869800
12500,200,3000,"bu","10:30:57",868800
12500,200,13600,"sd","10:30:40",865800
12500,200,10000,"sd","10:30:37",852200
12500,200,2000,"sd","10:30:07",842200
12500,200,1000,"sd","10:30:05",840200
12500,200,100,"sd","10:29:21",839200
12500,200,1000,"unknown","10:28:53",839100
12500,200,3000,"bu","10:28:51",838100
12500,200,1000,"bu","10:28:49",835100
12500,200,15000,"bu","10:28:44",834100
12500,200,400,"bu","10:28:41",819100
12500,200,5000,"bu","10:28:40",818700
12500,200,2000,"bu","10:28:38",813700
12500,200,5000,"bu","10:28:35",811700
12500,200,3500,"bu","10:28:31",806700
12500,200,1000,"bu","10:28:21",803200
12500,200,200,"bu","10:28:07",802200
12500,200,4000,"bu","10:27:46",802000
12400,100,1200,"bu","10:27:41",798000
12400,100,2500,"bu","10:27:36",796800
12400,100,1000,"bu","10:27:34",794300
12400,100,1000,"bu","10:27:33",793300
12300,0,500,"sd","10:27:32",792300
12400,100,10000,"bu","10:27:26",791800
12400,100,1000,"bu","10:27:20",781800
12400,100,10000,"bu","10:27:15",780800
12400,100,23300,"sd","10:27:14",770800
12400,100,800,"sd","10:26:28",747500
12400,100,3300,"bu","10:26:25",746700
12400,100,1000,"bu","10:26:24",743400
12400,100,500,"bu","10:26:15",742400
12400,100,3100,"bu","10:25:54",741900
12400,100,200,"bu","10:25:32",738800
12400,100,2000,"bu","10:25:30",738600
12400,100,300,"bu","10:25:18",736600
12400,100,500,"bu","10:25:12",736300
12400,100,500,"bu","10:25:06",735800
12400,100,200,"bu","10:24:53",735300
12400,100,500,"bu","10:24:52",735100
12400,100,100,"bu","10:24:51",734600
12400,100,200,"bu","10:24:41",734500
12400,100,100,"bu","10:24:38",734300
12400,100,20000,"bu","10:24:30",734200
12400,100,73000,"bu","10:24:17",714200
12500,200,2000,"bu","10:23:34",641200
12400,100,200,"sd","10:22:34",639200
12400,100,1100,"sd","10:22:21",639000
12400,100,200,"sd","10:22:16",637900
12400,100,100,"sd","10:21:49",637700
12500,200,200,"bu","10:21:10",637600
12500,200,5000,"bu","10:20:52",637400
12500,200,100,"bu","10:19:25",632400
12500,200,1000,"bu","10:18:53",632300
12500,200,1000,"bu","10:17:41",631300
12500,200,5000,"bu","10:14:45",630300
12500,200,500,"bu","10:14:28",625300
12500,200,500,"bu","10:13:38",624800
12500,200,1000,"bu","10:13:16",624300
12500,200,1000,"bu","10:12:44",623300
12500,200,5300,"bu","10:11:02",622300
12500,200,1000,"bu","10:10:59",617000
12500,200,5000,"bu","10:10:10",616000
12500,200,500,"bu","10:09:03",611000
12400,100,200,"sd","10:07:44",610500
12400,100,2300,"sd","10:07:09",610300
12400,100,400,"bu","10:06:57",608000
12400,100,100,"bu","10:06:40",607600
12400,100,4300,"bu","10:05:27",607500
12400,100,1000,"sd","10:03:40",603200
12400,100,100,"sd","10:01:48",602200
12400,100,100,"sd","10:01:15",602100
12400,100,300,"sd","10:01:09",602000
12400,100,500,"sd","10:00:53",601700
12300,0,10000,"sd","10:00:09",601200
12400,100,600,"sd","10:00:06",591200
12400,100,9000,"bu","10:00:01",590600
12400,100,800,"bu","09:58:39",581600
12400,100,1100,"sd","09:57:41",580800
12400,100,200,"bu","09:57:30",579700
12400,100,800,"bu","09:57:22",579500
12400,100,2000,"bu","09:56:25",578700
12400,100,5000,"bu","09:55:28",576700
12400,100,400,"bu","09:55:04",571700
12400,100,1000,"bu","09:54:44",571300
12300,0,2200,"sd","09:54:39",570300
12400,100,500,"sd","09:54:27",568100
12400,100,500,"sd","09:54:03",567600
12400,100,200,"sd","09:54:00",567100
12400,100,5200,"sd","09:53:45",566900
12400,100,1400,"sd","09:53:21",561700
12400,100,500,"sd","09:53:19",560300
12400,100,500,"sd","09:52:54",559800
12400,100,400,"sd","09:52:42",559300
12400,100,5000,"sd","09:52:23",558900
12400,100,700,"sd","09:50:28",553900
12400,100,4000,"sd","09:48:04",553200
12400,100,3500,"bu","09:47:17",549200
12400,100,1800,"bu","09:47:13",545700
12400,100,1000,"bu","09:47:07",543900
12400,100,8000,"bu","09:46:58",542900
12400,100,100,"bu","09:46:56",534900
12400,100,100,"bu","09:46:25",534800
12400,100,200,"bu","09:46:21",534700
12400,100,100,"bu","09:46:03",534500
12400,100,500,"bu","09:46:00",534400
12400,100,500,"bu","09:45:57",533900
12400,100,500,"bu","09:45:46",533400
12400,100,2900,"sd","09:45:45",532900
12400,100,700,"bu","09:45:39",530000
12400,100,100,"bu","09:45:29",529300
12400,100,500,"bu","09:45:27",529200
12400,100,1000,"bu","09:45:24",528700
12400,100,1000,"bu","09:45:23",527700
12400,100,1000,"bu","09:45:18",526700
12400,100,100,"bu","09:45:17",525700
12400,100,20000,"bu","09:45:16",525600
12400,100,400,"bu","09:45:14",505600
12400,100,9100,"bu","09:45:10",505200
12400,100,15000,"bu","09:44:37",496100
12400,100,1000,"bu","09:43:28",481100
12400,100,1500,"bu","09:43:11",480100
12400,100,100,"bu","09:42:31",478600
12400,100,100,"bu","09:42:13",478500
12300,0,3000,"sd","09:42:04",478400
12400,100,1100,"bu","09:42:02",475400
12400,100,800,"bu","09:41:34",474300
12400,100,500,"bu","09:41:00",473500
12400,100,1000,"bu","09:40:53",473000
12400,100,1000,"bu","09:40:30",472000
12400,100,4000,"bu","09:39:49",471000
12400,100,100,"bu","09:39:07",467000
12400,100,26400,"bu","09:39:04",466900
12400,100,131100,"sd","09:38:57",440500
12400,100,200,"sd","09:38:39",309400
12400,100,400,"sd","09:37:15",309200
12500,200,600,"bu","09:36:08",308800
12400,100,1000,"sd","09:35:14",308200
12500,200,100,"bu","09:35:05",307200
12400,100,100,"sd","09:34:52",307100
12500,200,400,"bu","09:34:32",307000
12500,200,600,"bu","09:33:26",306600
12500,200,100,"bu","09:32:33",306000
12500,200,10000,"bu","09:32:12",305900
12400,100,500,"sd","09:32:11",295900
12400,100,300,"sd","09:31:41",295400
12400,100,1000,"sd","09:31:14",295100
12400,100,100,"sd","09:30:03",294100
12400,100,2000,"sd","09:29:19",294000
12500,200,300,"bu","09:28:58",292000
12400,100,5200,"sd","09:28:51",291700
12500,200,3000,"bu","09:28:33",286500
12500,200,3000,"bu","09:28:13",283500
12500,200,7000,"bu","09:28:05",280500
12500,200,500,"bu","09:28:01",273500
12500,200,100,"bu","09:27:56",273000
12500,200,8000,"bu","09:27:55",272900
12500,200,10000,"bu","09:27:16",264900
12400,100,100,"sd","09:26:54",254900
12500,200,900,"bu","09:26:37",254800
12500,200,1300,"bu","09:26:14",253900
12500,200,100,"bu","09:26:12",252600
12500,200,8500,"bu","09:25:43",252500
12500,200,100,"bu","09:25:27",244000
12400,100,4800,"sd","09:25:20",243900
12500,200,1600,"bu","02:25:19",239100
12500,200,500,"bu","09:24:59",237500
12500,200,100,"bu","09:24:47",237000
12400,100,200,"sd","09:24:31",236900
12500,200,1000,"bu","09:24:15",236700
12500,200,100,"bu","09:24:13",235700
12500,200,100,"bu","09:24:08",235600
12500,200,5000,"bu","09:24:00",235500
12500,200,200,"bu","09:23:25",230500
12500,200,1000,"bu","09:23:18",230300
12500,200,3800,"bu","09:22:54",229300
12500,200,100,"sd","09:22:48",225500
12500,200,14600,"bu","09:22:34",225400
12500,200,1400,"bu","09:22:22",210800
12500,200,100,"bu","09:22:14",209400
12400,100,100,"sd","09:22:11",209300
12500,200,100,"bu","09:22:01",209200
12500,200,100,"bu","09:21:59",209100
12500,200,100,"bu","09:21:56",209000
12500,200,83600,"sd","09:21:48",208900
12600,300,100,"bu","09:21:31",125300
12500,200,500,"sd","09:21:24",125200
12600,300,6000,"bu","09:20:24",124700
12600,300,200,"bu","09:19:56",118700
12600,300,500,"bu","09:19:50",118500
12600,300,1000,"bu","09:19:49",118000
12600,300,100,"bu","09:18:50",117000
12600,300,200,"bu","09:18:46",116900
12600,300,4000,"bu","09:18:00",116700
12600,300,100,"bu","09:17:52",112700
12600,300,700,"bu","09:17:48",112600
12600,300,100,"bu","09:17:45",111900
12600,300,3000,"bu","09:17:34",111800
12600,300,1000,"bu","09:17:30",108800
12600,300,100,"bu","09:17:06",107800
12500,200,2000,"sd","09:16:44",107700
12500,200,1000,"sd","09:16:38",105700
12600,300,1000,"bu","09:15:38",104700
12600,300,100,"bu","09:15:10",103700
12600,300,4800,"bu","09:14:58",103600
12600,300,2000,"bu","09:14:49",98800
12600,300,1500,"bu","09:14:21",96800
12500,200,1900,"sd","09:13:46",95300
12500,200,10000,"sd","09:13:39",93400
12500,200,4000,"sd","09:10:39",83400
12500,200,2000,"sd","09:08:02",79400
12500,200,5000,"sd","09:07:52",77400
12600,300,9000,"bu","09:07:08",72400
12600,300,4400,"sd","09:05:44",63400
12600,300,700,"sd","09:05:11",59000
12600,300,1000,"bu","09:05:06",58300
12600,300,1000,"bu","09:04:50",57300
12600,300,800,"bu","09:04:44",56300
12600,300,7100,"sd","09:04:23",55500
12600,300,10000,"sd","09:04:22",48400
12600,300,100,"sd","09:04:10",38400
12600,300,900,"bu","09:03:44",38300
12600,300,6000,"bu","09:03:42",37400
12600,300,3000,"bu","09:03:36",31400
12600,300,100,"bu","09:03:35",28400
12700,400,2000,"bu","09:02:57",28300
12500,200,4000,"sd","09:02:48",26300
12600,300,100,"sd","09:02:42",22300
12700,400,500,"bu","09:02:39",22200
12600,300,100,"sd","09:02:32",21700
12700,400,12000,"bu","09:02:20",21600
12600,300,3000,"bu","09:02:16",9600
12500,200,100,"bu","09:01:38",6600
12500,200,2000,"bu","09:01:24",6500
12400,100,1300,"bu","09:00:34",4500
12400,100,2800,"bu","09:00:14",3200
12400,100,200,"sd","09:00:10",400
12400,100,200,"sd","09:00:06",200
