"price","change","match_qtty","side","time","total_vol"
7950,-50,66400,"bu","14:45:03",620000
7950,-50,100,"bu","14:29:34",553600
7950,-50,200,"bu","14:29:05",553500
7950,-50,600,"bu","14:28:53",553300
7950,-50,300,"bu","14:28:46",552700
7940,-60,900,"sd","14:28:39",552400
7950,-50,500,"bu","14:28:29",551500
7950,-50,1000,"bu","14:28:16",551000
7950,-50,800,"sd","14:28:04",550000
7990,-10,100,"bu","14:27:43",549200
7950,-50,200,"sd","14:27:42",549100
7950,-50,1000,"sd","14:27:42",548900
7950,-50,100,"sd","14:27:42",547900
7950,-50,100,"sd","14:27:42",547800
7950,-50,100,"sd","14:27:42",547700
7950,-50,300,"sd","14:27:42",547600
7950,-50,800,"sd","14:27:42",547300
7950,-50,200,"sd","14:27:42",546500
7950,-50,100,"sd","14:27:42",546300
7950,-50,200,"sd","14:27:42",546200
7950,-50,100,"sd","14:27:42",546000
7950,-50,4800,"sd","14:27:42",545900
7960,-40,1000,"sd","14:27:42",541100
7960,-40,1000,"sd","14:27:42",540100
8000,0,200,"bu","14:25:02",539100
8000,0,200,"bu","14:23:16",538900
8000,0,100,"bu","14:22:54",538700
8000,0,500,"bu","14:22:54",538600
8000,0,200,"bu","14:22:54",538100
7950,-50,3200,"sd","14:16:58",537900
7950,-50,1000,"sd","14:16:58",534700
7950,-50,300,"sd","14:16:58",533700
7950,-50,100,"sd","14:16:58",533400
7960,-40,2200,"sd","14:16:58",533300
7960,-40,500,"sd","14:16:58",531100
7960,-40,1700,"sd","14:16:58",530600
7960,-40,500,"sd","14:16:58",528900
7960,-40,300,"sd","14:16:58",528400
7960,-40,200,"sd","14:16:58",528100
7950,-50,900,"sd","14:13:08",527900
7950,-50,100,"sd","14:13:08",527000
7950,-50,100,"sd","14:12:48",526900
7950,-50,500,"sd","14:12:48",526800
7950,-50,600,"sd","14:12:48",526300
7950,-50,200,"sd","14:12:48",525700
7950,-50,100,"sd","14:12:48",525500
7950,-50,7400,"sd","14:12:48",525400
7960,-40,200,"sd","14:12:48",518000
7960,-40,200,"sd","14:12:48",517800
7960,-40,200,"sd","14:12:48",517600
7960,-40,100,"sd","14:12:48",517400
7960,-40,400,"sd","14:12:48",517300
7960,-40,600,"sd","14:12:10",516900
7960,-40,1000,"sd","14:12:10",516300
7960,-40,400,"sd","14:12:10",515300
7960,-40,5000,"sd","14:12:10",514900
7960,-40,3000,"sd","14:12:10",509900
7960,-40,8900,"sd","14:08:16",506900
7960,-40,1000,"sd","14:08:16",498000
7960,-40,100,"sd","14:08:16",497000
7960,-40,900,"sd","14:07:09",496900
7960,-40,6000,"sd","14:07:09",496000
7970,-30,400,"sd","14:07:09",490000
7970,-30,2500,"sd","14:07:09",489600
7970,-30,200,"sd","14:07:09",487100
7970,-30,100,"sd","14:05:18",486900
7980,-20,100,"unknown","14:03:29",486800
7980,-20,500,"bu","14:02:42",486700
7980,-20,4000,"sd","14:02:30",486200
8000,0,2800,"sd","14:01:05",482200
8000,0,500,"sd","14:00:54",479400
8000,0,2700,"sd","13:59:40",478900
8000,0,1000,"bu","13:57:05",476200
8000,0,3000,"bu","13:57:05",475200
7960,-40,4000,"sd","13:57:00",472200
7960,-40,1300,"sd","13:57:00",468200
7990,-10,400,"unknown","13:57:00",466900
7990,-10,1000,"unknown","13:57:00",466500
7990,-10,2000,"unknown","13:57:00",465500
7990,-10,1300,"unknown","13:57:00",463500
7990,-10,500,"sd","13:55:02",462200
8000,0,1000,"bu","13:54:26",461700
7990,-10,13200,"bu","13:54:08",460700
7960,-40,3700,"sd","13:53:00",447500
7960,-40,800,"sd","13:53:00",443800
7960,-40,300,"sd","13:53:00",443000
7960,-40,3000,"sd","13:53:00",442700
7960,-40,2000,"sd","13:53:00",439700
7970,-30,200,"sd","13:53:00",437700
7960,-40,1000,"sd","13:51:59",437500
7960,-40,2000,"sd","13:51:46",436500
7950,-50,2600,"sd","13:51:18",434500
7950,-50,1600,"sd","13:51:18",431900
7960,-40,100,"sd","13:51:18",430300
7960,-40,2000,"sd","13:51:18",430200
7960,-40,2500,"sd","13:51:18",428200
7960,-40,1200,"sd","13:51:18",425700
7980,-20,200,"bu","13:50:54",424500
7960,-40,8800,"sd","13:50:51",424300
7960,-40,1000,"sd","13:50:51",415500
7960,-40,200,"sd","13:50:51",414500
7980,-20,8000,"bu","13:50:21",414300
7950,-50,3200,"sd","13:46:33",406300
7960,-40,200,"sd","13:46:33",403100
7960,-40,1000,"sd","13:46:33",402900
7960,-40,500,"sd","13:46:33",401900
7960,-40,100,"sd","13:46:33",401400
7960,-40,5000,"sd","13:46:33",401300
7980,-20,200,"bu","13:45:48",396300
7980,-20,5000,"bu","13:45:22",396100
7950,-50,500,"sd","13:45:08",391100
7950,-50,900,"sd","13:45:08",390600
7950,-50,500,"sd","13:45:08",389700
7950,-50,100,"sd","13:45:08",389200
7960,-40,4900,"unknown","13:45:08",389100
7960,-40,4000,"bu","13:45:02",384200
7960,-40,4000,"bu","13:44:53",380200
7960,-40,1000,"bu","13:44:34",376200
7960,-40,1800,"bu","13:44:29",375200
7960,-40,1000,"sd","13:44:14",373400
7960,-40,200,"sd","13:44:14",372400
7950,-50,400,"sd","13:43:59",372200
7960,-40,100,"sd","13:43:59",371800
7960,-40,100,"sd","13:43:59",371700
7960,-40,9400,"sd","13:43:59",371600
7960,-40,600,"sd","13:43:50",362200
7960,-40,700,"sd","13:43:50",361600
7960,-40,1000,"sd","13:43:50",360900
7960,-40,700,"sd","13:43:50",359900
7990,-10,10000,"bu","13:43:48",359200
7960,-40,1700,"sd","13:43:24",349200
7960,-40,1300,"sd","13:43:24",347500
7960,-40,2800,"sd","13:41:41",346200
7960,-40,500,"sd","13:41:39",343400
7960,-40,200,"sd","13:40:30",342900
7960,-40,100,"sd","13:40:02",342700
7960,-40,1000,"unknown","13:39:29",342600
7960,-40,600,"sd","13:39:29",341600
7960,-40,100,"sd","13:39:29",341000
7960,-40,3000,"sd","13:39:29",340900
7960,-40,1000,"sd","13:39:29",337900
7970,-30,1000,"sd","13:37:44",336900
7970,-30,200,"sd","13:37:44",335900
7970,-30,500,"sd","13:37:44",335700
7970,-30,200,"sd","13:37:44",335200
7970,-30,600,"sd","13:37:44",335000
7980,-20,800,"sd","13:37:44",334400
7980,-20,200,"sd","13:37:44",333600
7960,-40,400,"sd","13:37:44",333400
7960,-40,500,"sd","13:37:44",333000
7960,-40,800,"sd","13:37:44",332500
7960,-40,300,"sd","13:37:44",331700
7960,-40,1000,"sd","13:37:44",331400
7960,-40,400,"sd","13:37:44",330400
7960,-40,100,"sd","13:37:44",330000
7960,-40,2000,"sd","13:37:44",329900
7970,-30,1000,"sd","13:37:44",327900
7990,-10,100,"bu","13:36:50",326900
7990,-10,100,"bu","13:36:06",326800
7990,-10,100,"bu","13:35:27",326700
7970,-30,400,"sd","13:31:29",326600
7970,-30,500,"sd","13:31:29",326200
7970,-30,100,"sd","13:31:29",325700
7970,-30,900,"sd","13:31:29",325600
7970,-30,100,"sd","13:31:29",324700
7970,-30,800,"sd","13:26:58",324600
7970,-30,1000,"bu","13:19:28",323800
7960,-40,1000,"sd","13:19:27",322800
7970,-30,100,"bu","13:19:10",321800
7970,-30,500,"sd","13:18:57",321700
7970,-30,1000,"sd","13:18:57",321200
7970,-30,100,"sd","13:18:57",320200
7970,-30,1000,"sd","13:18:57",320100
7970,-30,3000,"sd","13:18:57",319100
7980,-20,500,"bu","13:15:49",316100
7980,-20,1000,"bu","13:15:29",315600
7980,-20,200,"bu","13:14:25",314600
7980,-20,1000,"bu","13:13:18",314400
7980,-20,1600,"bu","13:13:18",313400
7980,-20,3400,"sd","13:13:17",311800
7980,-20,1000,"sd","13:13:17",308400
7980,-20,600,"sd","13:13:17",307400
7980,-20,500,"sd","13:10:56",306800
7980,-20,3900,"sd","13:08:49",306300
7980,-20,100,"sd","13:08:49",302400
7980,-20,3000,"sd","13:08:49",302300
7980,-20,3000,"sd","13:08:49",299300
7990,-10,500,"sd","13:08:34",296300
7990,-10,1000,"sd","13:08:34",295800
7990,-10,100,"bu","13:08:04",294800
7990,-10,5000,"bu","13:08:04",294700
7990,-10,100,"bu","13:08:04",289700
7990,-10,1000,"bu","13:08:03",289600
7990,-10,3000,"bu","13:08:03",288600
7990,-10,2100,"bu","13:08:03",285600
7990,-10,900,"sd","13:07:59",283500
7990,-10,3000,"sd","13:07:59",282600
8000,0,5000,"sd","13:07:59",279600
8000,0,1100,"sd","13:07:59",274600
8000,0,900,"sd","13:07:36",273500
8000,0,300,"sd","13:07:36",272600
8000,0,100,"sd","13:04:57",272300
8000,0,100,"sd","13:03:59",272200
8000,0,1500,"sd","13:03:55",272100
8000,0,3000,"sd","13:03:47",270600
8000,0,700,"sd","13:03:47",267600
8000,0,100,"sd","13:03:47",266900
8000,0,200,"sd","13:03:47",266800
8000,0,6000,"sd","13:03:47",266600
8000,0,800,"sd","13:03:13",260600
8000,0,3200,"sd","13:03:08",259800
8000,0,200,"sd","13:03:08",256600
8000,0,600,"sd","13:03:08",256400
8000,0,100,"sd","13:03:08",255800
8000,0,5000,"sd","13:03:08",255700
8000,0,1000,"sd","13:03:08",250700
8000,0,1000,"sd","13:03:08",249700
8000,0,1000,"sd","13:03:08",248700
8000,0,5000,"sd","13:03:08",247700
8000,0,2900,"sd","13:03:08",242700
8000,0,2100,"sd","13:02:52",239800
8000,0,2300,"sd","13:02:52",237700
8010,10,200,"sd","13:02:52",235400
8010,10,500,"sd","13:02:52",235200
8010,10,9500,"sd","13:01:56",234700
8010,10,500,"sd","13:01:56",225200
8010,10,9500,"sd","11:28:29",224700
8010,10,500,"sd","11:28:29",215200
8000,0,2700,"sd","11:24:06",214700
8000,0,3000,"sd","11:24:06",212000
8000,0,4300,"sd","11:24:06",209000
8000,0,4200,"sd","11:21:48",204700
8010,10,3800,"sd","11:21:48",200500
8010,10,1000,"sd","11:21:48",196700
8010,10,1000,"sd","11:21:48",195700
8000,0,600,"sd","11:12:24",194700
8010,10,500,"sd","11:12:07",194100
8010,10,100,"sd","11:12:07",193600
8000,0,2200,"sd","11:10:34",193500
8010,10,100,"sd","11:10:34",191300
8010,10,7700,"sd","11:10:34",191200
8010,10,2300,"sd","11:09:12",183500
8010,10,1000,"sd","11:09:12",181200
8030,30,100,"unknown","11:09:12",180200
8040,40,100,"unknown","11:09:12",180100
8050,50,400,"sd","11:08:29",180000
8050,50,600,"bu","11:07:25",179600
8050,50,300,"bu","11:03:55",179000
8050,50,200,"bu","11:03:55",178700
8040,40,3300,"sd","11:00:56",178500
8050,50,1600,"sd","10:52:47",175200
8050,50,4400,"bu","10:50:16",173600
8050,50,900,"bu","10:50:11",169200
8050,50,200,"sd","10:48:02",168300
8050,50,1700,"sd","10:48:02",168100
8050,50,200,"sd","10:46:08",166400
8050,50,100,"sd","10:45:51",166200
8050,50,1000,"sd","10:41:05",166100
8050,50,300,"bu","10:40:37",165100
8050,50,4700,"bu","10:32:40",164800
8050,50,300,"bu","10:32:40",160100
8050,50,700,"bu","10:30:53",159800
8050,50,300,"bu","10:30:53",159100
8050,50,1000,"bu","10:29:10",158800
8050,50,1700,"bu","10:27:15",157800
8050,50,300,"bu","10:27:15",156100
8050,50,500,"bu","10:24:17",155800
8050,50,1200,"bu","10:24:06",155300
8050,50,300,"bu","10:24:06",154100
8040,40,4700,"bu","10:23:44",153800
8040,40,10000,"bu","10:23:44",149100
8040,40,100,"bu","10:23:44",139100
8040,40,1900,"bu","10:23:44",139000
8040,40,1000,"bu","10:23:11",137100
8040,40,500,"bu","10:20:44",136100
8040,40,2600,"bu","10:18:57",135600
8040,40,2400,"bu","10:18:57",133000
8040,40,500,"bu","10:18:29",130600
8040,40,500,"bu","10:15:36",130100
8040,40,100,"bu","10:12:53",129600
8050,50,8700,"bu","10:10:33",129500
8050,50,800,"bu","10:10:33",120800
8040,40,500,"bu","10:10:33",120000
8050,50,1000,"bu","10:02:23",119500
8000,0,10700,"sd","09:59:43",118500
8010,10,200,"sd","09:59:43",107800
8010,10,200,"sd","09:59:43",107600
8010,10,2000,"sd","09:59:43",107400
8010,10,100,"sd","09:53:47",105400
8000,0,8000,"sd","09:49:16",105300
8000,0,1000,"sd","09:49:16",97300
8000,0,1000,"sd","09:49:16",96300
8000,0,300,"sd","09:49:05",95300
8010,10,900,"unknown","09:49:05",95000
8000,0,8000,"sd","09:49:05",94100
8000,0,800,"sd","09:49:05",86100
8010,10,4100,"sd","09:49:02",85300
8010,10,1500,"sd","09:46:12",81200
8010,10,400,"sd","09:46:12",79700
8000,0,1000,"sd","09:40:09",79300
8000,0,1400,"sd","09:40:09",78300
8000,0,5000,"sd","09:40:09",76900
8000,0,1000,"sd","09:40:09",71900
8000,0,300,"sd","09:40:09",70900
8010,10,1000,"unknown","09:40:09",70600
8010,10,300,"unknown","09:40:09",69600
8010,10,500,"bu","09:38:49",69300
8000,0,4700,"sd","09:38:12",68800
8000,0,4600,"sd","09:38:12",64100
8010,10,700,"sd","09:38:12",59500
8000,0,10000,"sd","09:34:46",58800
8000,0,5400,"sd","09:34:34",48800
8000,0,4600,"sd","09:34:34",43400
8010,10,7000,"unknown","09:34:19",38800
8020,20,2500,"unknown","09:34:19",31800
8000,0,400,"sd","09:34:19",29300
8000,0,100,"sd","09:34:19",28900
8010,10,1000,"sd","09:33:10",28800
8010,10,1000,"sd","09:33:10",27800
8020,20,1000,"unknown","09:33:10",26800
8020,20,5500,"unknown","09:33:10",25800
8020,20,1000,"unknown","09:33:10",20300
8030,30,500,"unknown","09:33:10",19300
8030,30,4500,"sd","09:32:50",18800
8030,30,500,"sd","09:32:50",14300
8040,40,5000,"sd","09:32:50",13800
8050,50,2200,"bu","09:31:13",8800
8050,50,500,"sd","09:27:02",6600
8060,60,1000,"sd","09:23:19",6100
8060,60,500,"sd","09:23:19",5100
8090,90,1000,"bu","09:21:28",4600
8090,90,3600,"bu","09:15:01",3600
