"price","change","match_qtty","side","time","total_vol"
38350,1250,241400,"unknown","14:45:00",2107000
37950,850,1000,"bu","14:29:58",1865600
37950,850,2000,"bu","14:29:55",1864600
37900,800,400,"unknown","14:29:54",1862600
37950,850,8800,"bu","14:29:45",1862200
37950,850,100,"bu","14:29:41",1853400
37900,800,100,"bu","14:29:41",1853300
37900,800,400,"bu","14:29:38",1853200
37950,850,1000,"bu","14:29:33",1852800
37950,850,16300,"bu","14:29:18",1851800
37950,850,1000,"bu","14:29:18",1835500
37950,850,1000,"bu","14:29:18",1834500
37950,850,1500,"bu","14:29:18",1833500
37950,850,200,"bu","14:29:18",1832000
37950,850,1000,"bu","14:29:18",1831800
37950,850,500,"bu","14:29:18",1830800
37950,850,100,"bu","14:29:18",1830300
37950,850,100,"bu","14:29:18",1830200
37950,850,700,"bu","14:29:18",1830100
37900,800,1100,"sd","14:29:15",1829400
37900,800,700,"bu","14:29:08",1828300
37800,700,900,"sd","14:29:05",1827600
37900,800,200,"sd","14:29:05",1826700
37900,800,1500,"sd","14:29:05",1826500
37900,800,500,"sd","14:29:00",1825000
37900,800,100,"sd","14:28:58",1824500
37950,850,100,"bu","14:28:45",1824400
37900,800,400,"sd","14:28:43",1824300
37950,850,100,"bu","14:28:43",1823900
37900,800,500,"bu","14:28:35",1823800
37900,800,200,"bu","14:28:35",1823300
37900,800,100,"bu","14:28:35",1823100
37900,800,1200,"bu","14:28:35",1823000
37900,800,300,"bu","14:28:29",1821800
37900,800,700,"bu","14:28:29",1821500
37900,800,100,"bu","14:28:24",1820800
37900,800,200,"bu","14:28:24",1820700
37900,800,300,"sd","14:28:14",1820500
37950,850,100,"bu","14:28:12",1820200
37900,800,300,"sd","14:28:08",1820100
37950,850,100,"bu","14:28:08",1819800
37900,800,300,"bu","14:28:06",1819700
37900,800,1100,"bu","14:28:06",1819400
37900,800,1900,"bu","14:27:47",1818300
37900,800,100,"bu","14:27:47",1816400
37900,800,100,"bu","14:27:41",1816300
37850,750,400,"bu","14:27:41",1816200
37850,750,100,"unknown","14:27:39",1815800
37900,800,100,"bu","14:27:38",1815700
37800,700,500,"sd","14:27:34",1815600
37800,700,500,"bu","14:27:25",1815100
37750,650,1000,"sd","14:27:20",1814600
37900,800,700,"bu","14:27:15",1813600
37900,800,300,"bu","14:27:15",1812900
37900,800,100,"bu","14:27:15",1812600
37900,800,500,"bu","14:27:15",1812500
37900,800,200,"bu","14:27:15",1812000
37900,800,100,"bu","14:27:15",1811800
37900,800,3000,"bu","14:27:15",1811700
37900,800,100,"bu","14:27:15",1808700
37900,800,200,"bu","14:27:15",1808600
37900,800,500,"bu","14:27:15",1808400
37900,800,1000,"bu","14:27:15",1807900
37900,800,1000,"bu","14:27:15",1806900
37900,800,100,"bu","14:27:15",1805900
37900,800,100,"bu","14:27:15",1805800
37900,800,500,"bu","14:27:15",1805700
37900,800,3000,"bu","14:27:15",1805200
37900,800,100,"bu","14:27:15",1802200
37900,800,100,"bu","14:27:15",1802100
37900,800,1000,"bu","14:27:15",1802000
37900,800,100,"bu","14:27:15",1801000
37900,800,1300,"bu","14:27:15",1800900
37850,750,1400,"bu","14:27:15",1799600
37850,750,700,"bu","14:27:15",1798200
37850,750,500,"bu","14:27:15",1797500
37850,750,300,"bu","14:27:15",1797000
37850,750,1000,"bu","14:27:15",1796700
37850,750,1000,"bu","14:27:15",1795700
37850,750,200,"bu","14:27:15",1794700
37850,750,500,"bu","14:27:15",1794500
37850,750,100,"bu","14:27:15",1794000
37850,750,100,"bu","14:27:15",1793900
37850,750,2000,"bu","14:27:15",1793600
37850,750,100,"bu","14:27:15",1793800
37850,750,100,"bu","14:27:15",1793700
37800,700,900,"bu","14:27:15",1791600
37800,700,1000,"bu","14:27:15",1790700
37800,700,100,"bu","14:27:15",1789700
37800,700,5000,"bu","14:27:15",1789600
37800,700,200,"bu","14:27:15",1784600
37800,700,600,"bu","14:27:15",1784400
37800,700,2600,"bu","14:27:15",1783800
37800,700,1000,"bu","14:26:32",1781200
37800,700,3600,"bu","14:26:32",1780200
37800,700,400,"bu","14:26:32",1776600
37700,600,4600,"bu","14:26:22",1776200
37650,550,5000,"sd","14:26:11",1771600
37650,550,1000,"sd","14:26:11",1766600
37650,550,2000,"sd","14:26:11",1765600
37700,600,2500,"sd","14:25:59",1763600
37700,600,2900,"sd","14:25:59",1761100
37800,700,12800,"bu","14:25:40",1758200
37800,700,1000,"bu","14:25:40",1745400
37800,700,100,"bu","14:25:40",1744400
37800,700,200,"bu","14:25:40",1744300
37800,700,2000,"bu","14:25:40",1744100
37800,700,500,"bu","14:25:40",1742100
37800,700,100,"bu","14:25:40",1741600
37800,700,1000,"bu","14:25:40",1741500
37800,700,100,"bu","14:25:40",1740500
37800,700,1000,"bu","14:25:40",1740400
37800,700,100,"bu","14:25:40",1739400
37800,700,100,"bu","14:25:40",1739300
37750,650,500,"bu","14:25:40",1739200
37750,650,1000,"bu","14:25:40",1738700
37750,650,1000,"bu","14:25:40",1737700
37750,650,100,"bu","14:25:40",1736700
37750,650,300,"bu","14:25:40",1736600
37750,650,200,"bu","14:25:40",1736300
37750,650,100,"bu","14:25:40",1736100
37750,650,500,"bu","14:25:40",1736000
37750,650,200,"bu","14:25:40",1735500
37700,600,1000,"bu","14:25:40",1735300
37700,600,100,"bu","14:25:40",1734300
37700,600,100,"bu","14:25:40",1734200
37700,600,400,"bu","14:25:23",1734100
37700,600,400,"bu","14:25:23",1733700
37700,600,200,"bu","14:25:01",1733300
37700,600,2000,"sd","14:25:00",1733100
37700,600,400,"sd","14:25:00",1731100
37700,600,100,"sd","14:24:51",1730700
37700,600,800,"bu","14:24:49",1730600
37700,600,4100,"bu","14:24:49",1729800
37700,600,900,"bu","14:24:26",1725700
37700,600,200,"bu","14:24:26",1724800
37700,600,500,"sd","14:24:11",1724600
37700,600,100,"sd","14:24:05",1724100
37700,600,300,"sd","14:24:05",1724000
37700,600,100,"sd","14:24:05",1723700
37700,600,500,"bu","14:24:04",1723600
37700,600,500,"bu","14:23:55",1723100
37750,650,100,"bu","14:23:49",1722600
37750,650,300,"bu","14:23:45",1722500
37700,600,100,"sd","14:23:44",1722200
37700,600,100,"sd","14:23:44",1722100
37750,650,100,"bu","14:23:41",1722000
37750,650,100,"bu","14:23:30",1721900
37750,650,400,"bu","14:23:30",1721800
37750,650,100,"bu","14:23:30",1721400
37700,600,100,"bu","14:23:24",1721300
37700,600,100,"bu","14:23:24",1721200
37650,550,900,"sd","14:23:23",1721100
37700,600,2000,"bu","14:23:18",1720200
37700,600,900,"bu","14:23:18",1718200
37700,600,300,"bu","14:23:18",1717300
37700,600,400,"bu","14:23:18",1717000
37700,600,100,"bu","14:23:18",1716600
37700,600,100,"bu","14:23:18",1716500
37700,600,1000,"bu","14:23:18",1716400
37700,600,100,"bu","14:23:18",1715400
37700,600,2300,"bu","14:23:18",1715300
37650,550,100,"sd","14:23:08",1713000
37650,550,4900,"bu","14:23:04",1712900
37650,550,5000,"sd","14:22:29",1708000
37650,550,100,"sd","14:22:29",1703000
37700,600,1100,"bu","14:22:28",1702900
37700,600,1000,"bu","14:22:28",1701800
37700,600,200,"bu","14:22:28",1700800
37700,600,300,"bu","14:22:28",1700600
37700,600,100,"bu","14:22:28",1700300
37700,600,100,"bu","14:22:28",1700200
37700,600,1000,"bu","14:22:28",1700100
37700,600,200,"bu","14:22:28",1699100
37700,600,2000,"bu","14:22:28",1698900
37700,600,100,"bu","14:22:28",1696900
37700,600,1000,"bu","14:22:28",1696800
37700,600,100,"bu","14:22:28",1695800
37700,600,100,"bu","14:22:28",1695700
37700,600,500,"bu","14:22:28",1695600
37700,600,100,"bu","14:22:28",1695100
37700,600,100,"bu","14:22:28",1695000
37700,600,400,"bu","14:22:28",1694900
37700,600,200,"bu","14:22:27",1694500
37650,550,1300,"sd","14:22:25",1694300
37650,550,100,"sd","14:22:24",1693000
37650,550,1000,"bu","14:22:10",1692900
37650,550,1000,"bu","14:22:09",1691900
37650,550,100,"bu","14:22:09",1690900
37650,550,200,"bu","14:22:09",1690800
37650,550,300,"bu","14:22:09",1690600
37650,550,1000,"bu","14:22:09",1690300
37650,550,1000,"bu","14:22:09",1689300
37650,550,500,"bu","14:22:09",1688300
37650,550,1000,"bu","14:22:09",1687800
37650,550,600,"bu","14:22:09",1686800
37650,550,1000,"bu","14:22:09",1686200
37650,550,600,"bu","14:22:09",1685200
37600,500,100,"sd","14:22:00",1684600
37600,500,100,"sd","14:21:52",1684500
37550,450,1100,"sd","14:21:45",1684400
37600,500,200,"sd","14:21:45",1683300
37600,500,500,"sd","14:21:45",1683100
37600,500,100,"bu","14:21:40",1682600
37600,500,500,"bu","14:21:40",1682500
37600,500,2900,"bu","14:21:40",1682000
37600,500,500,"bu","14:21:36",1679100
37600,500,500,"sd","14:21:24",1678600
37600,500,1100,"sd","14:21:24",1678100
37600,500,1500,"sd","14:21:20",1677000
37600,500,2000,"bu","14:21:10",1675500
37600,500,500,"bu","14:21:10",1673500
37600,500,100,"bu","14:21:10",1673000
37600,500,2200,"bu","14:21:10",1672900
37600,500,200,"bu","14:21:10",1670700
37600,500,400,"bu","14:21:10",1670500
37550,450,100,"sd","14:21:10",1670100
37600,500,100,"bu","14:21:00",1670000
37600,500,100,"bu","14:21:00",1669900
37600,500,300,"bu","14:21:00",1669800
37600,500,500,"bu","14:21:00",1669500
37600,500,1000,"bu","14:21:00",1669000
37550,450,2000,"sd","14:20:41",1668000
37550,450,1000,"sd","14:20:40",1666000
37550,450,100,"bu","14:20:28",1665000
37550,450,400,"bu","14:20:28",1664900
37500,400,1000,"sd","14:20:24",1664500
37550,450,1000,"bu","14:20:22",1663500
37500,400,100,"bu","14:19:54",1662500
37500,400,5700,"bu","14:19:54",1662400
37500,400,800,"bu","14:19:54",1656700
37500,400,300,"bu","14:19:54",1655900
37500,400,200,"bu","14:19:54",1655600
37500,400,1000,"bu","14:19:54",1655400
37500,400,1000,"bu","14:19:54",1654400
37500,400,200,"bu","14:19:54",1653400
37500,400,1300,"bu","14:19:54",1653200
37450,350,100,"bu","14:19:50",1651900
37450,350,400,"bu","14:19:48",1651800
37450,350,100,"bu","14:19:48",1651400
37450,350,1500,"bu","14:19:28",1651300
37400,300,100,"sd","14:19:09",1649800
37450,350,100,"bu","14:19:00",1649700
37450,350,900,"bu","14:19:00",1649600
37450,350,400,"bu","14:19:00",1648700
37450,350,200,"bu","14:19:00",1648300
37450,350,3000,"bu","14:18:47",1648100
37400,300,300,"sd","14:18:46",1645100
37400,300,3200,"sd","14:18:38",1644800
37400,300,1000,"sd","14:18:38",1641600
37400,300,200,"sd","14:18:38",1640600
37400,300,2200,"sd","14:18:38",1640400
37400,300,800,"sd","14:18:33",1638200
37400,300,1200,"sd","14:18:33",1637400
37400,300,300,"bu","14:18:22",1636200
37400,300,700,"bu","14:18:18",1635900
37400,300,1000,"bu","14:18:18",1635200
37400,300,200,"bu","14:18:18",1634200
37400,300,400,"bu","14:17:54",1634000
37400,300,100,"bu","14:17:54",1633600
37400,300,300,"bu","14:17:54",1633500
37400,300,2000,"bu","14:17:49",1633200
37400,300,1700,"bu","14:17:35",1631200
37400,300,100,"bu","14:17:35",1629500
37350,250,2000,"bu","14:17:29",1629400
37350,250,300,"bu","14:17:29",1627400
37350,250,600,"bu","14:17:14",1627100
37350,250,800,"bu","14:17:07",1626500
37350,250,1000,"bu","14:16:57",1625700
37350,250,100,"bu","14:16:44",1624700
37350,250,200,"sd","14:16:42",1624600
37400,300,200,"bu","14:16:31",1624400
37400,300,100,"bu","14:16:31",1624200
37400,300,300,"bu","14:16:31",1624100
37400,300,100,"bu","14:16:31",1623800
37400,300,500,"bu","14:16:31",1623700
37400,300,1500,"bu","14:16:31",1623200
37300,200,600,"bu","14:15:35",1621700
37300,200,700,"bu","14:15:35",1621100
37250,150,200,"sd","14:15:16",1620400
37250,150,500,"sd","14:15:14",1620200
37250,150,200,"bu","14:14:32",1619700
37250,150,1000,"bu","14:14:32",1619500
37250,150,2000,"bu","14:14:32",1618500
37250,150,100,"bu","14:14:32",1616500
37250,150,800,"bu","14:14:32",1616400
37200,100,900,"sd","14:14:12",1615600
37200,100,100,"sd","14:14:12",1614700
37250,150,900,"bu","14:14:12",1614600
37250,150,100,"bu","14:14:12",1613700
37250,150,400,"bu","14:14:10",1613600
37250,150,200,"bu","14:14:10",1613200
37250,150,2400,"bu","14:14:10",1613000
37200,100,100,"sd","14:14:08",1610600
37200,100,1000,"sd","14:13:49",1610500
37250,150,3000,"bu","14:13:35",1609500
37200,100,100,"sd","14:13:25",1606500
37200,100,100,"sd","14:13:23",1606400
37200,100,600,"sd","14:13:00",1606300
37200,100,100,"sd","14:13:00",1605700
37200,100,200,"sd","14:13:00",1605600
37200,100,100,"sd","14:13:00",1605400
37200,100,200,"sd","14:12:54",1605300
37200,100,500,"sd","14:12:54",1605100
37200,100,100,"sd","14:12:54",1604600
37200,100,100,"sd","14:12:54",1604500
37200,100,1600,"sd","14:12:54",1604400
37200,100,200,"sd","14:12:48",1602800
37200,100,1000,"sd","14:12:43",1602600
37200,100,1000,"sd","14:12:39",1601600
37200,100,9000,"sd","14:12:24",1600600
37250,150,100,"bu","14:12:14",1591600
37250,150,500,"sd","14:11:59",1591500
37250,150,100,"sd","14:11:59",1591000
37250,150,1500,"sd","14:11:59",1590900
37250,150,4200,"sd","14:11:59",1589400
37250,150,2000,"sd","14:11:54",1585200
37250,150,1000,"sd","14:11:50",1583200
37250,150,100,"sd","14:11:43",1582200
37250,150,2000,"sd","14:11:26",1582100
37300,200,100,"sd","14:11:19",1580100
37300,200,200,"sd","14:11:19",1580000
37300,200,1500,"sd","14:11:16",1579800
37300,200,200,"sd","14:11:13",1578300
37300,200,100,"bu","14:10:56",1578100
37250,150,500,"sd","14:10:43",1578000
37250,150,200,"sd","14:10:42",1577500
37250,150,400,"sd","14:10:15",1577300
37250,150,500,"sd","14:10:15",1576900
37250,150,300,"sd","14:10:15",1576400
37250,150,200,"sd","14:10:15",1576100
37250,150,200,"sd","14:10:15",1575900
37250,150,400,"sd","14:10:15",1575700
37250,150,2000,"sd","14:10:15",1575300
37300,200,200,"sd","14:09:40",1573300
37300,200,400,"sd","14:09:40",1573100
37300,200,1300,"sd","14:09:40",1572700
37300,200,1500,"sd","14:09:22",1571400
37300,200,500,"sd","14:09:01",1569900
37300,200,1700,"sd","14:08:45",1569400
37300,200,1300,"sd","14:08:45",1567700
37300,200,100,"sd","14:08:37",1566400
37300,200,1400,"sd","14:08:37",1566300
37300,200,600,"sd","14:08:30",1564900
37300,200,1500,"sd","14:08:30",1564300
37300,200,7900,"sd","14:08:30",1562800
37400,300,200,"bu","14:08:21",1554900
37300,200,1000,"sd","14:08:08",1554700
37300,200,3000,"sd","14:08:06",1553700
37300,200,100,"sd","14:07:51",1550700
37400,300,100,"sd","14:07:29",1550600
37450,350,100,"bu","14:07:26",1550500
37400,300,900,"bu","14:07:09",1550400
37400,300,1000,"bu","14:06:59",1549500
37400,300,600,"bu","14:06:52",1548500
37350,250,500,"sd","14:06:49",1547900
37350,250,5000,"sd","14:06:49",1547400
37400,300,300,"sd","14:06:49",1542400
37400,300,500,"sd","14:06:49",1542100
37400,300,700,"sd","14:06:49",1541600
37400,300,100,"sd","14:06:49",1540900
37400,300,2900,"sd","14:06:49",1540800
37400,300,300,"sd","14:06:46",1537900
37400,300,100,"sd","14:06:43",1537600
37400,300,1500,"sd","14:06:40",1537500
37400,300,200,"sd","14:06:35",1536000
37400,300,300,"sd","14:06:35",1535800
37400,300,600,"sd","14:06:19",1535500
37450,350,1500,"bu","14:06:04",1534900
37450,350,500,"bu","14:05:55",1533400
37400,300,400,"sd","14:05:35",1532900
37400,300,300,"sd","14:05:15",1532500
37400,300,200,"sd","14:04:22",1532200
37400,300,200,"sd","14:03:43",1532000
37450,350,2000,"bu","14:03:35",1531800
37450,350,700,"sd","14:03:34",1529800
37450,350,300,"sd","14:03:21",1529100
37450,350,200,"sd","14:03:21",1528800
37450,350,200,"sd","14:03:21",1528600
37450,350,100,"sd","14:02:50",1528400
37450,350,100,"bu","14:02:17",1528300
37450,350,300,"bu","14:01:37",1528200
37450,350,500,"sd","14:01:35",1527900
37450,350,200,"sd","14:01:35",1527400
37450,350,200,"sd","14:01:19",1527200
37500,400,500,"bu","14:00:25",1527000
37500,400,100,"bu","13:59:06",1526500
37500,400,400,"bu","13:59:06",1526400
37450,350,200,"sd","13:58:54",1526000
37450,350,200,"sd","13:58:41",1525800
37450,350,200,"sd","13:58:41",1525600
37500,400,200,"bu","13:58:05",1525400
37500,400,1500,"bu","13:57:33",1525200
37500,400,1000,"sd","13:57:31",1523700
37500,400,600,"sd","13:57:31",1522700
37500,400,200,"sd","13:57:31",1522100
37500,400,300,"sd","13:57:31",1521900
37550,450,100,"sd","13:57:31",1521600
37550,450,700,"sd","13:57:31",1521500
37550,450,800,"bu","13:57:02",1520800
37550,450,200,"bu","13:56:55",1520000
37550,450,200,"bu","13:56:55",1519800
37550,450,600,"bu","13:56:55",1519600
37550,450,100,"bu","13:56:38",1519000
37550,450,100,"bu","13:56:08",1518900
37500,400,500,"sd","13:55:28",1518800
37550,450,200,"bu","13:55:20",1518300
37500,400,200,"sd","13:55:14",1518100
37500,400,300,"sd","13:55:14",1517900
37500,400,500,"sd","13:55:14",1517600
37500,400,500,"sd","13:54:53",1517100
37500,400,100,"sd","13:54:45",1516600
37500,400,100,"sd","13:54:42",1516500
37500,400,500,"sd","13:54:42",1516400
37500,400,3300,"sd","13:54:36",1515900
37500,400,100,"sd","13:54:36",1512600
37500,400,600,"sd","13:54:36",1512500
37500,400,1000,"sd","13:54:10",1511900
37600,500,1000,"sd","13:54:01",1510900
37600,500,500,"sd","13:54:01",1509900
37600,500,500,"sd","13:54:01",1509400
37600,500,7800,"sd","13:54:01",1508900
37600,500,3000,"sd","13:53:47",1501100
37600,500,1000,"sd","13:53:46",1498100
37600,500,8200,"sd","13:53:38",1497100
37600,500,500,"sd","13:53:38",1488900
37600,500,300,"sd","13:53:38",1488400
37600,500,400,"sd","13:53:38",1488100
37650,550,100,"bu","13:53:30",1487700
37650,550,500,"bu","13:53:30",1487600
37650,550,1000,"bu","13:53:30",1487100
37650,550,400,"bu","13:53:30",1486100
37650,550,400,"bu","13:53:21",1485700
37650,550,400,"bu","13:53:03",1485300
37650,550,300,"bu","13:52:57",1484900
37650,550,700,"bu","13:52:57",1484600
37650,550,500,"bu","13:52:38",1483900
37650,550,700,"bu","13:52:36",1483400
37650,550,100,"bu","13:52:36",1482700
37650,550,1000,"bu","13:52:36",1482600
37650,550,1000,"bu","13:52:36",1481600
37650,550,1000,"bu","13:52:36",1480600
37650,550,800,"bu","13:52:36",1479600
37600,500,500,"sd","13:52:32",1478800
37600,500,100,"sd","13:52:32",1478300
37650,550,700,"bu","13:52:28",1478200
37600,500,100,"sd","13:52:14",1477500
37600,500,100,"sd","13:51:52",1477400
37600,500,2500,"sd","13:51:52",1477300
37600,500,500,"sd","13:51:52",1474800
37650,550,5000,"bu","13:51:44",1474300
37600,500,1000,"sd","13:51:25",1469300
37600,500,3000,"sd","13:51:21",1468300
37600,500,300,"bu","13:51:04",1465300
37600,500,2000,"bu","13:51:04",1465000
37600,500,1000,"bu","13:51:04",1463000
37600,500,100,"bu","13:51:04",1462000
37600,500,7000,"bu","13:51:04",1461900
37600,500,3000,"bu","13:51:04",1454900
37600,500,200,"bu","13:51:04",1451900
37600,500,100,"bu","13:51:04",1451700
37600,500,100,"bu","13:51:04",1451600
37600,500,200,"bu","13:51:04",1451500
37600,500,200,"bu","13:51:04",1451300
37550,450,900,"bu","13:51:04",1451100
37550,450,400,"sd","13:51:00",1450200
37500,400,300,"sd","13:50:49",1449800
37550,450,100,"bu","13:50:45",1449500
37550,450,100,"bu","13:50:45",1449400
37550,450,200,"bu","13:50:45",1449300
37550,450,300,"bu","13:50:41",1449100
37550,450,100,"bu","13:50:41",1448800
37550,450,1500,"bu","13:50:41",1448700
37550,450,100,"bu","13:50:40",1447200
37500,400,500,"sd","13:50:29",1447100
37550,450,400,"bu","13:50:24",1446600
37550,450,2600,"bu","13:50:24",1446200
37500,400,500,"bu","13:50:14",1443600
37500,400,7000,"bu","13:50:14",1443100
37500,400,100,"bu","13:50:14",1436100
37500,400,3000,"bu","13:50:14",1436000
37500,400,500,"bu","13:50:14",1433000
37500,400,1500,"bu","13:50:14",1432500
37500,400,100,"bu","13:50:14",1431000
37500,400,500,"bu","13:50:14",1430900
37500,400,2800,"bu","13:50:14",1430400
37500,400,500,"bu","13:50:14",1427600
37450,350,100,"bu","13:50:05",1427100
37400,300,200,"bu","13:49:57",1427000
37300,200,11400,"bu","13:49:37",1426800
37300,200,200,"bu","13:49:37",1415400
37300,200,700,"bu","13:49:37",1415200
37300,200,200,"bu","13:49:37",1414500
37300,200,200,"bu","13:49:33",1414300
37250,150,600,"sd","13:49:15",1414100
37250,150,200,"sd","13:49:15",1413500
37250,150,500,"sd","13:49:15",1413300
37250,150,1000,"sd","13:49:15",1412800
37250,150,1000,"sd","13:49:15",1411800
37250,150,500,"sd","13:48:40",1410800
37250,150,1100,"sd","13:48:20",1410300
37250,150,2000,"sd","13:47:59",1409200
37250,150,400,"sd","13:47:32",1407200
37200,100,500,"sd","13:47:17",1406800
37250,150,500,"sd","13:47:17",1406300
37250,150,1000,"sd","13:47:17",1405800
37200,100,1700,"sd","13:46:59",1404800
37200,100,1600,"sd","13:46:59",1403100
37200,100,1500,"sd","13:46:59",1401500
37200,100,100,"sd","13:46:59",1400000
37200,100,500,"sd","13:46:59",1399900
37200,100,300,"sd","13:46:59",1399400
37200,100,100,"sd","13:46:59",1399100
37200,100,500,"sd","13:46:59",1399000
37200,100,500,"sd","13:46:59",1398500
37200,100,400,"sd","13:46:59",1398000
37200,100,500,"sd","13:46:59",1397600
37200,100,1000,"sd","13:46:59",1397100
37200,100,300,"sd","13:46:59",1396100
37200,100,200,"sd","13:46:14",1395800
37250,150,100,"bu","13:45:54",1395600
37250,150,800,"bu","13:45:54",1395500
37250,150,300,"bu","13:45:14",1394700
37250,150,500,"bu","13:45:08",1394400
37250,150,500,"bu","13:44:28",1393900
37250,150,10000,"bu","13:44:17",1393400
37250,150,300,"bu","13:44:01",1383400
37250,150,200,"bu","13:43:13",1383100
37250,150,1000,"sd","13:42:32",1382900
37250,150,400,"sd","13:42:32",1381900
37250,150,200,"sd","13:42:21",1381500
37250,150,200,"sd","13:42:08",1381300
37250,150,200,"bu","13:42:05",1381100
37250,150,100,"sd","13:41:53",1380900
37250,150,200,"bu","13:41:53",1380800
37250,150,300,"sd","13:41:39",1380600
37250,150,100,"bu","13:41:37",1380300
37250,150,1000,"bu","13:41:37",1380200
37250,150,100,"bu","13:41:37",1379200
37250,150,500,"bu","13:41:37",1379100
37250,150,200,"bu","13:41:22",1378600
37250,150,1000,"bu","13:41:19",1378400
37250,150,200,"bu","13:41:07",1377400
37250,150,300,"bu","13:40:15",1377200
37250,150,200,"bu","13:40:15",1376900
37200,100,100,"sd","13:39:38",1376700
37200,100,400,"sd","13:39:14",1376600
37200,100,100,"sd","13:39:14",1376200
37200,100,200,"bu","13:39:07",1376100
37200,100,500,"bu","13:39:07",1375900
37200,100,200,"bu","13:39:07",1375400
37200,100,100,"bu","13:39:07",1375200
37200,100,100,"bu","13:38:51",1375100
37200,100,100,"bu","13:38:43",1375000
37200,100,200,"bu","13:38:42",1374900
37200,100,100,"bu","13:38:29",1374700
37200,100,500,"bu","13:38:26",1374600
37200,100,200,"bu","13:38:13",1374100
37200,100,500,"bu","13:38:07",1373900
37200,100,1500,"sd","13:38:02",1373400
37200,100,900,"sd","13:38:02",1371900
37200,100,1300,"sd","13:38:02",1371000
37200,100,700,"sd","13:37:51",1369700
37200,100,200,"sd","13:37:51",1369000
37200,100,500,"sd","13:37:51",1368800
37200,100,600,"sd","13:37:51",1368300
37250,150,300,"bu","13:37:44",1367700
37250,150,500,"bu","13:37:44",1367400
37250,150,200,"bu","13:37:44",1366900
37200,100,1400,"sd","13:37:37",1366700
37200,100,400,"sd","13:37:37",1365300
37200,100,500,"sd","13:37:27",1364900
37200,100,1100,"sd","13:37:27",1364400
37200,100,300,"sd","13:36:41",1363300
37200,100,100,"sd","13:36:35",1363000
37200,100,500,"sd","13:35:57",1362900
37200,100,500,"sd","13:35:57",1362400
37200,100,200,"sd","13:35:57",1361900
37200,100,500,"sd","13:35:57",1361700
37200,100,200,"sd","13:35:57",1361200
37200,100,200,"sd","13:35:57",1361000
37200,100,300,"sd","13:35:33",1360800
37200,100,200,"sd","13:35:33",1360500
37200,100,100,"sd","13:35:33",1360300
37200,100,500,"sd","13:35:33",1360200
37200,100,500,"sd","13:35:33",1359700
37200,100,300,"sd","13:35:33",1359200
37200,100,400,"sd","13:35:33",1358900
37250,150,100,"bu","13:35:31",1358500
37200,100,600,"sd","13:35:12",1358400
37200,100,900,"sd","13:35:12",1357800
37250,150,100,"bu","13:34:40",1356900
37250,150,100,"sd","13:34:34",1356800
37250,150,500,"bu","13:34:24",1356700
37250,150,200,"bu","13:34:24",1356200
37250,150,100,"bu","13:34:24",1356000
37250,150,500,"bu","13:34:24",1355900
37250,150,100,"bu","13:34:24",1355400
37250,150,1800,"bu","13:34:24",1355300
37250,150,200,"bu","13:34:08",1353500
37200,100,2500,"sd","13:34:08",1353300
37200,100,1000,"sd","13:33:57",1350800
37200,100,1000,"sd","13:33:37",1349800
37200,100,1000,"sd","13:33:32",1348800
37200,100,5000,"sd","13:33:18",1347800
37250,150,1000,"bu","13:33:15",1342800
37200,100,100,"sd","13:32:55",1341800
37200,100,200,"sd","13:32:41",1341700
37250,150,100,"sd","13:32:24",1341500
37250,150,3600,"sd","13:32:24",1341400
37250,150,100,"sd","13:32:24",1337800
37250,150,100,"sd","13:32:24",1337700
37250,150,200,"sd","13:32:24",1337600
37250,150,600,"sd","13:32:24",1337400
37250,150,1500,"sd","13:31:51",1336800
37250,150,2900,"sd","13:31:32",1335300
37250,150,200,"sd","13:31:32",1332400
37250,150,300,"sd","13:31:32",1332200
37250,150,1600,"sd","13:31:32",1331900
37250,150,100,"sd","13:31:16",1330300
37250,150,1300,"sd","13:31:11",1330200
37250,150,1200,"sd","13:31:11",1328900
37250,150,1000,"sd","13:31:08",1327700
37250,150,300,"sd","13:31:00",1326700
37250,150,200,"sd","13:31:00",1326400
37300,200,1000,"bu","13:30:47",1326200
37250,150,400,"sd","13:30:46",1325200
37250,150,1600,"sd","13:30:46",1324800
37250,150,400,"sd","13:30:32",1323200
37250,150,500,"sd","13:30:32",1322800
37250,150,100,"sd","13:30:32",1322300
37250,150,1000,"sd","13:30:32",1322200
37250,150,100,"sd","13:30:31",1321200
37250,150,5000,"sd","13:30:23",1321100
37250,150,200,"sd","13:30:21",1316100
37250,150,3700,"sd","13:30:04",1315900
37250,150,4300,"sd","13:30:04",1312200
37250,150,700,"sd","13:29:45",1307900
37250,150,100,"sd","13:29:45",1307200
37300,200,1000,"bu","13:29:44",1307100
37250,150,1000,"sd","13:29:38",1306100
37250,150,500,"sd","13:29:37",1305100
37250,150,400,"sd","13:29:19",1304600
37250,150,100,"sd","13:29:19",1304200
37250,150,500,"sd","13:29:15",1304100
37250,150,200,"sd","13:29:14",1303600
37250,150,600,"sd","13:29:14",1303400
37250,150,3000,"sd","13:28:54",1302800
37250,150,500,"sd","13:28:21",1299800
37300,200,500,"bu","13:28:19",1299300
37300,200,500,"bu","13:28:01",1298800
37300,200,600,"bu","13:27:21",1298300
37250,150,900,"sd","13:27:17",1297700
37250,150,300,"sd","13:27:17",1296800
37300,200,200,"bu","13:27:07",1296500
37250,150,100,"sd","13:26:50",1296300
37250,150,600,"sd","13:26:39",1296200
37250,150,600,"sd","13:26:39",1295600
37250,150,400,"sd","13:26:27",1295000
37250,150,100,"sd","13:26:27",1294600
37300,200,300,"bu","13:25:54",1294500
37250,150,100,"sd","13:25:30",1294200
37300,200,100,"sd","13:25:29",1294100
37300,200,500,"sd","13:25:29",1294000
37300,200,200,"sd","13:25:29",1293500
37300,200,100,"sd","13:25:29",1293300
37300,200,500,"sd","13:25:29",1293200
37300,200,20000,"sd","13:25:29",1292700
37300,200,500,"sd","13:25:29",1272700
37300,200,500,"sd","13:25:29",1272200
37300,200,100,"sd","13:25:29",1271700
37300,200,100,"sd","13:25:29",1271100
37300,200,500,"sd","13:25:29",1271600
37350,250,6000,"sd","13:25:29",1271000
37350,250,4000,"sd","13:25:29",1264900
37350,250,100,"sd","13:25:29",1265000
37400,300,1000,"sd","13:25:29",1260900
37400,300,100,"sd","13:25:29",1259900
37400,300,7000,"sd","13:25:29",1259800
37400,300,200,"sd","13:25:29",1252800
37400,300,1000,"sd","13:25:29",1252600
37400,300,5000,"sd","13:25:29",1251600
37400,300,500,"sd","13:25:29",1246600
37400,300,2000,"sd","13:25:29",1246100
37400,300,1000,"sd","13:25:29",1244100
37400,300,1000,"sd","13:25:29",1243100
37400,300,2700,"sd","13:25:29",1242100
37450,350,200,"bu","13:24:41",1239400
37450,350,100,"bu","13:24:41",1239200
37450,350,100,"bu","13:24:41",1239100
37450,350,300,"bu","13:24:41",1239000
37450,350,1000,"bu","13:23:52",1238700
37400,300,300,"sd","13:23:49",1237700
37450,350,100,"bu","13:22:58",1237400
37450,350,600,"sd","13:22:41",1237300
37450,350,500,"sd","13:22:41",1236700
37450,350,1500,"sd","13:22:40",1236200
37450,350,500,"sd","13:22:40",1234700
37450,350,300,"sd","13:22:40",1234200
37450,350,1100,"sd","13:22:40",1233900
37450,350,2000,"sd","13:22:39",1232800
37450,350,1500,"sd","13:22:37",1230800
37450,350,2000,"sd","13:22:28",1229300
37450,350,600,"sd","13:22:22",1227300
37450,350,1000,"sd","13:22:19",1226700
37450,350,200,"sd","13:21:57",1225700
37450,350,200,"sd","13:21:30",1225500
37450,350,300,"sd","13:21:18",1225300
37450,350,200,"sd","13:20:45",1225000
37450,350,300,"sd","13:20:37",1224800
37450,350,600,"sd","13:20:26",1224500
37450,350,400,"sd","13:20:26",1223900
37450,350,600,"sd","13:19:32",1223500
37450,350,100,"sd","13:19:32",1222900
37450,350,300,"sd","13:19:32",1222800
37450,350,700,"sd","13:19:19",1222500
37450,350,100,"sd","13:19:19",1221800
37450,350,200,"sd","13:19:19",1221700
37500,400,1600,"bu","13:18:52",1221500
37500,400,100,"sd","13:18:26",1219900
37500,400,100,"bu","13:18:15",1219800
37500,400,100,"bu","13:18:15",1219700
37500,400,500,"bu","13:17:42",1219600
37500,400,400,"bu","13:17:00",1219100
37500,400,300,"bu","13:17:00",1218700
37500,400,2200,"bu","13:17:00",1218400
37500,400,200,"bu","13:16:46",1216200
37500,400,100,"sd","13:16:08",1216000
37500,400,2500,"sd","13:16:08",1215900
37500,400,500,"sd","13:15:35",1213400
37500,400,700,"bu","13:15:32",1212900
37500,400,100,"bu","13:15:30",1212200
37500,400,400,"bu","13:15:30",1212100
37500,400,200,"bu","13:15:25",1211700
37500,400,400,"bu","13:15:15",1211500
37500,400,100,"bu","13:15:12",1211100
37500,400,200,"bu","13:15:12",1211000
37500,400,100,"bu","13:15:09",1210800
37500,400,200,"bu","13:15:09",1210700
37450,350,800,"sd","13:13:33",1210500
37450,350,400,"sd","13:13:33",1209700
37450,350,100,"sd","13:13:21",1209300
37450,350,100,"sd","13:13:21",1209200
37500,400,100,"bu","13:13:15",1209100
37500,400,500,"bu","13:13:07",1209000
37500,400,100,"bu","13:13:07",1208500
37500,400,400,"bu","13:13:07",1208400
37500,400,100,"bu","13:12:51",1208000
37500,400,200,"bu","13:12:27",1207900
37500,400,1000,"sd","13:12:22",1207700
37500,400,3000,"sd","13:12:22",1206700
37500,400,300,"sd","13:12:22",1203700
37500,400,1000,"sd","13:11:45",1203400
37500,400,2000,"bu","13:11:37",1202400
37500,400,100,"bu","13:11:13",1200400
37500,400,300,"bu","13:11:04",1200300
37500,400,1000,"bu","13:10:57",1200000
37500,400,500,"bu","13:10:38",1199000
37500,400,500,"bu","13:10:23",1198500
37500,400,1000,"bu","13:10:17",1198000
37500,400,200,"bu","13:10:08",1197000
37500,400,800,"sd","13:09:53",1196800
37500,400,1300,"sd","13:09:39",1196000
37500,400,1000,"sd","13:09:39",1194700
37500,400,300,"sd","13:09:39",1193700
37500,400,300,"sd","13:09:39",1193400
37500,400,100,"sd","13:09:39",1193100
37500,400,300,"sd","13:09:39",1193000
37500,400,2700,"sd","13:09:39",1192700
37500,400,2300,"sd","13:09:30",1190000
37500,400,100,"sd","13:09:30",1187700
37500,400,7000,"sd","13:09:30",1187600
37500,400,500,"sd","13:09:30",1180600
37500,400,5000,"sd","13:09:30",1180100
37500,400,100,"sd","13:09:30",1175100
37500,400,1300,"sd","13:09:30",1175000
37550,450,7400,"bu","13:09:05",1173700
37550,450,100,"bu","13:09:05",1166300
37550,450,2500,"bu","13:09:05",1166200
37550,450,500,"bu","13:08:49",1163700
37550,450,500,"bu","13:08:49",1163200
37550,450,2200,"bu","13:08:49",1162700
37550,450,5000,"bu","13:08:28",1160500
37500,400,400,"sd","13:08:27",1155500
37500,400,500,"sd","13:08:27",1155100
37500,400,500,"sd","13:08:27",1154600
37500,400,3000,"sd","13:08:27",1154100
37500,400,5600,"sd","13:08:27",1151100
37500,400,500,"sd","13:08:19",1145500
37550,450,4600,"bu","13:07:52",1145000
37500,400,600,"sd","13:07:46",1140400
37500,400,300,"sd","13:07:44",1139800
37500,400,1500,"sd","13:07:40",1139500
37500,400,100,"sd","13:07:07",1138000
37500,400,200,"sd","13:06:50",1137900
37500,400,200,"sd","13:06:26",1137700
37500,400,800,"sd","13:06:26",1137500
37500,400,500,"sd","13:06:05",1136700
37500,400,200,"sd","13:05:42",1136200
37550,450,8200,"bu","13:05:31",1136000
37550,450,1000,"bu","13:05:31",1127800
37550,450,300,"sd","13:05:14",1126800
37550,450,1700,"sd","13:05:14",1126500
37600,500,500,"bu","13:05:03",1124800
37600,500,800,"bu","13:05:03",1124300
37550,450,30000,"sd","13:05:02",1123500
37600,500,400,"bu","13:04:59",1093500
37550,450,2200,"sd","13:04:56",1093100
37550,450,3000,"sd","13:04:41",1090900
37550,450,2000,"sd","13:04:13",1087900
37600,500,200,"bu","13:04:03",1085900
37600,500,300,"sd","13:04:01",1085700
37550,450,900,"sd","13:03:55",1085400
37600,500,1100,"sd","13:03:55",1084500
37600,500,100,"sd","13:03:49",1083400
37600,500,500,"bu","13:03:45",1083300
37600,500,100,"bu","13:03:45",1082800
37600,500,500,"bu","13:03:45",1082700
37600,500,800,"bu","13:03:45",1082200
37600,500,1000,"bu","13:03:45",1081400
37600,500,500,"bu","13:03:45",1080400
37600,500,400,"bu","13:03:45",1079900
37600,500,1500,"bu","13:03:31",1079500
37600,500,100,"bu","13:03:31",1078000
37600,500,1400,"bu","13:03:31",1077900
37600,500,600,"bu","13:03:04",1076500
37600,500,2000,"bu","13:03:04",1075900
37600,500,200,"bu","13:03:04",1073900
37600,500,400,"bu","13:03:04",1073700
37600,500,200,"bu","13:03:00",1073300
37600,500,200,"bu","13:03:00",1073100
37600,500,100,"bu","13:03:00",1072900
37600,500,3000,"bu","13:02:47",1072800
37600,500,900,"bu","13:02:04",1069800
37600,500,200,"bu","13:02:04",1068900
37600,500,500,"bu","13:02:04",1068700
37600,500,400,"bu","13:02:04",1068200
37600,500,200,"bu","13:01:20",1067800
37600,500,400,"bu","13:01:20",1067600
37600,500,700,"bu","13:01:20",1067200
37600,500,400,"sd","13:00:53",1066500
37600,500,100,"sd","13:00:53",1066100
37600,500,500,"sd","13:00:53",1066000
37600,500,3300,"sd","13:00:53",1065500
37600,500,1200,"sd","13:00:45",1062200
37600,500,2000,"sd","13:00:44",1061000
37600,500,100,"sd","13:00:43",1059000
37600,500,2000,"sd","13:00:40",1058900
37600,500,500,"sd","13:00:38",1056900
37600,500,900,"sd","13:00:33",1056400
37600,500,1100,"sd","13:00:33",1055500
37600,500,500,"sd","13:00:25",1054400
37600,500,5200,"sd","13:00:12",1053900
37600,500,500,"sd","13:00:09",1048700
37600,500,300,"sd","13:00:07",1048200
37600,500,1000,"sd","13:00:05",1047900
37650,550,500,"bu","13:00:03",1046900
37650,550,2000,"bu","13:00:01",1046400
37600,500,1400,"sd","13:00:01",1044400
37600,500,600,"sd","13:00:01",1043000
37650,550,300,"bu","13:00:01",1042400
37650,550,1000,"bu","13:00:01",1042100
37650,550,500,"bu","13:00:01",1041100
37650,550,1400,"bu","13:00:01",1040600
37650,550,100,"bu","13:00:01",1039200
37650,550,100,"bu","13:00:00",1039100
37650,550,100,"bu","13:00:00",1039000
37650,550,100,"bu","11:29:58",1038900
37650,550,1000,"bu","11:29:50",1038800
37650,550,500,"bu","11:29:28",1037800
37650,550,500,"bu","11:29:14",1037300
37650,550,300,"sd","11:29:01",1036800
37650,550,100,"sd","11:29:01",1036500
37650,550,500,"sd","11:29:01",1036400
37650,550,100,"sd","11:29:01",1035900
37650,550,200,"sd","11:28:29",1035800
37650,550,200,"sd","11:28:28",1035600
37650,550,100,"bu","11:27:49",1035400
37650,550,1400,"bu","11:27:49",1035300
37650,550,600,"bu","11:27:42",1033900
37650,550,1000,"bu","11:27:42",1033300
37650,550,3000,"bu","11:27:42",1032300
37650,550,400,"bu","11:27:42",1029300
37600,500,2000,"sd","11:27:30",1028900
37600,500,3000,"sd","11:27:24",1026900
37600,500,400,"sd","11:26:20",1023900
37600,500,100,"sd","11:26:11",1023500
37650,550,100,"bu","11:25:50",1023400
37600,500,3900,"bu","11:25:26",1023300
37600,500,800,"bu","11:25:14",1019400
37550,450,6800,"sd","11:24:59",1018600
37550,450,3400,"sd","11:24:44",1011800
37550,450,2600,"sd","11:24:44",1008400
37600,500,500,"sd","11:24:29",1005800
37600,500,1300,"sd","11:24:29",1005300
37600,500,100,"sd","11:24:29",1004000
37600,500,100,"sd","11:24:29",1003900
37600,500,100,"sd","11:24:29",1003800
37650,550,300,"bu","11:22:39",1003700
37650,550,100,"bu","11:22:39",1003400
37650,550,1500,"bu","11:22:39",1003300
37650,550,1000,"bu","11:22:39",1001800
37650,550,1000,"bu","11:22:39",1000800
37650,550,1000,"bu","11:22:39",999800
37650,550,100,"bu","11:22:39",998800
37650,550,500,"bu","11:22:39",998700
37650,550,8900,"bu","11:22:39",998200
37600,500,2000,"bu","11:22:06",989300
37600,500,2000,"bu","11:21:22",987300
37600,500,2000,"bu","11:21:22",985300
37600,500,5100,"bu","11:21:19",983300
37600,500,200,"bu","11:21:19",978200
37600,500,5000,"bu","11:21:19",978000
37600,500,300,"bu","11:21:19",973000
37600,500,100,"bu","11:21:19",972700
37600,500,500,"bu","11:21:19",972600
37600,500,100,"bu","11:21:19",972100
37600,500,500,"bu","11:21:19",972000
37600,500,5500,"bu","11:21:19",971500
37600,500,100,"bu","11:21:19",966000
37600,500,500,"bu","11:21:19",965900
37600,500,400,"bu","11:21:19",965400
37600,500,100,"bu","11:21:19",965000
37600,500,100,"bu","11:21:19",964900
37600,500,200,"bu","11:21:04",964800
37600,500,700,"bu","11:21:04",964600
37550,450,400,"sd","11:20:43",963900
37550,450,400,"sd","11:20:43",963500
37550,450,200,"sd","11:20:31",963100
37550,450,1000,"sd","11:20:07",962900
37600,500,200,"bu","11:18:53",961900
37600,500,100,"bu","11:17:53",961700
37600,500,500,"bu","11:17:52",961600
37600,500,200,"bu","11:17:40",961100
37550,450,200,"sd","11:17:31",960900
37550,450,200,"sd","11:17:24",960700
37550,450,200,"sd","11:17:22",960500
37550,450,500,"sd","11:17:21",960300
37550,450,200,"sd","11:17:21",959800
37550,450,300,"sd","11:17:21",959600
37550,450,1200,"sd","11:17:17",959300
37550,450,400,"sd","11:16:46",958100
37600,500,200,"bu","11:16:46",957700
37550,450,2600,"sd","11:16:11",957500
37550,450,400,"sd","11:16:11",954900
37550,450,100,"sd","11:15:40",954500
37600,500,500,"bu","11:15:06",954400
37600,500,400,"bu","11:15:01",953900
37550,450,1000,"bu","11:13:46",953500
37550,450,500,"bu","11:13:28",952500
37550,450,2000,"bu","11:13:17",952000
37550,450,200,"bu","11:13:04",950000
37550,450,400,"bu","11:13:02",949800
37550,450,900,"sd","11:12:54",949400
37550,450,1000,"sd","11:12:54",948500
37550,450,500,"sd","11:12:54",947500
37550,450,100,"sd","11:12:54",947000
37550,450,500,"sd","11:12:54",946900
37550,450,100,"sd","11:12:54",946400
37550,450,800,"sd","11:12:31",946300
37550,450,1900,"sd","11:12:08",945500
37550,450,100,"sd","11:12:08",943600
37550,450,100,"sd","11:11:10",943500
37550,450,200,"sd","11:10:59",943400
37550,450,100,"sd","11:10:14",943200
37550,450,100,"sd","11:10:14",943100
37550,450,1300,"sd","11:10:14",943000
37550,450,300,"sd","11:10:14",941700
37550,450,200,"sd","11:10:14",941400
37550,450,800,"sd","11:09:41",941200
37550,450,4200,"sd","11:09:41",940400
37550,450,2000,"sd","11:08:26",936200
37550,450,1000,"sd","11:08:17",934200
37600,500,500,"bu","11:08:01",933200
37600,500,100,"bu","11:05:56",932700
37600,500,1000,"bu","11:05:54",932600
37600,500,100,"bu","11:03:46",931600
37600,500,100,"bu","11:03:40",931500
37600,500,100,"sd","11:03:26",931400
37600,500,100,"sd","11:03:18",931300
37600,500,300,"bu","11:03:10",931200
37600,500,100,"sd","11:02:53",930900
37600,500,9600,"sd","11:02:53",930800
37600,500,400,"sd","11:02:50",921200
37600,500,600,"sd","11:02:50",920800
37600,500,1000,"sd","11:01:57",920200
37600,500,200,"sd","11:01:38",919200
37600,500,200,"bu","11:01:06",919000
37600,500,3000,"bu","11:01:06",918800
37550,450,1000,"sd","11:01:06",915800
37550,450,1700,"sd","11:00:30",914800
37600,500,2000,"sd","11:00:27",913100
37600,500,100,"bu","11:00:27",911100
37550,450,100,"sd","10:59:46",911000
37550,450,200,"sd","10:59:46",910900
37550,450,700,"sd","10:59:46",910700
37550,450,100,"sd","10:59:42",910000
37600,500,100,"sd","10:59:42",909900
37600,500,100,"sd","10:59:38",909800
37600,500,300,"sd","10:59:34",909700
37650,550,100,"bu","10:58:42",909400
37650,550,3000,"bu","10:58:42",909300
37600,500,900,"bu","10:58:42",906300
37650,550,100,"bu","10:58:15",905400
37650,550,500,"bu","10:57:54",905300
37600,500,600,"bu","10:57:46",904800
37600,500,300,"bu","10:57:39",904200
37600,500,500,"bu","10:57:32",903900
37600,500,100,"bu","10:57:13",903400
37600,500,200,"bu","10:57:13",903300
37600,500,100,"sd","10:57:02",903100
37600,500,700,"sd","10:57:02",903000
37600,500,300,"sd","10:56:40",902300
37600,500,300,"sd","10:55:58",902000
37600,500,200,"sd","10:55:58",901700
37600,500,200,"sd","10:55:54",901500
37600,500,200,"sd","10:55:54",901300
37600,500,400,"sd","10:55:54",901100
37650,550,500,"bu","10:55:23",900700
37650,550,200,"bu","10:55:17",900200
37650,550,500,"sd","10:55:15",900000
37650,550,200,"sd","10:55:15",899500
37650,550,100,"sd","10:54:48",899300
37650,550,100,"bu","10:54:35",899200
37650,550,400,"bu","10:54:35",899100
37650,550,500,"bu","10:54:35",898700
37650,550,200,"bu","10:54:35",898200
37600,500,100,"bu","10:54:20",898000
37600,500,200,"bu","10:54:10",897900
37600,500,100,"bu","10:54:03",897700
37600,500,100,"bu","10:53:51",897600
37600,500,400,"bu","10:53:51",897500
37600,500,100,"bu","10:53:25",897100
37550,450,200,"sd","10:53:02",897000
37600,500,100,"sd","10:53:02",896800
37600,500,200,"sd","10:53:02",896700
37650,550,200,"sd","10:53:02",896500
37650,550,200,"sd","10:53:02",896300
37700,600,4000,"bu","10:52:58",896100
37700,600,100,"bu","10:52:56",892100
37700,600,900,"bu","10:52:56",892000
37700,600,4100,"bu","10:52:46",891100
37700,600,300,"bu","10:52:46",887000
37700,600,500,"bu","10:52:46",886700
37700,600,3100,"bu","10:52:46",886200
37700,600,1600,"sd","10:52:31",883100
37700,600,1000,"sd","10:52:31",881500
37700,600,500,"sd","10:52:31",880500
37700,600,800,"sd","10:52:31",880000
37700,600,2000,"sd","10:52:30",879200
37700,600,30000,"sd","10:52:23",877200
37700,600,1000,"sd","10:52:14",847200
37700,600,9000,"sd","10:52:13",846200
37700,600,6000,"sd","10:51:51",837200
37800,700,1000,"sd","10:51:51",831200
37800,700,1000,"sd","10:51:51",830200
37800,700,300,"sd","10:51:51",829200
37800,700,500,"sd","10:51:51",828900
37800,700,1200,"sd","10:51:51",828400
37800,700,100,"sd","10:51:47",827200
37800,700,1000,"sd","10:51:33",827100
37800,700,600,"sd","10:51:25",826100
37850,750,1000,"bu","10:51:17",825500
37800,700,100,"sd","10:51:08",824500
37800,700,1000,"sd","10:50:58",824400
37800,700,200,"sd","10:50:54",823400
37800,700,1000,"bu","10:50:48",823200
37800,700,200,"bu","10:50:48",822200
37800,700,4600,"bu","10:50:48",822000
37800,700,400,"bu","10:50:39",817400
37800,700,3000,"bu","10:50:19",817000
37700,600,1000,"bu","10:50:00",814000
37700,600,1000,"bu","10:49:55",813000
37700,600,2000,"bu","10:49:52",812000
37700,600,2000,"sd","10:49:44",810000
37700,600,9900,"sd","10:49:44",808000
37700,600,1900,"sd","10:49:44",798100
37750,650,1000,"sd","10:49:44",796200
37750,650,1000,"sd","10:49:44",795200
37750,650,200,"sd","10:49:44",794200
37850,750,200,"bu","10:49:20",794000
37800,700,2000,"bu","10:49:04",793800
37800,700,1000,"sd","10:49:00",791800
37850,750,100,"bu","10:48:54",790800
37800,700,100,"bu","10:48:54",790700
37800,700,400,"bu","10:48:48",790600
37800,700,100,"bu","10:48:48",790200
37800,700,600,"bu","10:48:46",790100
37800,700,1200,"sd","10:48:45",789500
37800,700,1000,"sd","10:48:45",788300
37800,700,100,"sd","10:48:45",787300
37800,700,900,"sd","10:48:42",787200
37800,700,100,"sd","10:48:42",786300
37900,800,700,"bu","10:48:19",786200
37900,800,1000,"bu","10:48:19",785500
37900,800,100,"bu","10:48:19",784500
37850,750,1000,"bu","10:48:19",784400
37850,750,200,"bu","10:48:19",783400
37800,700,400,"sd","10:48:16",783200
37800,700,100,"sd","10:48:16",782800
37800,700,1500,"sd","10:48:16",782700
37850,750,100,"bu","10:48:10",781200
37800,700,500,"bu","10:47:53",781100
37800,700,100,"bu","10:47:51",780600
37800,700,100,"bu","10:47:51",780500
37800,700,200,"bu","10:47:51",780400
37800,700,1000,"bu","10:47:51",780200
37800,700,100,"bu","10:47:51",779200
37800,700,100,"bu","10:47:51",779100
37800,700,1400,"bu","10:47:51",779000
37800,700,1000,"bu","10:47:50",777600
37800,700,1200,"bu","10:47:49",776600
37800,700,100,"bu","10:47:49",775400
37800,700,100,"bu","10:47:49",775300
37800,700,100,"bu","10:47:49",775200
37800,700,900,"bu","10:47:47",775100
37800,700,200,"bu","10:47:47",774200
37800,700,500,"bu","10:47:47",774000
37800,700,8400,"bu","10:47:47",773500
37800,700,1600,"bu","10:47:43",765100
37800,700,100,"bu","10:47:43",763500
37800,700,100,"bu","10:47:43",763400
37800,700,100,"bu","10:47:43",763300
37800,700,100,"bu","10:47:43",763200
37800,700,100,"bu","10:47:37",763100
37800,700,500,"bu","10:47:28",763000
37800,700,100,"bu","10:47:28",762500
37800,700,100,"bu","10:47:28",762400
37800,700,100,"bu","10:47:22",762300
37800,700,100,"bu","10:47:17",762200
37750,650,100,"bu","10:47:17",762100
37750,650,200,"bu","10:47:04",762000
37700,600,100,"bu","10:47:01",761800
37700,600,28000,"bu","10:47:01",761700
37700,600,200,"bu","10:47:00",733700
37700,600,3000,"bu","10:47:00",733500
37700,600,1200,"bu","10:47:00",730500
37700,600,17600,"bu","10:46:59",729300
37700,600,2400,"bu","10:46:59",711700
37700,600,100,"bu","10:46:59",709300
37700,600,200,"bu","10:46:58",709200
37700,600,500,"bu","10:46:56",709000
37700,600,3300,"bu","10:46:54",708500
37700,600,200,"bu","10:46:48",705200
37700,600,2000,"bu","10:46:45",705000
37650,550,200,"sd","10:46:45",703000
37700,600,1300,"bu","10:46:43",702800
37700,600,500,"bu","10:46:43",701500
37700,600,1000,"bu","10:46:43",701000
37700,600,200,"bu","10:46:43",700000
37700,600,100,"bu","10:46:42",699800
37700,600,100,"bu","10:46:42",699700
37650,550,2600,"bu","10:46:40",699600
37650,550,700,"bu","10:46:31",697000
37650,550,200,"bu","10:46:24",696300
37650,550,1100,"bu","10:46:24",696100
37650,550,500,"bu","10:46:24",695000
37650,550,100,"bu","10:46:24",694500
37650,550,1000,"bu","10:46:24",694400
37650,550,300,"bu","10:46:24",693400
37600,500,200,"sd","10:46:16",693100
37600,500,500,"bu","10:46:13",692900
37600,500,100,"bu","10:46:13",692400
37600,500,2000,"bu","10:46:13",692300
37600,500,500,"bu","10:46:13",690300
37600,500,1700,"bu","10:46:13",689800
37600,500,200,"bu","10:46:13",688100
37600,500,100,"bu","10:46:08",687900
37600,500,200,"bu","10:45:57",687800
37600,500,200,"bu","10:45:57",687600
37600,500,900,"bu","10:45:57",687400
37550,450,200,"sd","10:45:56",686500
37600,500,2500,"bu","10:45:55",686300
37600,500,100,"bu","10:45:50",683800
37600,500,6500,"bu","10:45:46",683700
37600,500,100,"bu","10:45:46",677200
37600,500,300,"bu","10:45:46",677000
37600,500,100,"bu","10:45:46",677100
37500,400,1600,"sd","10:45:41",676700
37550,450,400,"sd","10:45:41",675100
37550,450,200,"bu","10:45:37",674700
37550,450,100,"bu","10:45:37",674500
37550,450,100,"bu","10:45:37",674400
37550,450,200,"bu","10:45:37",674300
37550,450,900,"bu","10:45:37",674100
37550,450,100,"bu","10:45:37",673200
37500,400,200,"sd","10:45:33",673100
37500,400,100,"bu","10:45:11",672900
37500,400,500,"bu","10:45:11",672800
37500,400,100,"bu","10:45:11",672300
37500,400,1000,"bu","10:45:11",672200
37450,350,300,"bu","10:44:06",671200
37450,350,200,"bu","10:43:58",670900
37450,350,500,"sd","10:43:56",670700
37450,350,300,"sd","10:43:56",670200
37450,350,100,"sd","10:43:56",669900
37450,350,600,"sd","10:43:56",669800
37500,400,1000,"bu","10:43:46",669200
37500,400,300,"bu","10:43:40",668200
37500,400,1000,"bu","10:43:36",667900
37500,400,900,"bu","10:43:34",666900
37500,400,800,"sd","10:42:32",666000
37500,400,5000,"sd","10:42:32",665200
37500,400,1900,"sd","10:42:24",660200
37550,450,100,"sd","10:42:24",658300
37550,450,200,"bu","10:42:15",658200
37550,450,300,"bu","10:42:11",658000
37550,450,2700,"bu","10:42:11",657700
37550,450,2300,"bu","10:42:06",655000
37550,450,900,"bu","10:42:06",652700
37550,450,100,"bu","10:42:06",651800
37550,450,300,"bu","10:42:06",651700
37500,400,1000,"sd","10:42:01",651400
37500,400,100,"sd","10:41:52",650400
37500,400,600,"bu","10:41:50",650300
37500,400,100,"bu","10:41:50",649700
37500,400,1000,"bu","10:41:50",649600
37500,400,100,"bu","10:41:50",648600
37500,400,100,"bu","10:41:50",648500
37500,400,1000,"bu","10:41:50",648400
37500,400,400,"bu","10:41:50",647400
37500,400,3700,"bu","10:41:50",647000
37450,350,300,"sd","10:41:13",643300
37500,400,1300,"bu","10:41:12",643000
37500,400,100,"bu","10:41:12",641700
37500,400,500,"bu","10:41:12",641600
37500,400,100,"bu","10:41:12",641100
37450,350,100,"sd","10:40:53",641000
37500,400,1900,"bu","10:40:44",640900
37500,400,1000,"bu","10:40:44",639000
37500,400,700,"bu","10:40:44",638000
37500,400,100,"bu","10:40:44",637300
37500,400,1000,"bu","10:40:44",637200
37500,400,1000,"bu","10:40:44",636200
37500,400,500,"bu","10:40:44",635200
37500,400,500,"bu","10:40:44",634700
37500,400,9000,"bu","10:40:44",634200
37500,400,500,"bu","10:40:44",625200
37500,400,200,"bu","10:40:44",624700
37500,400,500,"bu","10:40:44",624500
37500,400,500,"bu","10:40:44",624000
37500,400,600,"bu","10:40:44",623500
37500,400,1000,"bu","10:40:22",622900
37500,400,400,"bu","10:40:15",621900
37500,400,500,"bu","10:40:15",621500
37500,400,200,"bu","10:40:15",621000
37500,400,400,"bu","10:40:15",620800
37500,400,100,"bu","10:40:12",620400
37500,400,500,"bu","10:39:59",620300
37500,400,300,"bu","10:39:59",619800
37500,400,300,"bu","10:39:59",619500
37450,350,2900,"bu","10:39:59",619200
37400,300,700,"bu","10:39:56",616300
37450,350,3300,"bu","10:39:39",615600
37450,350,1000,"bu","10:39:39",612300
37450,350,700,"bu","10:39:39",611300
37450,350,100,"bu","10:39:39",610600
37450,350,4900,"bu","10:39:39",610500
37450,350,100,"bu","10:39:27",605600
37450,350,3000,"bu","10:39:27",605500
37450,350,300,"bu","10:39:27",602500
37450,350,100,"bu","10:39:27",602200
37400,300,100,"bu","10:39:27",602100
37400,300,200,"bu","10:39:27",602000
37400,300,300,"bu","10:39:26",601800
37400,300,900,"bu","10:39:26",601500
37300,200,1700,"bu","10:39:05",600600
37300,200,100,"bu","10:38:55",598900
37300,200,100,"bu","10:38:46",598800
37300,200,200,"sd","10:38:41",598700
37250,150,1100,"sd","10:38:30",598500
37300,200,100,"sd","10:38:30",597400
37300,200,3000,"sd","10:38:30",597300
37300,200,5000,"sd","10:38:30",594300
37300,200,1000,"sd","10:38:30",589300
37300,200,800,"sd","10:38:30",588300
37400,300,100,"bu","10:38:30",587500
37400,300,2000,"bu","10:38:25",587400
37400,300,100,"bu","10:38:25",585400
37350,250,1900,"bu","10:38:25",585300
37350,250,4000,"sd","10:38:19",583400
37350,250,100,"sd","10:38:19",579400
37300,200,200,"sd","10:37:04",579300
37300,200,200,"sd","10:37:04",579100
37300,200,200,"sd","10:35:47",578900
37400,300,300,"sd","10:35:47",578700
37400,300,1000,"bu","10:35:46",578400
37300,200,200,"sd","10:35:20",577400
37300,200,1200,"sd","10:35:20",577200
37300,200,1400,"sd","10:35:20",576000
37350,250,1000,"sd","10:35:20",574600
37400,300,1000,"sd","10:35:20",573600
37400,300,200,"sd","10:35:20",572600
37300,200,600,"sd","10:35:10",572400
37350,250,1400,"sd","10:35:10",571800
37350,250,900,"sd","10:35:10",570400
37400,300,1900,"sd","10:35:10",569500
37400,300,200,"sd","10:35:10",567600
37400,300,500,"sd","10:35:10",567400
37400,300,500,"sd","10:35:10",566900
37400,300,500,"bu","10:34:44",566400
37400,300,200,"bu","10:34:35",565900
37400,300,500,"bu","10:34:11",565700
37400,300,200,"bu","10:34:11",565200
37400,300,200,"bu","10:34:11",565000
37400,300,100,"bu","10:34:11",564800
37400,300,100,"bu","10:34:11",564700
37400,300,500,"bu","10:34:11",564600
37400,300,400,"bu","10:34:11",564100
37350,250,200,"sd","10:33:45",563700
37400,300,1600,"bu","10:33:42",563500
37400,300,100,"bu","10:33:42",561900
37400,300,300,"bu","10:33:42",561800
37350,250,200,"sd","10:33:18",561500
37350,250,100,"sd","10:33:03",561300
37350,250,1000,"sd","10:32:57",561200
37350,250,100,"sd","10:32:48",560200
37350,250,1000,"sd","10:32:42",560100
37350,250,500,"bu","10:32:30",557100
37350,250,2000,"bu","10:32:30",559100
37300,200,100,"bu","10:31:52",556600
37300,200,500,"bu","10:31:52",556500
37300,200,200,"bu","10:31:52",556000
37300,200,4000,"bu","10:31:52",555800
37300,200,300,"bu","10:31:52",551800
37300,200,1000,"bu","10:31:52",551500
37300,200,100,"bu","10:31:52",550500
37300,200,1000,"bu","10:31:52",550400
37300,200,300,"bu","10:31:52",549400
37300,200,100,"bu","10:31:52",549100
37300,200,100,"bu","10:31:52",549000
37300,200,1000,"bu","10:31:52",548900
37300,200,100,"bu","10:31:52",547900
37300,200,1000,"bu","10:31:52",547800
37300,200,1800,"bu","10:31:52",546800
37300,200,100,"bu","10:31:52",545000
37300,200,100,"bu","10:31:52",544900
37300,200,200,"bu","10:31:52",544800
37300,200,1000,"bu","10:31:52",544600
37250,150,400,"sd","10:31:51",543600
37250,150,100,"sd","10:31:51",543200
37250,150,800,"sd","10:31:51",543100
37250,150,400,"sd","10:31:51",542300
37250,150,300,"sd","10:31:51",541900
37250,150,1000,"sd","10:31:51",541600
37250,150,300,"sd","10:31:43",540600
37250,150,100,"sd","10:31:42",540300
37250,150,100,"sd","10:31:24",540200
37250,150,200,"sd","10:29:28",540100
37250,150,1000,"bu","10:29:20",539900
37250,150,100,"bu","10:29:20",538900
37250,150,1000,"bu","10:29:20",538800
37250,150,5000,"bu","10:29:20",537800
37250,150,11200,"bu","10:29:20",532800
37250,150,500,"bu","10:29:17",521600
37250,150,2000,"bu","10:29:14",521100
37250,150,2000,"bu","10:29:11",519100
37250,150,300,"bu","10:29:03",517100
37200,100,1500,"bu","10:29:03",516800
37200,100,100,"bu","10:29:03",515300
37200,100,100,"bu","10:29:03",515200
37200,100,900,"bu","10:29:03",515100
37200,100,1500,"bu","10:29:03",514200
37200,100,100,"bu","10:29:03",512700
37200,100,100,"bu","10:29:03",512600
37200,100,100,"bu","10:29:03",512500
37200,100,1000,"bu","10:29:03",512400
37200,100,100,"bu","10:29:03",511400
37200,100,1000,"bu","10:29:03",511300
37200,100,300,"bu","10:29:03",510300
37200,100,600,"bu","10:29:03",510000
37200,100,5000,"bu","10:29:03",509400
37200,100,100,"bu","10:29:03",504400
37200,100,200,"bu","10:29:03",504300
37200,100,1000,"bu","10:29:03",504100
37200,100,20000,"bu","10:29:03",503100
37200,100,500,"bu","10:29:03",483100
37200,100,300,"bu","10:29:03",482600
37200,100,100,"bu","10:29:03",482300
37200,100,500,"bu","10:29:03",482200
37200,100,500,"bu","10:29:03",481700
37200,100,1000,"bu","10:29:03",481200
37200,100,200,"bu","10:29:03",480200
37200,100,1500,"bu","10:29:03",480000
37200,100,400,"bu","10:28:30",478500
37150,50,100,"sd","10:27:34",478100
37150,50,400,"sd","10:27:34",478000
37150,50,100,"sd","10:27:20",477600
37150,50,300,"sd","10:26:48",477500
37150,50,100,"bu","10:26:36",477200
37150,50,1000,"bu","10:26:36",477100
37150,50,1000,"bu","10:26:36",476100
37150,50,2500,"bu","10:26:36",475100
37150,50,2000,"bu","10:26:36",472600
37150,50,200,"bu","10:26:36",470600
37150,50,1000,"bu","10:26:36",470400
37150,50,100,"bu","10:26:36",469400
37150,50,100,"bu","10:26:36",469300
37150,50,200,"bu","10:26:36",469200
37150,50,500,"bu","10:26:36",469000
37150,50,500,"bu","10:26:36",468500
37100,0,500,"sd","10:25:57",468000
37100,0,300,"sd","10:25:48",467500
37100,0,7700,"sd","10:25:48",467200
37100,0,2000,"sd","10:25:21",459500
37100,0,300,"sd","10:24:52",457500
37100,0,200,"sd","10:24:52",457200
37100,0,100,"sd","10:24:52",457000
37100,0,4400,"sd","10:24:52",456900
37150,50,900,"bu","10:24:16",452500
37150,50,3900,"bu","10:24:16",451600
37150,50,600,"bu","10:23:24",447700
37150,50,500,"bu","10:23:22",447100
37150,50,500,"bu","10:22:56",446600
37100,0,3100,"sd","10:22:36",446100
37150,50,300,"bu","10:22:31",443000
37100,0,1500,"sd","10:21:49",442700
37100,0,100,"sd","10:21:33",441200
37100,0,600,"sd","10:21:31",441100
37100,0,300,"sd","10:21:01",440500
37100,0,2700,"sd","10:21:01",440200
37100,0,300,"sd","10:20:23",437500
37100,0,100,"sd","10:19:50",437200
37100,0,900,"sd","10:19:33",437100
37100,0,2000,"sd","10:19:33",436200
37100,0,100,"sd","10:19:33",434200
37100,0,2000,"sd","10:18:58",434100
37100,0,3000,"sd","10:18:45",432100
37100,0,1000,"sd","10:18:41",429100
37100,0,1500,"sd","10:18:40",428100
37100,0,2500,"sd","10:18:26",426600
37100,0,1000,"sd","10:18:26",424100
37100,0,3000,"sd","10:18:26",423100
37150,50,200,"bu","10:18:18",420100
37150,50,300,"bu","10:18:18",419900
37150,50,5000,"bu","10:16:49",419600
37100,0,500,"sd","10:16:05",414600
37150,50,500,"bu","10:15:16",414100
37100,0,100,"sd","10:14:26",413600
37100,0,4000,"sd","10:13:52",413500
37100,0,200,"sd","10:13:45",409500
37100,0,1000,"sd","10:13:14",409300
37100,0,600,"sd","10:12:55",408300
37150,50,100,"bu","10:12:55",407700
37100,0,600,"sd","10:12:05",407600
37100,0,2000,"sd","10:12:05",407000
37100,0,400,"sd","10:12:05",405000
37100,0,100,"sd","10:10:55",404600
37100,0,600,"sd","10:10:55",404500
37100,0,300,"sd","10:10:55",403900
37100,0,700,"sd","10:10:33",403600
37100,0,1200,"sd","10:10:33",402900
37100,0,1100,"sd","10:10:32",401700
37150,50,100,"bu","10:10:23",400600
37150,50,4000,"bu","10:09:15",400500
37100,0,500,"sd","10:09:00",396500
37100,0,1000,"sd","10:08:42",396000
37100,0,100,"sd","10:08:39",395000
37100,0,300,"sd","10:08:33",394900
37100,0,3000,"sd","10:08:32",394600
37100,0,1000,"sd","10:08:28",391600
37100,0,3000,"sd","10:08:04",390600
37050,-50,200,"sd","10:07:19",387600
37050,-50,100,"sd","10:07:19",387400
37050,-50,300,"sd","10:07:19",387300
37050,-50,100,"sd","10:07:19",387000
37050,-50,100,"sd","10:07:19",386900
37050,-50,2200,"sd","10:07:19",386800
37050,-50,800,"sd","10:06:56",384600
37050,-50,1600,"sd","10:06:43",383800
37050,-50,400,"sd","10:06:29",382200
37050,-50,500,"sd","10:06:29",381800
37050,-50,100,"sd","10:06:29",381300
37050,-50,1200,"sd","10:06:13",381200
37050,-50,800,"sd","10:05:57",380000
37050,-50,600,"sd","10:05:57",379200
37050,-50,400,"sd","10:05:40",378600
37050,-50,1500,"sd","10:05:40",378200
37050,-50,700,"sd","10:05:40",376700
37100,0,1000,"sd","10:05:40",376000
37100,0,200,"sd","10:05:40",375000
37100,0,200,"sd","10:05:40",374800
37100,0,500,"sd","10:05:33",374600
37100,0,4300,"sd","10:05:16",374100
37100,0,100,"sd","10:05:16",369800
37100,0,10000,"sd","10:05:16",369700
37100,0,100,"sd","10:05:16",359700
37100,0,100,"sd","10:05:16",359600
37150,50,400,"sd","10:05:16",359500
37200,100,9000,"bu","10:05:04",359100
37150,50,100,"sd","10:04:36",350100
37150,50,100,"sd","10:04:36",350000
37150,50,500,"sd","10:04:36",349900
37150,50,600,"sd","10:04:36",349400
37150,50,1000,"sd","10:04:35",348800
37150,50,1000,"sd","10:04:30",347800
37150,50,500,"sd","10:04:21",346800
37150,50,500,"sd","10:04:06",346300
37150,50,500,"sd","10:04:05",345800
37150,50,500,"sd","10:04:05",345300
37150,50,500,"sd","10:03:47",344800
37150,50,500,"sd","10:03:46",344300
37150,50,500,"sd","10:03:46",343800
37150,50,500,"sd","10:03:36",343300
37150,50,400,"sd","10:02:29",342800
37200,100,500,"bu","10:02:29",342400
37200,100,300,"bu","10:02:27",341900
37150,50,2000,"sd","10:01:54",341600
37150,50,1100,"bu","10:01:25",339600
37150,50,9900,"bu","10:01:25",338500
37150,50,100,"bu","10:01:03",328600
37150,50,300,"bu","10:00:41",328500
37150,50,200,"sd","10:00:26",328200
37150,50,800,"sd","10:00:25",328000
37150,50,100,"sd","10:00:25",327200
37150,50,100,"sd","10:00:25",327100
37150,50,100,"sd","09:59:07",327000
37150,50,600,"sd","09:58:47",326900
37150,50,300,"sd","09:58:11",326300
37150,50,800,"sd","09:58:11",326000
37150,50,200,"sd","09:58:06",325200
37150,50,600,"sd","09:58:06",325000
37150,50,900,"sd","09:57:09",324400
37150,50,100,"sd","09:57:09",323500
37200,100,1500,"bu","09:56:57",323400
37200,100,8000,"bu","09:56:37",321900
37200,100,200,"bu","09:56:37",313900
37200,100,100,"bu","09:56:37",313700
37200,100,500,"bu","09:56:37",313600
37200,100,100,"bu","09:56:37",313100
37200,100,1100,"bu","09:56:37",313000
37200,100,500,"bu","09:55:51",311900
37200,100,1100,"bu","09:55:02",311400
37200,100,900,"bu","09:54:53",310300
37200,100,2000,"bu","09:54:38",309400
37200,100,1500,"bu","09:54:28",307400
37200,100,500,"bu","09:54:18",305900
37150,50,1000,"bu","09:54:03",305400
37150,50,400,"bu","09:54:03",304400
37150,50,100,"bu","09:53:28",304000
37150,50,2000,"bu","09:53:28",303900
37150,50,100,"bu","09:53:28",301900
37150,50,200,"bu","09:53:28",301800
37150,50,500,"bu","09:53:28",301600
37150,50,100,"bu","09:53:28",301100
37100,0,300,"sd","09:51:59",301000
37100,0,500,"sd","09:51:49",300700
37100,0,200,"bu","09:51:43",300200
37050,-50,1000,"sd","09:51:27",300000
37100,0,1000,"bu","09:50:55",299000
37050,-50,300,"sd","09:50:55",298000
37150,50,100,"bu","09:49:58",297700
37150,50,300,"bu","09:49:38",297600
37150,50,600,"bu","09:48:31",297300
37150,50,900,"bu","09:47:24",296700
37100,0,100,"bu","09:47:24",295800
37100,0,100,"bu","09:46:56",295700
37000,-100,300,"sd","09:46:46",295600
37000,-100,1000,"sd","09:46:46",295300
37000,-100,3700,"sd","09:46:46",294300
37000,-100,1000,"sd","09:46:39",290600
37000,-100,300,"sd","09:46:13",289600
37000,-100,5000,"sd","09:46:13",289300
37000,-100,1000,"sd","09:46:13",284300
37000,-100,100,"sd","09:46:13",283300
37000,-100,1000,"sd","09:46:13",283200
37000,-100,1000,"sd","09:46:13",282200
37000,-100,1000,"sd","09:46:13",281200
37000,-100,100,"sd","09:46:13",280200
37000,-100,200,"sd","09:46:13",280100
37000,-100,1000,"sd","09:46:13",279900
37000,-100,1000,"sd","09:46:13",278900
37000,-100,100,"sd","09:46:13",277900
37000,-100,1000,"sd","09:46:13",277800
37000,-100,200,"sd","09:46:13",276800
37000,-100,1000,"sd","09:46:13",276600
37000,-100,300,"sd","09:46:13",275600
37000,-100,100,"sd","09:46:13",275300
37000,-100,5000,"sd","09:46:13",275200
37050,-50,200,"sd","09:46:13",270200
37050,-50,200,"sd","09:46:13",270000
37050,-50,1000,"sd","09:46:13",269800
37050,-50,100,"sd","09:46:13",268800
37050,-50,1000,"sd","09:46:13",268700
37050,-50,2000,"sd","09:46:13",267700
37050,-50,1000,"sd","09:46:13",265700
37100,0,500,"sd","09:46:13",264700
37100,0,400,"sd","09:46:13",264200
37100,0,600,"sd","09:45:54",263800
37100,0,100,"sd","09:45:54",263200
37100,0,10000,"sd","09:45:54",263100
37100,0,200,"sd","09:45:54",253100
37100,0,100,"sd","09:45:54",252900
37100,0,100,"sd","09:45:54",252800
37100,0,200,"sd","09:45:54",252700
37100,0,300,"sd","09:45:54",252500
37100,0,14400,"sd","09:45:54",252200
37100,0,800,"sd","09:45:22",237800
37150,50,200,"sd","09:45:22",237000
37200,100,1000,"bu","09:45:20",236800
37200,100,4000,"bu","09:45:08",235800
37200,100,5000,"bu","09:44:40",231800
37150,50,100,"sd","09:44:30",226800
37150,50,200,"sd","09:44:16",226700
37150,50,200,"sd","09:44:16",226500
37150,50,400,"sd","09:43:13",226300
37150,50,3000,"sd","09:43:13",225900
37150,50,1000,"sd","09:43:13",222900
37200,100,100,"sd","09:43:13",221900
37200,100,1000,"sd","09:43:13",221800
37250,150,100,"bu","09:42:55",220800
37300,200,500,"bu","09:42:25",220700
37300,200,100,"bu","09:42:19",220200
37300,200,8600,"bu","09:41:49",220100
37300,200,200,"bu","09:41:49",211500
37200,100,1000,"sd","09:41:43",211300
37300,200,300,"bu","09:41:31",210300
37300,200,100,"bu","09:41:31",210000
37300,200,100,"bu","09:41:31",209900
37300,200,400,"bu","09:41:08",209800
37300,200,700,"bu","09:41:08",209400
37300,200,200,"bu","09:41:08",208700
37300,200,700,"bu","09:41:08",208500
37300,200,1300,"bu","09:40:45",207800
37300,200,100,"bu","09:40:45",206500
37300,200,600,"bu","09:40:45",206400
37300,200,200,"bu","09:40:41",205800
37300,200,500,"bu","09:40:41",205600
37300,200,1600,"bu","09:40:40",205100
37300,200,400,"bu","09:40:38",203500
37300,200,2600,"bu","09:40:38",203100
37300,200,1400,"bu","09:40:25",200500
37300,200,2000,"bu","09:40:25",199100
37300,200,900,"bu","09:40:25",197100
37250,150,200,"bu","09:40:25",196200
37250,150,500,"bu","09:40:25",196000
37200,100,200,"bu","09:40:18",195500
37200,100,100,"sd","09:40:06",195300
37100,0,100,"sd","09:39:55",195200
37100,0,7000,"sd","09:39:51",195100
37100,0,1500,"sd","09:39:51",188100
37100,0,5000,"sd","09:39:51",186600
37100,0,100,"sd","09:39:51",181600
37100,0,200,"sd","09:39:51",181500
37100,0,100,"sd","09:39:51",181300
37100,0,200,"sd","09:39:50",181200
37100,0,4800,"sd","09:39:50",181000
37200,100,1100,"sd","09:39:50",176200
37300,200,700,"bu","09:39:23",175100
37300,200,400,"bu","09:39:23",174400
37250,150,600,"bu","09:39:23",174000
37200,100,200,"bu","09:39:12",173400
37200,100,200,"bu","09:39:12",173200
37200,100,500,"bu","09:39:12",173000
37200,100,3000,"bu","09:39:12",172500
37200,100,1000,"bu","09:39:12",169500
37200,100,2000,"bu","09:39:00",168500
37100,0,200,"sd","09:38:12",166500
37100,0,300,"sd","09:38:12",166300
37100,0,200,"sd","09:37:57",166000
37200,100,200,"bu","09:37:48",165800
37200,100,2000,"bu","09:37:48",165600
37200,100,100,"bu","09:37:48",163600
37200,100,100,"bu","09:37:48",163500
37200,100,500,"bu","09:37:48",163400
37150,50,100,"bu","09:37:48",162900
37150,50,2000,"bu","09:37:48",162800
37150,50,300,"bu","09:37:48",160800
37150,50,200,"bu","09:37:48",160500
37150,50,300,"bu","09:37:48",160300
37150,50,100,"bu","09:37:43",160000
37150,50,100,"bu","09:37:29",159900
37100,0,100,"bu","09:37:11",159800
37100,0,400,"bu","09:37:11",159700
37100,0,100,"bu","09:36:25",159300
37100,0,300,"bu","09:36:13",159200
37100,0,100,"bu","09:36:06",158900
37100,0,10000,"bu","09:35:40",158800
37100,0,100,"bu","09:35:10",148800
37100,0,600,"sd","09:34:37",148700
37100,0,400,"bu","09:34:34",148100
37000,-100,500,"sd","09:34:30",147700
37100,0,4600,"bu","09:34:26",147200
37100,0,100,"bu","09:34:26",142600
37100,0,400,"bu","09:34:26",142500
37100,0,400,"bu","09:34:26",142100
37100,0,300,"bu","09:34:26",141700
37100,0,1000,"bu","09:34:26",141400
37100,0,1000,"bu","09:34:26",140400
37100,0,200,"bu","09:34:26",139400
37000,-100,700,"sd","09:33:32",139200
37000,-100,100,"sd","09:33:32",138500
37050,-50,200,"sd","09:33:32",138400
37050,-50,100,"bu","09:33:26",138200
37050,-50,200,"bu","09:33:26",138100
37050,-50,300,"bu","09:33:24",137900
37000,-100,100,"sd","09:33:12",137600
37000,-100,700,"sd","09:33:11",137500
37000,-100,2000,"bu","09:32:48",136800
37000,-100,500,"bu","09:32:48",134800
37000,-100,5000,"bu","09:32:48",134300
37000,-100,1500,"bu","09:32:48",129300
37000,-100,100,"bu","09:32:48",127800
37000,-100,400,"bu","09:32:45",127700
37000,-100,1000,"bu","09:32:45",127300
37000,-100,100,"bu","09:32:45",126300
36950,-150,500,"bu","09:32:45",126200
36950,-150,100,"bu","09:32:39",125700
36950,-150,400,"bu","09:32:39",125600
36950,-150,100,"bu","09:32:39",125200
36950,-150,100,"bu","09:32:38",125100
36950,-150,100,"bu","09:32:28",125000
36950,-150,300,"bu","09:32:14",124900
36950,-150,100,"bu","09:32:14",124600
36950,-150,100,"bu","09:32:11",124500
36950,-150,5000,"bu","09:32:10",124400
36950,-150,800,"sd","09:31:58",119400
36950,-150,100,"bu","09:31:55",118600
36950,-150,1100,"bu","09:31:55",118500
36950,-150,500,"bu","09:31:47",117400
36950,-150,500,"bu","09:31:46",116900
36950,-150,200,"sd","09:31:42",116400
36950,-150,200,"sd","09:31:40",116200
36950,-150,100,"sd","09:31:38",116000
36950,-150,100,"bu","09:31:22",115900
36950,-150,100,"bu","09:31:22",115800
36950,-150,300,"bu","09:31:22",115700
36950,-150,300,"bu","09:31:18",115400
36950,-150,1000,"bu","09:31:16",115100
36950,-150,600,"bu","09:31:02",114100
36950,-150,300,"bu","09:30:46",113500
36950,-150,5000,"bu","09:30:42",113200
36950,-150,400,"bu","09:30:38",108200
36950,-150,100,"bu","09:30:38",107800
36950,-150,100,"sd","09:30:36",107700
36950,-150,100,"sd","09:30:36",107600
36950,-150,200,"sd","09:30:36",107500
36950,-150,100,"sd","09:30:21",107300
36950,-150,100,"sd","09:30:21",107200
36950,-150,200,"sd","09:30:21",107100
36950,-150,600,"sd","09:30:21",106900
36950,-150,100,"sd","09:30:21",106300
36950,-150,100,"sd","09:30:21",106200
36950,-150,800,"sd","09:30:21",106100
36950,-150,200,"sd","09:29:58",105300
36950,-150,1000,"sd","09:29:58",105100
36950,-150,800,"sd","09:29:58",104100
36950,-150,200,"sd","09:28:40",103300
36950,-150,100,"sd","09:28:40",103100
36950,-150,100,"sd","09:28:40",103000
36950,-150,200,"sd","09:28:40",102900
36950,-150,100,"sd","09:28:40",102700
36950,-150,2200,"sd","09:28:40",102600
37000,-100,100,"sd","09:28:40",100400
37000,-100,900,"sd","09:28:37",100300
37000,-100,100,"sd","09:28:37",99400
37000,-100,100,"sd","09:28:37",99300
37000,-100,3000,"sd","09:28:37",99200
37000,-100,500,"sd","09:28:37",96200
37000,-100,1000,"sd","09:28:37",95700
37000,-100,100,"sd","09:28:37",94700
37000,-100,500,"sd","09:28:37",94600
37000,-100,1000,"sd","09:28:37",94100
37050,-50,100,"bu","09:28:18",93100
37050,-50,2900,"bu","09:28:18",93000
37050,-50,100,"bu","09:27:55",90100
37050,-50,200,"sd","09:27:20",90000
37050,-50,300,"sd","09:27:15",89800
37100,0,600,"bu","09:26:59",89500
37050,-50,100,"bu","09:26:47",88900
37050,-50,300,"bu","09:26:47",88800
37050,-50,400,"bu","09:26:47",88200
37050,-50,300,"bu","09:26:47",88500
37000,-100,400,"bu","09:26:47",87800
37000,-100,100,"sd","09:26:40",87400
37000,-100,1000,"sd","09:26:40",87300
37000,-100,1000,"sd","09:26:40",86300
37000,-100,2500,"sd","09:26:40",85300
37000,-100,400,"sd","09:26:30",82800
37000,-100,100,"sd","09:26:13",82400
37000,-100,1000,"sd","09:25:59",82300
37000,-100,600,"sd","09:25:58",81300
37000,-100,800,"sd","09:25:42",80700
37000,-100,200,"sd","09:25:42",79900
37100,0,200,"bu","09:25:41",79700
37100,0,1000,"bu","09:25:18",79500
37000,-100,100,"bu","09:25:15",78500
37000,-100,100,"sd","09:25:08",78400
37000,-100,2300,"sd","09:25:08",78300
37000,-100,100,"sd","09:24:51",76000
37000,-100,100,"sd","09:24:48",75900
37000,-100,500,"sd","09:24:45",75800
37000,-100,500,"sd","09:24:36",75300
37000,-100,1000,"sd","09:24:22",74800
37000,-100,400,"sd","09:23:55",73800
37000,-100,100,"sd","09:23:50",73400
37000,-100,900,"sd","09:23:50",73300
37000,-100,100,"bu","09:23:42",72400
36950,-150,800,"sd","09:23:41",72300
36950,-150,200,"sd","09:23:41",71500
37000,-100,200,"sd","09:23:37",71300
37000,-100,100,"sd","09:23:37",71100
37000,-100,400,"sd","09:23:37",71000
37000,-100,100,"sd","09:23:33",70600
37000,-100,100,"sd","09:23:33",70500
37000,-100,3000,"sd","09:23:33",70400
37000,-100,500,"sd","09:23:33",67400
37000,-100,500,"sd","09:23:33",66900
37000,-100,1000,"sd","09:23:33",66400
37000,-100,2000,"sd","09:23:33",65400
37100,0,7000,"bu","09:23:26",63400
37100,0,200,"bu","09:23:26",56400
37100,0,500,"bu","09:23:26",56200
37100,0,2000,"bu","09:23:26",55700
37100,0,300,"bu","09:23:26",53700
37000,-100,100,"sd","09:23:17",53400
37000,-100,100,"sd","09:23:17",53300
37000,-100,200,"sd","09:23:06",53200
37000,-100,600,"sd","09:22:28",53000
37000,-100,400,"sd","09:22:28",52400
37000,-100,2000,"sd","09:22:27",52000
37000,-100,100,"sd","09:22:27",50000
37000,-100,100,"sd","09:22:27",49900
37000,-100,200,"sd","09:22:25",49800
37000,-100,500,"sd","09:22:22",49600
37000,-100,200,"sd","09:22:12",49100
37000,-100,200,"sd","09:22:12",48900
37000,-100,200,"sd","09:22:12",48700
37000,-100,500,"sd","09:22:12",48500
37000,-100,200,"sd","09:22:12",48000
37000,-100,100,"sd","09:22:12",47800
37000,-100,100,"sd","09:22:12",47700
37000,-100,3500,"sd","09:22:12",47600
37000,-100,100,"sd","09:21:55",44100
37100,0,100,"sd","09:21:19",44000
37000,-100,600,"sd","09:21:06",43900
37100,0,400,"sd","09:21:06",43300
37100,0,2600,"sd","09:21:05",42900
37100,0,400,"sd","09:21:05",40300
37100,0,100,"sd","09:21:00",39900
37100,0,300,"sd","09:21:00",39800
37100,0,1000,"sd","09:21:00",39500
37100,0,900,"sd","09:21:00",38500
37100,0,600,"sd","09:20:57",37600
37100,0,1500,"sd","09:20:57",37000
37100,0,100,"sd","09:20:57",35500
37100,0,100,"sd","09:20:57",35400
37100,0,900,"sd","09:20:33",35300
37100,0,100,"sd","09:20:33",34400
37150,50,100,"sd","09:20:28",34300
37150,50,100,"sd","09:20:28",34200
37200,100,100,"bu","09:20:02",34100
37200,100,1000,"bu","09:19:46",34000
37200,100,100,"sd","09:19:38",33000
37200,100,100,"sd","09:19:38",32900
37200,100,300,"sd","09:19:38",32800
37200,100,100,"sd","09:19:38",32500
37200,100,100,"sd","09:19:38",32400
37200,100,500,"sd","09:19:38",32300
37200,100,400,"sd","09:19:38",31800
37200,100,3000,"sd","09:19:20",31400
37200,100,100,"sd","09:19:11",28400
37250,150,100,"bu","09:19:06",28300
37250,150,200,"bu","09:19:06",28200
37200,100,700,"sd","09:19:02",28000
37200,100,500,"sd","09:18:49",27300
37200,100,1000,"sd","09:18:49",26800
37200,100,300,"sd","09:18:49",25800
37200,100,200,"sd","09:18:49",25500
37300,200,200,"bu","09:18:16",25300
37200,100,1000,"sd","09:18:16",25100
37300,200,200,"bu","09:17:47",24100
37200,100,400,"sd","09:17:37",23900
37300,200,2000,"bu","09:17:32",23500
37300,200,100,"bu","09:17:20",21500
37300,200,400,"bu","09:17:20",21400
37300,200,100,"bu","09:17:13",21000
37300,200,100,"sd","09:17:10",20900
37300,200,200,"sd","09:17:10",20800
37300,200,200,"sd","09:17:09",20600
37300,200,500,"sd","09:16:47",20400
37300,200,100,"bu","09:16:44",19900
37200,100,300,"sd","09:16:43",19800
37200,100,100,"bu","09:16:14",19500
37200,100,100,"bu","09:15:59",19400
37150,50,900,"bu","09:15:59",19300
37150,50,100,"sd","09:15:35",18400
37100,0,600,"sd","09:15:30",18300
37150,50,800,"sd","09:15:30",17700
37150,50,200,"bu","09:15:26",16900
37100,0,16700,"sd","09:14:59",16700
