"price","change","match_qtty","side","time","total_vol"
10400,400,42600,"bu","14:45:01",677600
10400,400,100,"bu","14:30:00",635000
10400,400,4400,"bu","14:29:48",634900
10400,400,5000,"bu","14:29:35",630500
10300,300,3100,"sd","14:23:09",625500
10300,300,5000,"bu","14:23:02",622400
10300,300,2000,"bu","14:22:30",617400
10300,300,100,"bu","14:21:11",615400
10300,300,900,"bu","14:20:01",615300
10300,300,100,"bu","14:19:41",614400
10300,300,800,"bu","14:18:50",614300
10200,200,6400,"sd","14:18:07",613500
10300,300,500,"sd","14:17:33",607100
10300,300,5000,"bu","14:17:22",606600
10200,200,2500,"unknown","14:16:56",601600
10200,200,1000,"bu","14:16:54",599100
10200,200,500,"bu","14:16:48",598100
10200,200,100,"bu","14:16:33",597600
10200,200,1000,"bu","14:16:21",597500
10100,100,300,"unknown","14:16:02",596500
10000,0,2200,"sd","14:15:46",596200
10000,0,200,"sd","14:15:45",594000
10100,100,500,"bu","14:15:30",593800
10100,100,2000,"bu","14:15:15",593300
10100,100,33000,"sd","14:15:07",591300
10200,200,2000,"bu","14:14:54",558300
10200,200,200,"bu","14:13:14",556300
10200,200,29200,"bu","14:13:05",556100
10200,200,13200,"sd","14:12:53",526900
10200,200,2000,"sd","14:12:36",513700
10300,300,7100,"bu","14:12:19",511700
10300,300,500,"sd","14:12:13",504600
10300,300,7300,"sd","14:11:59",504100
10300,300,300,"sd","14:09:26",496800
10300,300,1000,"sd","14:07:53",496500
10300,300,10000,"sd","14:06:31",495500
10400,400,1000,"bu","14:04:11",485500
10400,400,1000,"bu","13:59:44",484500
10400,400,100,"bu","13:57:26",483500
10300,300,3700,"sd","13:56:08",483400
10300,300,800,"sd","13:51:47",479700
10300,300,700,"sd","13:51:41",478900
10300,300,200,"sd","13:50:15",478200
10300,300,300,"sd","13:48:52",478000
10300,300,100,"sd","13:48:09",477700
10300,300,2000,"sd","13:47:59",477600
10300,300,300,"sd","13:47:47",475600
10300,300,200,"sd","13:47:30",475300
10400,400,1700,"sd","13:40:50",475100
10400,400,2000,"sd","13:39:56",473400
10400,400,1000,"sd","13:39:37",471400
10400,400,100,"sd","13:37:33",470400
10400,400,400,"sd","13:36:32",470300
10400,400,200,"sd","13:32:53",469900
10400,400,3000,"sd","13:32:15",469700
10400,400,3400,"sd","13:31:30",466700
10400,400,200,"sd","13:31:22",463300
10400,400,500,"sd","13:30:57",463100
10400,400,2000,"sd","13:30:54",462600
10400,400,5000,"sd","13:28:58",460600
10500,500,100,"bu","13:28:47",455600
10400,400,10000,"sd","13:28:02",455500
10400,400,1200,"sd","13:25:22",445500
10500,500,6000,"bu","13:24:59",444300
10400,400,100,"sd","13:23:46",438300
10400,400,500,"sd","13:23:34",438200
10400,400,1400,"sd","13:22:41",437700
10400,400,400,"sd","13:17:19",436300
10400,400,1000,"sd","13:16:40",435900
10500,500,100,"bu","13:15:46",434900
10400,400,2600,"bu","13:15:11",434800
10400,400,1800,"sd","13:14:44",432200
10400,400,3200,"sd","13:13:59",430400
10400,400,100,"bu","13:13:16",427200
10400,400,500,"sd","13:13:09",427100
10400,400,7300,"bu","13:12:45",426600
10400,400,1700,"bu","13:12:39",419300
10400,400,1000,"bu","13:11:18",417600
10400,400,1000,"bu","13:10:56",416600
10300,300,1000,"bu","13:10:33",415600
10300,300,3000,"bu","13:10:20",414600
10300,300,12000,"sd","13:09:53",411600
10300,300,500,"sd","13:08:35",399600
10300,300,15200,"bu","13:08:26",399100
10300,300,100,"bu","13:08:23",383900
10300,300,3900,"sd","13:07:52",383800
10300,300,200,"sd","13:07:50",379900
10300,300,4300,"sd","13:07:37",379700
10400,400,800,"bu","13:05:34",375400
10400,400,2200,"bu","13:03:32",374600
10400,400,1000,"bu","13:03:31",372400
10400,400,1700,"bu","13:02:54",371400
10400,400,1000,"sd","13:02:43",369700
10400,400,3000,"sd","13:01:37",368700
10400,400,2500,"sd","13:01:21",365700
10400,400,2100,"sd","13:00:10",363200
10400,400,1000,"sd","13:00:08",361100
10400,400,2500,"sd","13:00:07",360100
10400,400,15300,"sd","13:00:05",357600
10400,400,500,"sd","11:29:33",342300
10500,500,100,"bu","11:24:05",341800
10500,500,2200,"bu","11:23:29",341700
10500,500,1700,"bu","11:23:14",339500
10500,500,3400,"bu","11:22:31",337800
10500,500,500,"bu","11:19:17",334400
10500,500,100,"bu","11:10:12",333900
10400,400,2600,"sd","11:10:07",333800
10500,500,200,"bu","11:04:18",331200
10500,500,1600,"bu","11:02:55",331000
10500,500,400,"bu","11:00:03",329400
10400,400,1800,"sd","10:59:24",329000
10500,500,1000,"bu","10:58:50",327200
10500,500,2200,"sd","10:56:04",326200
10500,500,500,"sd","10:55:02",324000
10500,500,10000,"sd","10:54:44",323500
10600,600,4000,"bu","10:54:23",313500
10500,500,500,"sd","10:49:20",309500
10500,500,100,"sd","10:47:42",309000
10500,500,2000,"sd","10:45:49",308900
10500,500,500,"sd","10:45:13",306900
10500,500,1000,"sd","10:45:07",306400
10500,500,500,"sd","10:44:30",305400
10500,500,300,"sd","10:43:09",304900
10500,500,400,"sd","10:41:39",304600
10500,500,9600,"sd","10:41:18",304200
10500,500,800,"sd","10:40:23",294600
10500,500,9700,"sd","10:39:14",293800
10500,500,800,"sd","10:33:42",284100
10600,600,1000,"bu","10:27:19",283300
10500,500,5000,"sd","10:20:35",282300
10500,500,100,"bu","10:18:24",277300
10500,500,400,"bu","10:17:23",277200
10500,500,6400,"bu","10:17:22",276800
10500,500,600,"sd","10:16:03",270400
10400,400,500,"sd","10:08:30",269800
10400,400,1700,"sd","10:07:32",269300
10400,400,2000,"bu","10:06:33",267600
10400,400,4000,"bu","10:06:18",265600
10400,400,300,"sd","10:06:11",261600
10500,500,26600,"bu","10:06:10",261300
10600,600,25500,"bu","10:05:54",234700
10600,600,2300,"sd","10:04:42",209200
10600,600,100,"sd","10:04:21",206900
10700,700,2500,"bu","09:57:10",206800
10700,700,900,"bu","09:57:01",204300
10700,700,1600,"sd","09:54:39",203400
10700,700,1000,"sd","09:54:31",201800
10700,700,2400,"sd","09:53:17",200800
10700,700,1100,"bu","09:52:25",198400
10700,700,5000,"sd","09:51:49",197300
10700,700,5000,"sd","09:50:46",192300
10700,700,500,"sd","09:50:18",187300
10700,700,100,"sd","09:49:26",186800
10800,800,5000,"bu","09:48:28",186700
10800,800,1600,"sd","09:47:29",181700
10800,800,2900,"sd","09:47:06",180100
10800,800,100,"bu","09:46:36",177200
10800,800,500,"bu","09:46:24",177100
10800,800,2700,"bu","09:46:12",176600
10800,800,1000,"bu","09:45:30",173900
10800,800,400,"sd","09:45:17",172900
10800,800,3000,"sd","09:45:01",172500
10900,900,100,"bu","09:43:44",169500
10800,800,900,"sd","09:43:31",169400
10700,700,500,"sd","09:42:55",168500
10800,800,200,"bu","09:42:36",168000
10800,800,1000,"bu","09:42:34",167800
10700,700,200,"sd","09:42:23",166800
10800,800,200,"bu","09:42:19",166600
10800,800,1000,"bu","09:41:45",166400
10800,800,100,"sd","09:40:53",165400
10800,800,200,"sd","09:40:46",165300
10800,800,700,"bu","09:40:37",165100
10800,800,1000,"bu","09:40:33",164400
10800,800,1000,"bu","09:40:25",163400
10800,800,2000,"bu","09:40:01",162400
10800,800,1900,"bu","09:39:46",160400
10800,800,100,"bu","09:39:19",158500
10800,800,200,"bu","09:39:07",158400
10600,600,1000,"sd","09:38:39",158200
10700,700,4500,"bu","09:38:24",157200
10600,600,200,"sd","09:38:15",152700
10600,600,1100,"sd","09:38:04",152500
10600,600,1000,"bu","09:37:52",151400
10600,600,1100,"bu","09:37:31",150400
10500,500,7600,"bu","09:35:35",149300
10400,400,7700,"bu","09:35:21",141700
10400,400,3000,"bu","09:35:02",134000
10300,300,600,"bu","09:33:22",131000
10300,300,2000,"bu","09:33:16",130400
10200,200,4900,"bu","09:32:45",128400
10200,200,5000,"bu","09:32:38",123500
10200,200,29700,"bu","09:32:32",118500
10200,200,10000,"bu","09:32:28",88800
10100,100,100,"sd","09:29:30",78800
10100,100,4000,"sd","09:29:14",78700
10100,100,100,"sd","09:28:44",74700
10100,100,1000,"sd","09:28:38",74600
10100,100,2000,"sd","09:27:09",73600
10200,200,400,"bu","09:27:02",71600
10200,200,600,"sd","09:26:50",71200
10200,200,1400,"bu","09:26:28",70600
10200,200,400,"sd","09:25:49",69200
10200,200,900,"sd","09:25:44",68800
10200,200,900,"sd","09:25:43",67900
10200,200,900,"sd","09:25:40",67000
10200,200,900,"sd","09:25:38",66100
10200,200,900,"sd","09:25:36",65200
10200,200,900,"sd","09:25:35",64300
10200,200,900,"sd","09:25:34",63400
10200,200,1000,"sd","09:25:01",62500
10200,200,1000,"sd","09:24:55",61500
10200,200,1000,"sd","09:24:53",60500
10200,200,500,"sd","09:24:49",59500
10200,200,500,"sd","09:24:48",59000
10200,200,1000,"sd","09:24:25",58500
10300,300,100,"bu","09:23:45",57500
10300,300,2000,"bu","09:23:08",57400
10300,300,1000,"bu","09:22:53",55400
10300,300,300,"bu","09:22:34",54400
10300,300,500,"bu","09:22:20",54100
10300,300,2000,"bu","09:21:53",53600
10300,300,100,"bu","09:21:21",51600
10300,300,100,"bu","09:21:11",51500
10300,300,2000,"bu","09:20:58",51400
10300,300,100,"bu","09:20:50",49400
10300,300,100,"bu","09:20:04",49300
10300,300,1200,"sd","09:19:29",49200
10300,300,3000,"sd","09:19:19",48000
10300,300,7600,"sd","09:19:12",45000
10300,300,1000,"sd","09:18:54",37400
10300,300,4900,"sd","09:18:36",36400
10300,300,1000,"sd","09:18:28",31500
10400,400,1000,"bu","09:18:20",30500
10400,400,3600,"bu","09:17:36",29500
10400,400,2000,"sd","09:17:05",25900
10500,500,2500,"bu","09:16:29",23900
10500,500,500,"sd","09:15:33",21400
10500,500,4000,"bu","09:15:24",20900
10500,500,100,"bu","09:14:56",16900
10500,500,300,"sd","09:12:41",16800
10500,500,1000,"sd","09:12:18",16500
10600,600,1000,"unknown","09:09:44",15500
10600,600,600,"sd","09:09:02",14500
10600,600,6000,"unknown","09:06:40",13900
10200,200,1100,"sd","09:05:30",7900
10200,200,4800,"sd","09:05:03",6800
10200,200,1700,"bu","09:04:40",2000
10000,0,300,"sd","09:04:01",300
