"price","change","match_qtty","side","time","total_vol"
31350,-50,161900,"unknown","14:45:02",693800
31450,50,2000,"bu","14:29:32",531900
31400,0,1300,"bu","14:29:24",529900
31400,0,5000,"bu","14:29:18",528600
31400,0,200,"bu","14:29:12",523600
31400,0,300,"bu","14:29:12",523400
31400,0,3500,"bu","14:29:10",523100
31400,0,1200,"bu","14:26:55",519600
31400,0,2600,"bu","14:26:55",518400
31400,0,2000,"bu","14:26:40",515800
31350,-50,1300,"bu","14:25:36",513800
31350,-50,2800,"bu","14:25:25",512500
31350,-50,600,"bu","14:25:14",509700
31350,-50,2500,"bu","14:25:07",509100
31350,-50,500,"bu","14:24:26",506600
31350,-50,2300,"sd","14:24:14",506100
31400,0,1400,"bu","14:23:33",503800
31400,0,100,"bu","14:23:33",502400
31350,-50,500,"sd","14:22:58",502300
31350,-50,1700,"bu","14:22:49",501800
31350,-50,2600,"bu","14:22:43",500100
31350,-50,3200,"sd","14:22:25",497500
31400,0,2500,"bu","14:22:15",494300
31400,0,2800,"bu","14:21:52",491800
31350,-50,4100,"bu","14:21:30",489000
31350,-50,3500,"bu","14:21:20",484900
31350,-50,900,"bu","14:21:13",481400
31350,-50,500,"bu","14:21:13",480500
31350,-50,2600,"bu","14:21:03",480000
31350,-50,1400,"bu","14:20:52",477400
31350,-50,1100,"bu","14:20:52",476000
31350,-50,1400,"bu","14:20:36",474900
31350,-50,600,"bu","14:20:36",473500
31350,-50,2500,"bu","14:19:16",472900
31300,-100,1800,"sd","14:18:37",470400
31300,-100,2400,"sd","14:18:37",468600
31300,-100,800,"sd","14:18:37",466200
31350,-50,1500,"bu","14:18:24",465400
31350,-50,2800,"sd","14:18:13",463900
31350,-50,100,"sd","14:18:13",461100
31400,0,3500,"bu","14:17:38",461000
31350,-50,2400,"bu","14:17:10",457500
31350,-50,5000,"bu","14:17:03",455100
31350,-50,1100,"bu","14:16:57",450100
31350,-50,900,"bu","14:16:57",449000
31350,-50,2600,"bu","14:16:48",448100
31350,-50,2500,"bu","14:16:40",445500
31350,-50,1100,"bu","14:16:40",443000
31350,-50,1600,"bu","14:16:31",441900
31300,-100,1200,"sd","14:16:19",440300
31300,-100,800,"sd","14:16:19",439100
31350,-50,600,"bu","14:16:00",438300
31350,-50,2400,"bu","14:15:54",437700
31350,-50,1200,"bu","14:15:40",435300
31350,-50,1600,"sd","14:15:34",434100
31400,0,1100,"bu","14:15:23",432500
31400,0,1200,"bu","14:15:23",431400
31400,0,1800,"bu","14:15:12",430200
31400,0,2500,"bu","14:15:12",428400
31400,0,700,"bu","14:15:12",425900
31400,0,3000,"bu","14:15:08",425200
31400,0,2500,"bu","14:15:04",422200
31350,-50,3400,"bu","14:14:50",419700
31350,-50,2800,"bu","14:14:44",416300
31300,-100,500,"sd","14:12:56",413500
31300,-100,300,"sd","14:11:57",413000
31350,-50,2300,"bu","14:08:52",412700
31350,-50,200,"bu","14:08:52",410400
31350,-50,3400,"bu","14:08:13",410200
31350,-50,1400,"bu","14:08:07",406800
31350,-50,100,"bu","14:08:07",405400
31300,-100,4400,"bu","14:07:54",405300
31300,-100,100,"bu","14:07:47",400900
31300,-100,1600,"bu","14:07:47",400800
31300,-100,2600,"bu","14:07:39",399200
31250,-150,500,"sd","14:07:18",396600
31300,-100,2200,"bu","14:07:04",396100
31300,-100,1800,"sd","14:05:26",393900
31300,-100,1800,"sd","14:05:26",392100
31350,-50,2000,"bu","14:05:15",390300
31300,-100,700,"sd","14:04:35",388300
31300,-100,2400,"sd","14:04:35",387600
31350,-50,2500,"bu","14:02:27",385200
31300,-100,100,"bu","14:01:58",382700
31300,-100,3000,"sd","14:01:37",382600
31300,-100,300,"sd","14:01:37",379600
31300,-100,2600,"sd","14:01:37",379300
31350,-50,1200,"bu","14:01:26",376700
31350,-50,700,"sd","14:00:52",375500
31350,-50,300,"sd","14:00:35",374800
31350,-50,1800,"sd","14:00:35",374500
31350,-50,400,"sd","14:00:35",372700
31400,0,2500,"bu","14:00:22",372300
31400,0,1300,"sd","13:59:56",369800
31450,50,2500,"bu","13:59:42",368500
31450,50,2500,"bu","13:54:32",366000
31450,50,400,"bu","13:53:50",363500
31450,50,2200,"bu","13:53:50",363100
31450,50,1500,"bu","13:53:36",360900
31400,0,900,"bu","13:52:00",359400
31400,0,2900,"bu","13:51:50",358500
31400,0,100,"bu","13:51:50",355600
31400,0,3000,"bu","13:48:13",355500
31400,0,2700,"bu","13:48:08",352500
31400,0,2500,"bu","13:47:39",349800
31350,-50,2600,"sd","13:47:33",347300
31350,-50,400,"sd","13:47:33",344700
31350,-50,1600,"sd","13:47:23",344300
31400,0,1500,"bu","13:47:05",342700
31400,0,200,"sd","13:46:00",341200
31400,0,2300,"sd","13:45:54",341000
31400,0,700,"sd","13:45:54",338700
31450,50,500,"bu","13:45:21",338000
31450,50,800,"bu","13:44:12",337500
31450,50,500,"bu","13:44:12",336700
31450,50,2300,"bu","13:43:55",336200
31450,50,2500,"bu","13:39:38",333900
31450,50,100,"bu","13:39:28",331400
31450,50,1800,"bu","13:37:14",331300
31450,50,800,"bu","13:35:46",329500
31450,50,800,"bu","13:35:46",328700
31400,0,1800,"bu","13:35:33",327900
31400,0,3200,"sd","13:29:26",326100
31400,0,300,"sd","13:27:41",322900
31400,0,400,"sd","13:25:49",322600
31450,50,2200,"bu","13:24:07",322200
31450,50,500,"bu","13:24:07",320000
31450,50,2300,"bu","13:24:00",319500
31450,50,1800,"bu","13:23:51",317200
31400,0,1100,"bu","13:21:00",315400
31400,0,2200,"bu","13:20:49",314300
31400,0,1800,"bu","13:15:40",312100
31400,0,900,"bu","13:15:19",310300
31400,0,1600,"bu","13:15:19",309400
31350,-50,1000,"sd","13:14:03",307800
31350,-50,1500,"sd","13:14:03",306800
31400,0,2000,"bu","13:07:49",305300
31400,0,2400,"bu","13:07:42",303300
31400,0,100,"bu","13:07:42",300900
31400,0,4900,"sd","13:01:32",300800
31400,0,2000,"sd","13:01:19",295800
31400,0,100,"sd","13:01:19",295900
31400,0,1700,"sd","13:01:19",293800
31450,50,1400,"bu","11:29:32",292100
31450,50,600,"bu","11:29:32",290700
31400,0,3000,"bu","11:29:20",290100
31400,0,300,"bu","11:29:20",287100
31400,0,2500,"bu","11:29:17",286800
31350,-50,200,"sd","11:29:09",284300
31350,-50,400,"sd","11:29:09",284100
31400,0,1800,"sd","11:28:57",283700
31400,0,400,"sd","11:28:57",281900
31450,50,2900,"bu","11:28:40",281500
31450,50,700,"bu","11:28:40",278600
31450,50,1800,"bu","11:28:35",277900
31450,50,2800,"bu","11:28:03",276100
31400,0,5000,"bu","11:27:49",273300
31400,0,600,"bu","11:27:49",268300
31400,0,2500,"bu","11:27:44",267700
31400,0,500,"bu","11:25:16",265200
31400,0,2000,"sd","11:18:38",264700
31400,0,1200,"sd","11:18:38",262700
31450,50,2000,"bu","11:14:02",261500
31450,50,2700,"sd","11:13:13",259500
31500,100,100,"bu","11:12:26",256800
31500,100,1400,"bu","11:12:26",256700
31500,100,3500,"bu","11:12:18",255300
31450,50,5000,"bu","11:12:14",251800
31450,50,100,"bu","11:12:14",246800
31450,50,200,"bu","11:12:14",246700
31450,50,3300,"bu","11:12:09",246500
31450,50,2300,"bu","11:12:09",243200
31450,50,2600,"bu","11:12:00",240900
31400,0,800,"sd","11:10:06",238300
31400,0,1200,"sd","11:10:06",237500
31450,50,100,"bu","11:09:56",236300
31450,50,1900,"bu","11:09:56",236200
31450,50,2600,"bu","11:09:50",234300
31450,50,100,"bu","11:09:50",231700
31450,50,5000,"bu","11:09:45",231600
31400,0,100,"sd","11:09:18",226600
31400,0,3200,"bu","11:07:08",226500
31350,-50,200,"sd","11:06:47",223300
31350,-50,100,"sd","11:06:47",223100
31350,-50,1400,"sd","11:06:47",223000
31350,-50,800,"sd","11:06:47",221600
31400,0,3000,"sd","11:06:38",220800
31400,0,200,"sd","11:06:38",217800
31400,0,1600,"sd","11:06:38",217600
31450,50,1500,"bu","11:04:44",216000
31400,0,1400,"sd","11:04:37",214500
31400,0,1200,"sd","11:04:37",213100
31400,0,2400,"sd","11:04:37",211900
31450,50,3400,"sd","11:04:26",209500
31500,100,600,"bu","11:00:11",206100
31450,50,1600,"bu","11:00:01",205500
31450,50,1600,"bu","10:59:48",203900
31450,50,2800,"bu","10:59:43",202300
31450,50,2500,"sd","10:54:37",199500
31500,100,1900,"bu","10:54:30",197000
31500,100,2500,"bu","10:54:24",195100
31450,50,300,"sd","10:51:06",192600
31450,50,500,"sd","10:47:07",192300
31450,50,5200,"bu","10:45:52",191800
31450,50,2000,"bu","10:45:46",186600
31450,50,2500,"sd","10:44:18",184600
31450,50,300,"sd","10:44:18",182100
31500,100,4500,"bu","10:44:11",181800
31500,100,2600,"bu","10:44:00",177300
31500,100,3000,"bu","10:35:25",174700
31500,100,2000,"bu","10:35:25",171700
31450,50,6000,"bu","10:35:16",169700
31450,50,700,"bu","10:35:16",163700
31450,50,2500,"bu","10:35:08",163000
31450,50,1600,"bu","10:35:02",160500
31450,50,3700,"sd","10:34:51",158900
31500,100,100,"bu","10:29:42",155200
31500,100,1600,"bu","10:27:46",155100
31500,100,2300,"bu","10:27:40",153500
31500,100,400,"bu","10:27:40",151200
31500,100,200,"bu","10:27:35",150800
31500,100,1400,"bu","10:27:35",150600
31500,100,2500,"bu","10:27:28",149200
31500,100,100,"bu","10:27:28",146700
31500,100,1600,"bu","10:17:25",146600
31500,100,2800,"bu","10:17:19",145000
31500,100,2400,"bu","10:13:53",142200
31500,100,1600,"bu","10:13:47",139800
31500,100,3500,"bu","10:13:41",138200
31450,50,4300,"bu","10:05:30",134700
31450,50,2600,"bu","10:05:24",130400
31450,50,1600,"bu","09:58:17",127800
31450,50,700,"bu","09:58:17",126200
31450,50,3000,"bu","09:58:10",125500
31400,0,3600,"bu","09:57:55",122500
31400,0,2400,"sd","09:57:49",118900
31450,50,2500,"bu","09:57:36",116500
31450,50,3000,"bu","09:56:54",114000
31450,50,1600,"bu","09:56:47",111000
31450,50,2800,"bu","09:56:39",109400
31450,50,1400,"bu","09:51:34",106600
31450,50,200,"bu","09:51:34",105200
31450,50,3400,"bu","09:51:02",105000
31450,50,2400,"bu","09:50:53",101600
31450,50,400,"bu","09:50:53",99200
31450,50,1600,"bu","09:50:47",98800
31450,50,1300,"bu","09:46:30",97200
31450,50,2500,"bu","09:46:23",95900
31450,50,2600,"bu","09:45:01",93400
31450,50,1600,"bu","09:44:46",90800
31450,50,200,"bu","09:44:46",89200
31400,0,3600,"bu","09:44:29",89000
31400,0,2800,"bu","09:42:11",85400
31350,-50,1000,"sd","09:41:53",82600
31400,0,1500,"bu","09:41:47",81600
31400,0,1600,"bu","09:41:32",80100
31400,0,3600,"bu","09:41:23",78500
31400,0,1900,"bu","09:41:16",74900
31400,0,900,"bu","09:41:16",73000
31400,0,3800,"bu","09:39:39",72100
31400,0,1800,"bu","09:39:33",68300
31400,0,3500,"bu","09:39:25",66500
31400,0,300,"bu","09:39:25",63000
31400,0,2500,"sd","09:36:16",62700
31450,50,3600,"bu","09:36:02",60200
31450,50,1800,"bu","09:35:57",56600
31400,0,3500,"bu","09:35:52",54800
31400,0,2500,"bu","09:35:47",51300
31400,0,300,"bu","09:35:47",48800
31400,0,3500,"sd","09:32:37",48500
31400,0,100,"sd","09:32:37",45000
31450,50,400,"bu","09:32:23",44900
31450,50,200,"bu","09:32:23",44500
31450,50,2000,"bu","09:32:18",44300
31450,50,800,"bu","09:32:11",42300
31450,50,1800,"bu","09:32:11",41500
31450,50,1200,"bu","09:31:21",39700
31450,50,1400,"bu","09:31:21",38500
31400,0,8500,"sd","09:31:05",37100
31450,50,1800,"bu","09:30:52",28600
31450,50,1800,"bu","09:24:09",26800
31450,50,1000,"bu","09:24:04",25000
31450,50,100,"bu","09:24:04",24000
31450,50,1900,"bu","09:24:04",23900
31450,50,1800,"bu","09:23:59",22000
31400,0,2000,"sd","09:22:40",20200
31450,50,2000,"bu","09:22:22",18200
31450,50,2800,"bu","09:21:17",16200
31400,0,500,"bu","09:18:31",13400
31400,0,12900,"bu","09:15:01",12900
