"price","change","match_qtty","side","time","total_vol"
3290,-10,46100,"bu","14:45:01",484400
3300,0,3000,"bu","14:29:02",438300
3300,0,100,"bu","14:27:38",435300
3300,0,500,"bu","14:27:18",435200
3300,0,5000,"bu","14:27:18",434700
3300,0,900,"bu","14:27:18",429700
3290,-10,4200,"bu","14:27:18",428800
3290,-10,800,"sd","14:27:15",424600
3290,-10,1000,"sd","14:27:10",423800
3290,-10,2600,"bu","14:26:38",422800
3290,-10,600,"bu","14:26:38",420200
3250,-50,100,"sd","14:26:16",419600
3270,-30,1000,"bu","14:25:13",419500
3240,-60,1500,"bu","14:24:49",418500
3240,-60,100,"bu","14:24:29",417000
3240,-60,200,"sd","14:24:24",416900
3240,-60,400,"sd","14:24:24",416700
3270,-30,100,"bu","14:24:05",416300
3240,-60,1000,"bu","14:23:19",416200
3240,-60,13700,"bu","14:23:19",415200
3240,-60,1600,"bu","14:23:03",401500
3240,-60,400,"bu","14:22:44",399900
3240,-60,200,"bu","14:22:32",399500
3220,-80,200,"sd","14:18:25",399300
3220,-80,800,"sd","14:18:25",399100
3240,-60,3100,"bu","14:17:55",398300
3240,-60,100,"bu","14:17:51",395200
3240,-60,200,"bu","14:16:54",395100
3240,-60,200,"bu","14:16:40",394900
3240,-60,500,"bu","14:16:05",394700
3230,-70,200,"bu","14:15:40",394200
3230,-70,100,"bu","14:15:40",394000
3230,-70,100,"bu","14:14:42",393900
3220,-80,100,"bu","14:14:27",393800
3220,-80,9500,"bu","14:14:27",393700
3200,-100,100,"sd","14:14:05",384200
3200,-100,100,"sd","14:14:05",384100
3210,-90,200,"sd","14:14:05",384000
3210,-90,100,"sd","14:14:05",383800
3210,-90,300,"sd","14:14:05",383700
3210,-90,200,"sd","14:14:05",383400
3210,-90,1000,"sd","14:12:59",383200
3210,-90,1000,"sd","14:12:59",382200
3210,-90,2000,"sd","14:12:59",381200
3210,-90,100,"sd","14:12:59",379200
3210,-90,2900,"sd","14:12:59",379100
3210,-90,100,"sd","14:12:46",376200
3220,-80,1000,"bu","14:12:33",376100
3220,-80,200,"sd","14:12:18",375100
3220,-80,500,"sd","14:12:18",374900
3220,-80,100,"sd","14:12:18",374400
3220,-80,1000,"sd","14:12:18",374300
3220,-80,100,"sd","14:12:18",373300
3220,-80,100,"sd","14:12:18",373200
3220,-80,3300,"sd","14:12:18",373100
3220,-80,100,"sd","14:12:18",369800
3230,-70,4100,"sd","14:12:18",369700
3230,-70,900,"sd","14:12:03",365600
3230,-70,200,"sd","14:12:03",364700
3240,-60,1000,"sd","14:11:17",364500
3240,-60,1200,"sd","14:11:17",363500
3250,-50,400,"sd","14:11:17",362300
3250,-50,500,"sd","14:11:17",361900
3280,-20,100,"sd","14:08:39",361400
3290,-10,100,"sd","14:06:51",361300
3290,-10,100,"sd","14:06:43",361200
3300,0,2100,"bu","13:56:41",361100
3300,0,3000,"bu","13:56:41",359000
3300,0,400,"bu","13:56:41",356000
3300,0,1300,"bu","13:56:41",355600
3300,0,3200,"bu","13:56:41",354300
3300,0,200,"sd","13:52:28",351100
3300,0,1600,"sd","13:52:28",350900
3310,10,200,"bu","13:49:57",349300
3300,0,5000,"bu","13:49:28",349100
3300,0,1000,"bu","13:49:28",344100
3300,0,300,"bu","13:49:28",343100
3300,0,600,"bu","13:49:28",342800
3300,0,1500,"bu","13:49:28",342200
3300,0,4100,"bu","13:48:46",340700
3300,0,300,"bu","13:48:46",336600
3300,0,100,"bu","13:48:38",336300
3290,-10,600,"bu","13:48:30",336200
3290,-10,300,"bu","13:48:24",335600
3290,-10,500,"bu","13:48:13",335300
3290,-10,100,"bu","13:47:55",334800
3270,-30,100,"sd","13:46:31",334700
3290,-10,1000,"bu","13:42:59",334600
3270,-30,200,"bu","13:42:32",333600
3270,-30,300,"bu","13:40:57",333400
3260,-40,400,"bu","13:39:52",333100
3260,-40,100,"bu","13:39:48",332700
3260,-40,2500,"bu","13:38:45",332600
3260,-40,2500,"bu","13:38:45",330100
3260,-40,600,"bu","13:38:24",327600
3260,-40,3000,"bu","13:37:16",327000
3260,-40,200,"bu","13:36:26",324000
3260,-40,600,"bu","13:34:38",323800
3260,-40,3000,"bu","13:34:29",323200
3240,-60,800,"sd","13:30:54",320200
3240,-60,1000,"sd","13:30:54",319400
3240,-60,100,"sd","13:30:54",318400
3240,-60,200,"sd","13:30:54",318300
3240,-60,400,"sd","13:30:54",318100
3240,-60,4600,"sd","13:29:16",317700
3240,-60,400,"sd","13:29:16",313100
3250,-50,200,"bu","13:29:01",312700
3250,-50,200,"bu","13:28:41",312500
3250,-50,900,"bu","13:28:07",312300
3250,-50,500,"sd","13:27:10",311400
3250,-50,800,"sd","13:27:10",310900
3250,-50,200,"sd","13:26:06",310100
3250,-50,200,"sd","13:26:06",309900
3250,-50,300,"sd","13:26:06",309700
3250,-50,500,"sd","13:26:06",309400
3260,-40,100,"bu","13:26:04",308900
3250,-50,100,"sd","13:24:25",308800
3250,-50,1100,"bu","13:23:53",308700
3250,-50,900,"bu","13:23:48",307600
3250,-50,100,"bu","13:23:18",306700
3250,-50,900,"bu","13:23:13",306600
3250,-50,200,"bu","13:23:07",305700
3250,-50,100,"bu","13:23:03",305500
3250,-50,100,"bu","13:22:56",305400
3250,-50,1000,"bu","13:22:55",305300
3250,-50,500,"bu","13:22:07",304300
3250,-50,100,"bu","13:21:33",303800
3240,-60,600,"sd","13:18:11",303700
3240,-60,100,"bu","13:17:29",303100
3240,-60,10000,"bu","13:17:17",303000
3230,-70,700,"bu","13:16:33",293000
3230,-70,1000,"sd","13:16:28",292300
3230,-70,1000,"sd","13:16:28",291300
3230,-70,700,"sd","13:16:28",290300
3230,-70,1000,"sd","13:16:28",289600
3230,-70,100,"sd","13:16:28",288600
3230,-70,100,"sd","13:16:28",288500
3230,-70,200,"sd","13:16:28",288400
3230,-70,200,"sd","13:16:28",288200
3230,-70,300,"sd","13:16:22",288000
3230,-70,200,"sd","13:16:22",287700
3230,-70,100,"sd","13:16:22",287500
3230,-70,200,"sd","13:16:22",287400
3230,-70,200,"sd","13:16:22",287200
3230,-70,300,"sd","13:16:11",287000
3230,-70,1400,"sd","13:16:11",286700
3230,-70,2700,"sd","13:16:05",285300
3230,-70,400,"sd","13:15:22",282600
3230,-70,300,"sd","13:15:07",282200
3240,-60,1000,"bu","13:14:58",281900
3240,-60,100,"bu","13:14:43",280900
3240,-60,1000,"bu","13:14:26",280800
3240,-60,500,"bu","13:14:15",279800
3240,-60,5000,"bu","13:13:13",279300
3240,-60,100,"bu","13:13:03",274300
3230,-70,100,"sd","13:12:09",274200
3240,-60,100,"bu","13:10:54",274100
3240,-60,200,"bu","13:09:26",274000
3240,-60,1000,"bu","13:09:20",273800
3240,-60,200,"bu","13:08:41",272800
3240,-60,600,"bu","13:08:17",272600
3240,-60,100,"sd","13:08:14",272000
3240,-60,400,"bu","13:07:56",271900
3240,-60,200,"bu","13:07:48",271500
3240,-60,500,"bu","13:07:29",271300
3230,-70,100,"sd","13:07:26",270800
3240,-60,700,"bu","13:07:22",270700
3240,-60,100,"bu","13:07:22",270000
3240,-60,1000,"bu","13:07:22",269900
3240,-60,200,"bu","13:07:22",268900
3240,-60,200,"bu","13:07:13",268700
3240,-60,1000,"bu","13:05:55",268500
3240,-60,500,"sd","13:05:45",267500
3240,-60,1000,"sd","13:05:45",267000
3240,-60,1100,"sd","13:05:45",266000
3240,-60,700,"sd","13:04:44",264900
3240,-60,500,"sd","13:04:44",264200
3240,-60,100,"sd","13:04:44",263700
3240,-60,100,"sd","13:04:44",263600
3240,-60,500,"sd","13:04:44",263500
3240,-60,1000,"sd","13:04:44",263000
3240,-60,100,"sd","13:04:44",262000
3240,-60,500,"sd","13:04:44",261900
3250,-50,300,"bu","13:04:19",261400
3250,-50,600,"sd","13:03:57",261100
3250,-50,2000,"sd","13:03:57",260500
3250,-50,300,"sd","13:03:57",258500
3250,-50,14700,"sd","13:03:24",258200
3250,-50,3000,"sd","13:02:44",243500
3250,-50,14000,"sd","13:01:54",240500
3250,-50,100,"sd","13:01:54",226500
3250,-50,1000,"sd","13:01:54",226400
3250,-50,300,"sd","13:01:54",225400
3250,-50,10000,"sd","13:01:54",225100
3250,-50,1000,"sd","13:01:54",215100
3250,-50,200,"sd","13:01:54",214100
3250,-50,1000,"sd","13:01:53",213900
3250,-50,1000,"sd","13:01:53",212900
3250,-50,1000,"sd","13:01:53",211900
3250,-50,1000,"sd","13:01:53",210900
3250,-50,1000,"sd","13:01:53",209900
3250,-50,500,"sd","13:01:53",208900
3250,-50,200,"sd","13:01:53",208400
3250,-50,100,"sd","13:01:53",208200
3250,-50,2600,"sd","13:01:53",208100
3260,-40,800,"sd","13:01:35",205500
3260,-40,7200,"sd","13:01:26",204700
3260,-40,2000,"sd","13:01:26",197500
3260,-40,1000,"sd","13:01:26",195500
3260,-40,1000,"sd","13:01:26",194500
3260,-40,1000,"sd","13:01:26",193500
3260,-40,500,"sd","13:01:26",192500
3260,-40,1000,"sd","13:01:26",192000
3260,-40,500,"sd","13:01:26",191000
3260,-40,300,"sd","13:01:26",190500
3260,-40,500,"sd","13:01:26",190200
3260,-40,2200,"sd","13:00:05",189700
3280,-20,2800,"sd","13:00:05",187500
3270,-30,300,"sd","13:00:04",184700
3260,-40,300,"sd","13:00:03",184400
3260,-40,500,"sd","13:00:03",184100
3260,-40,1000,"sd","13:00:03",183600
3260,-40,1000,"sd","13:00:03",182600
3270,-30,800,"sd","13:00:03",181600
3270,-30,4900,"sd","13:00:03",180800
3270,-30,1100,"sd","13:00:03",175900
3260,-40,500,"sd","13:00:03",174800
3270,-30,1500,"sd","13:00:01",174300
3270,-30,500,"sd","13:00:01",172800
3270,-30,1000,"sd","13:00:01",172300
3270,-30,200,"sd","13:00:01",171300
3270,-30,400,"sd","13:00:01",171100
3270,-30,600,"bu","11:26:28",170700
3270,-30,1000,"bu","11:26:25",170100
3270,-30,1000,"bu","11:26:17",169100
3270,-30,1000,"bu","11:26:08",168100
3270,-30,1000,"bu","11:26:06",167100
3270,-30,3000,"bu","11:25:52",166100
3270,-30,1000,"bu","11:25:50",163100
3270,-30,100,"bu","11:24:27",162100
3270,-30,100,"sd","11:24:03",162000
3270,-30,3000,"sd","11:24:03",161900
3270,-30,500,"sd","11:24:03",158900
3270,-30,100,"sd","11:24:03",158400
3270,-30,1000,"sd","11:24:03",158300
3270,-30,1000,"sd","11:23:34",157300
3280,-20,100,"bu","11:23:23",156300
3280,-20,2000,"bu","11:18:07",156200
3280,-20,1000,"bu","11:11:21",154200
3280,-20,500,"sd","11:09:08",153200
3280,-20,1500,"bu","11:06:32",152700
3280,-20,2000,"bu","11:06:13",151200
3280,-20,400,"bu","11:06:10",149200
3280,-20,1000,"sd","11:06:03",148800
3280,-20,1000,"sd","11:06:03",147800
3290,-10,900,"bu","11:05:52",146800
3290,-10,1000,"bu","11:04:42",145900
3290,-10,200,"bu","11:04:42",144900
3290,-10,2800,"bu","11:04:42",144700
3290,-10,100,"sd","11:02:43",141900
3300,0,500,"bu","11:02:00",141800
3300,0,500,"sd","11:01:14",141300
3300,0,800,"bu","11:00:06",140800
3300,0,200,"sd","10:59:31",140000
3310,10,300,"bu","10:58:43",139800
3310,10,100,"bu","10:51:32",139500
3300,0,1100,"bu","10:48:38",139400
3300,0,2500,"bu","10:48:23",138300
3300,0,1000,"bu","10:48:16",135800
3300,0,400,"bu","10:47:36",134800
3300,0,1600,"bu","10:47:36",134400
3300,0,400,"bu","10:47:18",132800
3300,0,200,"bu","10:46:58",132400
3300,0,700,"bu","10:46:58",132200
3300,0,1000,"bu","10:46:42",131500
3300,0,300,"bu","10:43:17",130500
3290,-10,200,"sd","10:38:24",130200
3300,0,100,"bu","10:37:04",130000
3300,0,1500,"bu","10:36:32",129900
3300,0,200,"bu","10:35:07",128400
3300,0,1400,"bu","10:35:07",128200
3300,0,100,"bu","10:35:07",126800
3300,0,1000,"bu","10:35:07",126700
3300,0,300,"bu","10:35:07",125700
3300,0,100,"bu","10:33:17",125400
3290,-10,300,"sd","10:32:27",125300
3300,0,500,"bu","10:28:40",125000
3300,0,200,"bu","10:15:21",124500
3300,0,500,"bu","10:14:54",124300
3300,0,200,"bu","10:13:06",123800
3300,0,100,"bu","10:10:49",123600
3290,-10,100,"bu","10:10:20",123500
3250,-50,2400,"sd","10:09:58",123400
3250,-50,300,"sd","10:09:58",121000
3250,-50,400,"sd","10:09:58",120700
3250,-50,500,"sd","10:09:58",120300
3260,-40,1000,"unknown","10:09:19",119800
3260,-40,1000,"sd","10:09:19",118800
3260,-40,1500,"sd","10:09:19",117800
3270,-30,1000,"unknown","10:08:34",116300
3270,-30,1000,"unknown","10:08:34",115300
3290,-10,100,"bu","10:08:30",114300
3280,-20,1000,"sd","10:08:21",114200
3280,-20,1000,"sd","10:08:21",113200
3290,-10,2000,"bu","10:06:58",112200
3290,-10,400,"bu","10:06:58",110200
3290,-10,1000,"bu","10:06:58",109800
3290,-10,200,"bu","10:06:58",108800
3300,0,200,"sd","10:06:58",108600
3290,-10,300,"sd","10:05:07",108400
3300,0,200,"unknown","10:03:07",108100
3290,-10,500,"sd","10:02:56",107900
3300,0,100,"bu","10:02:27",107400
3300,0,100,"bu","10:02:27",107300
3300,0,900,"bu","10:01:02",107200
3300,0,700,"bu","10:00:40",106300
3300,0,500,"bu","10:00:25",105600
3300,0,100,"bu","09:59:43",105100
3300,0,300,"bu","09:59:41",105000
3300,0,200,"bu","09:59:41",104700
3300,0,1000,"bu","09:59:41",104500
3300,0,800,"bu","09:59:41",103500
3300,0,1200,"sd","09:59:23",102700
3300,0,100,"sd","09:59:23",101500
3300,0,700,"sd","09:59:23",101400
3310,10,1000,"bu","09:58:24",100700
3300,0,300,"sd","09:52:59",99700
3300,0,700,"sd","09:52:46",99400
3300,0,100,"sd","09:51:29",98700
3300,0,4200,"bu","09:51:18",98600
3260,-40,500,"sd","09:50:52",94400
3300,0,800,"sd","09:50:32",93900
3300,0,700,"sd","09:50:19",93100
3300,0,500,"sd","09:50:19",92400
3300,0,10000,"sd","09:50:19",91900
3300,0,200,"sd","09:50:19",81900
3300,0,1800,"sd","09:50:19",81700
3310,10,1900,"sd","09:49:41",79900
3310,10,100,"sd","09:49:17",78000
3310,10,500,"sd","09:49:03",77900
3310,10,500,"sd","09:48:42",77400
3350,50,1300,"bu","09:46:17",76900
3350,50,1000,"bu","09:46:17",75600
3350,50,700,"bu","09:46:17",74600
3350,50,100,"bu","09:46:12",73900
3350,50,1200,"sd","09:44:58",73800
3360,60,4700,"bu","09:44:25",72600
3360,60,1000,"bu","09:44:25",67900
3350,50,300,"bu","09:44:25",66900
3370,70,200,"bu","09:41:40",66600
3370,70,700,"sd","09:41:39",66400
3350,50,500,"bu","09:41:17",65700
3350,50,1000,"bu","09:41:17",65200
3350,50,5000,"bu","09:41:17",59200
3350,50,5000,"bu","09:41:17",64200
3330,30,3000,"bu","09:41:17",54200
3330,30,1000,"bu","09:41:17",51200
3320,20,5000,"bu","09:41:17",50200
3320,20,5000,"bu","09:41:17",45200
3310,10,3800,"bu","09:41:17",40200
3310,10,1000,"sd","09:40:11",36400
3310,10,200,"sd","09:40:11",35400
3310,10,800,"sd","09:39:37",35200
3310,10,500,"bu","09:38:35",34400
3310,10,3500,"bu","09:37:58",33900
3310,10,1000,"bu","09:37:58",30400
3300,0,2600,"sd","09:37:39",29400
3300,0,400,"sd","09:36:21",26800
3300,0,100,"sd","09:36:21",26400
3300,0,400,"sd","09:36:21",26300
3300,0,1000,"bu","09:36:21",25900
3300,0,1000,"bu","09:36:21",24900
3300,0,300,"bu","09:36:21",23900
3300,0,200,"bu","09:36:21",23600
3300,0,700,"bu","09:35:39",23400
3290,-10,300,"bu","09:35:39",22700
3290,-10,100,"bu","09:35:32",22400
3280,-20,900,"bu","09:35:32",22300
3250,-50,1000,"sd","09:35:06",21400
3250,-50,200,"sd","09:35:06",20400
3250,-50,100,"sd","09:35:06",20200
3250,-50,500,"sd","09:35:06",20100
3250,-50,300,"sd","09:35:06",19600
3250,-50,700,"sd","09:33:17",19300
3250,-50,500,"sd","09:33:17",18600
3250,-50,200,"sd","09:33:17",18100
3250,-50,100,"sd","09:33:17",17900
3280,-20,100,"bu","09:32:31",17800
3260,-40,100,"unknown","09:32:05",17700
3270,-30,200,"sd","09:31:23",17600
3260,-40,1000,"sd","09:31:10",17400
3260,-40,500,"sd","09:31:10",16400
3290,-10,100,"bu","09:30:58",15900
3260,-40,400,"bu","09:27:42",15800
3260,-40,500,"bu","09:27:42",15400
3260,-40,100,"bu","09:27:42",14900
3250,-50,1000,"sd","09:26:38",14800
3260,-40,100,"bu","09:26:38",13800
3250,-50,1000,"sd","09:26:24",13700
3250,-50,400,"sd","09:26:05",12700
3250,-50,200,"sd","09:26:05",12300
3250,-50,300,"sd","09:26:05",12100
3250,-50,100,"sd","09:26:05",11800
3260,-40,100,"sd","09:25:42",11700
3260,-40,500,"sd","09:25:42",11600
3260,-40,1000,"sd","09:24:51",11100
3250,-50,100,"sd","09:20:46",10100
3300,0,100,"bu","09:18:56",10000
3300,0,100,"bu","09:18:31",9900
3300,0,500,"bu","09:18:21",9800
3300,0,200,"sd","09:18:07",9300
3300,0,4000,"sd","09:17:24",9100
3310,10,300,"unknown","09:17:01",5100
3300,0,800,"bu","09:16:30",4800
3300,0,300,"bu","09:15:48",4000
3300,0,2000,"sd","09:15:35",3700
3310,10,200,"bu","09:15:16",1700
3310,10,500,"bu","09:15:16",1500
3310,10,1000,"sd","09:15:01",1000
