"price","change","match_qtty","side","time","total_vol"
65800,300,81600,"unknown","14:45:01",2080200
65800,300,300,"bu","14:29:57",1998600
65800,300,100,"bu","14:29:45",1998300
65700,200,1000,"sd","14:29:39",1998200
65800,300,2300,"bu","14:29:33",1997200
65700,200,700,"sd","14:29:22",1994900
65700,200,100,"sd","14:29:22",1994200
65700,200,500,"sd","14:29:22",1994100
65800,300,1000,"bu","14:29:06",1993600
65700,200,400,"sd","14:28:59",1992600
65700,200,100,"sd","14:28:59",1992200
65700,200,500,"sd","14:28:59",1992100
65800,300,300,"bu","14:28:53",1991600
65800,300,400,"bu","14:28:53",1991300
65800,300,100,"bu","14:28:51",1990900
65800,300,1100,"bu","14:28:42",1990800
65800,300,7200,"bu","14:28:42",1989700
65800,300,1200,"bu","14:28:42",1982500
65800,300,100,"bu","14:28:42",1981300
65800,300,100,"bu","14:28:42",1981200
65800,300,1000,"bu","14:28:42",1981100
65800,300,10000,"bu","14:28:42",1980100
65800,300,700,"bu","14:28:42",1970100
65800,300,1000,"bu","14:28:42",1969400
65800,300,1000,"bu","14:28:42",1968400
65800,300,500,"bu","14:28:42",1967400
65800,300,100,"bu","14:28:42",1966900
65800,300,2400,"bu","14:28:42",1966800
65800,300,5300,"bu","14:28:42",1964400
65600,100,200,"sd","14:28:42",1959100
65700,200,600,"sd","14:28:42",1958900
65700,200,100,"sd","14:28:42",1958300
65700,200,100,"sd","14:28:42",1958200
65700,200,100,"sd","14:28:31",1958100
65700,200,100,"sd","14:28:31",1958000
65700,200,100,"sd","14:28:31",1957900
65700,200,200,"sd","14:28:26",1957800
65700,200,200,"sd","14:28:26",1957600
65700,200,600,"sd","14:28:26",1957400
65700,200,400,"sd","14:28:24",1956800
65700,200,100,"sd","14:28:24",1956400
65700,200,500,"sd","14:28:24",1956300
65700,200,1000,"sd","14:28:21",1955800
65700,200,500,"sd","14:28:09",1954800
65700,200,500,"sd","14:28:09",1954300
65800,300,4000,"bu","14:28:04",1953800
65700,200,1000,"sd","14:27:53",1949800
65800,300,300,"bu","14:27:47",1948800
65700,200,100,"bu","14:27:43",1948500
65700,200,500,"bu","14:27:41",1948400
65700,200,100,"bu","14:27:37",1947900
65700,200,100,"bu","14:27:37",1947800
65600,100,1000,"sd","14:27:36",1947700
65700,200,100,"bu","14:27:28",1946700
65600,100,700,"sd","14:27:20",1946600
65700,200,100,"sd","14:27:20",1945900
65700,200,200,"sd","14:27:20",1945800
65600,100,900,"sd","14:27:03",1945600
65700,200,100,"sd","14:27:03",1944700
65700,200,300,"sd","14:26:59",1944600
65700,200,100,"bu","14:26:48",1944300
65600,100,1000,"sd","14:26:47",1944200
65700,200,4900,"bu","14:26:41",1943200
65700,200,2500,"bu","14:26:41",1938300
65700,200,4600,"bu","14:26:41",1935800
65700,200,100,"bu","14:26:34",1931200
65600,100,800,"sd","14:26:31",1931100
65600,100,1100,"sd","14:26:30",1930300
65700,200,100,"bu","14:26:23",1929200
65600,100,1000,"sd","14:26:14",1929100
65600,100,1400,"sd","14:26:13",1928100
65700,200,200,"bu","14:26:12",1926700
65600,100,100,"sd","14:25:57",1926500
65600,100,900,"sd","14:25:57",1926400
65600,100,1100,"sd","14:25:52",1925500
65600,100,100,"sd","14:25:52",1924400
65600,100,600,"sd","14:25:52",1924300
65600,100,200,"sd","14:25:52",1923700
65600,100,900,"sd","14:25:41",1923500
65700,200,200,"sd","14:25:41",1922600
65600,100,900,"sd","14:25:24",1922400
65700,200,100,"sd","14:25:24",1921500
65700,200,1500,"bu","14:25:19",1921400
65700,200,200,"bu","14:25:19",1919900
65700,200,300,"bu","14:25:19",1919700
65600,100,2100,"sd","14:25:13",1919400
65700,200,200,"bu","14:25:08",1917300
65600,100,1100,"sd","14:25:08",1917100
65700,200,100,"bu","14:25:02",1916000
65700,200,100,"sd","14:24:53",1915900
65700,200,100,"sd","14:24:52",1915800
65700,200,1000,"sd","14:24:51",1915700
65700,200,800,"sd","14:24:49",1914700
65700,200,100,"sd","14:24:49",1913900
65700,200,200,"sd","14:24:49",1913800
65700,200,3000,"sd","14:24:49",1913600
65700,200,100,"sd","14:24:49",1910600
65700,200,100,"sd","14:24:49",1910500
65700,200,700,"sd","14:24:49",1910400
65700,200,200,"sd","14:24:37",1909700
65700,200,500,"sd","14:24:37",1909500
65700,200,100,"sd","14:24:37",1909000
65700,200,200,"sd","14:24:37",1908900
65700,200,1000,"sd","14:24:35",1908700
65800,300,500,"bu","14:24:30",1907700
65700,200,2000,"sd","14:24:26",1907200
65700,200,1100,"sd","14:24:18",1905200
65800,300,500,"bu","14:24:08",1904100
65700,200,1000,"sd","14:24:02",1903600
65700,200,1100,"sd","14:23:45",1902600
65700,200,1000,"sd","14:23:28",1901500
65700,200,2200,"sd","14:23:25",1900500
65700,200,200,"sd","14:23:23",1898300
65700,200,200,"bu","14:23:20",1898100
65600,100,100,"sd","14:23:12",1897900
65600,100,200,"sd","14:23:12",1897800
65600,100,200,"sd","14:23:12",1897600
65600,100,600,"sd","14:23:12",1897400
65700,200,100,"sd","14:23:02",1896800
65700,200,200,"sd","14:23:02",1896700
65700,200,300,"sd","14:23:02",1896500
65700,200,1000,"sd","14:22:55",1896200
65700,200,500,"sd","14:22:41",1895200
65700,200,200,"sd","14:22:39",1894700
65700,200,800,"sd","14:22:39",1894500
65700,200,400,"bu","14:22:34",1893700
65700,200,100,"sd","14:22:33",1893300
65600,100,300,"sd","14:22:22",1893200
65700,200,100,"sd","14:22:22",1892900
65700,200,300,"sd","14:22:22",1892800
65700,200,300,"sd","14:22:22",1892500
65700,200,100,"sd","14:22:22",1892200
65700,200,1000,"sd","14:22:06",1892100
65700,200,100,"sd","14:22:00",1891100
65700,200,500,"sd","14:22:00",1891000
65700,200,100,"sd","14:22:00",1890500
65700,200,3000,"sd","14:22:00",1890400
65700,200,100,"sd","14:22:00",1887400
65700,200,800,"sd","14:21:59",1887300
65700,200,100,"sd","14:21:59",1886500
65700,200,1200,"sd","14:21:59",1886400
65700,200,1000,"sd","14:21:59",1885200
65700,200,100,"sd","14:21:59",1884200
65700,200,200,"sd","14:21:59",1884100
65700,200,500,"sd","14:21:59",1883900
65700,200,1400,"sd","14:21:59",1883400
65700,200,500,"sd","14:21:59",1882000
65700,200,100,"sd","14:21:59",1881500
65700,200,1500,"sd","14:21:59",1881400
65700,200,500,"sd","14:21:59",1879900
65700,200,100,"sd","14:21:59",1879400
65700,200,200,"sd","14:21:59",1879300
65700,200,1600,"sd","14:21:56",1879100
65700,200,1400,"sd","14:21:56",1877500
65700,200,1100,"sd","14:21:49",1876100
65700,200,800,"sd","14:21:43",1875000
65700,200,1700,"sd","14:21:37",1874200
65700,200,800,"sd","14:21:37",1872500
65700,200,2200,"sd","14:21:36",1871700
65700,200,1500,"sd","14:21:36",1869500
65700,200,100,"sd","14:21:36",1868000
65700,200,200,"sd","14:21:36",1867900
65700,200,2000,"sd","14:21:36",1867700
65700,200,1000,"sd","14:21:33",1865700
65800,300,100,"bu","14:21:30",1864700
65800,300,200,"bu","14:21:30",1864600
65800,300,1000,"bu","14:21:20",1864400
65700,200,1100,"sd","14:21:16",1863400
65700,200,1000,"sd","14:21:00",1862300
65700,200,1000,"sd","14:20:43",1861300
65700,200,1100,"sd","14:20:27",1860300
65700,200,1000,"sd","14:20:10",1859200
65700,200,1100,"sd","14:19:54",1858200
65700,200,2500,"sd","14:19:50",1857100
65700,200,200,"sd","14:19:37",1854600
65700,200,100,"sd","14:19:37",1854400
65700,200,700,"sd","14:19:37",1854300
65700,200,100,"sd","14:19:24",1853600
65700,200,1000,"sd","14:19:21",1853500
65800,300,700,"bu","14:19:16",1852500
65800,300,400,"bu","14:19:16",1851800
65800,300,100,"bu","14:19:16",1851400
65800,300,100,"bu","14:19:16",1851300
65800,300,1000,"bu","14:19:16",1851200
65800,300,2000,"bu","14:19:08",1850200
65800,300,200,"bu","14:19:07",1848200
65700,200,1100,"sd","14:19:04",1848000
65700,200,1000,"sd","14:19:04",1846900
65800,300,100,"bu","14:18:58",1845900
65700,200,200,"sd","14:18:53",1845800
65700,200,1000,"sd","14:18:47",1845600
65700,200,400,"sd","14:18:43",1844600
65700,200,1600,"sd","14:18:43",1844200
65700,200,200,"sd","14:18:39",1842600
65700,200,1100,"sd","14:18:32",1842400
65700,200,1000,"sd","14:18:14",1841300
65700,200,2500,"sd","14:18:01",1840300
65700,200,1100,"sd","14:17:58",1837800
65700,200,400,"sd","14:17:41",1836700
65700,200,600,"sd","14:17:41",1836300
65700,200,200,"sd","14:17:37",1835700
65700,200,300,"sd","14:17:25",1835500
65700,200,700,"sd","14:17:25",1835200
65700,200,200,"sd","14:17:17",1834500
65700,200,1100,"sd","14:17:08",1834300
65700,200,1000,"sd","14:17:04",1833200
65700,200,1000,"sd","14:16:52",1832200
65800,300,500,"bu","14:16:47",1831200
65700,200,1000,"sd","14:16:35",1830700
65700,200,100,"sd","14:16:35",1829700
65800,300,3300,"bu","14:16:32",1829600
65700,200,100,"bu","14:16:32",1826300
65600,100,1100,"sd","14:16:19",1826200
65800,300,2900,"bu","14:16:17",1825100
65800,300,1600,"bu","14:16:17",1822200
65700,200,100,"sd","14:16:17",1820600
65800,300,300,"bu","14:16:11",1820500
65800,300,100,"bu","14:16:09",1820200
65800,300,1300,"bu","14:16:07",1820100
65700,200,900,"sd","14:16:03",1818800
65700,200,100,"sd","14:16:03",1817900
65800,300,1500,"bu","14:15:54",1817800
65800,300,2800,"bu","14:15:54",1816300
65800,300,600,"bu","14:15:51",1813500
65700,200,200,"bu","14:15:47",1812900
65600,100,200,"sd","14:15:46",1812700
65600,100,800,"sd","14:15:46",1812500
65700,200,1000,"sd","14:15:44",1811700
65800,300,3800,"bu","14:15:42",1810700
65800,300,5200,"bu","14:15:42",1806900
65800,300,4500,"bu","14:15:37",1801700
65800,300,300,"bu","14:15:34",1797200
65700,200,400,"bu","14:15:34",1796900
65700,200,900,"bu","14:15:34",1796500
65700,200,200,"bu","14:15:34",1795600
65700,200,600,"bu","14:15:34",1795400
65700,200,1100,"bu","14:15:33",1794800
65700,200,200,"bu","14:15:33",1793700
65700,200,2700,"bu","14:15:33",1793500
65700,200,600,"bu","14:15:33",1790800
65700,200,3400,"bu","14:15:33",1790200
65600,100,200,"sd","14:15:29",1786800
65600,100,300,"sd","14:15:29",1786600
65600,100,100,"sd","14:15:29",1786300
65600,100,500,"sd","14:15:29",1786200
65700,200,400,"bu","14:15:23",1785700
65700,200,100,"bu","14:15:22",1785300
65700,200,1000,"bu","14:15:19",1785200
65700,200,400,"bu","14:15:14",1784200
65700,200,1000,"bu","14:15:14",1783800
65600,100,100,"sd","14:15:13",1782800
65600,100,100,"sd","14:15:13",1782700
65600,100,100,"sd","14:15:13",1782600
65600,100,100,"sd","14:15:13",1782500
65600,100,100,"sd","14:15:13",1782400
65600,100,500,"sd","14:15:13",1782300
65700,200,700,"bu","14:15:10",1781800
65700,200,300,"bu","14:15:10",1781100
65700,200,700,"bu","14:15:07",1780800
65700,200,100,"bu","14:15:07",1780100
65700,200,200,"bu","14:15:07",1780000
65700,200,500,"bu","14:15:06",1779800
65700,200,1500,"bu","14:15:05",1779300
65700,200,1000,"bu","14:15:04",1777800
65700,200,1000,"bu","14:14:58",1776800
65600,100,200,"sd","14:14:56",1775800
65600,100,100,"sd","14:14:56",1775600
65600,100,400,"sd","14:14:56",1775500
65600,100,300,"sd","14:14:56",1775100
65600,100,100,"sd","14:14:56",1774800
65600,100,600,"sd","14:14:40",1774700
65600,100,200,"sd","14:14:40",1774100
65600,100,200,"sd","14:14:40",1773900
65700,200,1100,"bu","14:14:40",1773700
65700,200,200,"bu","14:14:40",1772600
65700,200,200,"bu","14:14:40",1772400
65600,100,100,"sd","14:14:37",1772200
65600,100,100,"sd","14:14:37",1772100
65600,100,300,"sd","14:14:37",1772000
65700,200,1400,"bu","14:14:37",1771700
65700,200,600,"bu","14:14:37",1770300
65600,100,100,"sd","14:14:23",1769700
65600,100,1000,"sd","14:14:23",1769600
65600,100,300,"sd","14:14:18",1768600
65700,200,1500,"bu","14:14:16",1768300
65600,100,700,"sd","14:14:07",1766800
65600,100,100,"sd","14:14:07",1766100
65600,100,100,"sd","14:14:07",1766000
65600,100,200,"sd","14:14:07",1765900
65600,100,1200,"sd","14:14:06",1765700
65600,100,1000,"sd","14:14:00",1764500
65600,100,1000,"sd","14:13:50",1763500
65600,100,100,"sd","14:13:43",1762500
65600,100,200,"sd","14:13:39",1762400
65600,100,1000,"sd","14:13:39",1762200
65600,100,200,"sd","14:13:28",1761200
65600,100,100,"sd","14:13:28",1761000
65600,100,100,"sd","14:13:28",1760900
65600,100,500,"sd","14:13:23",1760800
65600,100,100,"sd","14:13:23",1760300
65600,100,100,"sd","14:13:23",1760200
65600,100,200,"sd","14:13:23",1760100
65600,100,100,"sd","14:13:23",1759900
65600,100,100,"sd","14:13:17",1759800
65700,200,1400,"bu","14:13:15",1759700
65700,200,1000,"bu","14:13:15",1758300
65700,200,600,"bu","14:13:15",1757300
65600,100,100,"sd","14:13:12",1756700
65600,100,100,"sd","14:13:11",1756600
65700,200,200,"bu","14:12:44",1756500
65600,100,400,"sd","14:12:43",1756300
65600,100,300,"sd","14:12:39",1755900
65600,100,200,"sd","14:12:39",1755600
65600,100,100,"sd","14:12:39",1755400
65600,100,200,"sd","14:12:39",1755300
65600,100,4200,"sd","14:12:39",1755100
65600,100,1000,"sd","14:12:32",1750900
65600,100,1800,"sd","14:12:32",1749900
65600,100,2000,"sd","14:12:32",1748100
65600,100,100,"sd","14:12:32",1746100
65600,100,100,"sd","14:12:32",1746000
65600,100,200,"sd","14:12:32",1745900
65600,100,100,"sd","14:12:32",1745700
65600,100,500,"sd","14:12:32",1745600
65600,100,200,"sd","14:12:32",1745100
65600,100,2500,"sd","14:12:32",1744900
65600,100,800,"sd","14:12:18",1742400
65600,100,100,"sd","14:12:18",1741600
65600,100,100,"sd","14:12:18",1741500
65600,100,500,"sd","14:12:18",1741400
65600,100,1000,"sd","14:12:18",1740900
65600,100,100,"sd","14:12:18",1739900
65700,200,200,"sd","14:12:14",1739800
65700,200,200,"sd","14:12:13",1739600
65700,200,1100,"sd","14:12:13",1739400
65700,200,4900,"sd","14:12:13",1738300
65700,200,700,"sd","14:12:13",1733400
65700,200,200,"sd","14:12:13",1732700
65700,200,100,"sd","14:12:13",1732500
65700,200,100,"sd","14:12:13",1732400
65700,200,1900,"sd","14:12:12",1732300
65700,200,100,"sd","14:12:12",1730400
65700,200,100,"sd","14:12:12",1730300
65700,200,3900,"sd","14:12:12",1730200
65700,200,4100,"sd","14:12:12",1726300
65700,200,100,"sd","14:12:12",1722200
65700,200,100,"sd","14:12:12",1722100
65700,200,100,"sd","14:12:12",1722000
65700,200,1000,"sd","14:12:12",1721900
65700,200,300,"sd","14:12:12",1720900
65700,200,2000,"sd","14:12:12",1720600
65700,200,500,"sd","14:12:12",1718600
65700,200,100,"sd","14:12:12",1718100
65700,200,100,"sd","14:12:11",1718000
65700,200,100,"sd","14:12:11",1717900
65700,200,5000,"sd","14:12:11",1717800
65700,200,700,"sd","14:12:11",1712800
65700,200,500,"sd","14:12:11",1712100
65700,200,1000,"sd","14:12:11",1711600
65700,200,2500,"sd","14:12:11",1710600
65700,200,100,"sd","14:12:11",1708100
65700,200,100,"sd","14:12:11",1708000
65700,200,300,"sd","14:12:11",1707900
65700,200,200,"sd","14:12:11",1707600
65700,200,100,"sd","14:12:11",1707400
65700,200,500,"sd","14:12:11",1707300
65700,200,1000,"sd","14:12:11",1706800
65700,200,1500,"sd","14:12:11",1705800
65700,200,900,"sd","14:12:11",1704300
65700,200,500,"sd","14:12:08",1703400
65700,200,100,"sd","14:12:07",1702900
65700,200,1000,"sd","14:11:59",1702800
65700,200,500,"sd","14:11:59",1701800
65700,200,1500,"sd","14:11:59",1701300
65700,200,500,"sd","14:11:42",1699800
65700,200,1000,"sd","14:11:42",1699300
65700,200,500,"sd","14:11:39",1698300
65700,200,1000,"sd","14:11:36",1697800
65700,200,1000,"sd","14:11:34",1696800
65700,200,2100,"sd","14:11:34",1695800
65700,200,2000,"sd","14:11:29",1693700
65700,200,1000,"sd","14:11:26",1691700
65700,200,600,"sd","14:11:22",1690700
65700,200,200,"sd","14:11:11",1690100
65700,200,2000,"sd","14:11:10",1689900
65700,200,1000,"sd","14:11:09",1687900
65700,200,5600,"sd","14:10:56",1686900
65700,200,4400,"sd","14:10:56",1681300
65700,200,600,"sd","14:10:54",1676900
65700,200,400,"sd","14:10:54",1676300
65700,200,500,"sd","14:10:46",1675900
65700,200,1000,"sd","14:10:38",1675400
65700,200,1000,"sd","14:10:38",1674400
65700,200,100,"sd","14:10:30",1673400
65700,200,2700,"sd","14:10:30",1673300
65700,200,100,"sd","14:10:24",1670600
65800,300,200,"bu","14:09:57",1670500
65700,200,2100,"sd","14:09:52",1670300
65700,200,100,"sd","14:09:52",1668200
65700,200,1000,"sd","14:09:52",1668100
65700,200,100,"sd","14:09:52",1667100
65700,200,100,"sd","14:09:52",1667000
65700,200,600,"sd","14:09:52",1666900
65700,200,200,"sd","14:09:52",1666300
65700,200,800,"sd","14:09:52",1666100
65800,300,200,"bu","14:09:40",1665300
65700,200,1000,"sd","14:09:32",1665100
65700,200,500,"sd","14:09:26",1664100
65800,300,100,"bu","14:09:14",1663600
65800,300,300,"bu","14:08:52",1663500
65700,200,200,"sd","14:08:46",1663200
65700,200,2500,"sd","14:08:42",1663000
65700,200,100,"sd","14:08:42",1660500
65700,200,200,"sd","14:08:42",1660400
65700,200,200,"sd","14:08:42",1660200
65700,200,500,"sd","14:08:42",1660000
65700,200,100,"sd","14:08:42",1659500
65700,200,200,"sd","14:08:42",1659400
65700,200,1000,"sd","14:08:26",1659200
65700,200,3800,"sd","14:08:23",1658200
65700,200,1200,"sd","14:08:23",1654400
65800,300,100,"bu","14:07:45",1653200
65800,300,300,"bu","14:07:42",1653100
65800,300,300,"bu","14:07:21",1652800
65800,300,1000,"bu","14:07:21",1652500
65800,300,1000,"bu","14:07:21",1651500
65800,300,700,"bu","14:07:21",1650500
65800,300,500,"bu","14:07:15",1649800
65800,300,1000,"bu","14:07:15",1649300
65800,300,700,"bu","14:07:15",1648300
65800,300,100,"bu","14:07:15",1647600
65800,300,200,"bu","14:07:13",1647500
65800,300,1000,"bu","14:07:13",1647300
65800,300,800,"bu","14:07:13",1646300
65800,300,100,"bu","14:07:08",1645500
65800,300,100,"bu","14:06:51",1645400
65800,300,200,"bu","14:06:44",1645300
65800,300,800,"bu","14:06:09",1645100
65800,300,200,"bu","14:06:09",1644300
65700,200,2800,"sd","14:06:06",1644100
65700,200,200,"sd","14:06:06",1641300
65800,300,100,"bu","14:05:59",1641100
65800,300,400,"bu","14:05:59",1641000
65800,300,600,"bu","14:05:42",1640600
65800,300,400,"bu","14:05:42",1640000
65800,300,100,"bu","14:05:13",1639600
65800,300,100,"bu","14:05:10",1639500
65800,300,800,"bu","14:05:01",1639400
65700,200,100,"sd","14:04:58",1638600
65800,300,100,"sd","14:04:52",1638500
65800,300,700,"bu","14:04:45",1638400
65800,300,300,"bu","14:04:39",1637700
65800,300,2700,"bu","14:04:39",1637400
65800,300,100,"bu","14:04:39",1634700
65800,300,1000,"bu","14:04:39",1634600
65800,300,1000,"bu","14:04:39",1633600
65800,300,900,"bu","14:04:39",1632600
65800,300,100,"bu","14:04:24",1631700
65800,300,400,"bu","14:04:24",1631600
65800,300,2600,"bu","14:04:13",1631200
65800,300,1000,"bu","14:04:13",1628600
65800,300,1400,"bu","14:04:13",1627600
65700,200,700,"sd","14:04:10",1626200
65700,200,800,"sd","14:04:10",1625500
65800,300,500,"bu","14:04:05",1624700
65800,300,300,"bu","14:04:03",1624200
65800,300,600,"bu","14:03:37",1623900
65800,300,7200,"bu","14:03:31",1623300
65800,300,2800,"bu","14:03:31",1616100
65800,300,1000,"bu","14:03:31",1613300
65800,300,300,"bu","14:03:31",1612300
65800,300,1000,"bu","14:03:31",1612000
65800,300,200,"bu","14:03:31",1611000
65800,300,500,"bu","14:03:31",1610800
65700,200,1000,"sd","14:03:30",1610300
65700,200,100,"sd","14:03:20",1609300
65800,300,200,"bu","14:03:10",1609200
65700,200,1100,"sd","14:03:02",1609000
65700,200,400,"sd","14:03:02",1607900
65700,200,1000,"sd","14:02:56",1607500
65700,200,500,"sd","14:02:55",1606500
65700,200,2700,"sd","14:02:42",1606000
65800,300,300,"bu","14:02:39",1603300
65800,300,200,"bu","14:02:39",1603000
65800,300,7500,"bu","14:02:39",1602800
65800,300,300,"bu","14:02:27",1595300
65700,200,400,"sd","14:02:27",1595000
65700,200,1100,"sd","14:02:27",1594600
65800,300,100,"bu","14:02:13",1593500
65800,300,400,"bu","14:02:02",1593400
65700,200,1000,"sd","14:01:50",1593000
65700,200,1500,"sd","14:01:06",1592000
65800,300,1700,"sd","14:01:03",1590500
65800,300,100,"bu","14:01:03",1588800
65800,300,2000,"bu","14:01:03",1588700
65800,300,200,"bu","14:01:02",1586700
65800,300,600,"bu","14:01:01",1586500
65800,300,300,"bu","14:00:58",1585900
65800,300,200,"sd","14:00:53",1585600
65800,300,100,"sd","14:00:53",1585400
65800,300,1000,"sd","14:00:53",1585300
65800,300,500,"sd","14:00:53",1584300
65800,300,300,"sd","14:00:53",1583800
65800,300,100,"sd","14:00:53",1583500
65800,300,4400,"sd","14:00:53",1583400
65800,300,100,"sd","14:00:53",1579000
65800,300,100,"sd","14:00:53",1578900
65800,300,700,"sd","14:00:53",1578800
65800,300,9100,"sd","14:00:53",1578100
65800,300,2300,"sd","14:00:53",1569000
65800,300,1600,"sd","14:00:47",1566700
65800,300,7000,"sd","14:00:47",1565100
65800,300,100,"sd","14:00:47",1558100
65800,300,100,"sd","14:00:47",1558000
65800,300,1200,"sd","14:00:47",1557900
65800,300,1500,"sd","14:00:34",1556700
65900,400,1000,"bu","14:00:23",1555200
65900,400,500,"bu","14:00:23",1554200
65900,400,100,"bu","14:00:23",1553700
65900,400,900,"bu","14:00:23",1553600
65900,400,800,"bu","14:00:23",1552700
65900,400,3600,"bu","14:00:23",1551900
65900,400,600,"bu","14:00:23",1548300
65900,400,800,"bu","14:00:23",1547700
65900,400,3600,"bu","14:00:23",1546900
65900,400,600,"bu","14:00:23",1543300
65900,400,500,"bu","14:00:23",1542700
65900,400,200,"bu","14:00:23",1542200
65900,400,100,"bu","14:00:23",1542000
65900,400,300,"bu","14:00:23",1541900
65900,400,16400,"bu","14:00:23",1541600
65900,400,3600,"bu","14:00:22",1525200
65900,400,1600,"bu","14:00:22",1521600
65800,300,400,"sd","14:00:16",1520000
65800,300,200,"sd","13:59:36",1519600
65800,300,200,"sd","13:59:19",1519400
65800,300,1400,"sd","13:59:06",1519200
65800,300,100,"sd","13:59:06",1517800
65800,300,1000,"sd","13:59:06",1517700
65800,300,300,"sd","13:59:06",1516700
65800,300,100,"sd","13:59:06",1516400
65900,400,100,"bu","13:58:47",1516300
65900,400,1600,"bu","13:58:39",1516200
65800,300,1800,"bu","13:57:59",1514600
65800,300,500,"sd","13:57:45",1512800
65800,300,100,"sd","13:57:45",1512300
65800,300,1500,"sd","13:57:45",1512200
65800,300,1000,"sd","13:57:32",1510700
65800,300,200,"sd","13:57:29",1509700
65800,300,2400,"sd","13:57:18",1509500
65800,300,100,"sd","13:57:18",1507100
65800,300,500,"sd","13:57:18",1507000
65800,300,1000,"sd","13:56:55",1506500
65800,300,100,"sd","13:56:55",1505500
65800,300,200,"sd","13:56:55",1505400
65800,300,1400,"sd","13:56:55",1505200
65800,300,100,"sd","13:56:55",1503800
65800,300,2000,"sd","13:56:55",1503700
65800,300,800,"sd","13:56:55",1501700
65800,300,300,"sd","13:56:55",1500900
65800,300,1000,"sd","13:56:55",1500600
65800,300,400,"sd","13:56:55",1499600
65800,300,100,"sd","13:56:55",1499200
65800,300,100,"sd","13:56:55",1499100
65800,300,200,"sd","13:56:55",1499000
65800,300,200,"sd","13:56:55",1498800
65800,300,400,"sd","13:56:55",1498600
65800,300,100,"sd","13:56:17",1498200
65800,300,800,"sd","13:55:46",1498100
65800,300,2400,"sd","13:55:30",1497300
65800,300,500,"sd","13:55:30",1494900
65900,400,500,"bu","13:55:11",1494400
65900,400,600,"bu","13:54:56",1493900
65900,400,100,"bu","13:54:25",1493300
65800,300,300,"sd","13:54:09",1493200
65800,300,300,"sd","13:53:53",1492900
65800,300,300,"sd","13:53:42",1492600
65800,300,100,"sd","13:53:42",1492300
65800,300,200,"sd","13:53:42",1492200
65800,300,300,"sd","13:53:42",1492000
65800,300,2000,"sd","13:53:42",1491700
65800,300,1000,"sd","13:53:39",1489700
65800,300,100,"sd","13:53:39",1488700
65800,300,3900,"sd","13:53:39",1488600
65800,300,700,"sd","13:53:29",1484700
65800,300,1700,"sd","13:53:29",1484000
65800,300,3400,"sd","13:53:29",1482300
65800,300,600,"sd","13:52:46",1478900
65800,300,3000,"sd","13:52:46",1478300
65800,300,100,"sd","13:52:46",1475300
65800,300,500,"sd","13:52:46",1475200
65800,300,100,"sd","13:52:46",1474700
65800,300,100,"sd","13:52:46",1474600
65800,300,4000,"sd","13:52:46",1474500
65800,300,2000,"sd","13:52:46",1470500
65800,300,5000,"sd","13:52:46",1468500
65800,300,2000,"sd","13:52:46",1463500
65800,300,1500,"sd","13:52:46",1461500
65800,300,1000,"sd","13:52:46",1460000
65800,300,100,"sd","13:52:46",1459000
65900,400,100,"sd","13:52:28",1458900
65900,400,100,"sd","13:52:28",1458800
65900,400,400,"sd","13:52:28",1458700
65900,400,200,"sd","13:52:28",1458300
65900,400,200,"sd","13:52:28",1458100
65900,400,2900,"sd","13:52:28",1457900
65900,400,2000,"sd","13:52:28",1455000
65900,400,100,"sd","13:52:28",1453000
65900,400,2100,"sd","13:52:28",1452900
65900,400,5000,"sd","13:52:28",1450800
65900,400,5000,"sd","13:52:28",1445800
65900,400,7400,"sd","13:52:28",1440800
65900,400,600,"sd","13:52:24",1433400
65900,400,2000,"sd","13:52:24",1432800
65900,400,100,"sd","13:52:24",1430800
65900,400,300,"sd","13:52:24",1430700
66000,500,200,"bu","13:52:22",1430400
66000,500,200,"bu","13:52:18",1430200
66000,500,100,"bu","13:52:09",1430000
66000,500,100,"bu","13:51:59",1429900
66000,500,100,"bu","13:51:46",1429800
65900,400,100,"sd","13:51:36",1429700
65900,400,1000,"bu","13:51:02",1429600
65900,400,2900,"bu","13:51:02",1428600
65900,400,100,"bu","13:51:02",1425700
65900,400,300,"bu","13:51:02",1425600
65900,400,500,"bu","13:51:02",1425300
65900,400,1000,"bu","13:51:02",1424800
65900,400,100,"bu","13:51:02",1423800
65900,400,100,"bu","13:51:02",1423700
65900,400,300,"bu","13:51:01",1423600
65900,400,100,"bu","13:51:01",1423300
65900,400,400,"bu","13:50:57",1423200
65900,400,100,"bu","13:50:57",1422800
65900,400,100,"bu","13:50:56",1422700
65900,400,100,"bu","13:50:52",1422600
65900,400,3100,"bu","13:50:51",1422500
65900,400,200,"bu","13:50:51",1419400
65900,400,600,"bu","13:50:51",1419200
65900,400,300,"bu","13:50:51",1418600
65900,400,100,"bu","13:50:51",1418300
65900,400,100,"bu","13:50:51",1418200
65900,400,300,"bu","13:50:51",1418100
65900,400,100,"bu","13:50:51",1417800
65900,400,3300,"bu","13:50:51",1417700
65900,400,1000,"bu","13:50:50",1414400
65900,400,1500,"bu","13:50:48",1413400
65900,400,200,"bu","13:50:38",1411900
65900,400,100,"bu","13:50:33",1411700
65900,400,10000,"bu","13:50:27",1411600
65900,400,200,"bu","13:50:15",1401600
65900,400,200,"bu","13:49:43",1401400
65900,400,500,"bu","13:49:30",1401200
65900,400,300,"bu","13:49:10",1400700
65900,400,2700,"bu","13:48:47",1400400
65900,400,500,"bu","13:48:47",1397700
65900,400,300,"bu","13:48:47",1395700
65900,400,1500,"bu","13:48:47",1397200
65800,300,100,"bu","13:48:44",1395400
65800,300,3000,"bu","13:48:44",1395300
65800,300,200,"bu","13:48:44",1392300
65800,300,100,"bu","13:48:44",1392100
65800,300,2200,"bu","13:48:44",1392000
65800,300,300,"bu","13:48:44",1389800
65800,300,100,"bu","13:48:44",1389500
65800,300,4600,"bu","13:48:44",1389400
65800,300,5400,"bu","13:48:39",1384800
65800,300,100,"bu","13:48:39",1379400
65800,300,5000,"bu","13:48:39",1379300
65800,300,100,"bu","13:48:39",1374300
65800,300,5000,"bu","13:48:39",1374200
65800,300,800,"bu","13:48:39",1369200
65800,300,3600,"bu","13:48:39",1368400
65800,300,600,"bu","13:48:39",1364800
65800,300,200,"bu","13:48:39",1364200
65800,300,5000,"bu","13:48:39",1364000
65800,300,5000,"bu","13:48:39",1359000
65800,300,300,"bu","13:48:39",1354000
65800,300,500,"bu","13:48:39",1353700
65800,300,100,"bu","13:48:39",1353200
65800,300,900,"bu","13:48:39",1353100
65800,300,4100,"bu","13:48:39",1352200
65800,300,300,"bu","13:48:30",1348100
65800,300,100,"bu","13:48:30",1347800
65800,300,100,"bu","13:48:30",1347700
65800,300,600,"bu","13:48:29",1347600
65800,300,400,"bu","13:48:29",1347000
65800,300,100,"bu","13:48:29",1346600
65800,300,800,"bu","13:48:29",1346500
65800,300,1000,"bu","13:48:27",1345700
65800,300,200,"bu","13:47:50",1344700
65800,300,300,"bu","13:47:50",1344500
65700,200,100,"bu","13:46:50",1344200
65700,200,700,"bu","13:46:50",1344100
65700,200,2900,"bu","13:46:50",1343400
65700,200,2700,"bu","13:46:50",1340500
65700,200,1500,"bu","13:46:50",1337800
65700,200,4500,"bu","13:46:50",1336300
65700,200,100,"bu","13:46:46",1331800
65700,200,500,"bu","13:46:45",1331700
65700,200,200,"bu","13:46:36",1331200
65700,200,2000,"bu","13:46:36",1331000
65700,200,400,"bu","13:46:34",1329000
65700,200,1000,"bu","13:46:24",1328600
65700,200,500,"bu","13:46:17",1327600
65700,200,100,"bu","13:46:10",1327100
65700,200,200,"bu","13:46:10",1327000
65700,200,200,"bu","13:46:00",1326800
65700,200,100,"bu","13:45:59",1326600
65700,200,1000,"bu","13:45:58",1326500
65700,200,500,"bu","13:45:48",1325500
65700,200,500,"bu","13:45:48",1325000
65700,200,4000,"bu","13:45:41",1324500
65700,200,30000,"bu","13:45:38",1320500
65700,200,300,"bu","13:45:24",1290500
65700,200,200,"bu","13:45:21",1290200
65700,200,500,"bu","13:45:18",1290000
65700,200,300,"bu","13:45:18",1289500
65700,200,5000,"bu","13:45:17",1289200
65700,200,3000,"bu","13:45:13",1284200
65700,200,5000,"bu","13:45:10",1281200
65700,200,1200,"bu","13:45:09",1276200
65700,200,1800,"bu","13:45:09",1275000
65700,200,300,"bu","13:44:45",1273200
65700,200,300,"bu","13:44:39",1272900
65700,200,100,"bu","13:44:26",1272600
65700,200,100,"bu","13:44:25",1272500
65700,200,100,"bu","13:44:23",1272400
65700,200,100,"bu","13:44:11",1272300
65600,100,300,"sd","13:43:29",1272200
65600,100,100,"sd","13:43:29",1271900
65600,100,200,"sd","13:43:29",1271800
65600,100,400,"sd","13:43:29",1271600
65600,100,400,"sd","13:43:29",1271200
65600,100,100,"sd","13:43:29",1270800
65600,100,500,"sd","13:43:29",1270700
65600,100,600,"sd","13:43:29",1270200
65600,100,100,"sd","13:43:29",1269600
65600,100,1300,"sd","13:43:29",1269500
65600,100,3700,"sd","13:43:20",1268200
65600,100,500,"sd","13:43:20",1264500
65600,100,200,"sd","13:43:20",1264000
65600,100,100,"sd","13:43:20",1263800
65600,100,100,"sd","13:43:20",1263700
65600,100,300,"sd","13:43:20",1263600
65600,100,100,"sd","13:43:20",1263300
65700,200,100,"bu","13:43:20",1263200
65700,200,100,"bu","13:43:18",1263100
65700,200,900,"bu","13:43:04",1263000
65700,200,3000,"bu","13:43:04",1262100
65700,200,100,"bu","13:43:04",1259100
65700,200,200,"bu","13:42:53",1259000
65700,200,100,"bu","13:42:35",1258800
65700,200,500,"bu","13:42:32",1258700
65700,200,4100,"bu","13:42:26",1258200
65700,200,2200,"bu","13:42:26",1254100
65700,200,300,"bu","13:42:26",1251900
65700,200,500,"bu","13:42:26",1251600
65700,200,100,"bu","13:42:26",1251100
65700,200,1000,"bu","13:42:26",1251000
65700,200,1800,"bu","13:42:26",1250000
65600,100,900,"sd","13:42:07",1248200
65600,100,1100,"sd","13:42:07",1247300
65700,200,1600,"bu","13:42:02",1246200
65600,100,5000,"sd","13:41:44",1244600
65600,100,100,"sd","13:41:41",1239600
65700,200,100,"bu","13:41:38",1239500
65600,100,2900,"sd","13:41:30",1239400
65700,200,100,"bu","13:41:30",1236500
65700,200,1000,"bu","13:41:17",1236400
65700,200,100,"bu","13:41:09",1235400
65700,200,300,"bu","13:41:07",1235300
65700,200,100,"bu","13:41:07",1235000
65700,200,500,"bu","13:39:30",1234900
65700,200,200,"bu","13:39:21",1234400
65700,200,800,"bu","13:39:21",1234200
65700,200,100,"bu","13:39:12",1233400
65700,200,100,"bu","13:39:03",1233300
65700,200,100,"bu","13:39:03",1233200
65700,200,100,"bu","13:39:03",1233100
65700,200,2000,"bu","13:39:00",1233000
65700,200,100,"bu","13:38:48",1231000
65700,200,100,"bu","13:38:30",1230900
65700,200,500,"bu","13:38:15",1230800
65600,100,200,"sd","13:38:09",1230300
65700,200,200,"bu","13:38:08",1230100
65700,200,100,"bu","13:38:08",1229900
65700,200,200,"bu","13:38:08",1229800
65700,200,300,"bu","13:38:06",1229600
65700,200,500,"bu","13:38:04",1229300
65700,200,200,"bu","13:38:04",1228800
65700,200,100,"bu","13:38:04",1228600
65700,200,100,"bu","13:38:04",1228500
65700,200,400,"bu","13:37:47",1228400
65700,200,100,"bu","13:37:47",1228000
65700,200,500,"bu","13:37:47",1227900
65600,100,100,"sd","13:37:39",1227400
65600,100,3000,"sd","13:37:39",1227300
65700,200,100,"bu","13:37:35",1224300
65700,200,3000,"bu","13:37:27",1224200
65600,100,100,"sd","13:36:39",1221200
65700,200,300,"bu","13:36:24",1221100
65700,200,1500,"bu","13:36:04",1220800
65600,100,2900,"sd","13:35:52",1219300
65700,200,300,"bu","13:35:49",1216400
65700,200,300,"bu","13:35:36",1216100
65700,200,200,"bu","13:35:36",1215800
65700,200,100,"bu","13:35:29",1215600
65700,200,200,"bu","13:35:29",1215500
65700,200,500,"bu","13:35:21",1215300
65700,200,100,"bu","13:34:50",1214800
65700,200,2000,"bu","13:34:12",1214700
65700,200,700,"bu","13:34:10",1212700
65600,100,500,"sd","13:34:07",1212000
65600,100,3100,"sd","13:34:03",1211500
65600,100,900,"sd","13:33:57",1208400
65600,100,100,"sd","13:33:34",1207500
65600,100,1000,"sd","13:33:34",1207400
65600,100,500,"sd","13:33:34",1206400
65700,200,200,"bu","13:33:26",1205900
65600,100,500,"sd","13:33:15",1205700
65600,100,400,"sd","13:33:15",1205200
65600,100,100,"sd","13:33:15",1204800
65600,100,100,"sd","13:32:15",1204700
65600,100,3000,"sd","13:32:15",1204600
65600,100,100,"sd","13:31:28",1201600
65700,200,1500,"bu","13:31:08",1201500
65700,200,200,"bu","13:30:45",1200000
65700,200,200,"bu","13:30:32",1199800
65600,100,1900,"sd","13:30:27",1199600
65600,100,1100,"sd","13:30:27",1197700
65700,200,100,"bu","13:30:16",1196600
65700,200,400,"sd","13:29:53",1196500
65700,200,2900,"sd","13:29:53",1196100
65700,200,100,"sd","13:29:51",1193200
65700,200,100,"sd","13:29:51",1193100
65700,200,400,"sd","13:29:24",1193000
65700,200,100,"sd","13:29:24",1192600
65700,200,100,"sd","13:29:15",1192500
65700,200,200,"sd","13:29:12",1192400
65700,200,300,"sd","13:29:11",1192200
65700,200,100,"sd","13:29:11",1191900
65700,200,100,"sd","13:29:11",1191800
65700,200,100,"sd","13:28:40",1191700
65700,200,2800,"sd","13:28:39",1191600
65700,200,200,"sd","13:28:39",1188800
65700,200,100,"sd","13:27:49",1188600
65700,200,100,"sd","13:27:41",1188500
65700,200,200,"sd","13:27:37",1188400
65700,200,100,"sd","13:27:37",1188200
65700,200,3000,"bu","13:27:24",1188100
65700,200,500,"sd","13:27:23",1185100
65700,200,1500,"sd","13:27:23",1184600
65700,200,100,"sd","13:27:11",1183100
65700,200,100,"sd","13:26:41",1183000
65700,200,300,"bu","13:25:54",1182900
65700,200,400,"bu","13:25:20",1182600
65700,200,500,"bu","13:25:20",1182200
65700,200,3200,"bu","13:25:20",1181700
65700,200,700,"bu","13:25:20",1178500
65700,200,500,"bu","13:25:20",1177800
65700,200,500,"bu","13:25:20",1177300
65700,200,200,"bu","13:25:20",1176800
65700,200,100,"bu","13:25:08",1176600
65700,200,300,"bu","13:25:03",1176500
65700,200,100,"bu","13:25:03",1176200
65700,200,100,"bu","13:25:03",1176100
65700,200,1000,"bu","13:25:02",1176000
65700,200,100,"bu","13:24:50",1175000
65700,200,100,"bu","13:24:46",1174900
65600,100,3200,"sd","13:24:46",1174800
65700,200,100,"bu","13:24:37",1171600
65700,200,500,"bu","13:24:28",1171500
65700,200,1000,"bu","13:24:14",1171000
65700,200,1100,"bu","13:24:13",1170000
65700,200,900,"bu","13:24:13",1168900
65700,200,500,"bu","13:24:05",1168000
65700,200,100,"bu","13:23:42",1167500
65700,200,300,"bu","13:23:22",1167400
65600,100,700,"sd","13:22:58",1167100
65600,100,100,"sd","13:22:58",1166400
65600,100,500,"sd","13:22:58",1166300
65600,100,300,"sd","13:22:58",1165800
65600,100,1000,"sd","13:22:58",1165500
65600,100,100,"sd","13:22:58",1164500
65600,100,500,"sd","13:22:58",1164400
65700,200,600,"bu","13:22:52",1163900
65700,200,500,"sd","13:22:32",1163300
65700,200,100,"sd","13:22:32",1162800
65700,200,200,"sd","13:22:32",1162700
65700,200,5000,"sd","13:22:32",1162500
65700,200,500,"sd","13:22:32",1157500
65700,200,500,"sd","13:22:32",1157000
65700,200,500,"sd","13:22:32",1156500
65700,200,100,"sd","13:22:32",1156000
65700,200,100,"sd","13:22:32",1155900
65700,200,100,"sd","13:22:32",1155800
65700,200,100,"sd","13:22:27",1155700
65700,200,500,"sd","13:22:18",1155600
65700,200,300,"sd","13:22:11",1155100
65700,200,1000,"sd","13:22:08",1154800
65700,200,300,"sd","13:21:39",1153800
65700,200,400,"sd","13:21:16",1153500
65700,200,200,"sd","13:21:16",1153100
65700,200,300,"sd","13:21:10",1152900
65700,200,1600,"sd","13:21:10",1152600
65700,200,200,"sd","13:21:10",1151000
65700,200,500,"sd","13:21:10",1150800
65700,200,500,"sd","13:21:10",1150300
65700,200,200,"sd","13:21:06",1149800
65700,200,400,"sd","13:20:19",1149600
65800,300,2700,"bu","13:20:19",1149200
65800,300,100,"bu","13:20:19",1146500
65700,200,500,"sd","13:19:58",1146400
65700,200,1400,"sd","13:19:23",1145900
65700,200,2000,"sd","13:19:23",1144500
65700,200,100,"sd","13:19:23",1142500
65700,200,500,"sd","13:19:23",1142400
65700,200,100,"sd","13:19:23",1141900
65700,200,2000,"sd","13:19:23",1141800
65700,200,100,"sd","13:19:23",1139800
65700,200,1400,"sd","13:19:23",1139700
65700,200,200,"sd","13:19:23",1138300
65700,200,100,"sd","13:19:23",1138100
65700,200,1100,"sd","13:19:23",1138000
65700,200,100,"sd","13:19:23",1136900
65700,200,100,"sd","13:19:23",1136800
65700,200,800,"sd","13:19:23",1136700
65700,200,500,"sd","13:19:23",1135900
65700,200,100,"sd","13:19:23",1135400
65700,200,2000,"sd","13:19:23",1135300
65700,200,200,"sd","13:19:23",1133300
65700,200,2600,"sd","13:19:23",1133100
65700,200,100,"sd","13:19:23",1130500
65700,200,1000,"sd","13:19:23",1130400
65700,200,1000,"sd","13:19:23",1129400
65700,200,100,"sd","13:19:23",1128400
65700,200,100,"sd","13:19:23",1128300
65700,200,3000,"sd","13:19:23",1128200
65700,200,200,"sd","13:19:23",1125200
65700,200,400,"sd","13:19:23",1125000
65700,200,100,"sd","13:19:23",1124600
65700,200,300,"sd","13:19:23",1124500
65700,200,1000,"sd","13:19:23",1124200
65700,200,200,"sd","13:19:23",1123200
65700,200,300,"sd","13:19:23",1123000
65700,200,100,"sd","13:19:23",1122700
65700,200,100,"sd","13:19:23",1122600
65700,200,3100,"sd","13:19:23",1122500
65700,200,2000,"sd","13:19:23",1119400
65700,200,1000,"sd","13:19:23",1117400
65700,200,100,"sd","13:19:23",1116400
65700,200,400,"sd","13:19:23",1116300
65700,200,600,"sd","13:19:22",1115900
65700,200,100,"sd","13:19:22",1115300
65700,200,100,"sd","13:19:22",1115200
65700,200,2400,"sd","13:19:22",1115100
65700,200,1100,"sd","13:19:18",1112700
65700,200,100,"sd","13:18:51",1111600
65700,200,100,"sd","13:18:16",1111500
65700,200,1000,"sd","13:18:15",1111400
65700,200,3100,"sd","13:17:34",1110400
65800,300,100,"bu","13:17:04",1107300
65700,200,100,"sd","13:17:03",1107200
65700,200,100,"sd","13:16:53",1107100
65700,200,500,"sd","13:15:46",1107000
65700,200,500,"sd","13:15:46",1106500
65700,200,2200,"sd","13:15:46",1106000
65800,300,1500,"bu","13:15:25",1103800
65800,300,2000,"bu","13:15:00",1102300
65800,300,1300,"bu","13:14:53",1100300
65800,300,700,"bu","13:14:53",1099000
65700,200,800,"sd","13:14:37",1098300
65700,200,10000,"sd","13:14:37",1097500
65700,200,100,"sd","13:14:37",1087500
65700,200,100,"sd","13:14:37",1087400
65700,200,300,"sd","13:14:37",1087300
65700,200,100,"sd","13:14:37",1087000
65700,200,300,"sd","13:14:37",1086900
65700,200,300,"sd","13:14:37",1086600
65700,200,1000,"sd","13:14:37",1086300
65700,200,1000,"sd","13:14:37",1085300
65700,200,100,"sd","13:14:37",1084300
65700,200,500,"sd","13:14:37",1084200
65700,200,400,"sd","13:14:37",1083700
65800,300,100,"bu","13:14:09",1083300
65700,200,3300,"sd","13:13:58",1083200
65700,200,100,"sd","13:13:56",1079900
65700,200,4000,"sd","13:13:15",1079800
65700,200,2200,"sd","13:12:42",1075800
65700,200,300,"sd","13:12:42",1073600
65700,200,700,"sd","13:12:13",1073300
65700,200,100,"sd","13:12:13",1072600
65700,200,100,"sd","13:12:13",1072500
65700,200,100,"sd","13:12:13",1072400
65700,200,2000,"sd","13:12:13",1072300
65700,200,3400,"sd","13:12:10",1070300
65700,200,300,"sd","13:11:54",1066900
65800,300,2000,"bu","13:11:47",1066600
65700,200,1300,"sd","13:11:16",1064600
65700,200,400,"sd","13:11:16",1063300
65700,200,300,"sd","13:11:16",1062900
65700,200,1000,"sd","13:11:16",1062600
65800,300,200,"bu","13:11:13",1061600
65800,300,500,"bu","13:11:13",1061400
65800,300,800,"bu","13:11:13",1060900
65700,200,100,"sd","13:10:53",1060100
65700,200,900,"sd","13:10:22",1060000
65700,200,2200,"sd","13:10:22",1059100
65700,200,3100,"sd","13:09:42",1056900
65700,200,2000,"sd","13:09:31",1053800
65700,200,1000,"sd","13:09:13",1051800
65700,200,3300,"sd","13:08:34",1050800
65800,300,1000,"bu","13:08:32",1047500
65800,300,2400,"bu","13:08:22",1046500
65800,300,100,"bu","13:08:12",1044100
65800,300,200,"bu","13:08:05",1044000
65800,300,200,"bu","13:07:46",1043800
65700,200,100,"sd","13:07:33",1043600
65700,200,100,"sd","13:07:26",1043500
65800,300,300,"bu","13:07:21",1043400
65800,300,2100,"bu","13:07:21",1043100
65700,200,5000,"sd","13:06:48",1041000
65700,200,3200,"sd","13:06:46",1036000
65700,200,200,"sd","13:06:46",1032800
65700,200,100,"sd","13:06:43",1032600
65800,300,100,"bu","13:06:35",1032500
65800,300,100,"bu","13:06:28",1032400
65800,300,100,"bu","13:05:52",1032300
65800,300,5000,"bu","13:05:50",1032200
65800,300,100,"bu","13:05:31",1027200
65700,200,100,"sd","13:05:30",1027100
65800,300,200,"bu","13:05:15",1027000
65700,200,500,"bu","13:04:17",1026800
65700,200,100,"bu","13:04:17",1026300
65700,200,100,"bu","13:04:04",1026200
65700,200,300,"bu","13:04:04",1026100
65700,200,300,"bu","13:03:46",1025800
65700,200,200,"bu","13:03:46",1025500
65700,200,100,"bu","13:03:22",1025300
65700,200,2900,"bu","13:03:16",1025200
65700,200,3000,"bu","13:03:16",1022300
65700,200,200,"bu","13:03:16",1019300
65700,200,300,"bu","13:03:16",1019100
65700,200,3600,"bu","13:03:16",1018800
65600,100,600,"sd","13:02:47",1015200
65600,100,400,"sd","13:02:47",1014600
65600,100,400,"sd","13:02:47",1014200
65600,100,100,"sd","13:02:47",1013800
65600,100,100,"sd","13:02:47",1013700
65600,100,300,"sd","13:02:47",1013600
65600,100,1000,"sd","13:02:47",1013300
65600,100,300,"sd","13:02:47",1012300
65600,100,200,"sd","13:02:47",1012000
65700,200,100,"bu","13:02:44",1011800
65700,200,300,"bu","13:02:32",1011700
65700,200,1000,"bu","13:02:25",1011400
65700,200,500,"bu","13:02:13",1010400
65700,200,300,"bu","13:02:12",1009900
65700,200,5000,"sd","13:01:55",1009600
65700,200,100,"sd","13:01:55",1004600
65700,200,100,"sd","13:01:55",1004500
65800,300,200,"bu","13:01:12",1004400
65700,200,2100,"sd","13:01:00",1004200
65700,200,200,"sd","13:01:00",1002100
65700,200,100,"sd","13:01:00",1001900
65700,200,700,"sd","13:01:00",1001800
65700,200,300,"sd","13:01:00",1001100
65700,200,100,"sd","13:01:00",1000800
65700,200,100,"sd","13:01:00",1000700
65700,200,200,"sd","13:01:00",1000600
65700,200,100,"sd","13:01:00",1000400
65700,200,100,"sd","13:01:00",1000300
65700,200,200,"sd","13:01:00",1000200
65700,200,400,"sd","13:01:00",1000000
65700,200,100,"sd","13:01:00",999600
65700,200,100,"sd","13:01:00",999500
65700,200,500,"sd","13:01:00",999400
65700,200,200,"sd","13:01:00",998900
65700,200,100,"sd","13:01:00",998700
65700,200,200,"sd","13:01:00",998600
65700,200,600,"sd","13:01:00",998400
65700,200,100,"sd","13:01:00",997800
65700,200,200,"sd","13:01:00",997700
65700,200,500,"sd","13:01:00",997500
65700,200,500,"sd","13:01:00",997000
65700,200,300,"sd","13:01:00",996500
65700,200,5000,"sd","13:01:00",996200
65700,200,800,"sd","13:01:00",991200
65700,200,300,"sd","13:01:00",990400
65700,200,300,"sd","13:01:00",990100
65700,200,200,"sd","13:01:00",989800
65700,200,1000,"sd","13:01:00",989600
65700,200,2000,"sd","13:01:00",988600
65700,200,100,"sd","13:01:00",986600
65700,200,200,"sd","13:01:00",986500
65700,200,100,"sd","13:01:00",986300
65700,200,100,"sd","13:01:00",986200
65700,200,1000,"sd","13:01:00",986100
65700,200,100,"sd","13:01:00",985100
65700,200,100,"sd","13:01:00",985000
65700,200,800,"sd","13:01:00",984900
65700,200,100,"sd","13:01:00",984100
65700,200,3000,"sd","13:01:00",984000
65700,200,400,"sd","13:01:00",981000
65700,200,500,"sd","13:01:00",980600
65700,200,5900,"sd","13:01:00",980100
65700,200,1400,"sd","13:00:59",974200
65800,300,1000,"bu","13:00:32",972800
65700,200,500,"sd","13:00:23",971800
65800,300,100,"bu","13:00:15",971300
65700,200,200,"sd","13:00:12",971200
65800,300,200,"bu","13:00:11",971000
65700,200,100,"sd","13:00:11",970800
65700,200,100,"sd","13:00:09",970700
65700,200,600,"sd","13:00:09",970600
65700,200,500,"sd","13:00:06",970000
65700,200,600,"sd","13:00:05",969500
65700,200,100,"sd","13:00:04",968900
65700,200,400,"sd","13:00:04",968800
65700,200,100,"sd","13:00:01",968400
65700,200,100,"sd","13:00:01",968300
65700,200,700,"sd","13:00:01",968200
65700,200,100,"sd","13:00:01",967500
65700,200,200,"sd","13:00:01",967400
65700,200,100,"sd","13:00:01",967200
65700,200,400,"sd","13:00:01",967100
65800,300,100,"bu","13:00:00",966700
65700,200,500,"sd","11:29:39",966600
65700,200,100,"sd","11:28:32",966100
65700,200,200,"sd","11:28:12",966000
65700,200,1500,"sd","11:28:12",965800
65700,200,1500,"sd","11:28:12",964300
65800,300,300,"bu","11:27:52",962800
65800,300,200,"bu","11:27:31",962500
65700,200,3300,"sd","11:26:24",962300
65700,200,200,"sd","11:25:50",959000
65700,200,100,"sd","11:24:55",958800
65700,200,3400,"sd","11:24:36",958700
65800,300,200,"bu","11:23:20",955300
65700,200,100,"sd","11:23:02",955100
65700,200,1400,"sd","11:22:47",955000
65700,200,2100,"sd","11:22:47",953600
65700,200,900,"sd","11:21:00",951500
65700,200,400,"sd","11:20:59",950600
65800,300,1900,"bu","11:20:09",950200
65800,300,8600,"bu","11:20:09",948300
65800,300,1000,"bu","11:19:45",939700
65700,200,900,"sd","11:19:40",938700
65700,200,3000,"sd","11:19:40",937800
65700,200,300,"sd","11:19:40",934800
65700,200,100,"sd","11:19:40",934500
65700,200,100,"sd","11:19:40",934400
65700,200,100,"sd","11:19:40",934300
65700,200,3000,"sd","11:19:40",934200
65700,200,1000,"sd","11:19:40",931200
65700,200,1000,"sd","11:19:40",930200
65700,200,500,"sd","11:19:40",929200
65800,300,400,"bu","11:19:33",928700
65800,300,100,"bu","11:19:33",928300
65800,300,100,"bu","11:19:00",928200
65800,300,200,"bu","11:18:35",928100
65800,300,600,"bu","11:18:29",927900
65800,300,3200,"bu","11:18:29",927300
65800,300,1000,"bu","11:18:29",924100
65800,300,500,"bu","11:18:29",923100
65800,300,100,"bu","11:18:29",922600
65800,300,100,"bu","11:18:29",922500
65800,300,1000,"bu","11:18:29",922400
65800,300,200,"bu","11:18:17",921400
65800,300,200,"bu","11:18:10",921200
65700,200,1500,"sd","11:17:12",921000
65700,200,1000,"sd","11:17:12",919500
65700,200,100,"sd","11:17:12",918500
65700,200,100,"sd","11:17:11",918400
65700,200,600,"sd","11:17:11",918300
65800,300,100,"bu","11:17:07",917700
65800,300,200,"bu","11:17:06",917600
65800,300,300,"bu","11:16:59",917400
65800,300,7000,"bu","11:16:42",917100
65800,300,1000,"bu","11:16:17",910100
65800,300,100,"bu","11:16:17",909100
65800,300,500,"bu","11:16:17",909000
65800,300,1400,"bu","11:16:17",908500
65700,200,400,"sd","11:15:45",907100
65700,200,100,"sd","11:15:45",906700
65700,200,1000,"sd","11:15:45",906600
65700,200,100,"sd","11:15:45",905600
65700,200,100,"sd","11:15:45",905500
65700,200,100,"sd","11:15:45",905400
65700,200,100,"sd","11:15:45",905300
65700,200,100,"sd","11:15:45",905200
65700,200,1000,"sd","11:15:45",905100
65700,200,1000,"sd","11:15:23",904100
65700,200,100,"sd","11:15:23",903100
65700,200,100,"sd","11:15:23",903000
65700,200,2100,"sd","11:15:23",902900
65700,200,900,"sd","11:14:22",900800
65700,200,500,"sd","11:14:22",899900
65700,200,100,"sd","11:14:22",899400
65700,200,500,"sd","11:14:22",899300
65700,200,500,"sd","11:13:59",898800
65700,200,100,"sd","11:13:59",898300
65700,200,100,"sd","11:13:59",898200
65700,200,300,"sd","11:13:59",898100
65700,200,200,"sd","11:13:46",897800
65700,200,100,"sd","11:13:46",897600
65700,200,100,"sd","11:13:46",897500
65700,200,300,"sd","11:13:46",897400
65700,200,100,"sd","11:13:46",897100
65700,200,5200,"sd","11:13:46",897000
65700,200,3300,"sd","11:13:35",891800
65700,200,1500,"sd","11:12:57",888500
65700,200,2000,"sd","11:12:57",887000
65700,200,100,"sd","11:12:57",885000
65700,200,1500,"sd","11:12:57",884900
65700,200,200,"sd","11:12:57",883400
65700,200,4700,"sd","11:12:57",883200
65700,200,1000,"sd","11:12:37",878500
65700,200,1000,"sd","11:12:18",877500
65700,200,3200,"sd","11:11:47",876500
65800,300,300,"bu","11:11:45",873300
65700,200,100,"sd","11:11:37",873000
65700,200,200,"sd","11:11:37",872900
65700,200,100,"sd","11:11:37",872700
65700,200,200,"sd","11:11:37",872600
65700,200,100,"sd","11:11:37",872400
65700,200,6000,"sd","11:11:37",872300
65700,200,3300,"sd","11:11:37",866300
65700,200,1700,"sd","11:09:59",863000
65700,200,500,"sd","11:09:59",861300
65700,200,300,"sd","11:09:59",860800
65700,200,900,"sd","11:09:59",860500
65800,300,3300,"bu","11:09:33",859600
65800,300,1700,"bu","11:09:33",856300
65800,300,400,"bu","11:09:00",854600
65700,200,10000,"sd","11:08:46",854200
65800,300,100,"bu","11:08:24",844200
65800,300,1000,"bu","11:08:12",844100
65700,200,3500,"sd","11:08:11",843100
65800,300,3800,"bu","11:08:08",839600
65800,300,100,"bu","11:07:26",835800
65800,300,200,"sd","11:07:12",835700
65800,300,100,"sd","11:07:12",835500
65800,300,100,"sd","11:07:12",835400
65800,300,100,"sd","11:07:12",835300
65800,300,100,"sd","11:07:12",835200
65800,300,2300,"sd","11:07:12",835100
65900,400,100,"bu","11:06:41",832800
65900,400,100,"bu","11:06:30",832700
65800,300,700,"sd","11:06:23",832600
65800,300,100,"sd","11:06:23",831900
65800,300,1000,"sd","11:06:23",831800
65800,300,200,"sd","11:06:23",830800
65800,300,100,"sd","11:06:23",830600
65800,300,1300,"sd","11:06:23",830500
65800,300,200,"sd","11:06:05",829200
65800,300,100,"sd","11:05:54",829000
65900,400,500,"bu","11:05:49",828900
65800,300,100,"sd","11:05:35",828400
65900,400,100,"bu","11:05:33",828300
65800,300,4300,"sd","11:05:28",828200
65800,300,800,"sd","11:05:28",823900
65800,300,500,"sd","11:05:28",823100
65800,300,1000,"sd","11:05:28",822600
65800,300,2000,"sd","11:05:28",821600
65800,300,1000,"sd","11:05:28",819600
65800,300,100,"sd","11:05:28",818600
65800,300,100,"sd","11:05:28",818500
65800,300,200,"sd","11:05:28",818400
65800,300,300,"sd","11:04:35",818200
65800,300,100,"sd","11:04:35",817900
65800,300,2000,"sd","11:04:35",817800
65800,300,800,"sd","11:04:35",815800
65800,300,100,"sd","11:04:35",815000
65900,400,100,"bu","11:04:33",814900
65900,400,100,"bu","11:04:25",814800
65800,300,100,"sd","11:04:13",814700
65800,300,400,"sd","11:04:13",814600
65800,300,300,"sd","11:03:56",814200
65800,300,100,"sd","11:03:33",813900
65800,300,3200,"sd","11:02:47",813800
65800,300,300,"sd","11:02:47",810600
65800,300,300,"sd","11:02:31",810300
65800,300,100,"sd","11:02:31",810000
65800,300,100,"sd","11:02:31",809900
65800,300,100,"sd","11:02:21",809800
65800,300,200,"sd","11:02:17",809700
65800,300,100,"sd","11:01:19",809500
65800,300,600,"sd","11:01:19",809400
65800,300,2100,"sd","11:01:19",808800
65800,300,1000,"sd","11:01:19",806700
65800,300,100,"sd","11:01:19",805700
65800,300,100,"sd","11:01:19",805600
65800,300,1000,"sd","11:01:18",805500
65800,300,500,"sd","11:01:01",804500
65800,300,2500,"sd","11:00:59",804000
65800,300,100,"sd","11:00:59",801500
65800,300,900,"sd","11:00:59",801400
65800,300,100,"sd","11:00:32",800500
65800,300,200,"sd","11:00:32",800400
65800,300,700,"sd","11:00:32",800200
65800,300,100,"sd","10:59:45",799500
65800,300,200,"sd","10:59:11",799400
65800,300,3300,"sd","10:59:11",799200
65800,300,200,"sd","10:58:55",795900
65900,400,500,"bu","10:58:39",795700
65900,400,300,"bu","10:58:39",795200
65900,400,1200,"bu","10:58:39",794900
65900,400,100,"bu","10:58:34",793700
65900,400,2000,"bu","10:57:44",793600
65800,300,1500,"sd","10:57:23",791600
65800,300,200,"sd","10:57:23",790100
65800,300,1800,"sd","10:57:23",789900
65900,400,100,"bu","10:56:57",788100
65900,400,100,"bu","10:56:09",788000
65900,400,1500,"bu","10:55:36",787900
65800,300,1200,"sd","10:55:35",786400
65800,300,1000,"sd","10:55:35",785200
65800,300,800,"sd","10:55:35",784200
65900,400,100,"bu","10:55:00",783400
65900,400,400,"bu","10:54:14",783300
65900,400,100,"bu","10:54:14",782900
65900,400,1000,"bu","10:54:13",782800
65900,400,1000,"bu","10:54:13",781800
65900,400,2000,"bu","10:54:10",780800
65800,300,200,"sd","10:54:10",778800
65800,300,2800,"sd","10:54:10",778600
65800,300,1000,"sd","10:54:10",775800
65800,300,2000,"sd","10:53:47",774800
65800,300,100,"sd","10:53:47",772800
65800,300,500,"sd","10:53:47",772700
65800,300,900,"sd","10:53:47",772200
65900,400,1000,"bu","10:53:36",771300
65900,400,1000,"bu","10:53:26",770300
65800,300,100,"sd","10:51:59",769300
65800,300,1200,"sd","10:51:59",769200
65800,300,1000,"sd","10:51:59",768000
65800,300,200,"sd","10:51:59",767000
65800,300,200,"sd","10:51:59",766800
65800,300,600,"sd","10:51:59",766600
65900,400,100,"bu","10:50:26",766000
65800,300,200,"sd","10:50:11",765900
65800,300,500,"sd","10:50:11",765700
65800,300,2000,"sd","10:50:11",765200
65800,300,100,"sd","10:50:11",763200
65800,300,400,"sd","10:50:11",763100
65800,300,100,"sd","10:50:11",762700
65800,300,200,"sd","10:50:11",762600
65900,400,100,"bu","10:49:57",762400
65900,400,1000,"bu","10:49:45",762300
65900,400,1500,"bu","10:49:45",761300
65900,400,500,"bu","10:49:45",759800
65800,300,500,"sd","10:49:42",759300
65800,300,4300,"sd","10:49:16",758800
65800,300,100,"sd","10:49:16",754500
65800,300,200,"sd","10:48:43",754400
65800,300,100,"sd","10:48:43",754200
65800,300,100,"sd","10:48:43",754100
65800,300,100,"sd","10:48:43",754000
65800,300,900,"sd","10:48:23",753900
65800,300,100,"sd","10:48:23",753000
65800,300,800,"sd","10:48:23",752900
65800,300,100,"sd","10:48:23",752100
65800,300,100,"sd","10:48:23",752000
65800,300,100,"sd","10:48:23",751900
65800,300,100,"sd","10:48:23",751800
65800,300,500,"sd","10:48:23",751700
65800,300,100,"sd","10:48:23",751200
65800,300,500,"sd","10:48:23",751100
65800,300,9500,"sd","10:48:16",750600
65800,300,500,"sd","10:48:16",741100
65900,400,200,"bu","10:48:15",740600
65900,400,400,"bu","10:47:22",740400
65900,400,1600,"bu","10:47:22",740000
65900,400,400,"bu","10:47:11",738400
65900,400,100,"bu","10:46:55",738000
65900,400,100,"bu","10:46:39",737900
65800,300,1500,"sd","10:46:35",737800
65800,300,100,"sd","10:46:35",736300
65800,300,2000,"sd","10:46:35",736200
65900,400,2000,"bu","10:46:24",734200
65900,400,500,"bu","10:46:20",732200
65900,400,300,"bu","10:46:15",731700
65900,400,200,"bu","10:46:15",731400
65900,400,100,"bu","10:44:59",731200
65800,300,500,"sd","10:44:47",731100
65800,300,100,"sd","10:44:47",730600
65800,300,200,"sd","10:44:47",730500
65800,300,100,"sd","10:44:47",730300
65800,300,200,"sd","10:44:47",730200
65800,300,1800,"sd","10:44:47",730000
65900,400,100,"bu","10:44:43",728200
65900,400,500,"bu","10:43:56",728100
65900,400,100,"bu","10:43:48",727600
65900,400,500,"bu","10:43:44",727500
65800,300,5000,"sd","10:43:44",727000
65900,400,100,"bu","10:43:33",722000
65800,300,800,"sd","10:43:07",721900
65800,300,2400,"sd","10:42:59",721100
65800,300,1000,"sd","10:42:59",718700
65900,400,100,"sd","10:42:54",717700
65900,400,100,"sd","10:42:54",717600
65900,400,100,"sd","10:42:54",717500
65900,400,100,"sd","10:42:54",717400
65900,400,700,"sd","10:42:54",717300
65900,400,300,"sd","10:42:49",716600
65900,400,700,"sd","10:42:49",716300
65900,400,100,"sd","10:42:32",715600
65900,400,200,"sd","10:42:30",715500
65900,400,1000,"sd","10:42:30",715300
65900,400,100,"sd","10:42:30",714300
65900,400,3600,"sd","10:42:30",714200
65900,400,100,"sd","10:42:30",710600
65900,400,400,"sd","10:42:21",710500
65900,400,600,"sd","10:42:21",710100
65900,400,1200,"sd","10:42:08",709500
65900,400,200,"sd","10:42:08",708300
65900,400,100,"sd","10:42:08",708100
65900,400,200,"sd","10:42:08",708000
65900,400,100,"sd","10:42:08",707800
65900,400,3300,"sd","10:42:08",707700
65900,400,2000,"sd","10:41:45",704400
65900,400,3400,"sd","10:41:11",702400
66000,500,100,"bu","10:41:11",699000
65900,400,1300,"sd","10:41:04",698900
65900,400,700,"sd","10:41:04",697600
65900,400,1000,"sd","10:40:52",696900
66000,500,2000,"bu","10:40:47",695900
66000,500,100,"bu","10:40:26",693900
66000,500,100,"bu","10:39:50",693800
66000,500,200,"bu","10:39:45",693700
65900,400,3300,"sd","10:39:23",693500
65900,400,200,"sd","10:39:23",690200
66000,500,100,"bu","10:39:08",690000
66000,500,100,"bu","10:39:02",689900
66000,500,100,"bu","10:38:49",689800
66000,500,1000,"bu","10:38:25",689700
66000,500,100,"bu","10:38:12",688700
66000,500,100,"bu","10:38:12",688600
66000,500,100,"bu","10:38:12",688500
66000,500,600,"bu","10:38:12",688400
66000,500,200,"bu","10:38:02",687800
66000,500,100,"bu","10:38:02",687600
66000,500,100,"bu","10:38:00",687500
66000,500,3400,"bu","10:37:59",687400
66000,500,600,"bu","10:37:59",684000
66000,500,100,"bu","10:37:58",683400
66000,500,900,"bu","10:37:58",683300
66000,500,100,"bu","10:37:54",682400
65900,400,200,"sd","10:37:35",682300
65900,400,100,"sd","10:37:35",682100
65900,400,200,"sd","10:37:35",682000
65900,400,1000,"sd","10:37:35",681800
65900,400,200,"sd","10:37:35",680800
65900,400,100,"sd","10:37:35",680600
65900,400,100,"sd","10:37:35",680500
65900,400,100,"sd","10:37:35",680400
65900,400,1500,"sd","10:37:35",680300
66000,500,100,"bu","10:37:29",678800
66000,500,100,"bu","10:37:09",678700
66000,500,800,"bu","10:36:58",678600
66000,500,4000,"bu","10:36:56",677800
66000,500,800,"bu","10:36:56",673800
66000,500,200,"bu","10:36:56",673000
66000,500,300,"bu","10:36:52",672800
66000,500,900,"bu","10:36:48",672500
66000,500,500,"bu","10:36:41",671600
66000,500,100,"bu","10:36:31",671100
65900,400,3000,"sd","10:35:47",671000
65900,400,300,"sd","10:35:47",668000
65900,400,400,"sd","10:35:47",667700
66000,500,100,"bu","10:34:00",667300
65900,400,3500,"sd","10:33:59",667200
65900,400,1100,"sd","10:33:33",663700
65900,400,900,"sd","10:33:33",662600
65900,400,100,"sd","10:33:33",661700
65900,400,100,"sd","10:33:33",661600
65900,400,400,"sd","10:33:33",661500
65900,400,100,"sd","10:33:33",661100
65900,400,300,"sd","10:33:33",661000
66000,500,100,"bu","10:33:27",660700
66000,500,100,"bu","10:32:47",660600
65900,400,700,"sd","10:32:42",660500
65900,400,100,"sd","10:32:42",659800
65900,400,100,"sd","10:32:42",659700
65900,400,100,"sd","10:32:42",659600
65900,400,100,"sd","10:32:42",659500
65900,400,200,"sd","10:32:42",659400
65900,400,200,"sd","10:32:42",659200
65900,400,500,"sd","10:32:42",659000
66000,500,200,"bu","10:32:15",658500
66000,500,100,"bu","10:32:11",658300
65900,400,500,"sd","10:32:11",658200
65900,400,100,"sd","10:32:11",657700
65900,400,2900,"sd","10:32:11",657600
66000,500,100,"bu","10:31:53",654700
66000,500,100,"bu","10:31:20",654600
66000,500,100,"bu","10:31:12",654500
66000,500,700,"bu","10:31:07",654400
66000,500,600,"bu","10:31:07",653700
66000,500,1700,"bu","10:31:07",653100
66000,500,200,"bu","10:31:05",651400
66000,500,500,"bu","10:31:00",651200
66000,500,100,"sd","10:30:29",650700
66000,500,300,"sd","10:30:29",650600
66000,500,900,"sd","10:30:29",650300
66000,500,6000,"sd","10:30:29",649400
66000,500,200,"sd","10:30:29",643400
66000,500,100,"sd","10:30:29",643200
66000,500,3700,"sd","10:30:23",643100
66000,500,2200,"sd","10:29:51",639400
66000,500,100,"sd","10:29:51",637200
66000,500,300,"sd","10:29:51",637100
66000,500,300,"sd","10:29:51",636800
66000,500,200,"sd","10:29:51",636500
66000,500,200,"sd","10:29:51",636300
66000,500,700,"sd","10:29:51",636100
66000,500,100,"sd","10:29:40",635400
66000,500,2000,"sd","10:29:15",635300
66000,500,500,"bu","10:29:02",633300
66000,500,200,"bu","10:29:02",632800
66000,500,200,"bu","10:29:02",632600
66000,500,500,"bu","10:28:57",632400
66000,500,100,"bu","10:28:56",631900
66000,500,200,"bu","10:28:56",631800
66000,500,100,"bu","10:28:54",631600
66000,500,500,"bu","10:28:49",631500
66000,500,100,"sd","10:28:48",631000
66000,500,200,"sd","10:28:48",630900
66000,500,100,"sd","10:28:48",630700
66000,500,300,"sd","10:28:48",630600
66000,500,900,"bu","10:28:37",630300
66000,500,1900,"bu","10:28:37",629400
66000,500,100,"sd","10:28:36",627500
66000,500,200,"sd","10:28:36",627400
66000,500,200,"sd","10:28:35",627200
66000,500,100,"sd","10:28:35",627000
66000,500,200,"sd","10:28:35",626900
66000,500,100,"sd","10:28:35",626700
66000,500,100,"sd","10:28:35",626600
66000,500,300,"sd","10:28:35",626500
66000,500,100,"sd","10:28:35",626200
66000,500,300,"sd","10:28:35",626100
66000,500,800,"sd","10:28:35",625800
66000,500,700,"sd","10:28:35",625000
66100,600,200,"bu","10:28:35",624300
66000,500,3500,"sd","10:28:34",624100
66000,500,100,"sd","10:28:34",620600
66000,500,100,"sd","10:28:29",620500
66100,600,500,"bu","10:28:09",620400
66100,600,1700,"bu","10:27:58",619900
66100,600,300,"bu","10:27:44",618200
66100,600,200,"sd","10:27:42",617900
66100,600,1000,"sd","10:27:42",617700
66100,600,100,"sd","10:27:41",616700
66200,700,100,"bu","10:27:33",616600
66200,700,200,"bu","10:27:31",616500
66200,700,100,"bu","10:27:29",616300
66200,700,200,"bu","10:27:25",616200
66200,700,100,"bu","10:27:23",616000
66200,700,300,"sd","10:27:16",615900
66200,700,1000,"sd","10:27:16",615600
66200,700,200,"sd","10:27:16",614600
66200,700,100,"sd","10:27:16",614400
66200,700,100,"sd","10:27:16",614300
66200,700,600,"sd","10:27:16",614200
66200,700,100,"sd","10:27:03",613600
66200,700,100,"sd","10:26:55",613500
66200,700,300,"sd","10:26:53",613400
66300,800,1900,"bu","10:26:51",613100
66300,800,400,"bu","10:26:49",611200
66300,800,100,"bu","10:26:47",610800
66300,800,100,"sd","10:26:43",610700
66300,800,900,"sd","10:26:43",610600
66300,800,100,"sd","10:26:43",609700
66300,800,100,"sd","10:26:40",609600
66300,800,1400,"sd","10:26:26",609500
66300,800,100,"sd","10:26:26",608100
66300,800,1500,"sd","10:26:26",608000
66300,800,2000,"sd","10:26:26",606500
66400,900,100,"bu","10:25:52",604500
66400,900,100,"bu","10:25:43",604400
66400,900,4000,"bu","10:25:40",604300
66400,900,100,"bu","10:25:40",600300
66400,900,200,"bu","10:25:40",600200
66400,900,100,"bu","10:25:40",600000
66400,900,100,"bu","10:25:40",599900
66400,900,300,"bu","10:25:39",599800
66400,900,400,"bu","10:25:39",599500
66400,900,1000,"bu","10:25:39",599100
66400,900,100,"bu","10:25:39",598100
66400,900,100,"bu","10:25:39",598000
66400,900,1000,"bu","10:25:39",597900
66400,900,100,"bu","10:25:39",596900
66400,900,100,"bu","10:25:39",596800
66400,900,1000,"bu","10:25:39",596700
66400,900,2000,"bu","10:25:39",595700
66400,900,200,"bu","10:25:39",593700
66400,900,100,"bu","10:25:39",593500
66400,900,200,"bu","10:25:39",593400
66400,900,100,"bu","10:25:39",593200
66400,900,500,"bu","10:25:39",593100
66400,900,3700,"bu","10:25:39",592600
66400,900,100,"bu","10:25:39",588900
66400,900,100,"bu","10:25:39",588800
66400,900,100,"bu","10:25:39",588700
66400,900,100,"bu","10:25:39",588600
66400,900,500,"bu","10:25:39",588500
66400,900,100,"bu","10:25:39",588000
66400,900,500,"bu","10:25:39",587900
66400,900,100,"bu","10:25:39",587400
66400,900,300,"bu","10:25:39",587300
66400,900,2700,"bu","10:25:39",587000
66300,800,300,"sd","10:25:38",584300
66400,900,100,"bu","10:25:34",584000
66300,800,800,"sd","10:25:33",583900
66300,800,1000,"bu","10:25:30",583100
66300,800,100,"bu","10:25:30",582100
66300,800,400,"bu","10:25:30",582000
66300,800,300,"bu","10:25:30",581600
66300,800,100,"bu","10:25:30",581300
66300,800,100,"bu","10:25:30",581200
66300,800,900,"bu","10:25:30",581100
66300,800,100,"bu","10:25:30",580200
66300,800,500,"bu","10:25:30",580100
66300,800,100,"bu","10:25:30",579600
66300,800,100,"bu","10:25:30",579500
66300,800,900,"bu","10:25:30",579400
66300,800,2300,"bu","10:25:30",578500
66300,800,100,"bu","10:25:29",576200
66300,800,100,"bu","10:25:27",576100
66300,800,500,"bu","10:25:04",576000
66300,800,100,"bu","10:24:56",575500
66300,800,1000,"sd","10:24:42",575400
66300,800,200,"sd","10:24:42",574400
66300,800,700,"sd","10:24:42",574200
66300,800,100,"sd","10:24:42",573500
66300,800,400,"sd","10:24:39",573400
66300,800,1000,"sd","10:24:39",573000
66300,800,100,"sd","10:24:39",572000
66300,800,200,"sd","10:24:39",571900
66300,800,300,"sd","10:24:39",571700
66300,800,1000,"sd","10:24:39",571400
66300,800,500,"sd","10:24:39",570400
66300,800,200,"sd","10:24:39",569900
66300,800,300,"sd","10:24:39",569700
66300,800,200,"sd","10:24:39",569400
66300,800,800,"sd","10:24:39",569200
66400,900,200,"bu","10:24:36",568400
66400,900,100,"bu","10:24:36",568200
66400,900,100,"bu","10:24:36",568100
66400,900,100,"bu","10:24:36",568000
66400,900,200,"bu","10:24:36",567900
66400,900,100,"bu","10:24:32",567700
66300,800,300,"sd","10:24:30",567600
66400,900,100,"bu","10:24:28",567300
66400,900,100,"bu","10:24:20",567200
66300,800,300,"sd","10:24:12",567100
66400,900,400,"bu","10:24:11",566800
66400,900,200,"bu","10:24:11",566400
66400,900,2000,"bu","10:24:07",566200
66400,900,1500,"bu","10:23:58",564200
66400,900,300,"bu","10:23:53",562700
66300,800,100,"sd","10:23:52",562400
66400,900,300,"bu","10:23:44",562300
66400,900,100,"bu","10:23:44",562000
66400,900,600,"bu","10:23:44",561900
66400,900,100,"bu","10:23:40",561300
66400,900,100,"sd","10:23:38",561200
66400,900,100,"sd","10:23:38",561100
66400,900,200,"sd","10:23:38",561000
66400,900,100,"sd","10:23:38",560800
66500,1000,4000,"bu","10:23:37",560700
66500,1000,1200,"bu","10:23:37",556700
66500,1000,4700,"bu","10:23:37",555500
66500,1000,100,"bu","10:23:37",550800
66400,900,100,"sd","10:23:35",550700
66500,1000,100,"bu","10:23:33",550600
66400,900,900,"sd","10:23:31",550500
66400,900,100,"sd","10:23:31",549600
66400,900,4300,"sd","10:23:31",549500
66400,900,700,"sd","10:23:31",545200
66400,900,100,"sd","10:23:31",544500
66400,900,1300,"sd","10:23:30",544400
66400,900,100,"sd","10:23:24",543100
66400,900,2000,"bu","10:23:23",543000
66400,900,100,"bu","10:23:23",541000
66400,900,200,"bu","10:23:23",540900
66500,1000,200,"bu","10:23:21",540700
66500,1000,100,"bu","10:23:21",540500
66500,1000,5000,"bu","10:23:21",540400
66500,1000,200,"bu","10:23:21",535400
66500,1000,300,"bu","10:23:21",535200
66500,1000,500,"bu","10:23:21",534900
66500,1000,1000,"bu","10:23:21",534400
66400,900,2000,"bu","10:23:21",533400
66400,900,100,"bu","10:23:21",531400
66400,900,100,"bu","10:23:21",531300
66400,900,100,"bu","10:23:21",531200
66400,900,500,"bu","10:23:21",531100
66400,900,100,"bu","10:23:21",530600
66400,900,100,"bu","10:23:21",530500
66400,900,1000,"bu","10:23:21",530400
66400,900,100,"bu","10:23:21",529400
66400,900,100,"bu","10:23:21",529300
66400,900,100,"bu","10:23:21",529200
66400,900,100,"bu","10:23:21",529100
66400,900,100,"bu","10:23:21",529000
66400,900,100,"bu","10:23:21",528900
66400,900,100,"bu","10:23:21",528800
66400,900,100,"bu","10:23:21",528700
66400,900,200,"bu","10:23:21",528600
66400,900,600,"bu","10:23:21",528400
66400,900,400,"bu","10:23:17",527800
66400,900,300,"bu","10:23:17",527400
66400,900,200,"bu","10:23:17",527100
66400,900,5100,"bu","10:23:17",526900
66300,800,1000,"sd","10:23:16",521800
66400,900,1000,"bu","10:23:14",520800
66400,900,1000,"bu","10:23:14",519800
66300,800,100,"sd","10:23:14",518800
66400,900,3000,"bu","10:23:12",518700
66400,900,1000,"bu","10:23:06",515700
66400,900,10000,"bu","10:23:04",514700
66400,900,100,"bu","10:23:02",504700
66300,800,100,"sd","10:23:01",504600
66400,900,100,"bu","10:23:01",504500
66400,900,100,"bu","10:23:00",504400
66400,900,100,"bu","10:22:58",504300
66400,900,1000,"bu","10:22:55",504200
66300,800,3300,"sd","10:22:54",503200
66300,800,100,"sd","10:22:54",499900
66300,800,1000,"sd","10:22:54",499800
66300,800,200,"sd","10:22:54",498800
66300,800,100,"sd","10:22:54",498600
66300,800,300,"sd","10:22:54",498500
66400,900,800,"bu","10:22:46",498200
66400,900,20000,"bu","10:22:40",497400
66300,800,100,"sd","10:22:39",477400
66300,800,100,"sd","10:22:39",477300
66300,800,100,"sd","10:22:37",477200
66300,800,100,"sd","10:22:35",477100
66300,800,100,"sd","10:22:33",477000
66300,800,200,"bu","10:22:28",476900
66300,800,1000,"bu","10:22:28",476700
66200,700,1000,"sd","10:22:27",475700
66300,800,100,"bu","10:22:27",474700
66300,800,100,"bu","10:22:27",474600
66300,800,100,"bu","10:22:27",474500
66300,800,100,"bu","10:22:27",474400
66300,800,1000,"bu","10:22:27",474300
66300,800,1600,"bu","10:22:27",473300
66300,800,500,"bu","10:22:24",471700
66300,800,200,"bu","10:22:21",471200
66300,800,1200,"bu","10:22:18",471000
66400,900,900,"bu","10:22:13",469800
66400,900,400,"bu","10:22:13",468900
66400,900,500,"bu","10:22:13",468500
66400,900,600,"bu","10:22:13",468000
66300,800,3000,"bu","10:22:13",467400
66300,800,100,"bu","10:22:13",464400
66300,800,300,"bu","10:22:13",464300
66300,800,100,"bu","10:22:13",464000
66300,800,100,"bu","10:22:13",463900
66300,800,2400,"bu","10:22:13",463800
66200,700,400,"sd","10:22:08",461400
66200,700,100,"sd","10:22:07",461000
66300,800,17600,"bu","10:22:06",460900
66300,800,100,"bu","10:22:06",443300
66300,800,100,"bu","10:22:06",443200
66300,800,200,"bu","10:22:06",443100
66300,800,1000,"bu","10:22:06",442900
66300,800,500,"bu","10:22:06",441900
66300,800,100,"bu","10:22:06",441400
66300,800,400,"bu","10:22:06",441300
66200,700,100,"sd","10:22:05",440900
66200,700,1000,"bu","10:22:00",440800
66200,700,100,"bu","10:22:00",439800
66200,700,100,"bu","10:22:00",439700
66200,700,1300,"bu","10:22:00",439600
66200,700,200,"bu","10:22:00",438300
66200,700,100,"bu","10:22:00",438100
66200,700,100,"bu","10:22:00",438000
66200,700,1700,"bu","10:22:00",437900
66200,700,500,"bu","10:22:00",436200
66200,700,100,"bu","10:22:00",435700
66200,700,100,"bu","10:22:00",435600
66200,700,100,"bu","10:22:00",435500
66200,700,100,"bu","10:22:00",435400
66200,700,100,"bu","10:22:00",435300
66200,700,200,"bu","10:22:00",435200
66200,700,100,"bu","10:22:00",435000
66200,700,1000,"bu","10:22:00",434900
66200,700,400,"bu","10:22:00",433900
66200,700,500,"bu","10:21:58",433500
66100,600,100,"sd","10:21:43",433000
66100,600,200,"sd","10:21:43",432900
66100,600,100,"bu","10:21:37",432700
66100,600,100,"bu","10:21:37",432600
66100,600,100,"bu","10:21:37",432500
66100,600,100,"bu","10:21:37",432400
66100,600,100,"bu","10:21:37",432300
66100,600,200,"bu","10:21:37",432200
66000,500,1000,"sd","10:21:34",432000
66100,600,100,"bu","10:21:33",430800
66100,600,200,"bu","10:21:33",431000
66000,500,100,"sd","10:21:30",430700
66000,500,100,"bu","10:21:21",430600
66000,500,200,"bu","10:21:21",430500
66000,500,200,"bu","10:21:21",430300
66000,500,100,"bu","10:21:21",430100
66000,500,300,"bu","10:21:21",430000
66000,500,200,"bu","10:21:21",429700
66000,500,100,"bu","10:21:21",429500
66000,500,700,"bu","10:21:21",429400
66000,500,500,"bu","10:21:21",428700
66000,500,400,"bu","10:21:21",428200
65900,400,200,"sd","10:21:19",427800
66000,500,100,"bu","10:21:17",427600
66000,500,200,"bu","10:21:14",427500
66000,500,1300,"bu","10:21:14",427300
66000,500,600,"bu","10:21:14",426000
66000,500,300,"bu","10:21:14",425400
66000,500,300,"bu","10:21:14",425100
66000,500,100,"bu","10:21:14",424800
66000,500,100,"bu","10:21:14",424700
66000,500,100,"bu","10:21:14",424600
66000,500,500,"bu","10:21:14",424500
66000,500,400,"bu","10:21:14",424000
66000,500,200,"bu","10:21:14",423600
66000,500,1500,"bu","10:21:14",423400
66000,500,400,"bu","10:21:14",421900
66000,500,4600,"bu","10:21:10",421500
66000,500,900,"bu","10:21:10",416900
66000,500,100,"bu","10:21:10",416000
66000,500,300,"bu","10:21:10",415900
66000,500,100,"bu","10:21:10",415600
66000,500,100,"bu","10:21:10",415500
66000,500,1700,"bu","10:21:10",415400
66000,500,300,"bu","10:21:10",413700
66000,500,200,"bu","10:21:10",413400
66000,500,700,"bu","10:21:10",413200
66000,500,300,"bu","10:21:10",412500
66000,500,100,"bu","10:21:10",412200
66000,500,200,"bu","10:21:09",412100
66000,500,100,"bu","10:21:09",411900
66000,500,200,"bu","10:21:09",411800
66000,500,100,"bu","10:21:09",411600
66000,500,100,"bu","10:21:09",411500
66000,500,300,"bu","10:21:09",411400
66000,500,1200,"bu","10:21:09",411100
65900,400,100,"sd","10:21:07",409900
66000,500,100,"bu","10:21:06",409800
66000,500,200,"bu","10:21:04",409700
66000,500,400,"bu","10:21:04",409500
66000,500,600,"bu","10:20:57",409100
66000,500,100,"bu","10:20:57",408500
66000,500,300,"bu","10:20:57",408400
66000,500,100,"bu","10:20:45",408100
66000,500,100,"bu","10:20:45",408000
66000,500,400,"bu","10:20:45",407900
66000,500,500,"bu","10:20:45",407500
66000,500,100,"bu","10:20:45",407000
65900,400,100,"bu","10:20:44",406900
65900,400,300,"bu","10:20:44",406800
65900,400,100,"bu","10:20:44",406500
65900,400,200,"bu","10:20:44",406400
65900,400,3000,"bu","10:20:44",406200
65900,400,100,"bu","10:20:44",403200
65900,400,100,"bu","10:20:44",403100
65900,400,1500,"bu","10:20:44",403000
65900,400,100,"bu","10:20:44",401500
65900,400,100,"bu","10:20:44",401400
65900,400,500,"bu","10:20:44",401300
65900,400,300,"bu","10:20:44",400800
65900,400,400,"bu","10:20:44",400500
65800,300,200,"bu","10:20:32",400100
65800,300,3400,"bu","10:20:32",399900
65800,300,100,"bu","10:20:32",396500
65800,300,300,"bu","10:20:32",396400
65800,300,100,"bu","10:20:20",396100
65800,300,1100,"bu","10:20:20",396000
65800,300,400,"bu","10:20:20",394900
65800,300,500,"bu","10:20:20",394500
65800,300,100,"bu","10:20:20",394000
65800,300,100,"bu","10:20:20",393900
65800,300,1000,"bu","10:20:20",393800
65800,300,200,"bu","10:20:20",392800
65800,300,400,"bu","10:20:20",392600
65800,300,2000,"bu","10:20:20",392200
65800,300,300,"bu","10:20:20",390200
65800,300,300,"bu","10:20:20",389900
65800,300,100,"bu","10:20:20",389600
65800,300,3000,"bu","10:20:20",389500
65800,300,100,"bu","10:20:20",386500
65800,300,100,"bu","10:20:19",386400
65800,300,200,"bu","10:20:19",386300
65800,300,100,"bu","10:19:51",386100
65700,200,100,"sd","10:19:24",386000
65700,200,100,"bu","10:19:16",385900
65700,200,500,"bu","10:19:16",385800
65700,200,3600,"bu","10:19:16",385300
65700,200,3900,"bu","10:19:16",381700
65700,200,700,"bu","10:19:16",377800
65700,200,500,"bu","10:19:16",377100
65700,200,100,"bu","10:19:16",376600
65700,200,1000,"bu","10:19:16",376500
65700,200,7900,"bu","10:19:16",375500
65700,200,100,"bu","10:19:03",367600
65700,200,600,"bu","10:18:42",367500
65700,200,100,"bu","10:18:35",366900
65700,200,500,"bu","10:18:26",366800
65700,200,400,"bu","10:18:25",366300
65600,100,3600,"sd","10:18:24",365900
65600,100,100,"sd","10:18:19",362300
65600,100,1900,"sd","10:18:19",362200
65700,200,100,"bu","10:17:55",360300
65700,200,100,"bu","10:17:55",360200
65700,200,100,"bu","10:17:43",360100
65700,200,100,"bu","10:17:25",360000
65600,100,100,"sd","10:16:37",359900
65600,100,2900,"sd","10:16:37",359800
65700,200,200,"bu","10:15:59",356900
65700,200,100,"bu","10:15:36",356700
65700,200,200,"bu","10:15:15",356600
65700,200,300,"bu","10:15:01",356400
65700,200,200,"bu","10:15:01",356100
65600,100,100,"sd","10:14:48",355900
65600,100,600,"sd","10:14:48",355800
65600,100,200,"sd","10:14:48",355200
65600,100,100,"sd","10:14:48",355000
65600,100,1700,"sd","10:14:48",354900
65700,200,100,"bu","10:14:39",353200
65600,100,200,"sd","10:14:24",353100
65700,200,700,"bu","10:14:11",352900
65700,200,10000,"bu","10:14:11",352200
65700,200,500,"bu","10:14:11",342200
65600,100,3100,"sd","10:13:01",341700
65600,100,100,"sd","10:13:00",338600
65600,100,200,"sd","10:13:00",338500
65600,100,100,"sd","10:13:00",338300
65600,100,200,"sd","10:13:00",338200
65700,200,200,"bu","10:12:53",338000
65700,200,300,"bu","10:12:48",337800
65700,200,100,"bu","10:12:48",337500
65700,200,600,"bu","10:12:48",337400
65700,200,1000,"bu","10:11:58",336800
65700,200,1000,"bu","10:11:52",335800
65700,200,100,"bu","10:11:50",334800
65700,200,100,"bu","10:11:28",334700
65700,200,300,"bu","10:11:25",334600
65700,200,500,"sd","10:11:12",334300
65700,200,100,"sd","10:11:12",333800
65800,300,1000,"bu","10:11:01",333700
65700,200,200,"sd","10:10:16",332700
65700,200,100,"sd","10:10:16",332500
65700,200,100,"bu","10:09:54",332400
65700,200,400,"sd","10:09:52",332300
65700,200,1000,"sd","10:09:48",331900
65700,200,100,"sd","10:09:33",330900
65700,200,200,"sd","10:09:24",330800
65700,200,100,"sd","10:09:24",330600
65700,200,1000,"sd","10:09:24",330500
65700,200,100,"sd","10:09:24",329500
65700,200,800,"sd","10:09:24",329400
65700,200,1300,"sd","10:09:24",328600
65700,200,500,"sd","10:09:07",327300
65700,200,100,"sd","10:08:32",326800
65800,300,100,"bu","10:08:22",326700
65800,300,100,"bu","10:08:04",326600
65700,200,1000,"sd","10:07:31",326500
65700,200,100,"bu","10:07:14",325500
65700,200,300,"bu","10:07:14",325400
65700,200,200,"sd","10:07:07",325100
65700,200,400,"sd","10:07:07",324900
65700,200,100,"sd","10:07:07",324500
65700,200,100,"sd","10:07:04",324400
65700,200,200,"sd","10:07:01",324300
65700,200,100,"sd","10:07:00",324100
65700,200,100,"sd","10:07:00",324000
65700,200,200,"bu","10:06:04",323900
65700,200,200,"bu","10:06:01",323700
65700,200,500,"bu","10:06:01",323500
65700,200,1000,"bu","10:06:00",323000
65700,200,3800,"bu","10:06:00",322000
65700,200,200,"bu","10:06:00",318200
65700,200,1500,"bu","10:05:45",318000
65700,200,500,"bu","10:05:40",316500
65700,200,200,"bu","10:05:12",316000
65700,200,500,"bu","10:05:06",315800
65700,200,100,"sd","10:05:05",315300
65700,200,100,"sd","10:05:05",315200
65700,200,100,"sd","10:05:05",315100
65700,200,100,"bu","10:04:49",315000
65700,200,900,"sd","10:04:45",314900
65700,200,100,"bu","10:04:22",314000
65700,200,3600,"bu","10:04:22",313900
65700,200,1000,"bu","10:04:22",310300
65700,200,1500,"bu","10:04:22",309300
65700,200,100,"bu","10:04:22",307800
65700,200,100,"bu","10:04:22",307700
65700,200,300,"bu","10:04:22",307600
65600,100,400,"sd","10:03:45",307300
65600,100,1300,"bu","10:03:32",306900
65600,100,900,"bu","10:03:25",305600
65600,100,300,"bu","10:03:22",304700
65600,100,1000,"sd","10:03:21",304400
65600,100,200,"sd","10:03:21",303400
65700,200,100,"bu","10:02:56",303200
65700,200,500,"bu","10:02:56",303100
65700,200,300,"bu","10:02:56",302600
65700,200,500,"bu","10:02:56",302300
65700,200,1000,"bu","10:02:56",301800
65700,200,100,"bu","10:02:56",300800
65700,200,700,"bu","10:02:56",300700
65700,200,600,"bu","10:02:56",300000
65700,200,3200,"bu","10:02:56",299400
65600,100,1000,"bu","10:02:56",296200
65600,100,800,"bu","10:02:56",295200
65600,100,200,"bu","10:02:56",294400
65600,100,1000,"bu","10:02:56",294200
65600,100,100,"bu","10:02:50",293200
65600,100,200,"bu","10:02:32",293100
65600,100,1000,"bu","10:02:32",292900
65600,100,500,"bu","10:02:25",291900
65500,0,1000,"sd","10:02:24",291400
65500,0,100,"sd","10:02:24",290400
65500,0,400,"sd","10:02:24",290300
65600,100,200,"bu","10:02:23",289900
65600,100,100,"bu","10:01:57",289700
65600,100,200,"bu","10:01:35",289600
65600,100,100,"sd","10:01:33",289400
65600,100,300,"sd","10:01:33",289300
65600,100,100,"sd","10:01:16",289000
65600,100,100,"sd","10:00:45",288900
65600,100,2000,"sd","10:00:45",288800
65600,100,100,"sd","10:00:45",286800
65600,100,100,"sd","10:00:45",286700
65600,100,100,"sd","10:00:45",286600
65600,100,1000,"sd","10:00:45",286500
65600,100,100,"sd","10:00:45",285500
65600,100,300,"sd","10:00:45",285400
65600,100,100,"sd","10:00:45",285100
65600,100,800,"sd","10:00:45",285000
65600,100,1000,"sd","10:00:45",284200
65600,100,3000,"sd","10:00:45",283200
65600,100,300,"sd","10:00:45",280200
65600,100,1000,"sd","10:00:45",279900
65600,100,500,"sd","10:00:26",278900
65600,100,100,"sd","10:00:26",278400
65600,100,200,"sd","10:00:13",278300
65600,100,100,"sd","09:59:45",278100
65600,100,200,"sd","09:59:45",278000
65600,100,100,"sd","09:59:45",277800
65600,100,100,"sd","09:59:45",277700
65600,100,1000,"sd","09:59:45",277600
65600,100,100,"sd","09:59:45",276600
65600,100,2100,"sd","09:59:45",276500
65700,200,100,"bu","09:59:29",274400
65600,100,3200,"sd","09:59:10",274300
65600,100,1500,"sd","09:58:58",271100
65700,200,100,"bu","09:58:21",269600
65700,200,600,"bu","09:58:15",269500
65700,200,100,"bu","09:58:15",268900
65700,200,100,"bu","09:58:12",268800
65700,200,600,"bu","09:58:12",268700
65600,100,600,"sd","09:57:57",268100
65600,100,100,"sd","09:57:57",267500
65600,100,100,"sd","09:57:57",267400
65600,100,1000,"sd","09:57:57",267300
65600,100,100,"sd","09:57:57",266300
65600,100,100,"sd","09:57:57",266200
65600,100,500,"sd","09:57:57",266100
65600,100,400,"sd","09:57:57",265600
65600,100,100,"sd","09:57:57",265200
65600,100,500,"sd","09:57:57",265100
65600,100,100,"sd","09:57:20",264600
65600,100,900,"sd","09:57:20",264500
65600,100,1500,"sd","09:57:12",263600
65600,100,500,"sd","09:56:52",262100
65700,200,300,"bu","09:56:35",261600
65700,200,300,"bu","09:56:29",261300
65700,200,200,"bu","09:56:27",261000
65700,200,100,"bu","09:56:24",260800
65700,200,400,"bu","09:56:12",260700
65700,200,100,"bu","09:56:12",260300
65600,100,1600,"sd","09:56:10",260200
65600,100,100,"sd","09:56:10",258600
65600,100,2000,"sd","09:56:10",258500
65600,100,100,"sd","09:56:10",256500
65600,100,100,"sd","09:55:34",256400
65600,100,1500,"sd","09:55:34",256300
65700,200,600,"bu","09:55:30",254800
65700,200,100,"bu","09:55:28",254200
65700,200,300,"bu","09:54:47",254100
65700,200,500,"bu","09:54:47",253800
65700,200,500,"bu","09:54:39",253300
65700,200,200,"bu","09:54:29",252800
65700,200,100,"bu","09:54:00",252600
65600,100,200,"sd","09:53:49",252500
65600,100,500,"sd","09:53:26",252300
65600,100,500,"bu","09:53:18",251800
65600,100,300,"bu","09:53:18",251300
65600,100,100,"bu","09:53:16",251000
65600,100,2500,"bu","09:53:12",250900
65600,100,800,"bu","09:53:12",248400
65600,100,100,"bu","09:53:12",247600
65600,100,700,"bu","09:53:07",247500
65600,100,800,"bu","09:53:07",246800
65600,100,100,"bu","09:53:05",246000
65600,100,100,"bu","09:53:05",245900
65600,100,500,"bu","09:53:05",245800
65600,100,200,"bu","09:53:03",245300
65600,100,300,"bu","09:53:03",245100
65600,100,500,"bu","09:52:54",244800
65600,100,500,"bu","09:52:54",244300
65600,100,1000,"bu","09:52:47",243800
65600,100,500,"bu","09:52:37",242800
65600,100,100,"bu","09:52:14",242300
65500,0,200,"sd","09:52:10",242200
65500,0,100,"sd","09:52:10",242000
65500,0,3200,"sd","09:52:10",241900
65600,100,200,"bu","09:52:07",238700
65600,100,200,"bu","09:51:45",238500
65600,100,2000,"bu","09:51:39",238300
65600,100,200,"bu","09:51:35",236300
65500,0,100,"sd","09:51:30",236100
65600,100,300,"bu","09:51:06",236000
65500,0,3600,"sd","09:50:22",235700
65600,100,200,"bu","09:50:04",232100
65600,100,100,"bu","09:49:54",231900
65600,100,1500,"bu","09:49:45",231800
65600,100,300,"bu","09:49:41",230300
65600,100,100,"bu","09:49:33",230000
65600,100,100,"bu","09:49:26",229900
65600,100,400,"bu","09:49:18",229800
65600,100,100,"bu","09:49:00",229400
65600,100,100,"bu","09:48:50",229300
65600,100,1000,"bu","09:48:41",229200
65600,100,100,"bu","09:48:31",228200
65600,100,1000,"bu","09:48:24",228100
65600,100,2000,"bu","09:48:01",227100
65600,100,3700,"bu","09:48:01",225100
65600,100,2000,"bu","09:48:01",221400
65600,100,500,"bu","09:48:01",219400
65600,100,1100,"bu","09:48:01",218900
65600,100,700,"bu","09:48:01",217800
65600,100,100,"bu","09:47:28",217100
65600,100,200,"bu","09:46:48",217000
65500,0,2700,"sd","09:46:31",216800
65600,100,100,"bu","09:46:03",214100
65600,100,200,"bu","09:45:29",214000
65600,100,100,"bu","09:45:20",213800
65600,100,600,"bu","09:45:00",213700
65600,100,500,"bu","09:45:00",213100
65600,100,200,"bu","09:45:00",212600
65500,0,400,"sd","09:44:43",212400
65500,0,100,"sd","09:44:43",212000
65500,0,100,"sd","09:44:43",211900
65500,0,100,"sd","09:44:43",211800
65500,0,100,"sd","09:44:43",211700
65500,0,100,"sd","09:44:43",211600
65500,0,100,"sd","09:44:43",211500
65500,0,100,"sd","09:44:43",211400
65500,0,100,"sd","09:44:43",211300
65500,0,1000,"sd","09:44:43",211200
65500,0,200,"sd","09:44:43",210200
65500,0,1000,"sd","09:44:43",210000
65500,0,300,"sd","09:44:43",209000
65500,0,100,"sd","09:44:12",208700
65600,100,1000,"bu","09:44:08",208600
65500,0,100,"sd","09:44:07",207600
65500,0,100,"sd","09:44:07",207500
65600,100,100,"bu","09:44:06",207400
65500,0,100,"sd","09:43:55",207300
65500,0,400,"sd","09:43:55",207200
65500,0,400,"sd","09:43:55",206800
65500,0,500,"sd","09:43:55",206400
65600,100,300,"bu","09:43:53",205900
65600,100,100,"bu","09:43:53",205600
65600,100,300,"bu","09:43:53",205500
65600,100,700,"bu","09:43:45",205200
65600,100,300,"bu","09:43:45",204500
65600,100,200,"bu","09:43:29",204200
65600,100,1200,"bu","09:43:18",204000
65600,100,100,"bu","09:43:12",202800
65600,100,100,"sd","09:42:55",202700
65600,100,1600,"sd","09:42:55",202600
65600,100,100,"sd","09:42:55",201000
65600,100,100,"sd","09:42:55",200900
65600,100,100,"bu","09:42:42",200800
65600,100,100,"bu","09:42:30",200700
65600,100,100,"bu","09:42:20",200600
65600,100,500,"sd","09:42:18",200500
65600,100,100,"sd","09:42:18",200000
65600,100,100,"sd","09:42:18",199900
65600,100,800,"sd","09:42:18",199800
65600,100,200,"sd","09:42:18",199000
65600,100,100,"sd","09:42:18",198800
65700,200,200,"bu","09:41:51",198700
65700,200,200,"bu","09:41:16",198500
65600,100,100,"sd","09:41:07",198300
65600,100,500,"sd","09:41:07",198200
65600,100,400,"sd","09:41:07",197700
65600,100,2700,"sd","09:41:07",197300
65700,200,100,"bu","09:40:03",194600
65700,200,100,"bu","09:40:02",194500
65600,100,300,"sd","09:39:50",194400
65700,200,100,"bu","09:39:49",194100
65700,200,900,"bu","09:39:49",194000
65700,200,100,"bu","09:39:40",193100
65500,0,100,"sd","09:37:45",193000
65600,100,3000,"sd","09:37:41",192900
65600,100,100,"bu","09:37:31",189900
65600,100,1900,"bu","09:37:31",189800
65600,100,1800,"bu","09:37:18",187900
65600,100,100,"bu","09:37:18",186100
65600,100,1200,"bu","09:37:18",186000
65600,100,100,"bu","09:37:18",184800
65600,100,500,"bu","09:37:18",184700
65600,100,2200,"bu","09:37:18",184200
65600,100,100,"bu","09:37:18",182000
65600,100,100,"bu","09:37:18",181900
65600,100,100,"bu","09:37:18",181800
65600,100,100,"bu","09:37:18",181700
65600,100,1000,"bu","09:37:18",181600
65600,100,200,"bu","09:37:18",180600
65600,100,2000,"bu","09:37:18",180400
65600,100,1500,"bu","09:37:18",178400
65600,100,500,"bu","09:37:18",176900
65600,100,100,"bu","09:37:18",176400
65600,100,2000,"bu","09:37:18",176300
65600,100,1400,"bu","09:37:18",174300
65500,0,200,"sd","09:37:13",172900
65500,0,100,"sd","09:37:13",172700
65500,0,200,"sd","09:37:12",172600
65500,0,100,"sd","09:37:12",172400
65500,0,100,"sd","09:37:12",172300
65500,0,100,"sd","09:37:12",172200
65500,0,1000,"sd","09:37:12",172100
65500,0,500,"sd","09:37:12",171100
65500,0,1200,"sd","09:37:12",170600
65600,100,100,"bu","09:37:06",169400
65600,100,300,"bu","09:37:02",169300
65600,100,6000,"bu","09:36:41",169000
65600,100,5000,"bu","09:36:28",163000
65500,0,300,"sd","09:36:25",158000
65600,100,500,"bu","09:35:57",157700
65600,100,1000,"bu","09:35:57",157200
65600,100,1000,"bu","09:35:57",156200
65600,100,2000,"bu","09:35:57",155200
65600,100,300,"bu","09:35:57",153200
65600,100,200,"bu","09:35:57",152900
65500,0,300,"sd","09:35:46",152700
65500,0,1000,"sd","09:35:35",152400
65600,100,100,"bu","09:35:34",151400
65500,0,1900,"sd","09:35:24",151300
65500,0,1000,"sd","09:35:24",149400
65500,0,100,"sd","09:35:24",148400
65500,0,100,"sd","09:35:24",148300
65500,0,200,"sd","09:35:24",148200
65500,0,100,"sd","09:35:24",148000
65500,0,300,"sd","09:35:24",147900
65500,0,700,"sd","09:34:57",147600
65500,0,100,"sd","09:34:57",146900
65500,0,500,"sd","09:34:57",146800
65500,0,700,"sd","09:34:57",146300
65500,0,1300,"sd","09:34:52",145600
65500,0,100,"sd","09:34:52",144300
65500,0,400,"sd","09:34:52",144200
65600,100,1000,"bu","09:34:45",143800
65500,0,1000,"sd","09:34:42",142800
65500,0,100,"sd","09:34:37",141800
65500,0,400,"sd","09:34:31",141700
65500,0,100,"sd","09:34:14",141300
65500,0,500,"sd","09:34:11",141200
65500,0,100,"sd","09:34:10",140700
65500,0,500,"sd","09:34:07",140600
65500,0,2000,"sd","09:33:54",140100
65500,0,600,"sd","09:33:37",138100
65500,0,3700,"sd","09:33:36",137500
65500,0,2500,"bu","09:33:01",133800
65500,0,100,"bu","09:32:57",131300
65500,0,400,"sd","09:32:56",131200
65500,0,200,"bu","09:32:44",130800
65500,0,100,"bu","09:32:38",130600
65500,0,200,"bu","09:32:37",130500
65500,0,500,"bu","09:32:37",130300
65500,0,300,"bu","09:32:37",129800
65500,0,200,"bu","09:32:37",129500
65500,0,800,"bu","09:32:37",129300
65500,0,100,"bu","09:32:36",128500
65500,0,100,"bu","09:32:29",128400
65500,0,200,"bu","09:32:28",128300
65500,0,100,"bu","09:32:23",128100
65500,0,100,"bu","09:32:21",128000
65500,0,400,"bu","09:32:19",127900
65500,0,800,"bu","09:32:18",127500
65500,0,200,"bu","09:32:18",126700
65500,0,100,"bu","09:32:02",126500
65500,0,100,"sd","09:31:59",126400
65500,0,100,"sd","09:31:59",126300
65500,0,500,"sd","09:31:59",126200
65500,0,100,"sd","09:31:59",125700
65500,0,100,"sd","09:31:59",125600
65500,0,500,"sd","09:31:59",125500
65500,0,1000,"sd","09:31:56",125000
65500,0,100,"sd","09:31:56",124000
65500,0,100,"sd","09:31:56",123900
65500,0,100,"sd","09:31:56",123800
65500,0,200,"sd","09:31:56",123700
65500,0,1000,"sd","09:31:56",123500
65500,0,500,"sd","09:31:56",122500
65500,0,300,"sd","09:31:48",122000
65500,0,1000,"sd","09:31:48",121700
65500,0,2000,"sd","09:31:48",120700
65500,0,200,"sd","09:31:48",118700
65500,0,200,"sd","09:31:44",118500
65500,0,100,"sd","09:31:44",118300
65500,0,500,"sd","09:31:44",118200
65600,100,100,"bu","09:31:44",117700
65500,0,100,"sd","09:31:43",117600
65500,0,900,"sd","09:31:38",117500
65500,0,500,"sd","09:31:38",116600
65500,0,300,"sd","09:31:29",116100
65500,0,700,"sd","09:31:20",115800
65500,0,200,"sd","09:31:20",115100
65500,0,100,"sd","09:31:20",114900
65500,0,100,"sd","09:31:20",114800
65500,0,100,"sd","09:31:20",114700
65500,0,100,"sd","09:31:20",114600
65500,0,100,"sd","09:31:20",114500
65500,0,600,"sd","09:31:20",114400
65500,0,1400,"sd","09:31:12",113800
65500,0,1500,"sd","09:31:12",112400
65500,0,700,"sd","09:31:12",110900
65500,0,800,"sd","09:30:59",110200
65500,0,100,"sd","09:30:59",109400
65500,0,1500,"sd","09:30:59",109300
65500,0,100,"sd","09:30:59",107800
65500,0,100,"sd","09:30:59",107700
65500,0,1500,"sd","09:30:59",107600
65500,0,100,"sd","09:30:59",106100
65500,0,100,"sd","09:30:59",106000
65500,0,300,"sd","09:30:59",105900
65500,0,400,"sd","09:30:59",105600
65500,0,100,"sd","09:30:54",105200
65500,0,300,"sd","09:30:54",105100
65500,0,100,"sd","09:30:54",104800
65500,0,400,"sd","09:30:54",104700
65500,0,2500,"sd","09:30:54",104300
65500,0,500,"sd","09:30:23",101800
65500,0,500,"sd","09:30:16",101300
65500,0,1000,"sd","09:30:15",100800
65500,0,200,"sd","09:30:01",99800
65500,0,300,"sd","09:30:00",99600
65500,0,100,"sd","09:30:00",99300
65500,0,100,"sd","09:30:00",99200
65500,0,300,"sd","09:30:00",99100
65500,0,100,"sd","09:30:00",98800
65500,0,100,"sd","09:30:00",98700
65500,0,1500,"sd","09:30:00",98600
65500,0,100,"sd","09:30:00",97100
65500,0,1000,"sd","09:30:00",97000
65500,0,100,"sd","09:30:00",96000
65500,0,100,"sd","09:30:00",95900
65600,100,1500,"bu","09:29:45",95800
65500,0,100,"sd","09:29:11",94300
65500,0,100,"sd","09:29:00",94200
65500,0,100,"sd","09:28:59",94100
65500,0,100,"sd","09:28:47",94000
65600,100,100,"bu","09:28:44",93900
65500,0,1000,"sd","09:28:41",93800
65500,0,200,"sd","09:28:40",92800
65600,100,100,"bu","09:28:17",92600
65500,0,3400,"sd","09:28:12",92500
65500,0,100,"sd","09:28:12",89100
65500,0,100,"sd","09:28:12",89000
65500,0,400,"sd","09:28:09",88900
65500,0,500,"sd","09:28:09",88500
65500,0,100,"sd","09:28:09",88000
65500,0,100,"sd","09:28:09",87900
65500,0,100,"sd","09:28:09",87800
65500,0,100,"sd","09:28:09",87700
65500,0,200,"sd","09:28:09",87600
65500,0,100,"sd","09:27:58",87400
65500,0,200,"sd","09:27:58",87300
65500,0,100,"sd","09:27:58",87100
65500,0,200,"sd","09:27:55",87000
65500,0,5000,"sd","09:27:55",86800
65500,0,200,"sd","09:27:55",81800
65500,0,600,"sd","09:27:55",81600
65600,100,100,"bu","09:27:51",81000
65500,0,100,"sd","09:27:46",80900
65600,100,100,"bu","09:27:43",80800
65500,0,500,"sd","09:27:36",80700
65600,100,500,"bu","09:27:31",80200
65500,0,100,"sd","09:27:03",79700
65500,0,200,"sd","09:27:00",79600
65500,0,400,"sd","09:26:55",79400
65500,0,2100,"sd","09:26:24",79000
65500,0,1700,"sd","09:26:24",76900
65500,0,400,"sd","09:26:10",75200
65600,100,500,"bu","09:26:03",74800
65600,100,500,"bu","09:26:02",74300
65500,0,900,"sd","09:25:55",73800
65500,0,100,"sd","09:25:55",72900
65500,0,1000,"sd","09:25:55",72800
65500,0,100,"sd","09:25:49",71800
65500,0,500,"sd","09:25:49",71700
65500,0,300,"sd","09:25:43",71200
65500,0,100,"sd","09:25:42",70900
65500,0,100,"sd","09:25:36",70800
65500,0,100,"sd","09:25:33",70700
65600,100,100,"bu","09:25:33",70600
65500,0,100,"sd","09:25:29",70500
65500,0,400,"sd","09:25:24",70400
65500,0,1300,"sd","09:25:23",70000
65500,0,100,"sd","09:25:23",68700
65500,0,100,"sd","09:25:23",68600
65500,0,100,"sd","09:25:23",68500
65500,0,500,"sd","09:25:23",68400
65500,0,200,"sd","09:25:23",67900
65500,0,100,"sd","09:25:23",67700
65500,0,100,"sd","09:25:23",67600
65500,0,100,"sd","09:25:23",67500
65500,0,100,"sd","09:25:23",67400
65500,0,100,"sd","09:25:23",67300
65500,0,100,"sd","09:25:23",67200
65500,0,100,"sd","09:25:23",67100
65500,0,100,"sd","09:25:16",67000
65500,0,100,"sd","09:25:11",66900
65500,0,100,"sd","09:25:03",66800
65500,0,100,"sd","09:24:59",66700
65500,0,200,"sd","09:24:36",66600
65500,0,300,"sd","09:24:36",66400
65500,0,2000,"sd","09:24:36",66100
65500,0,300,"sd","09:24:36",64100
65500,0,100,"sd","09:24:36",63800
65500,0,100,"sd","09:24:36",63700
65500,0,600,"sd","09:24:36",63600
65600,100,200,"bu","09:23:59",63000
65500,0,200,"sd","09:23:48",62800
65500,0,200,"sd","09:23:45",62600
65500,0,100,"sd","09:23:45",62400
65500,0,100,"sd","09:23:45",62300
65500,0,100,"sd","09:23:45",62200
65500,0,500,"sd","09:23:45",62100
65500,0,100,"sd","09:23:41",61600
65500,0,400,"sd","09:23:41",61500
65500,0,100,"sd","09:23:25",61100
65500,0,100,"sd","09:23:25",61000
65500,0,500,"sd","09:23:25",60900
65500,0,200,"sd","09:23:25",60400
65500,0,100,"sd","09:23:25",60200
65500,0,100,"sd","09:23:14",60100
65500,0,200,"sd","09:23:14",60000
65500,0,300,"sd","09:23:14",59800
65500,0,100,"sd","09:23:14",59500
65500,0,200,"sd","09:23:14",59400
65500,0,200,"sd","09:23:14",59200
65500,0,100,"sd","09:23:14",59000
65500,0,100,"sd","09:23:14",58900
65500,0,100,"sd","09:23:14",58800
65500,0,100,"sd","09:23:14",58700
65500,0,300,"sd","09:23:14",58600
65500,0,700,"sd","09:23:14",58300
65500,0,300,"sd","09:23:14",57600
65500,0,100,"sd","09:23:14",57300
65500,0,100,"sd","09:23:14",57200
65500,0,100,"sd","09:23:14",57100
65500,0,2500,"sd","09:23:14",57000
65500,0,100,"sd","09:23:14",54500
65500,0,100,"sd","09:23:14",54400
65500,0,100,"sd","09:23:14",54300
65500,0,100,"sd","09:23:14",54200
65500,0,100,"sd","09:23:14",54100
65500,0,700,"sd","09:23:14",54000
65500,0,1000,"sd","09:23:07",53300
65500,0,300,"sd","09:22:53",52300
65500,0,100,"sd","09:22:53",52000
65500,0,100,"sd","09:22:53",51900
65500,0,100,"sd","09:22:53",51800
65500,0,100,"sd","09:22:53",51700
65500,0,100,"sd","09:22:53",51600
65500,0,200,"sd","09:22:53",51500
65500,0,2000,"sd","09:22:50",51300
65500,0,700,"sd","09:22:48",49300
65600,100,700,"bu","09:22:48",48600
65500,0,1700,"sd","09:22:48",47900
65500,0,500,"sd","09:22:48",46200
65500,0,200,"sd","09:22:48",45700
65500,0,1400,"sd","09:22:48",45500
65500,0,100,"sd","09:22:39",44100
65500,0,1300,"sd","09:22:32",44000
65500,0,500,"sd","09:22:25",42700
65600,100,100,"bu","09:22:04",42200
65600,100,100,"bu","09:21:55",42100
65600,100,200,"bu","09:21:41",42000
65500,0,1000,"sd","09:21:38",41800
65500,0,700,"sd","09:21:16",40800
65500,0,700,"sd","09:21:16",40100
65500,0,200,"sd","09:21:16",39400
65500,0,100,"sd","09:21:16",39200
65500,0,200,"sd","09:21:16",39100
65500,0,200,"sd","09:21:16",38900
65500,0,100,"sd","09:21:16",38700
65500,0,800,"sd","09:21:16",38600
65500,0,200,"sd","09:21:16",37800
65500,0,500,"sd","09:21:11",37600
65500,0,100,"sd","09:21:11",37100
65500,0,100,"sd","09:21:11",37000
65500,0,100,"sd","09:21:00",36900
65500,0,100,"sd","09:21:00",36800
65500,0,400,"sd","09:21:00",36700
65500,0,700,"sd","09:21:00",36300
65500,0,100,"sd","09:21:00",35600
65500,0,100,"sd","09:21:00",35500
65500,0,500,"sd","09:21:00",35400
65500,0,100,"sd","09:21:00",34900
65500,0,100,"sd","09:21:00",34800
65500,0,100,"sd","09:21:00",34700
65500,0,100,"sd","09:21:00",34600
65500,0,600,"sd","09:21:00",34500
65500,0,100,"sd","09:21:00",33900
65500,0,100,"sd","09:21:00",33800
65500,0,600,"sd","09:21:00",33700
65600,100,1000,"sd","09:20:57",33100
65600,100,200,"sd","09:20:57",32100
65600,100,500,"sd","09:20:57",31900
65600,100,100,"sd","09:20:57",31400
65600,100,500,"sd","09:20:43",31300
65600,100,100,"bu","09:20:40",30800
65600,100,100,"bu","09:20:39",30700
65600,100,400,"bu","09:20:36",30600
65600,100,200,"bu","09:20:36",30200
65600,100,100,"bu","09:20:36",30000
65600,100,300,"bu","09:20:35",29900
65600,100,200,"bu","09:20:31",29600
65600,100,200,"bu","09:20:31",29400
65600,100,100,"bu","09:20:31",29200
65600,100,100,"bu","09:20:31",29100
65600,100,100,"bu","09:20:31",29000
65600,100,100,"bu","09:20:22",28900
65600,100,200,"bu","09:20:21",28800
65600,100,1600,"bu","09:20:21",28600
65600,100,400,"bu","09:20:21",27000
65600,100,100,"bu","09:20:18",26600
65600,100,100,"bu","09:20:16",26500
65600,100,100,"bu","09:20:11",26400
65600,100,200,"bu","09:19:54",26300
65600,100,200,"bu","09:19:53",26100
65600,100,300,"bu","09:19:27",25900
65600,100,200,"bu","09:19:20",25600
65600,100,200,"sd","09:19:18",25400
65600,100,100,"sd","09:19:18",25200
65600,100,200,"sd","09:19:18",25100
65600,100,800,"sd","09:19:12",24900
65600,100,100,"sd","09:19:12",24100
65600,100,100,"sd","09:19:12",24000
65600,100,100,"sd","09:19:12",23900
65600,100,100,"sd","09:19:12",23800
65600,100,100,"sd","09:19:12",23700
65600,100,100,"sd","09:19:12",23600
65600,100,100,"sd","09:19:12",23500
65600,100,200,"sd","09:19:12",23400
65600,100,100,"sd","09:19:12",23200
65600,100,1700,"sd","09:19:12",23100
65700,200,100,"bu","09:19:12",21400
65700,200,200,"bu","09:19:12",21300
65700,200,500,"bu","09:19:12",21100
65700,200,200,"bu","09:19:12",20600
65600,100,500,"sd","09:19:07",20400
65600,100,100,"sd","09:18:35",19900
65600,100,100,"sd","09:18:22",19800
65600,100,500,"sd","09:18:06",19700
65600,100,100,"sd","09:18:01",19200
65600,100,100,"sd","09:18:01",19100
65600,100,300,"sd","09:18:01",19000
65600,100,100,"sd","09:17:15",18700
65600,100,200,"sd","09:17:05",18600
65600,100,400,"sd","09:16:45",18400
65600,100,1000,"sd","09:16:45",18000
65600,100,100,"sd","09:16:45",17000
65600,100,100,"sd","09:16:45",16900
65600,100,100,"sd","09:16:45",16800
65600,100,100,"sd","09:16:45",16700
65600,100,100,"sd","09:16:34",16600
65600,100,300,"sd","09:16:02",16500
65600,100,200,"sd","09:16:02",16200
65600,100,100,"sd","09:15:52",16000
65700,200,100,"bu","09:15:33",15900
65600,100,100,"sd","09:15:26",15800
65600,100,100,"sd","09:15:26",15700
65600,100,200,"sd","09:15:17",15600
65700,200,100,"bu","09:15:12",15400
65600,100,200,"sd","09:15:08",15300
65700,200,400,"bu","09:15:07",15100
65600,100,300,"sd","09:15:02",14700
65600,100,1000,"sd","09:15:02",14400
65600,100,700,"sd","09:15:02",13400
65600,100,300,"sd","09:15:02",12700
65600,100,200,"sd","09:15:02",12400
65600,100,100,"sd","09:15:02",12200
65600,100,100,"sd","09:15:02",12100
65600,100,1000,"sd","09:15:02",12000
65600,100,200,"sd","09:15:02",11000
65600,100,10800,"sd","09:15:00",10800
