"price","change","match_qtty","side","time","total_vol"
4300,-320,43700,"unknown","14:45:02",20114700
4300,-320,500,"bu","14:29:51",20071000
4300,-320,3400,"bu","14:29:44",20070500
4300,-320,1000,"bu","14:29:44",20067100
4300,-320,1600,"bu","14:29:44",20066100
4300,-320,1000,"bu","14:29:39",20064500
4300,-320,2000,"bu","14:29:28",20063500
4300,-320,200,"bu","14:29:10",20061500
4300,-320,100,"bu","14:28:46",20061300
4300,-320,800,"bu","14:28:45",20061200
4300,-320,300,"bu","14:28:22",20060400
4300,-320,7000,"bu","14:27:58",20060100
4300,-320,400,"bu","14:27:16",20053100
4300,-320,2000,"bu","14:27:11",20052700
4300,-320,2000,"bu","14:27:11",20050700
4300,-320,100,"bu","14:27:04",20048700
4300,-320,200,"bu","14:26:57",20048600
4300,-320,600,"bu","14:26:50",20048400
4300,-320,100,"bu","14:26:36",20047800
4300,-320,500,"bu","14:26:28",20047700
4300,-320,1900,"bu","14:26:23",20047200
4300,-320,2000,"bu","14:26:20",20045300
4300,-320,7200,"bu","14:26:10",20043300
4300,-320,2800,"bu","14:26:10",20036100
4300,-320,500,"bu","14:25:50",20033300
4300,-320,400,"bu","14:25:42",20032800
4300,-320,200,"bu","14:24:44",20032400
4300,-320,400,"bu","14:24:37",20032200
4300,-320,200,"bu","14:24:37",20031800
4300,-320,100,"bu","14:24:37",20031600
4300,-320,300,"bu","14:24:37",20031500
4300,-320,300,"bu","14:24:36",20031200
4300,-320,3400,"bu","14:24:31",20030900
4300,-320,2000,"bu","14:24:26",20027500
4300,-320,2300,"bu","14:24:21",20025500
4300,-320,500,"bu","14:24:14",20023200
4300,-320,1000,"bu","14:23:51",20022700
4300,-320,200,"bu","14:23:42",20021700
4300,-320,200,"bu","14:23:38",20021500
4300,-320,4000,"bu","14:23:33",20021300
4300,-320,100,"bu","14:23:33",20017300
4300,-320,200,"bu","14:23:26",20017200
4300,-320,100,"bu","14:23:17",20017000
4300,-320,300,"bu","14:23:16",20016900
4300,-320,100,"bu","14:23:15",20016600
4300,-320,100,"bu","14:23:09",20016500
4300,-320,3000,"bu","14:23:09",20016400
4300,-320,1600,"bu","14:23:08",20013400
4300,-320,100,"bu","14:22:59",20011800
4300,-320,200,"bu","14:22:55",20011700
4300,-320,100,"bu","14:22:50",20011500
4300,-320,100,"bu","14:22:50",20011400
4300,-320,400,"bu","14:22:50",20011300
4300,-320,500,"bu","14:22:07",20010900
4300,-320,200,"bu","14:22:03",20010400
4300,-320,100,"bu","14:21:41",20010200
4300,-320,100,"bu","14:21:28",20010100
4300,-320,100,"bu","14:21:23",20010000
4300,-320,100,"bu","14:20:33",20009900
4300,-320,400,"bu","14:20:28",20009800
4300,-320,1100,"bu","14:20:00",20009400
4300,-320,1400,"bu","14:20:00",20008300
4300,-320,7500,"bu","14:20:00",20006900
4300,-320,200,"bu","14:19:57",19999400
4300,-320,100,"bu","14:19:49",19999200
4300,-320,1000,"bu","14:19:48",19999100
4300,-320,300,"bu","14:19:28",19998100
4300,-320,200,"bu","14:19:01",19997800
4300,-320,300,"bu","14:19:01",19997600
4300,-320,200,"bu","14:18:56",19997300
4300,-320,4000,"bu","14:18:30",19997100
4300,-320,100,"bu","14:18:30",19993100
4300,-320,2000,"bu","14:18:26",19993000
4300,-320,100,"bu","14:18:24",19991000
4300,-320,200,"bu","14:18:00",19990900
4300,-320,1000,"bu","14:17:48",19990700
4300,-320,100,"bu","14:17:33",19989700
4300,-320,1700,"bu","14:17:15",19989600
4300,-320,1000,"bu","14:17:15",19987900
4300,-320,800,"bu","14:17:15",19986900
4300,-320,100,"bu","14:17:05",19986100
4300,-320,1000,"bu","14:16:56",19986000
4300,-320,200,"bu","14:16:51",19985000
4300,-320,1000,"bu","14:16:48",19984800
4300,-320,300,"bu","14:16:47",19983800
4300,-320,3000,"bu","14:16:45",19983500
4300,-320,5000,"bu","14:16:41",19980500
4300,-320,200,"bu","14:16:29",19975500
4300,-320,400,"bu","14:16:03",19975300
4300,-320,500,"bu","14:16:03",19974900
4300,-320,100,"bu","14:16:03",19974400
4300,-320,300,"bu","14:15:57",19974300
4300,-320,500,"bu","14:15:51",19974000
4300,-320,6300,"bu","14:15:44",19973500
4300,-320,2100,"bu","14:15:44",19967200
4300,-320,1600,"bu","14:15:44",19965100
4300,-320,100,"bu","14:15:24",19963500
4300,-320,200,"bu","14:15:10",19963400
4300,-320,500,"bu","14:15:09",19963200
4300,-320,100,"bu","14:15:05",19962700
4300,-320,200,"bu","14:14:53",19962600
4300,-320,3000,"bu","14:14:49",19962400
4300,-320,700,"bu","14:14:42",19959400
4300,-320,100,"bu","14:14:39",19958700
4300,-320,600,"bu","14:14:07",19958600
4300,-320,100,"bu","14:13:34",19958000
4300,-320,1000,"bu","14:13:18",19957900
4300,-320,100,"bu","14:12:54",19956900
4300,-320,300,"bu","14:12:53",19956800
4300,-320,300,"bu","14:12:31",19956500
4300,-320,400,"bu","14:12:20",19956200
4300,-320,1000,"bu","14:12:12",19955800
4300,-320,300,"bu","14:12:02",19954800
4300,-320,500,"bu","14:11:59",19954500
4300,-320,500,"bu","14:11:50",19954000
4300,-320,1000,"bu","14:11:35",19953500
4300,-320,500,"bu","14:11:34",19952500
4300,-320,100,"bu","14:11:31",19952000
4300,-320,100,"bu","14:11:29",19951900
4300,-320,100,"bu","14:11:17",19951800
4300,-320,100,"bu","14:11:17",19951700
4300,-320,400,"bu","14:11:14",19951600
4300,-320,1600,"bu","14:11:14",19951200
4300,-320,200,"bu","14:10:56",19949600
4300,-320,300,"bu","14:10:54",19949400
4300,-320,300,"bu","14:10:54",19949100
4300,-320,100,"bu","14:10:31",19948800
4300,-320,1000,"bu","14:10:22",19948700
4300,-320,100,"bu","14:09:33",19947700
4300,-320,3000,"bu","14:09:31",19947600
4300,-320,100,"bu","14:09:30",19944600
4300,-320,200,"bu","14:09:29",19944500
4300,-320,200,"bu","14:09:24",19944300
4300,-320,1000,"bu","14:09:20",19944100
4300,-320,3000,"bu","14:09:20",19943100
4300,-320,500,"bu","14:09:18",19940100
4300,-320,500,"bu","14:08:55",19939600
4300,-320,300,"bu","14:08:44",19939100
4300,-320,2000,"bu","14:08:43",19938800
4300,-320,100,"bu","14:08:23",19936800
4300,-320,100,"bu","14:08:18",19936700
4300,-320,200,"bu","14:07:42",19936600
4300,-320,100,"bu","14:07:25",19936400
4300,-320,200,"bu","14:07:17",19936300
4300,-320,300,"bu","14:05:23",19936100
4300,-320,300,"bu","14:05:18",19935800
4300,-320,900,"bu","14:05:06",19935500
4300,-320,100,"bu","14:05:03",19934600
4300,-320,1000,"bu","14:04:40",19934500
4300,-320,700,"bu","14:04:37",19933500
4300,-320,1600,"bu","14:04:11",19932800
4300,-320,2800,"bu","14:04:11",19931200
4300,-320,2000,"bu","14:03:32",19928400
4300,-320,100,"bu","14:03:09",19926400
4300,-320,200,"bu","14:03:04",19926300
4300,-320,1000,"bu","14:02:37",19926100
4300,-320,100,"bu","14:02:35",19925100
4300,-320,2000,"bu","14:02:20",19925000
4300,-320,1000,"bu","14:01:55",19923000
4300,-320,1000,"bu","14:01:55",19922000
4300,-320,100,"bu","14:01:51",19921000
4300,-320,100,"bu","14:01:46",19920900
4300,-320,200,"bu","14:01:41",19920800
4300,-320,3000,"bu","14:01:18",19920600
4300,-320,2900,"bu","14:01:15",19917600
4300,-320,500,"bu","14:00:46",19914700
4300,-320,100,"bu","14:00:20",19914200
4300,-320,500,"bu","14:00:13",19914100
4300,-320,1800,"bu","14:00:08",19913600
4300,-320,500,"bu","13:59:41",19911800
4300,-320,200,"bu","13:59:32",19911300
4300,-320,200,"bu","13:59:27",19911100
4300,-320,500,"bu","13:59:24",19910900
4300,-320,100,"bu","13:59:14",19910400
4300,-320,500,"bu","13:59:08",19910300
4300,-320,2000,"bu","13:58:31",19909800
4300,-320,300,"bu","13:58:28",19907800
4300,-320,400,"bu","13:58:26",19907500
4300,-320,500,"bu","13:58:05",19907100
4300,-320,1000,"bu","13:57:52",19906600
4300,-320,300,"bu","13:57:52",19905600
4300,-320,100,"bu","13:57:39",19905300
4300,-320,1000,"bu","13:57:29",19905200
4300,-320,100,"bu","13:57:13",19904200
4300,-320,100,"bu","13:57:02",19904100
4300,-320,300,"bu","13:56:59",19904000
4300,-320,100,"bu","13:56:58",19903700
4300,-320,1000,"bu","13:56:50",19903600
4300,-320,1000,"bu","13:56:49",19902600
4300,-320,400,"bu","13:56:22",19901600
4300,-320,300,"bu","13:56:22",19901200
4300,-320,300,"bu","13:56:22",19900900
4300,-320,600,"bu","13:56:16",19900600
4300,-320,1000,"bu","13:55:36",19900000
4300,-320,100,"bu","13:55:11",19899000
4300,-320,500,"bu","13:55:09",19898900
4300,-320,700,"bu","13:54:58",19898400
4300,-320,700,"bu","13:54:52",19897700
4300,-320,300,"bu","13:54:48",19897000
4300,-320,1000,"bu","13:54:38",19896700
4300,-320,1000,"bu","13:54:34",19895700
4300,-320,300,"bu","13:54:19",19894700
4300,-320,200,"bu","13:54:18",19894400
4300,-320,200,"bu","13:54:16",19894200
4300,-320,2000,"bu","13:54:11",19894000
4300,-320,300,"bu","13:54:09",19892000
4300,-320,1200,"bu","13:54:09",19891700
4300,-320,200,"bu","13:54:09",19890500
4300,-320,100,"bu","13:54:08",19890300
4300,-320,300,"bu","13:53:49",19890200
4300,-320,400,"bu","13:53:44",19889900
4300,-320,500,"bu","13:53:37",19889500
4300,-320,4000,"bu","13:53:25",19889000
4300,-320,1000,"bu","13:53:23",19885000
4300,-320,200,"bu","13:53:23",19884000
4300,-320,400,"bu","13:53:21",19883800
4300,-320,100,"bu","13:53:19",19883400
4300,-320,400,"bu","13:52:56",19883300
4300,-320,100,"bu","13:52:43",19882900
4300,-320,500,"bu","13:52:31",19882800
4300,-320,500,"bu","13:52:26",19882300
4300,-320,600,"bu","13:52:24",19881800
4300,-320,100,"bu","13:52:17",19881200
4300,-320,2500,"bu","13:51:59",19881100
4300,-320,200,"bu","13:51:42",19878600
4300,-320,1500,"bu","13:51:32",19878400
4300,-320,400,"bu","13:51:28",19876900
4300,-320,2000,"bu","13:51:21",19876500
4300,-320,100,"bu","13:51:19",19874500
4300,-320,500,"bu","13:51:08",19874400
4300,-320,500,"bu","13:51:02",19873900
4300,-320,3000,"bu","13:51:00",19873400
4300,-320,300,"bu","13:50:56",19870400
4300,-320,200,"bu","13:50:41",19870100
4300,-320,2000,"bu","13:50:29",19869900
4300,-320,500,"bu","13:50:28",19867900
4300,-320,2000,"bu","13:50:23",19867400
4300,-320,300,"bu","13:49:41",19865400
4300,-320,3000,"bu","13:49:25",19865100
4300,-320,2300,"bu","13:49:22",19862100
4300,-320,500,"bu","13:49:11",19859800
4300,-320,500,"bu","13:48:54",19859300
4300,-320,200,"bu","13:48:47",19858800
4300,-320,3000,"bu","13:48:37",19858600
4300,-320,100,"bu","13:48:36",19855600
4300,-320,1000,"bu","13:48:28",19855500
4300,-320,200,"bu","13:48:23",19854500
4300,-320,100,"bu","13:48:19",19854300
4300,-320,3000,"bu","13:48:14",19854200
4300,-320,1000,"bu","13:48:01",19851200
4300,-320,100,"bu","13:47:52",19850200
4300,-320,100,"bu","13:47:51",19850100
4300,-320,3000,"bu","13:47:37",19850000
4300,-320,1000,"bu","13:47:37",19847000
4300,-320,1000,"bu","13:47:30",19846000
4300,-320,7000,"bu","13:47:23",19845000
4300,-320,200,"bu","13:47:12",19838000
4300,-320,100,"bu","13:47:10",19837800
4300,-320,100,"bu","13:47:07",19837700
4300,-320,100,"bu","13:46:59",19837600
4300,-320,200,"bu","13:46:42",19837500
4300,-320,200,"bu","13:46:39",19837300
4300,-320,300,"bu","13:46:36",19837100
4300,-320,1000,"bu","13:46:34",19836800
4300,-320,200,"bu","13:46:31",19835800
4300,-320,1000,"bu","13:46:28",19835600
4300,-320,900,"bu","13:46:27",19834600
4300,-320,500,"bu","13:46:08",19833700
4300,-320,5000,"bu","13:46:04",19833200
4300,-320,1100,"bu","13:45:58",19828200
4300,-320,2200,"bu","13:45:55",19827100
4300,-320,500,"bu","13:45:52",19824900
4300,-320,1000,"bu","13:45:51",19824400
4300,-320,1000,"bu","13:45:49",19823400
4300,-320,200,"bu","13:45:47",19822400
4300,-320,300,"bu","13:45:46",19822200
4300,-320,1000,"bu","13:45:44",19821900
4300,-320,500,"bu","13:45:42",19820900
4300,-320,200,"bu","13:45:28",19820400
4300,-320,2000,"bu","13:45:26",19820200
4300,-320,100,"bu","13:45:25",19818200
4300,-320,200,"bu","13:45:20",19818100
4300,-320,300,"bu","13:45:18",19817900
4300,-320,300,"bu","13:45:17",19817600
4300,-320,100,"bu","13:45:06",19817300
4300,-320,200,"bu","13:45:05",19817200
4300,-320,900,"bu","13:44:59",19817000
4300,-320,100,"bu","13:44:56",19816100
4300,-320,1000,"bu","13:44:54",19816000
4300,-320,5800,"bu","13:44:47",19815000
4300,-320,1000,"bu","13:44:44",19809200
4300,-320,2000,"bu","13:44:42",19808200
4300,-320,1000,"bu","13:44:35",19806200
4300,-320,200,"bu","13:44:35",19805200
4300,-320,1000,"bu","13:44:31",19805000
4300,-320,700,"bu","13:44:28",19804000
4300,-320,100,"bu","13:44:26",19803300
4300,-320,100,"bu","13:44:25",19803200
4300,-320,200,"bu","13:44:08",19803100
4300,-320,2000,"bu","13:44:07",19802900
4300,-320,1000,"bu","13:44:07",19800900
4300,-320,12500,"bu","13:44:00",19799900
4300,-320,700,"bu","13:44:00",19787400
4300,-320,2900,"bu","13:43:55",19786700
4300,-320,1000,"bu","13:43:46",19783800
4300,-320,100,"bu","13:43:42",19782800
4300,-320,100,"bu","13:43:41",19782700
4300,-320,100,"bu","13:43:29",19782600
4300,-320,5000,"bu","13:43:29",19782500
4300,-320,200,"bu","13:43:25",19777500
4300,-320,3000,"bu","13:43:21",19777300
4300,-320,400,"bu","13:43:14",19774300
4300,-320,1000,"bu","13:43:11",19773900
4300,-320,1000,"bu","13:43:08",19772900
4300,-320,10000,"bu","13:43:07",19771900
4300,-320,100,"bu","13:43:06",19761900
4300,-320,900,"bu","13:43:00",19761800
4300,-320,1100,"bu","13:43:00",19760900
4300,-320,100,"bu","13:42:59",19759800
4300,-320,800,"bu","13:42:53",19759700
4300,-320,200,"bu","13:42:53",19758900
4300,-320,10000,"bu","13:42:38",19758700
4300,-320,100,"bu","13:42:33",19748700
4300,-320,100,"bu","13:42:25",19748600
4300,-320,200,"bu","13:42:20",19748500
4300,-320,200,"bu","13:42:20",19748300
4300,-320,100,"bu","13:42:16",19748100
4300,-320,300,"bu","13:42:14",19748000
4300,-320,500,"bu","13:42:12",19747700
4300,-320,100,"bu","13:42:09",19747200
4300,-320,4900,"bu","13:42:09",19747100
4300,-320,1000,"bu","13:42:07",19742200
4300,-320,200,"bu","13:42:03",19741200
4300,-320,100,"bu","13:42:03",19741000
4300,-320,2000,"bu","13:41:59",19740900
4300,-320,200,"bu","13:41:56",19738900
4300,-320,1000,"bu","13:41:53",19738700
4300,-320,1000,"bu","13:41:52",19737700
4300,-320,1000,"bu","13:41:41",19736700
4300,-320,100,"bu","13:41:41",19735700
4300,-320,1000,"bu","13:41:41",19735600
4300,-320,100,"bu","13:41:38",19734600
4300,-320,200,"bu","13:41:37",19734500
4300,-320,100,"bu","13:41:32",19734300
4300,-320,3000,"bu","13:41:30",19734200
4300,-320,1000,"bu","13:41:28",19731200
4300,-320,5400,"bu","13:41:28",19730200
4300,-320,1500,"bu","13:41:28",19724800
4300,-320,500,"bu","13:41:28",19723300
4300,-320,9000,"bu","13:41:28",19722800
4300,-320,3600,"bu","13:41:28",19713800
4300,-320,500,"bu","13:41:24",19710200
4300,-320,100,"bu","13:41:24",19709700
4300,-320,700,"bu","13:41:23",19709600
4300,-320,100,"bu","13:41:16",19708900
4300,-320,700,"bu","13:41:16",19708800
4300,-320,200,"bu","13:41:16",19708100
4300,-320,300,"bu","13:41:13",19707900
4300,-320,200,"bu","13:41:10",19707600
4300,-320,2000,"bu","13:41:02",19707400
4300,-320,1000,"bu","13:41:02",19705400
4300,-320,2000,"bu","13:40:57",19704400
4300,-320,200,"bu","13:40:53",19702400
4300,-320,1300,"bu","13:40:46",19702200
4300,-320,200,"bu","13:40:42",19700900
4300,-320,300,"bu","13:40:33",19700700
4300,-320,700,"bu","13:40:33",19700400
4300,-320,500,"bu","13:40:27",19699700
4300,-320,600,"bu","13:40:20",19699200
4300,-320,500,"bu","13:40:19",19698600
4300,-320,700,"bu","13:40:13",19698100
4300,-320,1300,"bu","13:40:13",19697400
4300,-320,300,"bu","13:40:06",19696100
4300,-320,1100,"bu","13:40:00",19695800
4300,-320,200,"bu","13:39:56",19694700
4300,-320,800,"bu","13:39:52",19694500
4300,-320,500,"bu","13:39:51",19693700
4300,-320,300,"bu","13:39:43",19693200
4300,-320,100,"bu","13:39:41",19692900
4300,-320,100,"bu","13:39:39",19692800
4300,-320,1000,"bu","13:39:36",19692700
4300,-320,200,"bu","13:39:28",19691700
4300,-320,100,"bu","13:39:12",19691500
4300,-320,100,"bu","13:39:10",19691400
4300,-320,100,"bu","13:39:08",19691300
4300,-320,200,"bu","13:39:03",19691200
4300,-320,5000,"bu","13:39:00",19691000
4300,-320,200,"bu","13:38:57",19686000
4300,-320,200,"bu","13:38:54",19685800
4300,-320,200,"bu","13:38:46",19685600
4300,-320,100,"bu","13:38:38",19685400
4300,-320,100,"bu","13:38:30",19685300
4300,-320,200,"bu","13:38:29",19685200
4300,-320,500,"bu","13:38:28",19685000
4300,-320,200,"bu","13:38:20",19684500
4300,-320,1000,"bu","13:38:20",19684300
4300,-320,1000,"bu","13:38:18",19683300
4300,-320,1400,"bu","13:38:17",19682300
4300,-320,10000,"bu","13:38:04",19680900
4300,-320,2900,"bu","13:38:03",19670900
4300,-320,3500,"bu","13:38:02",19668000
4300,-320,200,"bu","13:38:01",19664500
4300,-320,200,"bu","13:37:53",19664300
4300,-320,300,"bu","13:37:50",19664100
4300,-320,200,"bu","13:37:48",19663800
4300,-320,1000,"bu","13:37:47",19663600
4300,-320,200,"bu","13:37:45",19662600
4300,-320,500,"bu","13:37:41",19662400
4300,-320,22000,"bu","13:37:33",19661900
4300,-320,10000,"bu","13:37:22",19639900
4300,-320,200,"bu","13:37:21",19629900
4300,-320,400,"bu","13:37:16",19629700
4300,-320,1000,"bu","13:37:12",19629300
4300,-320,200,"bu","13:37:10",19628300
4300,-320,500,"bu","13:37:10",19628100
4300,-320,300,"bu","13:37:08",19627600
4300,-320,500,"bu","13:37:01",19627300
4300,-320,9600,"bu","13:36:58",19626800
4300,-320,100,"bu","13:36:53",19617200
4300,-320,100,"bu","13:36:53",19617100
4300,-320,1000,"bu","13:36:50",19617000
4300,-320,300,"bu","13:36:32",19616000
4300,-320,2000,"bu","13:36:31",19615700
4300,-320,600,"bu","13:36:27",19613700
4300,-320,500,"bu","13:36:25",19613100
4300,-320,1300,"bu","13:36:15",19612600
4300,-320,100,"bu","13:36:13",19611300
4300,-320,1000,"bu","13:36:10",19611200
4300,-320,100,"bu","13:36:10",19610200
4300,-320,100,"bu","13:36:10",19610100
4300,-320,200,"bu","13:36:06",19610000
4300,-320,200,"bu","13:35:57",19609800
4300,-320,600,"bu","13:35:52",19609600
4300,-320,300,"bu","13:35:51",19609000
4300,-320,200,"bu","13:35:47",19608700
4300,-320,100,"bu","13:35:38",19608500
4300,-320,100,"bu","13:35:36",19608400
4300,-320,700,"bu","13:35:35",19608300
4300,-320,3500,"bu","13:35:25",19607600
4300,-320,100,"bu","13:35:14",19604100
4300,-320,100,"bu","13:35:05",19604000
4300,-320,2500,"bu","13:35:01",19603900
4300,-320,1000,"bu","13:34:55",19601400
4300,-320,100,"bu","13:34:53",19600400
4300,-320,2000,"bu","13:34:53",19600300
4300,-320,100,"bu","13:34:49",19598300
4300,-320,800,"bu","13:34:47",19598200
4300,-320,200,"bu","13:34:47",19597400
4300,-320,100,"bu","13:34:47",19597200
4300,-320,100,"bu","13:34:46",19597100
4300,-320,300,"bu","13:34:46",19597000
4300,-320,8200,"bu","13:34:43",19596700
4300,-320,2500,"bu","13:34:34",19588500
4300,-320,900,"bu","13:34:30",19586000
4300,-320,200,"bu","13:34:28",19585100
4300,-320,100,"bu","13:34:26",19584900
4300,-320,100,"bu","13:34:25",19584800
4300,-320,100,"bu","13:34:22",19584700
4300,-320,100,"bu","13:34:12",19584600
4300,-320,200,"bu","13:34:11",19584500
4300,-320,100,"bu","13:34:09",19584300
4300,-320,100,"bu","13:34:07",19584200
4300,-320,1000,"bu","13:34:04",19584100
4300,-320,100,"bu","13:33:58",19583100
4300,-320,100,"bu","13:33:58",19583000
4300,-320,200,"bu","13:33:58",19582900
4300,-320,300,"bu","13:33:55",19582700
4300,-320,200,"bu","13:33:54",19582400
4300,-320,200,"bu","13:33:53",19582200
4300,-320,500,"bu","13:33:41",19582000
4300,-320,2100,"bu","13:33:38",19581500
4300,-320,600,"bu","13:33:38",19579400
4300,-320,2000,"bu","13:33:38",19578800
4300,-320,300,"bu","13:33:38",19576800
4300,-320,400,"bu","13:33:26",19576500
4300,-320,700,"bu","13:33:26",19576100
4300,-320,100,"bu","13:33:24",19575400
4300,-320,100,"bu","13:33:13",19575300
4300,-320,600,"bu","13:33:06",19575200
4300,-320,100,"bu","13:33:05",19574600
4300,-320,100,"bu","13:32:58",19574500
4300,-320,100,"bu","13:32:43",19574400
4300,-320,200,"bu","13:32:41",19574300
4300,-320,300,"bu","13:32:20",19574100
4300,-320,3000,"bu","13:32:20",19573800
4300,-320,2000,"bu","13:32:20",19570800
4300,-320,400,"bu","13:31:59",19568800
4300,-320,2300,"bu","13:31:57",19568400
4300,-320,100,"bu","13:31:54",19566100
4300,-320,2000,"bu","13:31:48",19566000
4300,-320,1000,"bu","13:31:47",19564000
4300,-320,200,"bu","13:31:36",19563000
4300,-320,5300,"bu","13:31:36",19562800
4300,-320,10000,"bu","13:31:32",19557500
4300,-320,1000,"bu","13:31:31",19547500
4300,-320,100,"bu","13:31:22",19546500
4300,-320,500,"bu","13:31:18",19546400
4300,-320,100,"bu","13:31:17",19545900
4300,-320,900,"bu","13:31:17",19545800
4300,-320,300,"bu","13:31:16",19544900
4300,-320,200,"bu","13:31:16",19544600
4300,-320,600,"bu","13:31:16",19544400
4300,-320,1000,"bu","13:31:12",19543800
4300,-320,500,"bu","13:31:07",19542800
4300,-320,100,"bu","13:31:05",19542300
4300,-320,200,"bu","13:31:00",19542200
4300,-320,200,"bu","13:30:59",19542000
4300,-320,100,"bu","13:30:54",19541800
4300,-320,200,"bu","13:30:53",19541700
4300,-320,100,"bu","13:30:28",19541500
4300,-320,300,"bu","13:30:24",19541400
4300,-320,200,"bu","13:30:11",19541100
4300,-320,100,"bu","13:29:59",19540900
4300,-320,2000,"bu","13:29:57",19540800
4300,-320,10000,"bu","13:29:57",19538800
4300,-320,5100,"bu","13:29:57",19528800
4300,-320,200,"bu","13:29:57",19523700
4300,-320,300,"bu","13:29:57",19523500
4300,-320,2000,"bu","13:29:57",19523200
4300,-320,400,"bu","13:29:57",19521200
4300,-320,400,"bu","13:29:55",19520800
4300,-320,2000,"bu","13:29:50",19520400
4300,-320,200,"bu","13:29:48",19518400
4300,-320,2000,"bu","13:29:36",19518200
4300,-320,7200,"bu","13:29:36",19516200
4300,-320,100,"bu","13:29:33",19509000
4300,-320,2500,"bu","13:29:32",19508900
4300,-320,100,"bu","13:29:28",19506400
4300,-320,100,"bu","13:29:13",19506300
4300,-320,600,"bu","13:29:13",19506200
4300,-320,300,"bu","13:29:13",19505600
4300,-320,100,"bu","13:29:11",19505300
4300,-320,100,"bu","13:29:09",19505200
4300,-320,100,"bu","13:29:05",19505100
4300,-320,100,"bu","13:29:03",19505000
4300,-320,200,"bu","13:29:01",19504900
4300,-320,500,"bu","13:28:56",19504700
4300,-320,200,"bu","13:28:55",19504200
4300,-320,100,"bu","13:28:52",19504000
4300,-320,100,"bu","13:28:52",19503900
4300,-320,200,"bu","13:28:52",19503800
4300,-320,500,"bu","13:28:46",19503600
4300,-320,200,"bu","13:28:35",19503100
4300,-320,200,"bu","13:28:34",19502900
4300,-320,2000,"bu","13:28:33",19502700
4300,-320,200,"bu","13:28:29",19500700
4300,-320,100,"bu","13:28:09",19500500
4300,-320,700,"bu","13:28:09",19500400
4300,-320,300,"bu","13:27:55",19499700
4300,-320,100,"bu","13:27:53",19499400
4300,-320,3000,"bu","13:27:49",19499300
4300,-320,100,"bu","13:27:49",19496300
4300,-320,600,"bu","13:27:48",19496200
4300,-320,300,"bu","13:27:48",19495600
4300,-320,100,"bu","13:27:48",19495300
4300,-320,4900,"bu","13:27:39",19495200
4300,-320,100,"bu","13:27:39",19490300
4300,-320,800,"bu","13:27:38",19490200
4300,-320,300,"bu","13:27:35",19489400
4300,-320,100,"bu","13:27:35",19489100
4300,-320,2000,"bu","13:27:31",19489000
4300,-320,3000,"bu","13:27:30",19487000
4300,-320,100,"bu","13:27:29",19484000
4300,-320,600,"bu","13:27:25",19483900
4300,-320,200,"bu","13:27:20",19483300
4300,-320,200,"bu","13:27:19",19483100
4300,-320,300,"bu","13:27:19",19482900
4300,-320,2300,"bu","13:27:15",19482600
4300,-320,100,"bu","13:27:15",19480300
4300,-320,2600,"bu","13:27:15",19480200
4300,-320,1000,"bu","13:27:13",19477600
4300,-320,100,"bu","13:27:12",19476600
4300,-320,1000,"bu","13:27:09",19476500
4300,-320,3000,"bu","13:27:07",19475500
4300,-320,5000,"bu","13:27:07",19472500
4300,-320,1000,"bu","13:27:03",19467500
4300,-320,700,"bu","13:27:01",19466500
4300,-320,100,"bu","13:27:00",19465800
4300,-320,200,"bu","13:26:55",19465700
4300,-320,1300,"bu","13:26:54",19465500
4300,-320,10000,"bu","13:26:51",19464200
4300,-320,200,"bu","13:26:51",19454200
4300,-320,1000,"bu","13:26:48",19454000
4300,-320,100,"bu","13:26:48",19453000
4300,-320,200,"bu","13:26:44",19452900
4300,-320,100,"bu","13:26:44",19452700
4300,-320,100,"bu","13:26:44",19452600
4300,-320,5000,"bu","13:26:40",19452500
4300,-320,300,"bu","13:26:30",19447500
4300,-320,700,"bu","13:26:29",19447200
4300,-320,500,"bu","13:26:28",19446500
4300,-320,100,"bu","13:26:23",19446000
4300,-320,100,"bu","13:26:22",19445900
4300,-320,30000,"bu","13:26:22",19445800
4300,-320,300,"bu","13:26:16",19415800
4300,-320,1000,"bu","13:26:16",19415500
4300,-320,2000,"bu","13:26:12",19414500
4300,-320,1400,"bu","13:26:11",19412500
4300,-320,100,"bu","13:26:10",19411100
4300,-320,1100,"bu","13:26:09",19411000
4300,-320,10000,"bu","13:26:05",19409900
4300,-320,100,"bu","13:26:05",19399900
4300,-320,2000,"bu","13:26:02",19399800
4300,-320,100,"bu","13:26:02",19397800
4300,-320,100,"bu","13:26:01",19397700
4300,-320,2000,"bu","13:25:58",19397600
4300,-320,1000,"bu","13:25:55",19395600
4300,-320,100,"bu","13:25:52",19394600
4300,-320,800,"bu","13:25:46",19394500
4300,-320,2600,"bu","13:25:46",19393700
4300,-320,100,"bu","13:25:43",19391100
4300,-320,1000,"bu","13:25:42",19391000
4300,-320,400,"bu","13:25:41",19390000
4300,-320,5000,"bu","13:25:38",19389600
4300,-320,200,"bu","13:25:38",19384600
4300,-320,1000,"bu","13:25:38",19384400
4300,-320,500,"bu","13:25:36",19383400
4300,-320,26000,"bu","13:25:36",19382900
4300,-320,1000,"bu","13:25:31",19356900
4300,-320,500,"bu","13:25:29",19355900
4300,-320,5000,"bu","13:25:29",19355400
4300,-320,200,"bu","13:25:29",19350400
4300,-320,100,"bu","13:25:29",19350200
4300,-320,300,"bu","13:25:29",19350100
4300,-320,45000,"bu","13:25:29",19349800
4300,-320,100,"bu","13:25:29",19304800
4300,-320,1000,"bu","13:25:29",19304700
4300,-320,10000,"bu","13:25:29",19303700
4300,-320,5700,"bu","13:25:29",19293700
4300,-320,100,"unknown","13:25:29",19288000
4300,-320,100,"sd","13:25:29",19287900
4300,-320,100,"sd","13:25:28",19287800
4300,-320,2000,"sd","13:25:28",19287700
4300,-320,1000,"sd","13:25:28",19285700
4300,-320,300,"sd","13:25:28",19284700
4300,-320,100,"sd","13:25:28",19284400
4300,-320,700,"sd","13:25:28",19284300
4300,-320,100,"sd","13:25:28",19283600
4300,-320,300,"sd","13:25:28",19283500
4300,-320,7000,"sd","13:25:28",19283200
4300,-320,8500,"sd","13:25:28",19276200
4300,-320,500,"sd","13:25:28",19267700
4300,-320,100,"sd","13:25:28",19267200
4300,-320,300,"sd","13:25:28",19267100
4300,-320,1200,"sd","13:25:28",19266800
4300,-320,300,"sd","13:25:28",19265600
4300,-320,3000,"sd","13:25:28",19265300
4300,-320,1000,"sd","13:25:28",19262300
4300,-320,300,"sd","13:25:28",19261300
4300,-320,300,"sd","13:25:28",19261000
4300,-320,2100,"sd","13:25:28",19260700
4300,-320,200,"sd","13:25:28",19258600
4300,-320,2400,"sd","13:25:28",19258400
4300,-320,500,"sd","13:25:28",19256000
4300,-320,1400,"sd","13:25:28",19255500
4300,-320,1000,"sd","13:25:28",19254100
4300,-320,23000,"sd","13:25:28",19253100
4300,-320,1300,"sd","13:25:28",19230100
4300,-320,300,"sd","13:25:28",19228800
4300,-320,1000,"sd","13:25:28",19228500
4300,-320,2000,"sd","13:25:28",19227500
4300,-320,12000,"sd","13:25:28",19225500
4300,-320,1000,"sd","13:25:28",19213500
4300,-320,1000,"sd","13:25:28",19212500
4300,-320,300,"sd","13:25:28",19211500
4300,-320,1000,"sd","13:25:28",19211200
4300,-320,1000,"sd","13:25:28",19210200
4300,-320,500,"sd","13:25:28",19209200
4300,-320,11000,"sd","13:25:28",19208700
4300,-320,1000,"sd","13:25:28",19197700
4300,-320,2000,"sd","13:25:28",19196700
4300,-320,200,"sd","13:25:28",19194700
4300,-320,4500,"sd","13:25:28",19194500
4300,-320,500,"sd","13:25:28",19190000
4300,-320,700,"sd","13:25:28",19189500
4300,-320,10100,"sd","13:25:28",19188800
4300,-320,10000,"sd","13:25:28",19178700
4300,-320,20000,"sd","13:25:28",19168700
4300,-320,1000,"sd","13:25:28",19148700
4300,-320,1200,"sd","13:25:28",19147700
4300,-320,10000,"sd","13:25:28",19146500
4300,-320,4000,"sd","13:25:28",19136500
4300,-320,300,"sd","13:25:28",19132500
4300,-320,1000,"sd","13:25:28",19132200
4300,-320,300,"sd","13:25:28",19131200
4300,-320,200,"sd","13:25:28",19130900
4300,-320,1000,"sd","13:25:28",19130700
4300,-320,1000,"sd","13:25:28",19129700
4300,-320,2500,"sd","13:25:28",19128700
4300,-320,3000,"sd","13:25:28",19126200
4300,-320,1000,"sd","13:25:28",19123200
4300,-320,100,"sd","13:25:28",19122200
4300,-320,300,"sd","13:25:28",19122100
4300,-320,200,"sd","13:25:28",19121800
4300,-320,100,"sd","13:25:28",19121600
4300,-320,10000,"sd","13:25:28",19121500
4300,-320,2300,"sd","13:25:28",19111500
4300,-320,600,"sd","13:25:28",19109200
4300,-320,1000,"sd","13:25:28",19108600
4300,-320,1000,"sd","13:25:28",19107600
4300,-320,2100,"sd","13:25:28",19106600
4300,-320,1100,"sd","13:25:28",19104500
4300,-320,2000,"sd","13:25:28",19103400
4300,-320,50000,"sd","13:25:28",19101400
4300,-320,2000,"sd","13:25:28",19051400
4300,-320,2000,"sd","13:25:28",19049400
4300,-320,1000,"sd","13:25:28",19047400
4300,-320,300,"sd","13:25:28",19046400
4300,-320,1000,"sd","13:25:28",19046100
4300,-320,2300,"sd","13:25:28",19045100
4300,-320,1200,"sd","13:25:28",19042800
4300,-320,4500,"sd","13:25:28",19041600
4300,-320,4700,"sd","13:25:28",19037100
4300,-320,200,"sd","13:25:28",19032400
4300,-320,500,"sd","13:25:28",19032200
4300,-320,300,"sd","13:25:28",19031700
4300,-320,1100,"sd","13:25:28",19031400
4300,-320,10000,"sd","13:25:28",19030300
4300,-320,20000,"sd","13:25:28",19020300
4300,-320,200,"sd","13:25:28",19000300
4300,-320,3000,"sd","13:25:28",19000100
4300,-320,100,"sd","13:25:28",18997100
4300,-320,2000,"sd","13:25:28",18997000
4300,-320,900,"sd","13:25:28",18995000
4300,-320,100,"sd","13:25:28",18994100
4300,-320,100,"sd","13:25:28",18994000
4300,-320,200,"sd","13:25:28",18993900
4300,-320,3000,"sd","13:25:28",18993700
4300,-320,800,"sd","13:25:28",18990700
4300,-320,700,"sd","13:25:28",18989900
4300,-320,10000,"sd","13:25:28",18989200
4300,-320,2000,"sd","13:25:25",18979200
4310,-310,1900,"bu","13:25:22",18977200
4300,-320,1900,"sd","13:25:19",18975300
4300,-320,100,"sd","13:25:19",18973400
4300,-320,1200,"sd","13:25:19",18973300
4300,-320,2000,"sd","13:25:19",18972100
4300,-320,300,"sd","13:25:19",18970100
4300,-320,100,"sd","13:25:19",18969800
4300,-320,2000,"sd","13:25:19",18969700
4300,-320,800,"sd","13:25:19",18967700
4300,-320,100,"sd","13:25:19",18966900
4300,-320,2700,"sd","13:25:19",18966800
4300,-320,1800,"sd","13:25:19",18964100
4300,-320,700,"sd","13:25:18",18962300
4300,-320,100,"sd","13:25:05",18961600
4310,-310,100,"bu","13:25:03",18961500
4300,-320,100,"sd","13:24:59",18961400
4300,-320,1000,"sd","13:24:59",18961300
4300,-320,3300,"sd","13:24:49",18960300
4300,-320,1000,"sd","13:24:49",18957000
4300,-320,200,"sd","13:24:49",18956000
4300,-320,500,"sd","13:24:49",18955800
4300,-320,1000,"sd","13:24:49",18955300
4300,-320,200,"sd","13:24:49",18954300
4300,-320,900,"sd","13:24:49",18954100
4300,-320,2900,"sd","13:24:49",18953200
4300,-320,200,"sd","13:24:45",18950300
4300,-320,200,"sd","13:24:39",18950100
4300,-320,1200,"sd","13:24:36",18949900
4300,-320,400,"sd","13:24:34",18948700
4300,-320,1600,"sd","13:24:31",18948300
4300,-320,2000,"sd","13:24:31",18946700
4300,-320,2500,"sd","13:24:25",18944700
4300,-320,800,"sd","13:24:25",18942200
4300,-320,700,"sd","13:24:25",18941400
4300,-320,1200,"sd","13:24:19",18940700
4310,-310,100,"bu","13:24:18",18939500
4300,-320,1400,"sd","13:24:18",18939400
4310,-310,1000,"bu","13:24:18",18938000
4310,-310,400,"bu","13:24:18",18937000
4310,-310,1000,"bu","13:24:16",18936600
4310,-310,800,"bu","13:24:07",18935600
4310,-310,300,"bu","13:23:56",18934800
4300,-320,6700,"sd","13:23:55",18934500
4300,-320,1000,"sd","13:23:55",18927800
4300,-320,2000,"sd","13:23:55",18926800
4300,-320,300,"sd","13:23:55",18924800
4310,-310,1000,"bu","13:23:53",18924500
4310,-310,100,"bu","13:23:53",18923500
4310,-310,2000,"bu","13:23:45",18923400
4300,-320,10000,"sd","13:23:36",18921400
4300,-320,42800,"sd","13:23:29",18911400
4300,-320,3000,"sd","13:23:27",18868600
4310,-310,1000,"bu","13:23:25",18865600
4300,-320,2000,"sd","13:23:15",18864600
4300,-320,100,"sd","13:23:07",18862600
4300,-320,1000,"sd","13:22:59",18862500
4300,-320,10000,"sd","13:22:50",18861500
4300,-320,10000,"sd","13:22:46",18851500
4300,-320,5900,"sd","13:22:43",18841500
4310,-310,300,"bu","13:22:37",18835600
4310,-310,200,"bu","13:22:37",18835300
4300,-320,10000,"sd","13:22:34",18835100
4300,-320,4900,"sd","13:22:32",18825100
4300,-320,800,"sd","13:22:32",18820200
4300,-320,2000,"sd","13:22:31",18819400
4300,-320,100,"sd","13:22:31",18817400
4300,-320,4200,"sd","13:22:31",18817300
4300,-320,2000,"sd","13:22:31",18813100
4300,-320,2000,"sd","13:22:31",18811100
4300,-320,5000,"sd","13:22:31",18809100
4300,-320,300,"sd","13:22:31",18804100
4300,-320,400,"sd","13:22:31",18803800
4300,-320,1000,"sd","13:22:31",18803400
4300,-320,900,"sd","13:22:31",18802400
4300,-320,100,"sd","13:22:31",18801500
4300,-320,200,"sd","13:22:31",18801400
4300,-320,3200,"sd","13:22:31",18801200
4300,-320,2000,"sd","13:22:31",18798000
4300,-320,29500,"sd","13:22:31",18796000
4300,-320,500,"sd","13:22:23",18766500
4300,-320,10000,"sd","13:22:18",18766000
4310,-310,800,"bu","13:22:06",18756000
4310,-310,200,"bu","13:22:06",18755200
4300,-320,100,"sd","13:22:05",18755000
4310,-310,2000,"bu","13:22:02",18754900
4310,-310,20000,"bu","13:21:46",18752900
4300,-320,9900,"sd","13:21:39",18732900
4310,-310,500,"bu","13:21:37",18723000
4300,-320,1000,"sd","13:21:36",18722500
4300,-320,3000,"sd","13:21:35",18721500
4300,-320,3000,"sd","13:21:35",18718500
4300,-320,800,"sd","13:21:35",18715500
4300,-320,1000,"sd","13:21:35",18714700
4300,-320,400,"sd","13:21:35",18713700
4300,-320,200,"sd","13:21:35",18713300
4300,-320,900,"sd","13:21:35",18713100
4300,-320,700,"sd","13:21:35",18712200
4300,-320,1000,"sd","13:21:32",18711500
4300,-320,10000,"sd","13:21:32",18710500
4300,-320,200,"sd","13:21:32",18700500
4300,-320,300,"sd","13:21:32",18700300
4300,-320,500,"sd","13:21:32",18700000
4300,-320,2100,"sd","13:21:32",18699500
4300,-320,2000,"sd","13:21:32",18697400
4300,-320,6000,"sd","13:21:32",18695400
4300,-320,2000,"sd","13:21:32",18689400
4300,-320,900,"sd","13:21:32",18687400
4300,-320,2000,"sd","13:21:32",18686500
4300,-320,1000,"sd","13:21:32",18684500
4300,-320,500,"sd","13:21:32",18683500
4300,-320,100,"sd","13:21:32",18683000
4300,-320,1000,"sd","13:21:32",18682900
4300,-320,100,"sd","13:21:32",18681900
4300,-320,100,"sd","13:21:32",18681800
4300,-320,100,"sd","13:21:32",18681700
4300,-320,100,"sd","13:21:32",18681600
4310,-310,100,"bu","13:21:20",18681500
4310,-310,200,"bu","13:21:19",18681400
4300,-320,200,"sd","13:21:18",18681200
4300,-320,6900,"sd","13:21:17",18681000
4300,-320,1100,"sd","13:21:17",18674100
4300,-320,2000,"sd","13:21:17",18673000
4300,-320,500,"sd","13:21:12",18671000
4300,-320,1000,"sd","13:21:12",18670500
4300,-320,3000,"sd","13:21:12",18669500
4300,-320,500,"sd","13:21:12",18666500
4300,-320,1000,"sd","13:21:12",18666000
4300,-320,2000,"sd","13:21:12",18665000
4300,-320,3000,"sd","13:21:01",18663000
4300,-320,400,"sd","13:21:01",18660000
4300,-320,100,"sd","13:21:01",18659600
4300,-320,1000,"sd","13:21:01",18659500
4300,-320,500,"sd","13:21:01",18658500
4300,-320,5000,"sd","13:21:01",18658000
4310,-310,300,"bu","13:21:01",18653000
4300,-320,800,"sd","13:20:52",18652700
4300,-320,400,"sd","13:20:52",18651900
4300,-320,500,"sd","13:20:51",18651500
4310,-310,1000,"bu","13:20:50",18651000
4300,-320,3300,"sd","13:20:42",18650000
4300,-320,500,"sd","13:20:42",18646700
4300,-320,1000,"sd","13:20:42",18646200
4300,-320,1000,"sd","13:20:42",18645200
4300,-320,1300,"sd","13:20:42",18644200
4300,-320,3000,"sd","13:20:42",18642900
4300,-320,500,"sd","13:20:42",18639900
4300,-320,100,"sd","13:20:42",18639400
4300,-320,600,"sd","13:20:42",18639300
4300,-320,3000,"sd","13:20:42",18638700
4300,-320,700,"sd","13:20:42",18635700
4300,-320,300,"sd","13:20:42",18635000
4300,-320,100,"sd","13:20:42",18634700
4300,-320,1800,"sd","13:20:42",18634600
4300,-320,700,"sd","13:20:42",18632800
4300,-320,1300,"sd","13:20:42",18632100
4300,-320,1000,"sd","13:20:42",18630800
4300,-320,1000,"sd","13:20:42",18629800
4300,-320,2000,"sd","13:20:42",18628800
4300,-320,500,"sd","13:20:42",18626800
4300,-320,500,"sd","13:20:42",18626300
4300,-320,2300,"sd","13:20:42",18625800
4300,-320,100,"sd","13:20:42",18623500
4300,-320,10000,"sd","13:20:42",18623400
4300,-320,1400,"sd","13:20:42",18613400
4300,-320,500,"sd","13:20:42",18612000
4300,-320,300,"sd","13:20:42",18611500
4300,-320,1000,"sd","13:20:42",18611200
4300,-320,10000,"sd","13:20:42",18610200
4300,-320,10500,"sd","13:20:42",18600200
4300,-320,2000,"sd","13:20:42",18589700
4300,-320,1000,"sd","13:20:42",18587700
4300,-320,11000,"sd","13:20:42",18586700
4300,-320,900,"sd","13:20:42",18575700
4300,-320,400,"sd","13:20:42",18574800
4300,-320,1500,"sd","13:20:42",18574400
4300,-320,4000,"sd","13:20:42",18572900
4300,-320,100,"sd","13:20:42",18568900
4300,-320,5000,"sd","13:20:42",18568800
4300,-320,10000,"sd","13:20:42",18563800
4300,-320,2000,"sd","13:20:42",18553800
4300,-320,19000,"sd","13:20:42",18551800
4300,-320,1500,"sd","13:20:42",18532800
4300,-320,100,"sd","13:20:42",18531300
4300,-320,200,"sd","13:20:42",18531200
4300,-320,500,"sd","13:20:42",18531000
4300,-320,500,"sd","13:20:42",18530500
4300,-320,4100,"sd","13:20:40",18530000
4300,-320,10000,"sd","13:20:40",18525900
4300,-320,900,"sd","13:20:40",18515900
4300,-320,300,"sd","13:20:39",18515000
4300,-320,1800,"sd","13:20:38",18514700
4300,-320,200,"sd","13:20:38",18512900
4300,-320,300,"sd","13:20:36",18512700
4300,-320,2000,"sd","13:20:36",18512400
4300,-320,300,"sd","13:20:36",18510400
4300,-320,3000,"sd","13:20:36",18510100
4300,-320,500,"sd","13:20:36",18507100
4300,-320,500,"sd","13:20:36",18506600
4300,-320,3500,"sd","13:20:36",18506100
4300,-320,100,"sd","13:20:36",18502600
4300,-320,8800,"sd","13:20:36",18502500
4300,-320,1000,"sd","13:20:30",18493700
4300,-320,200,"sd","13:20:15",18492700
4300,-320,100,"sd","13:20:15",18492500
4300,-320,2900,"sd","13:20:14",18492400
4300,-320,300,"sd","13:20:14",18489500
4300,-320,700,"sd","13:20:10",18489200
4300,-320,100,"sd","13:20:10",18488500
4300,-320,100,"sd","13:20:10",18488400
4300,-320,9100,"sd","13:20:10",18488300
4310,-310,100,"bu","13:20:10",18479200
4300,-320,900,"sd","13:20:09",18479100
4300,-320,100,"sd","13:20:09",18478200
4300,-320,400,"sd","13:20:09",18478100
4300,-320,1000,"sd","13:20:09",18477700
4300,-320,1600,"sd","13:20:09",18476700
4310,-310,1000,"bu","13:20:08",18475100
4300,-320,100,"sd","13:20:02",18474100
4300,-320,4000,"sd","13:19:59",18474000
4300,-320,4000,"sd","13:19:54",18470000
4300,-320,300,"sd","13:19:52",18466000
4300,-320,200,"sd","13:19:52",18465700
4300,-320,300,"sd","13:19:51",18465500
4300,-320,500,"sd","13:19:46",18465200
4300,-320,500,"sd","13:19:46",18464700
4300,-320,100,"sd","13:19:46",18464200
4300,-320,100,"sd","13:19:46",18464100
4300,-320,500,"sd","13:19:46",18464000
4300,-320,100,"sd","13:19:46",18463500
4300,-320,300,"sd","13:19:46",18463400
4300,-320,100,"sd","13:19:46",18463100
4300,-320,500,"sd","13:19:46",18463000
4300,-320,4700,"sd","13:19:46",18462500
4300,-320,300,"sd","13:19:44",18457800
4300,-320,200,"sd","13:19:44",18457500
4300,-320,2000,"sd","13:19:44",18457300
4300,-320,1300,"sd","13:19:44",18455300
4300,-320,1700,"sd","13:19:43",18454000
4300,-320,200,"sd","13:19:43",18452300
4300,-320,500,"sd","13:19:43",18452100
4300,-320,5800,"sd","13:19:43",18451600
4310,-310,100,"bu","13:19:41",18445800
4300,-320,300,"sd","13:19:38",18445700
4310,-310,1200,"bu","13:19:38",18445400
4300,-320,3900,"sd","13:19:34",18444200
4300,-320,300,"sd","13:19:34",18440300
4300,-320,3000,"sd","13:19:34",18440000
4300,-320,3000,"sd","13:19:34",18437000
4300,-320,500,"sd","13:19:34",18434000
4300,-320,100,"sd","13:19:34",18433500
4300,-320,200,"sd","13:19:34",18433400
4300,-320,100,"sd","13:19:34",18433200
4300,-320,3000,"sd","13:19:34",18433100
4300,-320,2000,"sd","13:19:34",18430100
4300,-320,1000,"sd","13:19:34",18428100
4300,-320,100,"sd","13:19:34",18427100
4300,-320,2000,"sd","13:19:34",18427000
4300,-320,200,"sd","13:19:34",18425000
4300,-320,500,"sd","13:19:34",18424800
4300,-320,100,"sd","13:19:34",18424300
4300,-320,9900,"sd","13:19:26",18424200
4300,-320,1000,"sd","13:19:26",18414300
4300,-320,100,"sd","13:19:26",18413300
4300,-320,1000,"sd","13:19:26",18413200
4310,-310,200,"bu","13:19:26",18412200
4300,-320,1000,"sd","13:19:17",18412000
4300,-320,2000,"sd","13:19:14",18411000
4310,-310,1000,"bu","13:18:57",18409000
4310,-310,2300,"bu","13:18:45",18408000
4310,-310,1000,"bu","13:18:45",18405700
4310,-310,100,"bu","13:18:45",18404700
4310,-310,2000,"bu","13:18:45",18404600
4310,-310,4600,"bu","13:18:45",18402600
4310,-310,1100,"bu","13:18:44",18398000
4310,-310,1600,"bu","13:18:44",18396900
4300,-320,3000,"sd","13:18:44",18395300
4310,-310,2700,"bu","13:18:41",18392300
4310,-310,2300,"bu","13:18:41",18389600
4310,-310,500,"bu","13:18:34",18387300
4300,-320,2000,"sd","13:18:33",18386800
4300,-320,400,"sd","13:18:32",18384800
4300,-320,100,"sd","13:18:30",18384400
4300,-320,100,"sd","13:18:23",18384300
4300,-320,400,"sd","13:18:21",18384200
4300,-320,200,"sd","13:18:21",18383800
4300,-320,100,"sd","13:18:21",18383600
4310,-310,500,"bu","13:18:21",18383500
4310,-310,100,"bu","13:18:21",18383000
4300,-320,200,"sd","13:18:15",18382900
4300,-320,500,"sd","13:18:15",18382700
4300,-320,300,"sd","13:18:15",18382200
4310,-310,5000,"bu","13:18:14",18381900
4300,-320,1000,"sd","13:18:09",18376900
4310,-310,3000,"bu","13:18:09",18375900
4300,-320,700,"sd","13:18:02",18372900
4300,-320,300,"sd","13:18:02",18372200
4300,-320,2000,"sd","13:17:58",18371900
4310,-310,300,"bu","13:17:55",18369900
4300,-320,2100,"sd","13:17:53",18369600
4300,-320,1100,"sd","13:17:51",18367500
4300,-320,100,"sd","13:17:51",18366400
4300,-320,300,"sd","13:17:51",18366300
4300,-320,17800,"sd","13:17:51",18366000
4300,-320,3600,"sd","13:17:49",18348200
4310,-310,400,"bu","13:17:49",18344600
4300,-320,300,"sd","13:17:42",18344200
4300,-320,1000,"sd","13:17:40",18343900
4300,-320,400,"sd","13:17:36",18342900
4300,-320,700,"sd","13:17:35",18342500
4300,-320,500,"sd","13:17:35",18341800
4300,-320,1500,"sd","13:17:32",18341300
4300,-320,9900,"sd","13:17:28",18339800
4300,-320,10000,"sd","13:17:25",18329900
4300,-320,10000,"bu","13:17:18",18319900
4300,-320,1000,"bu","13:17:18",18309900
4300,-320,10000,"bu","13:17:17",18308900
4300,-320,11200,"bu","13:17:17",18298900
4300,-320,200,"bu","13:17:17",18287700
4300,-320,10000,"bu","13:17:17",18287500
4300,-320,5700,"bu","13:17:17",18277500
4300,-320,600,"bu","13:17:17",18271800
4300,-320,1000,"bu","13:17:17",18271200
4300,-320,1000,"bu","13:17:17",18270200
4300,-320,3600,"bu","13:17:17",18269200
4300,-320,2000,"bu","13:17:17",18265600
4300,-320,100,"bu","13:17:17",18263600
4300,-320,300,"bu","13:17:17",18263500
4300,-320,3000,"bu","13:17:17",18263200
4300,-320,1000,"bu","13:17:17",18260200
4300,-320,24000,"bu","13:17:17",18259200
4300,-320,1000,"bu","13:17:16",18235200
4300,-320,100,"bu","13:17:15",18234200
4300,-320,300,"bu","13:17:15",18234100
4300,-320,600,"bu","13:17:15",18233800
4300,-320,100,"bu","13:17:15",18233200
4300,-320,5000,"bu","13:17:15",18233100
4300,-320,1800,"bu","13:17:15",18228100
4300,-320,1000,"bu","13:17:15",18226300
4300,-320,2900,"bu","13:17:15",18225300
4300,-320,3000,"bu","13:17:15",18222400
4300,-320,200,"bu","13:17:15",18219400
4300,-320,1000,"bu","13:17:14",18219200
4300,-320,100,"bu","13:17:14",18218200
4300,-320,700,"bu","13:17:14",18218100
4300,-320,4300,"bu","13:17:14",18217400
4300,-320,700,"bu","13:17:14",18213100
4300,-320,300,"bu","13:17:14",18212400
4300,-320,100,"bu","13:17:13",18212100
4300,-320,100,"bu","13:17:13",18212000
4300,-320,100,"bu","13:17:13",18211900
4300,-320,300,"bu","13:17:13",18211800
4300,-320,200,"bu","13:17:13",18211500
4300,-320,1500,"bu","13:17:13",18211300
4300,-320,500,"bu","13:17:13",18209800
4300,-320,100,"bu","13:17:13",18209300
4300,-320,100,"bu","13:17:13",18209200
4300,-320,2100,"bu","13:17:12",18209100
4300,-320,5000,"bu","13:17:12",18207000
4300,-320,3300,"bu","13:17:11",18202000
4300,-320,200,"bu","13:17:11",18198700
4300,-320,1500,"bu","13:17:11",18198500
4300,-320,1000,"bu","13:17:11",18197000
4300,-320,2500,"bu","13:17:11",18196000
4300,-320,2700,"bu","13:17:11",18193500
4300,-320,2000,"bu","13:17:11",18190800
4300,-320,800,"bu","13:17:11",18188800
4300,-320,2000,"bu","13:17:11",18188000
4300,-320,5000,"bu","13:17:11",18186000
4300,-320,200,"bu","13:17:11",18181000
4300,-320,3000,"bu","13:17:10",18180800
4300,-320,400,"bu","13:17:10",18177800
4300,-320,200,"bu","13:17:09",18177400
4300,-320,10000,"bu","13:17:08",18177200
4300,-320,200,"bu","13:17:08",18167200
4300,-320,2800,"bu","13:17:08",18167000
4300,-320,100,"bu","13:17:08",18164200
4300,-320,200,"bu","13:17:08",18164100
4300,-320,1000,"bu","13:17:07",18163900
4300,-320,1000,"bu","13:17:07",18162900
4300,-320,5000,"bu","13:17:06",18161900
4300,-320,1000,"bu","13:17:06",18156900
4300,-320,500,"bu","13:17:05",18155900
4300,-320,800,"bu","13:17:05",18155400
4300,-320,1000,"bu","13:17:05",18154600
4300,-320,3200,"bu","13:17:04",18153600
4300,-320,600,"bu","13:17:04",18150400
4300,-320,200,"bu","13:17:04",18149800
4300,-320,1000,"bu","13:17:04",18149600
4300,-320,500,"bu","13:17:02",18148600
4300,-320,100,"bu","13:17:02",18148100
4300,-320,20000,"bu","13:17:00",18148000
4300,-320,1000,"bu","13:17:00",18128000
4300,-320,200,"bu","13:17:00",18127000
4300,-320,10000,"bu","13:16:59",18126800
4300,-320,2000,"bu","13:16:58",18116800
4300,-320,2000,"bu","13:16:57",18114800
4300,-320,200,"bu","13:16:56",18112800
4300,-320,2000,"bu","13:16:56",18112600
4300,-320,200,"bu","13:16:55",18110600
4300,-320,3900,"bu","13:16:53",18110400
4300,-320,200,"bu","13:16:53",18106500
4300,-320,1000,"bu","13:16:53",18106300
4300,-320,300,"bu","13:16:53",18105300
4300,-320,2000,"bu","13:16:52",18105000
4300,-320,300,"bu","13:16:52",18103000
4300,-320,1000,"bu","13:16:51",18102700
4300,-320,500,"bu","13:16:50",18101700
4300,-320,2000,"bu","13:16:49",18101200
4300,-320,1000,"bu","13:16:47",18099200
4300,-320,400,"bu","13:16:47",18098200
4300,-320,200,"bu","13:16:46",18097800
4300,-320,9600,"bu","13:16:46",18097600
4300,-320,10000,"bu","13:16:46",18088000
4300,-320,400,"bu","13:16:46",18078000
4300,-320,10000,"bu","13:16:46",18077600
4300,-320,1000,"bu","13:16:43",18067600
4300,-320,26000,"bu","13:16:43",18066600
4300,-320,200,"bu","13:16:41",18040600
4300,-320,200,"bu","13:16:41",18040400
4300,-320,100,"bu","13:16:40",18040200
4300,-320,300,"bu","13:16:39",18040100
4300,-320,1000,"bu","13:16:38",18039800
4300,-320,500,"bu","13:16:37",18038800
4300,-320,100,"bu","13:16:36",18038300
4300,-320,100,"bu","13:16:35",18038200
4300,-320,1000,"bu","13:16:35",18038100
4300,-320,4100,"bu","13:16:35",18037100
4300,-320,1000,"bu","13:16:32",18033000
4300,-320,500,"bu","13:16:30",18032000
4300,-320,100,"bu","13:16:29",18031500
4300,-320,1000,"bu","13:16:28",18031400
4300,-320,2000,"bu","13:16:27",18030400
4300,-320,100,"bu","13:16:27",18028400
4300,-320,2000,"bu","13:16:26",18028300
4300,-320,300,"bu","13:16:26",18026300
4300,-320,1000,"bu","13:16:26",18026000
4300,-320,100,"bu","13:16:25",18025000
4300,-320,11300,"bu","13:16:25",18024900
4300,-320,300,"bu","13:16:24",18013600
4300,-320,3100,"bu","13:16:24",18013300
4300,-320,500,"bu","13:16:24",18010200
4300,-320,100,"bu","13:16:23",18009700
4300,-320,100,"bu","13:16:23",18009600
4300,-320,3000,"bu","13:16:22",18009500
4300,-320,200,"bu","13:16:22",18006500
4300,-320,500,"bu","13:16:20",18006300
4300,-320,100,"bu","13:16:17",18005800
4300,-320,1000,"bu","13:16:17",18005700
4300,-320,2000,"bu","13:16:16",18004700
4300,-320,100,"bu","13:16:15",18002700
4300,-320,500,"bu","13:16:15",18002600
4300,-320,200,"bu","13:16:14",18002100
4300,-320,11200,"bu","13:16:14",18001900
4300,-320,500,"bu","13:16:14",17990700
4300,-320,10000,"bu","13:16:14",17990200
4300,-320,200,"bu","13:16:13",17980200
4300,-320,500,"bu","13:16:08",17980000
4300,-320,100,"bu","13:16:08",17979500
4300,-320,500,"bu","13:16:07",17979400
4300,-320,100,"bu","13:16:05",17978900
4300,-320,1200,"bu","13:16:05",17978800
4300,-320,5300,"bu","13:16:05",17977600
4300,-320,3500,"bu","13:16:05",17972300
4300,-320,200,"bu","13:16:04",17968800
4300,-320,1000,"bu","13:16:04",17968600
4300,-320,100,"bu","13:16:03",17967600
4300,-320,400,"bu","13:16:01",17967500
4300,-320,800,"bu","13:16:01",17967100
4300,-320,1000,"bu","13:16:00",17966300
4300,-320,100,"bu","13:15:59",17965300
4300,-320,500,"bu","13:15:59",17965200
4300,-320,2000,"bu","13:15:56",17964700
4300,-320,5000,"bu","13:15:56",17962700
4300,-320,1000,"bu","13:15:54",17957700
4300,-320,1000,"bu","13:15:54",17956700
4300,-320,1000,"bu","13:15:54",17955700
4300,-320,100,"bu","13:15:51",17954700
4300,-320,200,"bu","13:15:51",17954600
4300,-320,100,"bu","13:15:51",17954400
4300,-320,1000,"bu","13:15:49",17954300
4300,-320,3000,"bu","13:15:48",17953300
4300,-320,3500,"bu","13:15:48",17950300
4300,-320,1000,"bu","13:15:47",17946800
4300,-320,1500,"bu","13:15:46",17945800
4300,-320,500,"bu","13:15:45",17944300
4300,-320,100,"bu","13:15:45",17943800
4300,-320,1000,"bu","13:15:43",17943700
4300,-320,1000,"bu","13:15:43",17942700
4300,-320,5000,"bu","13:15:43",17941700
4300,-320,2000,"bu","13:15:40",17936700
4300,-320,1000,"bu","13:15:38",17934700
4300,-320,100,"bu","13:15:37",17933700
4300,-320,100,"bu","13:15:36",17933600
4300,-320,100,"bu","13:15:35",17933500
4300,-320,100,"bu","13:15:34",17933400
4300,-320,1000,"bu","13:15:30",17933300
4300,-320,1000,"bu","13:15:30",17932300
4300,-320,100,"bu","13:15:30",17931300
4300,-320,100,"bu","13:15:30",17931200
4300,-320,600,"bu","13:15:30",17931100
4300,-320,200,"bu","13:15:27",17930500
4300,-320,1000,"bu","13:15:26",17930300
4300,-320,1400,"bu","13:15:26",17929300
4300,-320,100,"bu","13:15:26",17927900
4300,-320,400,"bu","13:15:26",17927800
4300,-320,200,"bu","13:15:25",17927400
4300,-320,2300,"bu","13:15:24",17927200
4300,-320,100,"bu","13:15:22",17924900
4300,-320,1000,"bu","13:15:22",17924800
4300,-320,3000,"bu","13:15:21",17923800
4300,-320,100,"bu","13:15:21",17920800
4300,-320,1000,"sd","13:15:19",17920700
4300,-320,100,"sd","13:15:19",17919700
4300,-320,10000,"sd","13:15:19",17919600
4300,-320,1000,"sd","13:15:19",17909600
4300,-320,300,"sd","13:15:19",17908600
4300,-320,7200,"sd","13:15:19",17908300
4300,-320,100,"sd","13:15:19",17901100
4300,-320,3000,"sd","13:15:19",17901000
4300,-320,800,"sd","13:15:19",17898000
4300,-320,2000,"sd","13:15:19",17897200
4300,-320,300,"sd","13:15:19",17895200
4300,-320,200,"sd","13:15:19",17894900
4300,-320,500,"sd","13:15:19",17894700
4300,-320,500,"sd","13:15:19",17894200
4300,-320,500,"sd","13:15:19",17893700
4300,-320,100,"sd","13:15:19",17893200
4300,-320,100,"sd","13:15:19",17893100
4300,-320,700,"sd","13:15:19",17893000
4300,-320,200,"sd","13:15:19",17892300
4300,-320,500,"sd","13:15:19",17892100
4300,-320,1000,"sd","13:15:19",17891600
4300,-320,2000,"sd","13:15:19",17890600
4300,-320,100,"sd","13:15:19",17888600
4300,-320,500,"sd","13:15:19",17888500
4300,-320,3000,"sd","13:15:19",17888000
4300,-320,1000,"sd","13:15:19",17885000
4300,-320,100,"sd","13:15:19",17884000
4300,-320,1500,"sd","13:15:19",17883900
4300,-320,1000,"sd","13:15:19",17882400
4300,-320,2000,"sd","13:15:19",17881400
4300,-320,500,"sd","13:15:19",17879400
4300,-320,6500,"sd","13:15:19",17878900
4300,-320,100,"sd","13:15:19",17872400
4300,-320,43500,"sd","13:15:18",17872300
4300,-320,5000,"sd","13:15:18",17828800
4300,-320,200,"sd","13:15:18",17823800
4300,-320,500,"sd","13:15:18",17823600
4300,-320,500,"sd","13:15:18",17823100
4300,-320,700,"sd","13:15:18",17822600
4300,-320,600,"sd","13:15:18",17821900
4300,-320,500,"sd","13:15:18",17821300
4300,-320,2000,"sd","13:15:18",17820800
4300,-320,700,"sd","13:15:18",17818800
4300,-320,300,"sd","13:15:18",17818100
4300,-320,2500,"sd","13:15:18",17817800
4300,-320,200,"sd","13:15:18",17815300
4300,-320,500,"sd","13:15:18",17815100
4300,-320,200,"sd","13:15:18",17814600
4300,-320,100,"sd","13:15:18",17814400
4300,-320,28600,"sd","13:15:18",17814300
4300,-320,300,"sd","13:15:18",17785700
4300,-320,500,"sd","13:15:18",17785400
4300,-320,400,"sd","13:15:18",17784900
4300,-320,1000,"sd","13:15:18",17784500
4300,-320,500,"sd","13:15:18",17783500
4300,-320,200,"sd","13:15:18",17783000
4300,-320,3000,"sd","13:15:18",17782800
4300,-320,100,"sd","13:15:18",17779800
4300,-320,400,"sd","13:15:18",17779700
4300,-320,200,"sd","13:15:18",17779300
4300,-320,200,"sd","13:15:18",17779100
4300,-320,200,"sd","13:15:18",17778900
4300,-320,500,"sd","13:15:18",17778700
4300,-320,200,"sd","13:15:18",17778200
4300,-320,100,"sd","13:15:18",17778000
4300,-320,200,"sd","13:15:18",17777900
4300,-320,5400,"sd","13:15:18",17777700
4300,-320,200,"sd","13:15:18",17772300
4300,-320,100,"sd","13:15:18",17772100
4300,-320,2000,"sd","13:15:18",17772000
4300,-320,1000,"sd","13:15:18",17770000
4300,-320,100,"sd","13:15:18",17769000
4300,-320,100,"sd","13:15:18",17768900
4300,-320,400,"sd","13:15:18",17768800
4300,-320,100,"sd","13:15:18",17768400
4300,-320,500,"sd","13:15:18",17768300
4300,-320,300,"sd","13:15:18",17767800
4300,-320,400,"sd","13:15:18",17767500
4300,-320,100,"sd","13:15:18",17767100
4300,-320,400,"sd","13:15:18",17767000
4300,-320,100,"sd","13:15:18",17766600
4300,-320,3000,"sd","13:15:18",17766500
4300,-320,1400,"sd","13:15:18",17763500
4300,-320,300,"sd","13:15:18",17762100
4300,-320,300,"sd","13:15:18",17761800
4300,-320,1000,"sd","13:15:18",17761500
4300,-320,3900,"sd","13:15:18",17760500
4300,-320,100,"sd","13:15:18",17756600
4300,-320,5200,"sd","13:15:18",17756500
4300,-320,300,"sd","13:15:18",17751300
4300,-320,1000,"sd","13:15:18",17751000
4300,-320,100,"sd","13:15:18",17750000
4300,-320,100,"sd","13:15:18",17749900
4300,-320,5700,"sd","13:15:18",17749800
4300,-320,200,"sd","13:15:18",17744100
4300,-320,20000,"sd","13:15:18",17743900
4300,-320,300,"sd","13:15:18",17723900
4300,-320,200,"sd","13:15:18",17723600
4300,-320,3000,"sd","13:15:18",17723400
4300,-320,500,"sd","13:15:18",17720400
4300,-320,500,"sd","13:15:18",17719900
4300,-320,200,"sd","13:15:18",17719400
4300,-320,300,"sd","13:15:18",17719200
4300,-320,300,"sd","13:15:18",17718900
4300,-320,1000,"sd","13:15:18",17718600
4300,-320,500,"sd","13:15:18",17717600
4300,-320,2000,"sd","13:15:18",17717100
4300,-320,3000,"sd","13:15:18",17715100
4300,-320,20000,"sd","13:15:18",17712100
4300,-320,1700,"sd","13:15:18",17692100
4300,-320,1000,"sd","13:15:18",17690400
4300,-320,1000,"sd","13:15:18",17689400
4300,-320,100,"sd","13:15:18",17688400
4300,-320,1500,"sd","13:15:18",17688300
4300,-320,600,"sd","13:15:18",17686800
4300,-320,2500,"sd","13:15:18",17686200
4300,-320,100,"sd","13:15:18",17683700
4300,-320,1000,"sd","13:15:18",17683600
4300,-320,1000,"sd","13:15:18",17682600
4300,-320,500,"sd","13:15:18",17681600
4300,-320,8800,"sd","13:15:18",17681100
4300,-320,700,"sd","13:15:18",17672300
4300,-320,10000,"sd","13:15:16",17671600
4300,-320,100,"sd","13:15:16",17661600
4300,-320,400,"sd","13:15:11",17661500
4300,-320,700,"sd","13:15:11",17661100
4300,-320,300,"sd","13:15:11",17660400
4300,-320,500,"sd","13:15:10",17660100
4300,-320,2000,"sd","13:15:10",17659600
4310,-310,100,"bu","13:15:10",17657600
4300,-320,200,"sd","13:15:10",17657500
4300,-320,300,"sd","13:15:10",17657300
4300,-320,700,"sd","13:15:10",17657000
4300,-320,3600,"sd","13:15:09",17656300
4300,-320,4000,"sd","13:15:09",17652700
4300,-320,2000,"sd","13:15:09",17648700
4300,-320,3000,"sd","13:15:08",17646700
4300,-320,300,"sd","13:15:08",17643700
4300,-320,700,"sd","13:15:08",17643400
4300,-320,1800,"sd","13:15:08",17642700
4300,-320,400,"sd","13:15:08",17640900
4300,-320,2800,"sd","13:15:08",17640500
4300,-320,200,"sd","13:15:07",17637700
4300,-320,9000,"sd","13:15:06",17637500
4300,-320,1000,"sd","13:15:06",17628500
4300,-320,2000,"sd","13:15:06",17627500
4300,-320,20000,"sd","13:15:06",17625500
4300,-320,200,"sd","13:15:06",17605500
4300,-320,10000,"sd","13:15:06",17605300
4300,-320,500,"sd","13:15:06",17595300
4300,-320,100,"sd","13:15:06",17594800
4300,-320,1900,"sd","13:15:06",17594700
4300,-320,200,"sd","13:15:06",17592800
4300,-320,600,"sd","13:15:06",17592600
4300,-320,200,"sd","13:15:06",17592000
4300,-320,200,"sd","13:15:06",17591800
4300,-320,300,"sd","13:15:06",17591600
4300,-320,2000,"sd","13:15:06",17591300
4300,-320,100,"sd","13:15:06",17589300
4300,-320,1000,"sd","13:15:06",17589200
4300,-320,1000,"sd","13:15:06",17588200
4300,-320,1000,"sd","13:15:06",17587200
4300,-320,200,"sd","13:15:06",17586200
4300,-320,200,"sd","13:15:06",17586000
4300,-320,700,"sd","13:15:06",17585800
4300,-320,1500,"sd","13:15:06",17585100
4300,-320,300,"sd","13:15:06",17583600
4300,-320,100,"sd","13:15:06",17583300
4300,-320,7900,"sd","13:15:06",17583200
4300,-320,4800,"sd","13:15:06",17575300
4300,-320,100,"sd","13:15:06",17570500
4300,-320,800,"sd","13:15:06",17570400
4300,-320,700,"sd","13:15:06",17569600
4300,-320,1300,"sd","13:15:06",17568900
4300,-320,1000,"sd","13:15:06",17567600
4300,-320,1000,"sd","13:15:06",17566600
4300,-320,200,"sd","13:15:06",17565600
4300,-320,1000,"sd","13:15:06",17565400
4300,-320,200,"sd","13:15:06",17564400
4300,-320,2000,"sd","13:15:06",17564200
4300,-320,200,"sd","13:15:06",17562200
4300,-320,500,"sd","13:15:06",17562000
4300,-320,1500,"sd","13:15:06",17561500
4300,-320,200,"sd","13:15:06",17560000
4300,-320,2100,"sd","13:15:06",17559800
4300,-320,21400,"sd","13:15:06",17557700
4300,-320,11000,"sd","13:15:05",17536300
4300,-320,1000,"sd","13:15:04",17525300
4300,-320,18600,"sd","13:15:03",17524300
4300,-320,500,"sd","13:15:03",17505700
4300,-320,1000,"sd","13:15:03",17505200
4300,-320,200,"sd","13:15:03",17504200
4300,-320,2000,"sd","13:15:03",17504000
4300,-320,1000,"sd","13:15:03",17502000
4300,-320,1000,"sd","13:15:03",17501000
4300,-320,100,"sd","13:15:03",17500000
4300,-320,1000,"sd","13:15:03",17499900
4300,-320,900,"sd","13:15:03",17498900
4300,-320,2000,"sd","13:15:03",17498000
4300,-320,100,"sd","13:15:03",17496000
4300,-320,1000,"sd","13:15:03",17495900
4300,-320,1000,"sd","13:15:03",17494900
4300,-320,200,"sd","13:15:03",17493900
4300,-320,3900,"sd","13:15:03",17493700
4300,-320,2000,"sd","13:15:03",17489800
4300,-320,1000,"sd","13:15:03",17487800
4300,-320,200,"sd","13:15:03",17486800
4300,-320,500,"sd","13:15:03",17486600
4300,-320,2400,"sd","13:15:03",17486100
4300,-320,500,"sd","13:15:03",17483700
4300,-320,200,"sd","13:15:03",17483200
4300,-320,1000,"sd","13:15:03",17483000
4300,-320,2000,"sd","13:15:03",17482000
4300,-320,5000,"sd","13:15:03",17480000
4300,-320,100,"sd","13:15:03",17475000
4300,-320,1000,"sd","13:15:03",17474900
4300,-320,1000,"sd","13:15:03",17473900
4300,-320,1500,"sd","13:15:03",17472900
4300,-320,500,"sd","13:15:03",17471400
4300,-320,200,"sd","13:15:03",17470900
4300,-320,100,"sd","13:15:03",17470700
4300,-320,100,"sd","13:15:03",17470600
4300,-320,100,"sd","13:15:02",17470500
4300,-320,300,"sd","13:15:01",17470400
4300,-320,200,"sd","13:15:01",17470100
4300,-320,100,"sd","13:15:01",17469900
4300,-320,6800,"sd","13:15:01",17469800
4310,-310,400,"bu","13:15:00",17463000
4300,-320,7000,"sd","13:14:58",17462600
4300,-320,2200,"sd","13:14:58",17455600
4300,-320,200,"sd","13:14:58",17453400
4300,-320,500,"sd","13:14:58",17453200
4300,-320,200,"sd","13:14:58",17452700
4300,-320,1000,"sd","13:14:58",17452500
4300,-320,500,"sd","13:14:58",17451500
4300,-320,100,"sd","13:14:58",17451000
4300,-320,300,"sd","13:14:58",17450900
4300,-320,1000,"sd","13:14:58",17450600
4300,-320,3300,"sd","13:14:58",17449600
4300,-320,16100,"sd","13:14:58",17446300
4300,-320,400,"sd","13:14:57",17430200
4300,-320,5600,"sd","13:14:57",17429800
4300,-320,400,"sd","13:14:57",17424200
4300,-320,8000,"sd","13:14:57",17423800
4300,-320,33000,"sd","13:14:57",17415800
4300,-320,7400,"sd","13:14:56",17382800
4300,-320,12300,"sd","13:14:56",17375400
4300,-320,400,"sd","13:14:56",17363100
4300,-320,1800,"sd","13:14:56",17362700
4300,-320,1000,"sd","13:14:56",17360900
4300,-320,1000,"sd","13:14:56",17359900
4300,-320,200,"sd","13:14:56",17358900
4300,-320,200,"sd","13:14:56",17358700
4300,-320,300,"sd","13:14:56",17358500
4300,-320,200,"sd","13:14:56",17358200
4300,-320,1300,"sd","13:14:56",17358000
4300,-320,2000,"sd","13:14:56",17356700
4300,-320,100,"sd","13:14:56",17354700
4300,-320,3800,"sd","13:14:56",17354600
4300,-320,2000,"sd","13:14:56",17350800
4300,-320,7100,"sd","13:14:56",17348800
4300,-320,900,"sd","13:14:56",17341700
4300,-320,100,"sd","13:14:56",17340800
4300,-320,1400,"sd","13:14:55",17340700
4300,-320,1000,"sd","13:14:55",17339300
4300,-320,100,"sd","13:14:55",17338300
4300,-320,200,"sd","13:14:55",17338200
4310,-310,2500,"bu","13:14:55",17338000
4300,-320,700,"sd","13:14:55",17335500
4300,-320,200,"sd","13:14:55",17334800
4300,-320,2000,"sd","13:14:55",17334600
4300,-320,300,"sd","13:14:55",17332600
4300,-320,500,"sd","13:14:55",17332300
4300,-320,2000,"sd","13:14:55",17331800
4300,-320,100,"sd","13:14:55",17329800
4300,-320,100,"sd","13:14:55",17329700
4300,-320,1000,"sd","13:14:55",17329600
4300,-320,500,"sd","13:14:55",17328600
4300,-320,2300,"sd","13:14:55",17328100
4300,-320,900,"sd","13:14:55",17325800
4300,-320,500,"sd","13:14:55",17324900
4300,-320,28600,"sd","13:14:55",17324400
4300,-320,1300,"sd","13:14:55",17295800
4300,-320,300,"sd","13:14:55",17294500
4300,-320,100,"sd","13:14:55",17294200
4300,-320,1000,"sd","13:14:55",17294100
4300,-320,17000,"sd","13:14:55",17293100
4300,-320,3500,"sd","13:14:54",17276100
4300,-320,6000,"sd","13:14:54",17272600
4300,-320,21300,"sd","13:14:54",17266600
4300,-320,2000,"sd","13:14:54",17245300
4300,-320,3500,"sd","13:14:54",17243300
4300,-320,5000,"sd","13:14:53",17239800
4300,-320,1000,"sd","13:14:53",17234800
4300,-320,100,"sd","13:14:53",17233800
4300,-320,2000,"sd","13:14:53",17233700
4300,-320,500,"sd","13:14:53",17231700
4300,-320,200,"sd","13:14:53",17231200
4300,-320,3000,"sd","13:14:53",17231000
4300,-320,2000,"sd","13:14:53",17228000
4300,-320,3000,"sd","13:14:53",17226000
4300,-320,500,"sd","13:14:53",17223000
4300,-320,12100,"sd","13:14:53",17222500
4300,-320,200,"sd","13:14:53",17210400
4300,-320,100,"sd","13:14:53",17210200
4300,-320,5000,"sd","13:14:53",17210100
4300,-320,300,"sd","13:14:53",17205100
4300,-320,4600,"sd","13:14:53",17204800
4300,-320,4000,"sd","13:14:53",17200200
4300,-320,100,"sd","13:14:53",17196200
4300,-320,2100,"sd","13:14:53",17196100
4300,-320,600,"sd","13:14:53",17194000
4300,-320,300,"sd","13:14:53",17193400
4300,-320,2000,"sd","13:14:52",17193100
4300,-320,5100,"sd","13:14:52",17191100
4300,-320,10000,"sd","13:14:52",17186000
4300,-320,3000,"sd","13:14:52",17176000
4300,-320,1000,"sd","13:14:52",17173000
4300,-320,1000,"sd","13:14:52",17172000
4300,-320,1000,"sd","13:14:52",17171000
4300,-320,1200,"sd","13:14:52",17170000
4300,-320,200,"sd","13:14:52",17168800
4300,-320,3100,"sd","13:14:52",17168600
4300,-320,2000,"sd","13:14:52",17165500
4300,-320,5200,"sd","13:14:52",17163500
4300,-320,3500,"sd","13:14:52",17158300
4300,-320,5000,"sd","13:14:52",17154800
4300,-320,1000,"sd","13:14:52",17149800
4300,-320,3000,"sd","13:14:52",17148800
4300,-320,100,"sd","13:14:52",17145800
4300,-320,1300,"sd","13:14:52",17145700
4300,-320,200,"sd","13:14:52",17144400
4300,-320,1100,"sd","13:14:52",17144200
4300,-320,1100,"sd","13:14:52",17143100
4300,-320,1000,"sd","13:14:52",17142000
4300,-320,900,"sd","13:14:52",17141000
4300,-320,300,"sd","13:14:52",17140100
4300,-320,2000,"sd","13:14:52",17139800
4300,-320,300,"sd","13:14:52",17137800
4300,-320,100,"sd","13:14:52",17137500
4300,-320,2000,"sd","13:14:52",17137400
4300,-320,27300,"sd","13:14:52",17135400
4300,-320,1500,"sd","13:14:52",17108100
4300,-320,2400,"sd","13:14:52",17106600
4300,-320,500,"sd","13:14:52",17104200
4300,-320,1600,"sd","13:14:52",17103700
4300,-320,20400,"sd","13:14:52",17102100
4300,-320,200,"sd","13:14:52",17081700
4300,-320,500,"sd","13:14:52",17081500
4300,-320,800,"sd","13:14:52",17081000
4300,-320,5100,"sd","13:14:52",17080200
4300,-320,2700,"sd","13:14:52",17075100
4300,-320,20500,"sd","13:14:52",17072400
4300,-320,5000,"sd","13:14:52",17051900
4300,-320,1700,"sd","13:14:52",17046900
4300,-320,200,"sd","13:14:52",17045200
4300,-320,2600,"sd","13:14:52",17045000
4300,-320,2700,"sd","13:14:52",17042400
4300,-320,100,"sd","13:14:52",17039700
4300,-320,200,"sd","13:14:52",17039600
4300,-320,10100,"sd","13:14:52",17039400
4300,-320,2600,"sd","13:14:52",17029300
4300,-320,9100,"sd","13:14:52",17026700
4300,-320,5200,"sd","13:14:52",17017600
4300,-320,200,"sd","13:14:52",17012400
4300,-320,1700,"sd","13:14:52",17012200
4300,-320,1000,"sd","13:14:52",17010500
4300,-320,1000,"sd","13:14:52",17009500
4300,-320,100,"sd","13:14:52",17008500
4300,-320,2000,"sd","13:14:52",17008400
4300,-320,10500,"sd","13:14:52",17006400
4300,-320,100,"sd","13:14:52",16995900
4300,-320,10000,"sd","13:14:52",16995800
4300,-320,700,"sd","13:14:52",16985800
4300,-320,1000,"sd","13:14:52",16985100
4300,-320,1700,"sd","13:14:52",16984100
4300,-320,4000,"sd","13:14:52",16982400
4300,-320,1500,"sd","13:14:52",16978400
4300,-320,3000,"sd","13:14:52",16976900
4300,-320,200,"sd","13:14:52",16973900
4300,-320,100,"sd","13:14:52",16973700
4300,-320,700,"sd","13:14:52",16973600
4300,-320,1900,"sd","13:14:52",16972900
4300,-320,2400,"sd","13:14:52",16971000
4300,-320,7000,"sd","13:14:52",16968600
4300,-320,500,"sd","13:14:52",16961600
4300,-320,4200,"sd","13:14:52",16961100
4300,-320,200,"sd","13:14:52",16956900
4300,-320,300,"sd","13:14:52",16956700
4300,-320,2300,"sd","13:14:52",16956400
4300,-320,2000,"sd","13:14:52",16954100
4300,-320,11000,"sd","13:14:52",16952100
4300,-320,10000,"sd","13:14:52",16941100
4300,-320,200,"sd","13:14:52",16931100
4300,-320,2000,"sd","13:14:52",16930900
4300,-320,35800,"sd","13:14:52",16928900
4300,-320,5000,"sd","13:14:52",16893100
4300,-320,200,"sd","13:14:52",16888100
4300,-320,2300,"sd","13:14:52",16887900
4300,-320,10000,"sd","13:14:52",16885600
4300,-320,1000,"sd","13:14:52",16875600
4300,-320,3200,"sd","13:14:52",16874600
4300,-320,100,"sd","13:14:52",16871400
4300,-320,200,"sd","13:14:52",16871300
4300,-320,1400,"sd","13:14:52",16871100
4300,-320,500,"sd","13:14:52",16869700
4300,-320,100,"sd","13:14:52",16869200
4300,-320,100,"sd","13:14:52",16869100
4300,-320,200,"sd","13:14:52",16869000
4300,-320,1300,"sd","13:14:52",16868800
4300,-320,500,"sd","13:14:52",16867500
4300,-320,5000,"sd","13:14:52",16867000
4300,-320,2000,"sd","13:14:52",16862000
4300,-320,3000,"sd","13:14:52",16860000
4300,-320,100,"sd","13:14:52",16857000
4300,-320,200,"sd","13:14:52",16856900
4300,-320,1000,"sd","13:14:52",16856700
4300,-320,400,"sd","13:14:52",16855700
4300,-320,100,"sd","13:14:52",16855300
4300,-320,100,"sd","13:14:52",16855200
4300,-320,1000,"sd","13:14:52",16855100
4300,-320,100,"sd","13:14:52",16854100
4300,-320,100,"sd","13:14:52",16854000
4300,-320,2200,"sd","13:14:52",16853900
4300,-320,100,"sd","13:14:52",16851700
4300,-320,200,"sd","13:14:52",16851600
4300,-320,600,"sd","13:14:52",16851400
4300,-320,500,"sd","13:14:52",16850800
4300,-320,2000,"sd","13:14:52",16850300
4300,-320,1000,"sd","13:14:52",16848300
4300,-320,2000,"sd","13:14:52",16847300
4300,-320,500,"sd","13:14:52",16845300
4300,-320,2400,"sd","13:14:52",16844800
4300,-320,1000,"sd","13:14:52",16842400
4300,-320,900,"sd","13:14:52",16841400
4300,-320,100,"sd","13:14:52",16840500
4300,-320,400,"sd","13:14:52",16840400
4300,-320,600,"sd","13:14:52",16840000
4300,-320,200,"sd","13:14:52",16839400
4300,-320,10500,"sd","13:14:52",16839200
4300,-320,3000,"sd","13:14:52",16828700
4300,-320,200,"sd","13:14:52",16825700
4300,-320,100,"sd","13:14:52",16825500
4300,-320,500,"sd","13:14:52",16825400
4300,-320,3900,"sd","13:14:52",16824900
4310,-310,5000,"bu","13:14:52",16821000
4300,-320,200,"sd","13:14:52",16816000
4300,-320,3000,"sd","13:14:52",16815800
4300,-320,600,"sd","13:14:52",16812800
4300,-320,500,"sd","13:14:52",16812200
4300,-320,2000,"sd","13:14:52",16811700
4300,-320,4000,"sd","13:14:52",16809700
4300,-320,1800,"sd","13:14:52",16805700
4300,-320,400,"sd","13:14:52",16803900
4300,-320,8500,"sd","13:14:52",16803500
4300,-320,21500,"sd","13:14:51",16795000
4300,-320,200,"sd","13:14:51",16773500
4300,-320,100,"sd","13:14:51",16773300
4300,-320,100,"sd","13:14:51",16773200
4300,-320,100,"sd","13:14:51",16773100
4300,-320,200,"sd","13:14:51",16773000
4300,-320,5000,"sd","13:14:51",16772800
4300,-320,1000,"sd","13:14:51",16767800
4300,-320,1800,"sd","13:14:51",16766800
4300,-320,5000,"sd","13:14:51",16765000
4300,-320,600,"sd","13:14:51",16760000
4300,-320,3200,"sd","13:14:51",16759400
4300,-320,400,"sd","13:14:50",16756200
4300,-320,900,"sd","13:14:50",16755800
4300,-320,200,"sd","13:14:50",16754900
4300,-320,500,"sd","13:14:50",16754700
4300,-320,1100,"sd","13:14:50",16754200
4300,-320,1000,"sd","13:14:50",16753100
4300,-320,100,"sd","13:14:50",16752100
4300,-320,1300,"sd","13:14:50",16752000
4300,-320,100,"sd","13:14:50",16750700
4300,-320,500,"sd","13:14:50",16750600
4300,-320,3600,"sd","13:14:50",16750100
4300,-320,1000,"sd","13:14:50",16746500
4300,-320,1000,"sd","13:14:50",16745500
4300,-320,100,"sd","13:14:50",16744500
4300,-320,500,"sd","13:14:50",16744400
4300,-320,2000,"sd","13:14:50",16743900
4300,-320,100,"sd","13:14:50",16741900
4300,-320,200,"sd","13:14:50",16741800
4300,-320,1000,"sd","13:14:50",16741600
4300,-320,100,"sd","13:14:50",16740600
4300,-320,200,"sd","13:14:50",16740500
4300,-320,100,"sd","13:14:50",16740300
4300,-320,1000,"sd","13:14:50",16740200
4300,-320,400,"sd","13:14:49",16739200
4300,-320,600,"sd","13:14:49",16738800
4300,-320,400,"sd","13:14:48",16738200
4300,-320,300,"sd","13:14:48",16737800
4300,-320,1000,"sd","13:14:48",16737500
4300,-320,1000,"sd","13:14:48",16736500
4300,-320,2200,"sd","13:14:48",16735500
4300,-320,3000,"sd","13:14:48",16733300
4300,-320,500,"sd","13:14:48",16730300
4300,-320,500,"sd","13:14:48",16729800
4300,-320,200,"sd","13:14:48",16729300
4300,-320,300,"sd","13:14:48",16729100
4300,-320,1000,"sd","13:14:48",16728800
4300,-320,200,"sd","13:14:48",16727800
4300,-320,100,"sd","13:14:48",16727600
4300,-320,500,"sd","13:14:48",16727500
4300,-320,2000,"sd","13:14:48",16727000
4300,-320,500,"sd","13:14:48",16725000
4300,-320,100,"sd","13:14:48",16724500
4300,-320,300,"sd","13:14:48",16724400
4300,-320,500,"sd","13:14:48",16724100
4300,-320,100,"sd","13:14:48",16723600
4300,-320,500,"sd","13:14:48",16723500
4300,-320,1000,"sd","13:14:48",16723000
4300,-320,100,"sd","13:14:48",16722000
4300,-320,100,"sd","13:14:48",16721900
4300,-320,300,"sd","13:14:48",16721800
4300,-320,3300,"sd","13:14:48",16721500
4300,-320,700,"sd","13:14:46",16718200
4300,-320,100,"sd","13:14:46",16717500
4300,-320,300,"sd","13:14:46",16717400
4300,-320,100,"sd","13:14:46",16717100
4300,-320,100,"sd","13:14:46",16717000
4300,-320,200,"sd","13:14:46",16716900
4300,-320,1000,"sd","13:14:46",16716700
4300,-320,500,"sd","13:14:46",16715700
4300,-320,1500,"sd","13:14:45",16715200
4300,-320,500,"sd","13:14:45",16713700
4300,-320,700,"sd","13:14:45",16713200
4300,-320,1000,"sd","13:14:45",16712500
4300,-320,300,"sd","13:14:45",16711500
4300,-320,2000,"sd","13:14:45",16711200
4300,-320,1600,"sd","13:14:45",16709200
4300,-320,1400,"sd","13:14:43",16707600
4300,-320,2000,"sd","13:14:43",16706200
4300,-320,200,"sd","13:14:43",16704200
4300,-320,48100,"sd","13:14:43",16704000
4300,-320,1900,"sd","13:14:43",16655900
4300,-320,1000,"sd","13:14:43",16654000
4300,-320,100,"sd","13:14:43",16653000
4300,-320,1000,"sd","13:14:43",16652900
4300,-320,300,"sd","13:14:43",16651900
4300,-320,400,"sd","13:14:43",16651600
4300,-320,500,"sd","13:14:43",16651200
4300,-320,200,"sd","13:14:43",16650700
4300,-320,4000,"sd","13:14:43",16650500
4300,-320,900,"sd","13:14:43",16646500
4300,-320,8800,"sd","13:14:42",16645600
4300,-320,500,"sd","13:14:42",16636800
4300,-320,400,"sd","13:14:41",16636300
4300,-320,5000,"sd","13:14:41",16635900
4300,-320,1000,"sd","13:14:41",16630900
4300,-320,10000,"sd","13:14:41",16629900
4300,-320,5000,"sd","13:14:41",16619900
4300,-320,400,"sd","13:14:41",16614900
4300,-320,14100,"sd","13:14:41",16614500
4300,-320,300,"sd","13:14:37",16600400
4300,-320,200,"sd","13:14:37",16600100
4300,-320,500,"sd","13:14:37",16599900
4300,-320,200,"sd","13:14:37",16599400
4300,-320,28900,"sd","13:14:37",16599200
4300,-320,200,"sd","13:14:37",16570300
4300,-320,1000,"sd","13:14:37",16570100
4300,-320,400,"sd","13:14:37",16569100
4300,-320,1000,"sd","13:14:37",16568700
4300,-320,100,"sd","13:14:37",16567700
4300,-320,2000,"sd","13:14:37",16567600
4300,-320,200,"sd","13:14:37",16565600
4300,-320,3000,"sd","13:14:37",16565400
4300,-320,300,"sd","13:14:37",16562400
4300,-320,100,"sd","13:14:37",16562100
4300,-320,1500,"sd","13:14:37",16562000
4300,-320,800,"sd","13:14:37",16560500
4300,-320,6500,"sd","13:14:37",16559700
4300,-320,700,"sd","13:14:37",16553200
4300,-320,2000,"sd","13:14:37",16552500
4300,-320,500,"sd","13:14:37",16550500
4300,-320,200,"sd","13:14:37",16550000
4300,-320,5000,"sd","13:14:37",16549800
4300,-320,100,"sd","13:14:37",16544800
4300,-320,200,"sd","13:14:37",16544700
4300,-320,4500,"sd","13:14:37",16544500
4300,-320,600,"sd","13:14:37",16540000
4300,-320,200,"sd","13:14:37",16539400
4300,-320,1200,"sd","13:14:37",16539200
4300,-320,700,"sd","13:14:37",16538000
4300,-320,300,"sd","13:14:37",16537300
4300,-320,400,"sd","13:14:37",16537000
4300,-320,5000,"sd","13:14:37",16536600
4300,-320,200,"sd","13:14:37",16531600
4300,-320,100,"sd","13:14:37",16531400
4300,-320,5000,"sd","13:14:37",16531300
4300,-320,1000,"sd","13:14:37",16526300
4300,-320,1000,"sd","13:14:37",16525300
4300,-320,2200,"sd","13:14:37",16524300
4300,-320,200,"sd","13:14:37",16522100
4300,-320,3500,"sd","13:14:37",16521900
4300,-320,1000,"sd","13:14:37",16518400
4300,-320,500,"sd","13:14:37",16517400
4300,-320,200,"sd","13:14:37",16516900
4300,-320,25000,"sd","13:14:37",16516700
4300,-320,2000,"sd","13:14:37",16491700
4300,-320,1000,"sd","13:14:37",16489700
4300,-320,5000,"sd","13:14:37",16488700
4300,-320,100,"sd","13:14:37",16483700
4300,-320,500,"sd","13:14:37",16483600
4300,-320,2000,"sd","13:14:37",16483100
4300,-320,1000,"sd","13:14:37",16481100
4300,-320,5000,"sd","13:14:37",16480100
4300,-320,100,"sd","13:14:37",16475100
4300,-320,1000,"sd","13:14:37",16475000
4300,-320,100,"sd","13:14:37",16474000
4300,-320,200,"sd","13:14:37",16473900
4300,-320,2000,"sd","13:14:37",16473700
4300,-320,1000,"sd","13:14:37",16471700
4300,-320,2000,"sd","13:14:37",16470700
4300,-320,10000,"sd","13:14:37",16468700
4300,-320,5000,"sd","13:14:37",16458700
4300,-320,6000,"sd","13:14:37",16453700
4300,-320,800,"sd","13:14:37",16447700
4300,-320,2500,"sd","13:14:37",16446900
4300,-320,1000,"sd","13:14:37",16444400
4300,-320,300,"sd","13:14:37",16443400
4300,-320,100,"sd","13:14:37",16443100
4300,-320,100,"sd","13:14:37",16443000
4300,-320,100,"sd","13:14:37",16442900
4300,-320,100,"sd","13:14:37",16442800
4300,-320,2000,"sd","13:14:37",16442700
4300,-320,1000,"sd","13:14:37",16440700
4300,-320,1000,"sd","13:14:37",16439700
4300,-320,40000,"sd","13:14:37",16438700
4300,-320,100,"sd","13:14:37",16398700
4300,-320,100,"sd","13:14:37",16398600
4300,-320,400,"sd","13:14:37",16398500
4300,-320,500,"sd","13:14:37",16398100
4300,-320,500,"sd","13:14:37",16397600
4300,-320,1200,"sd","13:14:37",16397100
4300,-320,500,"sd","13:14:37",16395900
4300,-320,10000,"sd","13:14:37",16395400
4300,-320,500,"sd","13:14:37",16385400
4300,-320,500,"sd","13:14:37",16384900
4300,-320,3000,"sd","13:14:37",16384400
4300,-320,300,"sd","13:14:37",16381400
4300,-320,2300,"sd","13:14:37",16381100
4300,-320,2700,"sd","13:14:37",16378800
4300,-320,1400,"sd","13:14:37",16376100
4300,-320,100,"sd","13:14:37",16374700
4300,-320,2000,"sd","13:14:37",16374600
4300,-320,3000,"sd","13:14:37",16372600
4300,-320,200,"sd","13:14:37",16369600
4300,-320,5500,"sd","13:14:37",16369400
4300,-320,200,"sd","13:14:37",16363900
4300,-320,100,"sd","13:14:37",16363700
4300,-320,2000,"sd","13:14:37",16363600
4300,-320,4700,"sd","13:14:37",16361600
4300,-320,20500,"sd","13:14:37",16356900
4300,-320,1000,"sd","13:14:37",16336400
4300,-320,100,"sd","13:14:37",16335400
4300,-320,1500,"sd","13:14:37",16335300
4300,-320,1000,"sd","13:14:37",16333800
4300,-320,10000,"sd","13:14:37",16332800
4300,-320,5000,"sd","13:14:37",16322800
4300,-320,200,"sd","13:14:37",16317800
4300,-320,500,"sd","13:14:37",16317600
4300,-320,10000,"sd","13:14:37",16317100
4300,-320,5000,"sd","13:14:37",16307100
4300,-320,1700,"sd","13:14:37",16302100
4300,-320,1300,"sd","13:14:36",16300400
4300,-320,3300,"sd","13:14:36",16299100
4300,-320,1400,"sd","13:14:36",16295800
4310,-310,300,"bu","13:14:35",16294400
4300,-320,1600,"sd","13:14:35",16294100
4300,-320,10000,"sd","13:14:35",16292500
4300,-320,3000,"sd","13:14:35",16282500
4300,-320,1000,"sd","13:14:35",16279500
4300,-320,5000,"sd","13:14:35",16278500
4300,-320,1000,"sd","13:14:35",16273500
4300,-320,200,"sd","13:14:35",16272500
4300,-320,200,"sd","13:14:35",16272300
4300,-320,5000,"sd","13:14:35",16272100
4300,-320,5000,"sd","13:14:35",16267100
4300,-320,200,"sd","13:14:35",16262100
4300,-320,2000,"sd","13:14:35",16261900
4300,-320,3000,"sd","13:14:35",16259900
4300,-320,2300,"sd","13:14:35",16256900
4300,-320,500,"sd","13:14:35",16254600
4300,-320,200,"sd","13:14:35",16254100
4300,-320,1100,"sd","13:14:35",16253900
4300,-320,2000,"sd","13:14:35",16252800
4300,-320,5200,"sd","13:14:35",16250800
4300,-320,100,"sd","13:14:35",16245600
4300,-320,1400,"sd","13:14:35",16245500
4300,-320,100,"sd","13:14:33",16244100
4300,-320,100,"sd","13:14:33",16244000
4300,-320,900,"sd","13:14:33",16243900
4300,-320,1000,"sd","13:14:33",16243000
4300,-320,2500,"sd","13:14:33",16242000
4300,-320,100,"sd","13:14:33",16239500
4300,-320,200,"sd","13:14:33",16239400
4300,-320,1000,"sd","13:14:33",16239200
4300,-320,500,"sd","13:14:33",16238200
4300,-320,100,"sd","13:14:33",16237700
4300,-320,1000,"sd","13:14:33",16237600
4300,-320,1000,"sd","13:14:33",16236600
4300,-320,300,"sd","13:14:33",16235600
4300,-320,500,"sd","13:14:33",16235300
4300,-320,300,"sd","13:14:33",16234800
4300,-320,2000,"sd","13:14:33",16234500
4300,-320,1200,"sd","13:14:33",16232500
4300,-320,200,"sd","13:14:33",16231300
4310,-310,100,"bu","13:14:30",16231100
4300,-320,1000,"sd","13:14:30",16231000
4300,-320,2000,"sd","13:14:30",16230000
4300,-320,500,"sd","13:14:30",16228000
4300,-320,1000,"sd","13:14:30",16227500
4300,-320,200,"sd","13:14:30",16226500
4300,-320,500,"sd","13:14:30",16226300
4300,-320,500,"sd","13:14:30",16225800
4300,-320,100,"sd","13:14:30",16225300
4300,-320,500,"sd","13:14:30",16225200
4300,-320,300,"sd","13:14:30",16224700
4300,-320,1000,"sd","13:14:30",16224400
4300,-320,3000,"sd","13:14:30",16223400
4300,-320,2200,"sd","13:14:30",16220400
4300,-320,1000,"sd","13:14:30",16218200
4300,-320,500,"sd","13:14:30",16217200
4300,-320,200,"sd","13:14:30",16216700
4300,-320,1000,"sd","13:14:30",16216500
4300,-320,300,"sd","13:14:30",16215500
4300,-320,700,"sd","13:14:30",16215200
4300,-320,200,"sd","13:14:30",16214500
4300,-320,500,"sd","13:14:30",16214300
4300,-320,1000,"sd","13:14:30",16213800
4300,-320,1000,"sd","13:14:30",16212800
4300,-320,1000,"sd","13:14:30",16211800
4300,-320,2000,"sd","13:14:30",16210800
4300,-320,100,"sd","13:14:30",16208800
4300,-320,100,"sd","13:14:30",16208700
4300,-320,200,"sd","13:14:30",16208600
4300,-320,1000,"sd","13:14:30",16208400
4300,-320,200,"sd","13:14:30",16207400
4300,-320,100,"sd","13:14:30",16207200
4300,-320,1100,"sd","13:14:30",16207100
4310,-310,500,"bu","13:14:27",16206000
4300,-320,600,"sd","13:14:21",16205500
4300,-320,300,"sd","13:14:21",16204900
4300,-320,2000,"sd","13:14:21",16204600
4300,-320,1700,"sd","13:14:21",16202600
4300,-320,4900,"sd","13:14:18",16200900
4300,-320,3400,"sd","13:14:17",16196000
4300,-320,2000,"sd","13:14:17",16192600
4300,-320,100,"sd","13:14:17",16190600
4300,-320,100,"sd","13:14:17",16190500
4300,-320,500,"sd","13:14:17",16190400
4300,-320,100,"sd","13:14:17",16189900
4300,-320,100,"sd","13:14:17",16189800
4300,-320,500,"sd","13:14:17",16189700
4300,-320,4000,"sd","13:14:17",16189200
4300,-320,100,"sd","13:14:17",16185200
4300,-320,1100,"sd","13:14:17",16185100
4300,-320,1000,"sd","13:14:17",16184000
4300,-320,500,"sd","13:14:17",16183000
4300,-320,20000,"sd","13:14:17",16182500
4300,-320,100,"sd","13:14:17",16162500
4300,-320,1000,"sd","13:14:17",16162400
4300,-320,300,"sd","13:14:17",16161400
4300,-320,100,"sd","13:14:17",16161100
4310,-310,100,"bu","13:14:15",16161000
4310,-310,100,"bu","13:14:14",16160900
4300,-320,400,"sd","13:14:12",16160800
4300,-320,200,"sd","13:14:12",16160400
4300,-320,3800,"sd","13:14:10",16160200
4300,-320,10000,"sd","13:14:10",16156400
4300,-320,200,"sd","13:14:10",16146400
4300,-320,100,"sd","13:14:10",16146200
4300,-320,1000,"sd","13:14:10",16146100
4300,-320,100,"sd","13:14:10",16145100
4300,-320,200,"sd","13:14:10",16145000
4300,-320,1000,"sd","13:14:10",16144800
4300,-320,2000,"sd","13:14:10",16143800
4300,-320,10000,"sd","13:14:10",16141800
4300,-320,1000,"sd","13:14:10",16131800
4300,-320,2000,"sd","13:14:10",16130800
4300,-320,400,"sd","13:14:10",16128800
4300,-320,5000,"sd","13:14:10",16128400
4300,-320,2000,"sd","13:14:10",16123400
4300,-320,3000,"sd","13:14:10",16121400
4300,-320,5000,"sd","13:14:10",16118400
4300,-320,500,"sd","13:14:10",16113400
4300,-320,2700,"sd","13:14:10",16112900
4300,-320,2300,"sd","13:14:07",16110200
4300,-320,200,"sd","13:14:07",16107900
4300,-320,2000,"sd","13:14:07",16107700
4300,-320,5000,"sd","13:14:07",16105700
4300,-320,500,"sd","13:14:07",16100700
4300,-320,100,"sd","13:14:07",16100200
4300,-320,1000,"sd","13:14:07",16100100
4300,-320,1000,"sd","13:14:07",16099100
4300,-320,500,"sd","13:14:07",16098100
4300,-320,200,"sd","13:14:07",16097600
4300,-320,100,"sd","13:14:07",16097400
4300,-320,1000,"sd","13:14:07",16097300
4300,-320,1000,"sd","13:14:07",16096300
4300,-320,1000,"sd","13:14:07",16095300
4300,-320,5000,"sd","13:14:07",16094300
4300,-320,500,"sd","13:14:07",16089300
4300,-320,1200,"sd","13:14:07",16088800
4300,-320,2500,"sd","13:14:07",16087600
4300,-320,1500,"sd","13:14:07",16085100
4300,-320,1000,"sd","13:14:07",16083600
4300,-320,2000,"sd","13:14:07",16082600
4300,-320,500,"sd","13:14:07",16080600
4300,-320,500,"sd","13:14:07",16080100
4300,-320,1000,"sd","13:14:07",16079600
4300,-320,2000,"sd","13:14:07",16078600
4300,-320,1500,"sd","13:14:07",16076600
4300,-320,100,"sd","13:14:07",16075100
4300,-320,100,"sd","13:14:07",16075000
4300,-320,1000,"sd","13:14:07",16074900
4300,-320,2500,"sd","13:14:07",16073900
4300,-320,300,"sd","13:14:07",16071400
4300,-320,1000,"sd","13:14:07",16071100
4300,-320,300,"sd","13:14:07",16070100
4300,-320,1000,"sd","13:14:07",16069800
4300,-320,800,"sd","13:14:07",16068800
4300,-320,500,"sd","13:14:07",16068000
4300,-320,100,"sd","13:14:07",16067500
4300,-320,5000,"sd","13:14:07",16067400
4300,-320,500,"sd","13:14:07",16062400
4300,-320,1300,"sd","13:14:07",16061900
4300,-320,300,"sd","13:14:07",16060600
4300,-320,500,"sd","13:14:07",16060300
4300,-320,1000,"sd","13:14:07",16059800
4300,-320,100,"sd","13:14:07",16058800
4300,-320,2000,"sd","13:14:07",16058700
4300,-320,500,"sd","13:14:07",16056700
4300,-320,300,"sd","13:14:07",16056200
4300,-320,100,"sd","13:14:07",16055900
4300,-320,500,"sd","13:14:07",16055800
4300,-320,100,"sd","13:14:07",16055300
4300,-320,5000,"sd","13:14:01",16055200
4300,-320,700,"sd","13:14:01",16050200
4300,-320,2900,"sd","13:14:01",16049500
4300,-320,2000,"sd","13:14:01",16046600
4300,-320,100,"sd","13:14:01",16044600
4300,-320,2000,"sd","13:14:01",16044500
4300,-320,500,"sd","13:14:01",16042500
4300,-320,600,"sd","13:14:01",16042000
4300,-320,500,"sd","13:14:01",16041400
4300,-320,1000,"sd","13:14:01",16040900
4300,-320,3000,"sd","13:14:01",16039900
4300,-320,1000,"sd","13:14:01",16036900
4300,-320,3000,"sd","13:14:01",16035900
4300,-320,2000,"sd","13:14:01",16032900
4300,-320,400,"sd","13:14:01",16030900
4300,-320,100,"sd","13:14:01",16030500
4300,-320,1000,"sd","13:14:01",16030400
4300,-320,400,"sd","13:14:01",16029400
4300,-320,1000,"sd","13:14:01",16029000
4300,-320,1000,"sd","13:14:01",16028000
4300,-320,2000,"sd","13:14:01",16027000
4300,-320,1000,"sd","13:14:01",16025000
4300,-320,1000,"sd","13:14:01",16024000
4300,-320,200,"sd","13:14:01",16023000
4300,-320,5300,"sd","13:14:01",16022800
4300,-320,1000,"sd","13:14:01",16017500
4300,-320,5000,"sd","13:14:01",16016500
4300,-320,200,"sd","13:14:01",16011500
4300,-320,100,"sd","13:14:01",16011300
4300,-320,18300,"sd","13:14:01",16011200
4300,-320,500,"sd","13:14:01",15992900
4300,-320,100,"sd","13:14:01",15992400
4300,-320,2000,"sd","13:14:01",15992300
4300,-320,20000,"sd","13:14:01",15990300
4300,-320,1000,"sd","13:14:01",15970300
4300,-320,500,"sd","13:14:01",15969300
4300,-320,300,"sd","13:14:01",15968800
4300,-320,200,"sd","13:14:01",15968500
4300,-320,100,"sd","13:14:01",15968300
4310,-310,2000,"bu","13:14:00",15968200
4300,-320,1700,"sd","13:13:55",15966200
4300,-320,800,"sd","13:13:55",15964500
4300,-320,500,"sd","13:13:55",15963700
4300,-320,1000,"sd","13:13:55",15963200
4300,-320,1000,"sd","13:13:49",15962200
4300,-320,1000,"sd","13:13:49",15961200
4300,-320,600,"sd","13:13:49",15960200
4300,-320,10000,"sd","13:13:49",15959600
4300,-320,1000,"sd","13:13:49",15949600
4300,-320,500,"sd","13:13:49",15948600
4300,-320,2000,"sd","13:13:49",15948100
4300,-320,800,"sd","13:13:49",15946100
4300,-320,100,"sd","13:13:49",15945300
4300,-320,500,"sd","13:13:49",15945200
4300,-320,1000,"sd","13:13:49",15944700
4300,-320,10000,"sd","13:13:49",15943700
4300,-320,1000,"sd","13:13:49",15933700
4300,-320,20500,"sd","13:13:49",15932700
4310,-310,2000,"bu","13:13:48",15912200
4300,-320,12000,"sd","13:13:46",15910200
4310,-310,5000,"bu","13:13:42",15898200
4300,-320,3900,"sd","13:13:42",15893200
4310,-310,10000,"bu","13:13:41",15889300
4310,-310,300,"bu","13:13:37",15879300
4300,-320,2000,"sd","13:13:33",15879000
4300,-320,8100,"sd","13:13:33",15877000
4300,-320,1000,"sd","13:13:33",15868900
4300,-320,100,"sd","13:13:33",15867900
4300,-320,100,"sd","13:13:33",15867800
4300,-320,12000,"sd","13:13:33",15867700
4300,-320,1000,"sd","13:13:33",15855700
4300,-320,500,"sd","13:13:33",15854700
4300,-320,1000,"sd","13:13:33",15854200
4300,-320,5000,"sd","13:13:33",15853200
4300,-320,2000,"sd","13:13:33",15848200
4300,-320,1000,"sd","13:13:32",15846200
4300,-320,1200,"sd","13:13:32",15845200
4300,-320,1000,"sd","13:13:32",15844000
4300,-320,100,"sd","13:13:32",15843000
4300,-320,200,"sd","13:13:32",15842900
4300,-320,5700,"sd","13:13:32",15842700
4310,-310,300,"bu","13:13:30",15837000
4300,-320,19300,"sd","13:13:26",15836700
4300,-320,700,"sd","13:13:26",15817400
4310,-310,1000,"bu","13:13:25",15816700
4310,-310,1000,"bu","13:13:25",15815700
4310,-310,200,"bu","13:13:23",15814700
4310,-310,5000,"bu","13:13:20",15814500
4310,-310,200,"bu","13:13:19",15809500
4310,-310,500,"bu","13:13:13",15809300
4310,-310,300,"bu","13:13:10",15808800
4300,-320,4700,"sd","13:13:06",15808500
4300,-320,500,"sd","13:13:06",15803800
4300,-320,300,"sd","13:13:06",15803300
4300,-320,2000,"sd","13:13:06",15803000
4300,-320,100,"sd","13:13:06",15801000
4300,-320,2000,"sd","13:13:06",15800900
4300,-320,5000,"sd","13:13:06",15798900
4300,-320,4500,"sd","13:13:06",15793900
4300,-320,1000,"sd","13:13:06",15789400
4300,-320,1000,"sd","13:13:06",15788400
4300,-320,100,"sd","13:13:06",15787400
4300,-320,700,"sd","13:13:06",15787300
4300,-320,100,"sd","13:13:06",15786600
4300,-320,5000,"sd","13:13:06",15786500
4300,-320,3000,"sd","13:13:06",15781500
4300,-320,1000,"sd","13:13:06",15778500
4300,-320,100,"sd","13:13:06",15777500
4300,-320,500,"sd","13:13:06",15777400
4300,-320,1000,"sd","13:13:06",15776900
4300,-320,1000,"sd","13:13:06",15775900
4300,-320,100,"sd","13:13:06",15774900
4300,-320,600,"sd","13:13:06",15774800
4300,-320,600,"sd","13:13:06",15774200
4300,-320,100,"sd","13:13:06",15773600
4300,-320,500,"sd","13:13:06",15773500
4300,-320,200,"sd","13:13:06",15773000
4300,-320,1000,"sd","13:13:06",15772800
4300,-320,100,"sd","13:13:06",15771800
4300,-320,500,"sd","13:13:06",15771700
4300,-320,1000,"sd","13:13:06",15771200
4300,-320,1200,"sd","13:13:06",15770200
4300,-320,500,"sd","13:13:06",15769000
4310,-310,400,"bu","13:13:03",15768500
4310,-310,300,"bu","13:13:03",15768100
4300,-320,400,"sd","13:13:02",15767800
4300,-320,500,"sd","13:13:02",15767400
4300,-320,300,"sd","13:13:02",15766900
4300,-320,1000,"sd","13:13:02",15766600
4300,-320,2600,"sd","13:13:02",15765600
4300,-320,200,"sd","13:13:02",15763000
4300,-320,1000,"sd","13:13:02",15762800
4300,-320,500,"sd","13:13:02",15761800
4300,-320,1000,"sd","13:13:02",15761300
4300,-320,1000,"sd","13:13:02",15760300
4310,-310,200,"bu","13:12:57",15759300
4310,-310,100,"bu","13:12:54",15759100
4300,-320,2000,"sd","13:12:51",15759000
4300,-320,100,"sd","13:12:51",15757000
4300,-320,800,"sd","13:12:51",15756900
4300,-320,700,"sd","13:12:51",15756100
4300,-320,200,"sd","13:12:51",15755400
4300,-320,100,"sd","13:12:51",15755200
4300,-320,500,"sd","13:12:51",15755100
4300,-320,500,"sd","13:12:51",15754600
4300,-320,1500,"sd","13:12:51",15754100
4300,-320,1000,"sd","13:12:51",15752600
4300,-320,100,"sd","13:12:51",15751600
4300,-320,300,"sd","13:12:51",15751500
4300,-320,200,"sd","13:12:51",15751200
4300,-320,500,"sd","13:12:51",15751000
4300,-320,500,"sd","13:12:51",15750500
4300,-320,300,"sd","13:12:51",15750000
4300,-320,300,"sd","13:12:51",15749700
4300,-320,3000,"sd","13:12:51",15749400
4300,-320,2000,"sd","13:12:51",15746400
4300,-320,500,"sd","13:12:51",15744400
4300,-320,100,"sd","13:12:51",15743900
4300,-320,4800,"sd","13:12:51",15743800
4300,-320,200,"sd","13:12:48",15739000
4300,-320,500,"sd","13:12:48",15738800
4300,-320,1000,"sd","13:12:48",15738300
4300,-320,1000,"sd","13:12:48",15737300
4300,-320,100,"sd","13:12:48",15736300
4300,-320,7200,"sd","13:12:48",15736200
4310,-310,100,"bu","13:12:40",15729000
4310,-310,5000,"bu","13:12:40",15728900
4310,-310,4900,"bu","13:12:40",15723900
4300,-320,1000,"sd","13:12:31",15719000
4310,-310,1000,"bu","13:12:20",15718000
4310,-310,3700,"bu","13:12:15",15717000
4300,-320,1800,"sd","13:12:14",15713300
4300,-320,3200,"sd","13:12:14",15711500
4310,-310,500,"bu","13:12:14",15708300
4310,-310,1900,"bu","13:12:14",15707800
4310,-310,7600,"bu","13:12:14",15705900
4300,-320,3100,"sd","13:12:10",15698300
4310,-310,500,"bu","13:12:08",15695200
4310,-310,400,"bu","13:12:05",15694700
4310,-310,5000,"bu","13:12:04",15694300
4300,-320,3700,"sd","13:12:01",15689300
4300,-320,1000,"sd","13:12:01",15685600
4300,-320,200,"sd","13:12:01",15684600
4300,-320,100,"sd","13:12:01",15684400
4300,-320,7900,"sd","13:12:00",15684300
4300,-320,100,"sd","13:12:00",15676400
4300,-320,1000,"sd","13:12:00",15676300
4300,-320,100,"sd","13:12:00",15675300
4300,-320,1000,"sd","13:12:00",15675200
4300,-320,100,"sd","13:12:00",15674200
4300,-320,500,"sd","13:12:00",15674100
4300,-320,7000,"sd","13:12:00",15673600
4300,-320,2300,"sd","13:12:00",15666600
4300,-320,5000,"sd","13:11:59",15664300
4310,-310,1500,"bu","13:11:56",15659300
4310,-310,1000,"bu","13:11:56",15657800
4310,-310,200,"bu","13:11:56",15656800
4300,-320,10300,"sd","13:11:56",15656600
4310,-310,500,"bu","13:11:50",15646300
4310,-310,200,"bu","13:11:48",15645800
4310,-310,3000,"bu","13:11:45",15645600
4310,-310,500,"bu","13:11:37",15642600
4310,-310,100,"bu","13:11:35",15642100
4310,-310,200,"bu","13:11:33",15642000
4310,-310,200,"bu","13:11:27",15641800
4310,-310,300,"bu","13:11:27",15641600
4310,-310,100,"bu","13:11:21",15641300
4310,-310,100,"bu","13:11:19",15641200
4300,-320,800,"sd","13:11:08",15641100
4310,-310,100,"unknown","13:11:08",15640300
4310,-310,100,"unknown","13:11:07",15640200
4310,-310,7000,"bu","13:10:57",15640100
4310,-310,2900,"bu","13:10:57",15633100
4300,-320,5000,"sd","13:10:54",15630200
4310,-310,300,"bu","13:10:54",15625200
4310,-310,700,"bu","13:10:50",15624900
4310,-310,500,"bu","13:10:49",15624200
4310,-310,3600,"bu","13:10:45",15623700
4310,-310,25600,"bu","13:10:45",15620100
4310,-310,3400,"bu","13:10:45",15594500
4310,-310,100,"bu","13:10:39",15591100
4310,-310,2900,"bu","13:10:39",15591000
4310,-310,100,"bu","13:10:36",15588100
4310,-310,2000,"bu","13:10:33",15588000
4310,-310,2200,"bu","13:10:31",15586000
4310,-310,2000,"bu","13:10:30",15583800
4310,-310,1000,"sd","13:10:28",15581800
4310,-310,5000,"sd","13:10:28",15580800
4310,-310,200,"sd","13:10:28",15575800
4310,-310,800,"sd","13:10:28",15575600
4310,-310,200,"sd","13:10:28",15574800
4310,-310,1200,"sd","13:10:28",15574600
4310,-310,100,"sd","13:10:28",15573400
4310,-310,5500,"sd","13:10:20",15573300
4310,-310,3200,"sd","13:10:18",15567800
4310,-310,100,"sd","13:10:18",15564600
4310,-310,1000,"sd","13:10:18",15564500
4310,-310,400,"sd","13:10:18",15563500
4310,-310,300,"sd","13:10:18",15563100
4310,-310,1500,"sd","13:10:08",15562800
4310,-310,500,"sd","13:10:08",15561300
4310,-310,500,"bu","13:10:04",15560800
4310,-310,400,"bu","13:10:03",15560300
4300,-320,200,"sd","13:10:02",15559900
4310,-310,1000,"bu","13:10:02",15559700
4310,-310,100,"bu","13:10:00",15558700
4310,-310,100,"bu","13:10:00",15558600
4310,-310,900,"bu","13:09:59",15558500
4310,-310,2000,"bu","13:09:59",15557600
4310,-310,7100,"bu","13:09:59",15555600
4310,-310,3400,"bu","13:09:48",15548500
4310,-310,1000,"bu","13:09:41",15545100
4310,-310,200,"bu","13:09:41",15544100
4310,-310,2000,"bu","13:09:37",15543900
4310,-310,1000,"bu","13:09:30",15541900
4310,-310,5300,"bu","13:09:29",15540900
4310,-310,1000,"bu","13:09:27",15535600
4310,-310,1000,"bu","13:09:27",15534600
4310,-310,500,"bu","13:09:25",15533600
4310,-310,6800,"bu","13:09:23",15533100
4310,-310,2000,"bu","13:09:23",15526300
4310,-310,5000,"bu","13:09:18",15524300
4300,-320,400,"sd","13:09:15",15519300
4310,-310,200,"bu","13:09:13",15518900
4310,-310,200,"bu","13:09:09",15518700
4310,-310,300,"bu","13:08:55",15518500
4310,-310,1000,"sd","13:08:49",15518200
4310,-310,400,"sd","13:08:49",15517200
4310,-310,500,"sd","13:08:49",15516800
4310,-310,4000,"sd","13:08:49",15516300
4310,-310,2500,"sd","13:08:49",15512300
4310,-310,2500,"sd","13:08:49",15509800
4310,-310,100,"sd","13:08:49",15507300
4310,-310,900,"sd","13:08:49",15507200
4310,-310,200,"sd","13:08:49",15506300
4310,-310,1300,"sd","13:08:49",15506100
4310,-310,1000,"sd","13:08:49",15504800
4310,-310,700,"sd","13:08:49",15503800
4310,-310,1000,"sd","13:08:49",15503100
4310,-310,500,"sd","13:08:49",15502100
4310,-310,1000,"sd","13:08:49",15501600
4310,-310,1000,"sd","13:08:49",15500600
4310,-310,800,"sd","13:08:49",15499600
4310,-310,1000,"sd","13:08:49",15498800
4310,-310,1000,"sd","13:08:49",15497800
4310,-310,100,"sd","13:08:49",15496800
4310,-310,1000,"sd","13:08:49",15496700
4310,-310,500,"sd","13:08:49",15495700
4320,-300,100,"bu","13:08:43",15495200
4310,-310,7500,"sd","13:08:40",15495100
4310,-310,1000,"sd","13:08:40",15487600
4310,-310,100,"sd","13:08:40",15486600
4310,-310,900,"sd","13:08:40",15486500
4310,-310,400,"sd","13:08:40",15485600
4310,-310,600,"sd","13:08:37",15485200
4310,-310,1000,"sd","13:08:37",15484600
4310,-310,2000,"sd","13:08:37",15483600
4310,-310,1800,"sd","13:08:37",15481600
4310,-310,500,"sd","13:08:34",15479800
4310,-310,2700,"sd","13:08:20",15479300
4310,-310,100,"sd","13:08:20",15476600
4310,-310,1000,"sd","13:08:20",15476500
4310,-310,300,"sd","13:08:20",15475500
4310,-310,300,"sd","13:08:20",15475200
4310,-310,1500,"sd","13:08:20",15474900
4310,-310,1000,"sd","13:08:20",15473400
4310,-310,1600,"sd","13:08:20",15472400
4310,-310,500,"sd","13:08:20",15470800
4310,-310,2000,"sd","13:08:20",15470300
4310,-310,6000,"sd","13:08:20",15468300
4310,-310,1000,"sd","13:08:20",15462300
4310,-310,1000,"sd","13:08:20",15461300
4310,-310,2000,"sd","13:08:20",15460300
4320,-300,7500,"bu","13:08:19",15458300
4320,-300,2500,"bu","13:08:19",15450800
4310,-310,100,"sd","13:08:17",15448300
4320,-300,500,"bu","13:08:09",15448200
4320,-300,300,"bu","13:08:09",15447700
4310,-310,200,"sd","13:08:04",15447400
4310,-310,500,"sd","13:07:58",15447200
4320,-300,300,"bu","13:07:55",15446700
4310,-310,3000,"sd","13:07:55",15446400
4310,-310,100,"sd","13:07:55",15443400
4310,-310,2000,"sd","13:07:55",15443300
4310,-310,500,"sd","13:07:55",15441300
4310,-310,1400,"sd","13:07:55",15440800
4310,-310,200,"sd","13:07:55",15439400
4310,-310,3300,"sd","13:07:55",15439200
4310,-310,100,"sd","13:07:55",15435900
4310,-310,5000,"sd","13:07:55",15435800
4310,-310,4300,"sd","13:07:55",15430800
4310,-310,100,"sd","13:07:55",15426500
4320,-300,100,"bu","13:07:38",15426400
4320,-300,100,"bu","13:07:34",15426300
4320,-300,400,"bu","13:07:34",15426200
4320,-300,9500,"bu","13:07:34",15425800
4320,-300,300,"bu","13:07:32",15416300
4320,-300,200,"bu","13:07:29",15416000
4310,-310,700,"sd","13:07:20",15415800
4320,-300,1000,"bu","13:07:18",15415100
4320,-300,200,"bu","13:07:09",15414100
4320,-300,500,"bu","13:07:09",15413900
4320,-300,1300,"bu","13:07:09",15413400
4320,-300,400,"bu","13:07:06",15412100
4320,-300,1300,"bu","13:07:04",15411700
4320,-300,700,"bu","13:07:04",15410400
4310,-310,2500,"sd","13:07:00",15409700
4310,-310,100,"sd","13:06:52",15407200
4310,-310,200,"sd","13:06:41",15407100
4310,-310,2000,"sd","13:06:38",15406900
4310,-310,2500,"bu","13:06:36",15404900
4310,-310,1000,"bu","13:06:36",15402400
4310,-310,7700,"bu","13:06:36",15401400
4300,-320,3300,"sd","13:06:36",15393700
4300,-320,900,"sd","13:06:36",15390400
4310,-310,200,"bu","13:06:35",15389500
4310,-310,1000,"bu","13:06:33",15389300
4310,-310,400,"bu","13:06:33",15388300
4310,-310,200,"bu","13:06:29",15387900
4310,-310,500,"bu","13:06:28",15387700
4310,-310,2000,"bu","13:06:28",15387200
4310,-310,5000,"bu","13:06:28",15385200
4310,-310,300,"bu","13:06:28",15380200
4310,-310,1000,"bu","13:06:26",15379900
4310,-310,100,"bu","13:06:14",15378900
4300,-320,2100,"sd","13:06:13",15378800
4300,-320,300,"sd","13:06:13",15376700
4300,-320,1000,"sd","13:06:13",15376400
4310,-310,4600,"bu","13:06:13",15375400
4300,-320,200,"sd","13:06:04",15370800
4300,-320,2100,"sd","13:06:04",15370600
4300,-320,100,"sd","13:06:04",15368500
4300,-320,100,"sd","13:06:04",15368400
4300,-320,20000,"sd","13:06:04",15368300
4300,-320,2000,"sd","13:06:04",15348300
4300,-320,300,"sd","13:06:04",15346300
4300,-320,1000,"sd","13:06:04",15346000
4300,-320,10000,"sd","13:06:04",15345000
4300,-320,1600,"sd","13:06:04",15335000
4300,-320,300,"sd","13:06:04",15333400
4300,-320,3000,"sd","13:06:04",15333100
4300,-320,200,"sd","13:06:04",15330100
4300,-320,200,"sd","13:06:04",15329900
4300,-320,200,"sd","13:06:04",15329700
4300,-320,1000,"sd","13:06:04",15329500
4300,-320,200,"sd","13:06:04",15328500
4300,-320,1000,"sd","13:06:04",15328300
4300,-320,800,"sd","13:06:04",15327300
4300,-320,1000,"sd","13:06:04",15326500
4300,-320,700,"sd","13:06:04",15325500
4300,-320,1000,"sd","13:06:04",15324800
4300,-320,2800,"sd","13:06:04",15323800
4300,-320,200,"sd","13:06:04",15321000
4310,-310,7000,"bu","13:06:02",15320800
4310,-310,100,"bu","13:06:02",15313800
4310,-310,1800,"bu","13:06:02",15313700
4310,-310,5000,"bu","13:06:02",15311900
4310,-310,300,"bu","13:06:02",15306900
4310,-310,1200,"bu","13:06:02",15306600
4310,-310,2400,"bu","13:06:02",15305400
4310,-310,1000,"bu","13:06:02",15303000
4310,-310,100,"bu","13:06:02",15302000
4310,-310,1000,"bu","13:06:02",15301900
4310,-310,500,"bu","13:06:02",15300900
4310,-310,2000,"bu","13:06:02",15300400
4310,-310,6000,"bu","13:06:02",15298400
4310,-310,1600,"bu","13:06:02",15292400
4300,-320,200,"sd","13:05:56",15290800
4300,-320,1000,"sd","13:05:56",15290600
4300,-320,600,"sd","13:05:56",15289600
4310,-310,100,"bu","13:05:54",15289000
4310,-310,5000,"bu","13:05:51",15288900
4310,-310,100,"bu","13:05:49",15283900
4310,-310,500,"bu","13:05:47",15283800
4310,-310,500,"bu","13:05:47",15283300
4310,-310,300,"bu","13:05:46",15282800
4310,-310,700,"bu","13:05:46",15282500
4310,-310,200,"bu","13:05:42",15281800
4310,-310,1000,"bu","13:05:40",15281600
4300,-320,300,"sd","13:05:40",15280600
4310,-310,200,"bu","13:05:40",15280300
4300,-320,100,"sd","13:05:37",15280100
4300,-320,200,"sd","13:05:37",15280000
4300,-320,100,"sd","13:05:37",15279800
4310,-310,1000,"bu","13:05:35",15279700
4310,-310,900,"bu","13:05:34",15278700
4300,-320,100,"sd","13:05:30",15277800
4300,-320,1100,"sd","13:05:30",15277700
4310,-310,1000,"bu","13:05:29",15276600
4310,-310,3000,"bu","13:05:26",15275600
4310,-310,2000,"bu","13:05:20",15272600
4310,-310,1500,"bu","13:05:13",15270600
4300,-320,3900,"sd","13:05:12",15269100
4300,-320,1000,"sd","13:05:12",15265200
4300,-320,100,"sd","13:05:12",15264200
4310,-310,700,"bu","13:05:09",15264100
4310,-310,3400,"bu","13:05:09",15263400
4310,-310,200,"bu","13:05:07",15260000
4310,-310,200,"bu","13:05:06",15259800
4310,-310,100,"bu","13:05:05",15259600
4310,-310,100,"bu","13:05:01",15259500
4310,-310,3800,"bu","13:04:56",15259400
4310,-310,100,"bu","13:04:56",15255600
4310,-310,100,"bu","13:04:55",15255500
4310,-310,800,"bu","13:04:54",15255400
4310,-310,500,"bu","13:04:54",15254600
