"price","change","match_qtty","side","time","total_vol"
4300,-320,43700,"unknown","14:45:02",20114700
4300,-320,500,"bu","14:29:51",20071000
4300,-320,3400,"bu","14:29:44",20070500
4300,-320,1000,"bu","14:29:44",20067100
4300,-320,1600,"bu","14:29:44",20066100
4300,-320,1000,"bu","14:29:39",20064500
4300,-320,2000,"bu","14:29:28",20063500
4300,-320,200,"bu","14:29:10",20061500
4300,-320,100,"bu","14:28:46",20061300
4300,-320,800,"bu","14:28:45",20061200
4300,-320,300,"bu","14:28:22",20060400
4300,-320,7000,"bu","14:27:58",20060100
4300,-320,400,"bu","14:27:16",20053100
4300,-320,2000,"bu","14:27:11",20052700
4300,-320,2000,"bu","14:27:10",20050700
4300,-320,100,"bu","14:27:04",20048700
4300,-320,200,"bu","14:26:57",20048600
4300,-320,600,"bu","14:26:50",20048400
4300,-320,100,"bu","14:26:36",20047800
4300,-320,500,"bu","14:26:28",20047700
4300,-320,1900,"bu","14:26:23",20047200
4300,-320,2000,"bu","14:26:20",20045300
4300,-320,7200,"bu","14:26:10",20043300
4300,-320,2800,"bu","14:26:10",20036100
4300,-320,500,"bu","14:25:50",20033300
4300,-320,400,"bu","14:25:42",20032800
4300,-320,200,"bu","14:24:44",20032400
4300,-320,400,"bu","14:24:37",20032200
4300,-320,200,"bu","14:24:37",20031800
4300,-320,300,"bu","14:24:37",20031600
4300,-320,100,"bu","14:24:37",20031300
4300,-320,300,"bu","14:24:36",20031200
4300,-320,3400,"bu","14:24:31",20030900
4300,-320,2000,"bu","14:24:26",20027500
4300,-320,2300,"bu","14:24:21",20025500
4300,-320,500,"bu","14:24:14",20023200
4300,-320,1000,"bu","14:23:51",20022700
4300,-320,200,"bu","14:23:42",20021700
4300,-320,200,"bu","14:23:38",20021500
4300,-320,4000,"bu","14:23:33",20021300
4300,-320,100,"bu","14:23:33",20017300
4300,-320,200,"bu","14:23:26",20017200
4300,-320,100,"bu","14:23:17",20017000
4300,-320,300,"bu","14:23:16",20016900
4300,-320,100,"bu","14:23:15",20016600
4300,-320,3000,"bu","14:23:09",20016500
4300,-320,100,"bu","14:23:09",20013500
4300,-320,1600,"bu","14:23:08",20013400
4300,-320,100,"bu","14:22:59",20011800
4300,-320,200,"bu","14:22:55",20011700
4300,-320,100,"bu","14:22:49",20011500
4300,-320,100,"bu","14:22:49",20011400
4300,-320,400,"bu","14:22:49",20011300
4300,-320,500,"bu","14:22:07",20010900
4300,-320,200,"bu","14:22:03",20010400
4300,-320,100,"bu","14:21:41",20010200
4300,-320,100,"bu","14:21:28",20010100
4300,-320,100,"bu","14:21:22",20010000
4300,-320,100,"bu","14:20:33",20009900
4300,-320,400,"bu","14:20:28",20009800
4300,-320,1100,"bu","14:20:00",20009400
4300,-320,1400,"bu","14:20:00",20008300
4300,-320,7500,"bu","14:20:00",20006900
4300,-320,200,"bu","14:19:57",19999400
4300,-320,100,"bu","14:19:49",19999200
4300,-320,1000,"bu","14:19:48",19999100
4300,-320,300,"bu","14:19:28",19998100
4300,-320,200,"bu","14:19:01",19997800
4300,-320,300,"bu","14:19:01",19997600
4300,-320,200,"bu","14:18:56",19997300
4300,-320,4000,"bu","14:18:30",19997100
4300,-320,100,"bu","14:18:30",19993100
4300,-320,2000,"bu","14:18:26",19993000
4300,-320,100,"bu","14:18:24",19991000
4300,-320,200,"bu","14:17:59",19990900
4300,-320,1000,"bu","14:17:48",19990700
4300,-320,100,"bu","14:17:33",19989700
4300,-320,1700,"bu","14:17:15",19989600
4300,-320,1000,"bu","14:17:15",19987900
4300,-320,800,"bu","14:17:15",19986900
4300,-320,100,"bu","14:17:05",19986100
4300,-320,1000,"bu","14:16:56",19986000
4300,-320,200,"bu","14:16:51",19985000
4300,-320,1000,"bu","14:16:48",19984800
4300,-320,300,"bu","14:16:47",19983800
4300,-320,3000,"bu","14:16:45",19983500
4300,-320,5000,"bu","14:16:41",19980500
4300,-320,200,"bu","14:16:29",19975500
4300,-320,400,"bu","14:16:03",19975300
4300,-320,500,"bu","14:16:03",19974900
4300,-320,100,"bu","14:16:03",19974400
4300,-320,300,"bu","14:15:57",19974300
4300,-320,500,"bu","14:15:51",19974000
4300,-320,2100,"bu","14:15:44",19973500
4300,-320,1600,"bu","14:15:44",19971400
4300,-320,6300,"bu","14:15:44",19969800
4300,-320,100,"bu","14:15:24",19963500
4300,-320,200,"bu","14:15:10",19963400
4300,-320,500,"bu","14:15:09",19963200
4300,-320,100,"bu","14:15:05",19962700
4300,-320,200,"bu","14:14:53",19962600
4300,-320,3000,"bu","14:14:47",19962400
4300,-320,700,"bu","14:14:42",19959400
4300,-320,100,"bu","14:14:39",19958700
4300,-320,600,"bu","14:14:07",19958600
4300,-320,100,"bu","14:13:34",19958000
4300,-320,1000,"bu","14:13:18",19957900
4300,-320,100,"bu","14:12:54",19956900
4300,-320,300,"bu","14:12:53",19956800
4300,-320,300,"bu","14:12:31",19956500
4300,-320,400,"bu","14:12:19",19956200
4300,-320,1000,"bu","14:12:12",19955800
4300,-320,300,"bu","14:12:02",19954800
4300,-320,500,"bu","14:11:59",19954500
4300,-320,500,"bu","14:11:50",19954000
4300,-320,1000,"bu","14:11:35",19953500
4300,-320,500,"bu","14:11:34",19952500
4300,-320,100,"bu","14:11:31",19952000
4300,-320,100,"bu","14:11:29",19951900
4300,-320,100,"bu","14:11:17",19951800
4300,-320,100,"bu","14:11:17",19951700
4300,-320,400,"bu","14:11:13",19951600
4300,-320,1600,"bu","14:11:13",19951200
4300,-320,200,"bu","14:10:56",19949600
4300,-320,300,"bu","14:10:54",19949400
4300,-320,300,"bu","14:10:53",19949100
4300,-320,100,"bu","14:10:31",19948800
4300,-320,1000,"bu","14:10:22",19948700
4300,-320,100,"bu","14:09:33",19947700
4300,-320,3000,"bu","14:09:31",19947600
4300,-320,100,"bu","14:09:30",19944600
4300,-320,200,"bu","14:09:29",19944500
4300,-320,200,"bu","14:09:24",19944300
4300,-320,1000,"bu","14:09:20",19944100
4300,-320,3000,"bu","14:09:20",19943100
4300,-320,500,"bu","14:09:18",19940100
4300,-320,500,"bu","14:08:55",19939600
4300,-320,300,"bu","14:08:44",19939100
4300,-320,2000,"bu","14:08:43",19938800
4300,-320,100,"bu","14:08:23",19936800
4300,-320,100,"bu","14:08:18",19936700
4300,-320,200,"bu","14:07:41",19936600
4300,-320,100,"bu","14:07:25",19936400
4300,-320,200,"bu","14:07:17",19936300
4300,-320,300,"bu","14:05:23",19936100
4300,-320,300,"bu","14:05:18",19935800
4300,-320,900,"bu","14:05:06",19935500
4300,-320,100,"bu","14:05:01",19934600
4300,-320,1000,"bu","14:04:40",19934500
4300,-320,700,"bu","14:04:37",19933500
4300,-320,1600,"bu","14:04:11",19932800
4300,-320,2800,"bu","14:04:11",19931200
4300,-320,2000,"bu","14:03:32",19928400
4300,-320,100,"bu","14:03:09",19926400
4300,-320,200,"bu","14:03:04",19926300
4300,-320,1000,"bu","14:02:37",19926100
4300,-320,100,"bu","14:02:35",19925100
4300,-320,2000,"bu","14:02:20",19925000
4300,-320,1000,"bu","14:01:55",19923000
4300,-320,1000,"bu","14:01:55",19922000
4300,-320,100,"bu","14:01:51",19921000
4300,-320,100,"bu","14:01:46",19920900
4300,-320,200,"bu","14:01:41",19920800
4300,-320,3000,"bu","14:01:18",19920600
4300,-320,2900,"bu","14:01:15",19917600
4300,-320,500,"bu","14:00:46",19914700
4300,-320,100,"bu","14:00:20",19914200
4300,-320,500,"bu","14:00:13",19914100
4300,-320,1800,"bu","14:00:08",19913600
4300,-320,500,"bu","13:59:41",19911800
4300,-320,200,"bu","13:59:32",19911300
4300,-320,200,"bu","13:59:26",19911100
4300,-320,500,"bu","13:59:24",19910900
4300,-320,100,"bu","13:59:14",19910400
4300,-320,500,"bu","13:59:07",19910300
4300,-320,2000,"bu","13:58:31",19909800
4300,-320,300,"bu","13:58:28",19907800
4300,-320,400,"bu","13:58:25",19907500
4300,-320,500,"bu","13:58:05",19907100
4300,-320,1000,"bu","13:57:52",19906600
4300,-320,300,"bu","13:57:52",19905600
4300,-320,100,"bu","13:57:39",19905300
4300,-320,1000,"bu","13:57:29",19905200
4300,-320,100,"bu","13:57:13",19904200
4300,-320,100,"bu","13:57:02",19904100
4300,-320,300,"bu","13:56:59",19904000
4300,-320,100,"bu","13:56:58",19903700
4300,-320,1000,"bu","13:56:49",19903600
4300,-320,1000,"bu","13:56:49",19902600
4300,-320,400,"bu","13:56:22",19901600
4300,-320,300,"bu","13:56:22",19901200
4300,-320,300,"bu","13:56:22",19900900
4300,-320,600,"bu","13:56:16",19900600
4300,-320,1000,"bu","13:55:36",19900000
4300,-320,100,"bu","13:55:11",19899000
4300,-320,500,"bu","13:55:09",19898900
4300,-320,700,"bu","13:54:58",19898400
4300,-320,700,"bu","13:54:52",19897700
4300,-320,300,"bu","13:54:48",19897000
4300,-320,1000,"bu","13:54:38",19896700
4300,-320,1000,"bu","13:54:34",19895700
4300,-320,300,"bu","13:54:19",19894700
4300,-320,200,"bu","13:54:18",19894400
4300,-320,200,"bu","13:54:16",19894200
4300,-320,2000,"bu","13:54:11",19894000
4300,-320,300,"bu","13:54:09",19892000
4300,-320,1200,"bu","13:54:09",19891700
4300,-320,200,"bu","13:54:09",19890500
4300,-320,100,"bu","13:54:08",19890300
4300,-320,300,"bu","13:53:49",19890200
4300,-320,400,"bu","13:53:44",19889900
4300,-320,500,"bu","13:53:37",19889500
4300,-320,4000,"bu","13:53:25",19889000
4300,-320,1000,"bu","13:53:23",19885000
4300,-320,200,"bu","13:53:23",19884000
4300,-320,400,"bu","13:53:21",19883800
4300,-320,100,"bu","13:53:19",19883400
4300,-320,400,"bu","13:52:56",19883300
4300,-320,100,"bu","13:52:40",19882900
4300,-320,500,"bu","13:52:31",19882800
4300,-320,500,"bu","13:52:26",19882300
4300,-320,600,"bu","13:52:24",19881800
4300,-320,100,"bu","13:52:17",19881200
4300,-320,2500,"bu","13:51:59",19881100
4300,-320,200,"bu","13:51:42",19878600
4300,-320,1500,"bu","13:51:32",19878400
4300,-320,400,"bu","13:51:28",19876900
4300,-320,2000,"bu","13:51:21",19876500
4300,-320,100,"bu","13:51:18",19874500
4300,-320,500,"bu","13:51:08",19874400
4300,-320,500,"bu","13:51:02",19873900
4300,-320,3000,"bu","13:51:00",19873400
4300,-320,300,"bu","13:50:56",19870400
4300,-320,200,"bu","13:50:41",19870100
4300,-320,2000,"bu","13:50:29",19869900
4300,-320,500,"bu","13:50:28",19867900
4300,-320,2000,"bu","13:50:23",19867400
4300,-320,300,"bu","13:49:41",19865400
4300,-320,3000,"bu","13:49:25",19865100
4300,-320,2300,"bu","13:49:21",19862100
4300,-320,500,"bu","13:49:11",19859800
4300,-320,500,"bu","13:48:53",19859300
4300,-320,200,"bu","13:48:46",19858800
4300,-320,3000,"bu","13:48:37",19858600
4300,-320,100,"bu","13:48:36",19855600
4300,-320,1000,"bu","13:48:28",19855500
4300,-320,200,"bu","13:48:23",19854500
4300,-320,100,"bu","13:48:19",19854300
4300,-320,3000,"bu","13:48:14",19854200
4300,-320,1000,"bu","13:48:01",19851200
4300,-320,100,"bu","13:47:52",19850200
4300,-320,100,"bu","13:47:51",19850100
4300,-320,3000,"bu","13:47:37",19850000
4300,-320,1000,"bu","13:47:37",19847000
4300,-320,1000,"bu","13:47:30",19846000
4300,-320,7000,"bu","13:47:23",19845000
4300,-320,200,"bu","13:47:12",19838000
4300,-320,100,"bu","13:47:10",19837800
4300,-320,100,"bu","13:47:07",19837700
4300,-320,100,"bu","13:46:59",19837600
4300,-320,200,"bu","13:46:42",19837500
4300,-320,200,"bu","13:46:39",19837300
4300,-320,300,"bu","13:46:36",19837100
4300,-320,1000,"bu","13:46:34",19836800
4300,-320,200,"bu","13:46:31",19835800
4300,-320,1000,"bu","13:46:28",19835600
4300,-320,900,"bu","13:46:27",19834600
4300,-320,500,"bu","13:46:08",19833700
4300,-320,5000,"bu","13:46:04",19833200
4300,-320,1100,"bu","13:45:58",19828200
4300,-320,2200,"bu","13:45:55",19827100
4300,-320,500,"bu","13:45:52",19824900
4300,-320,1000,"bu","13:45:51",19824400
4300,-320,1000,"bu","13:45:49",19823400
4300,-320,200,"bu","13:45:47",19822400
4300,-320,300,"bu","13:45:46",19822200
4300,-320,1000,"bu","13:45:44",19821900
4300,-320,500,"bu","13:45:42",19820900
4300,-320,200,"bu","13:45:28",19820400
4300,-320,2000,"bu","13:45:26",19820200
4300,-320,100,"bu","13:45:25",19818200
4300,-320,200,"bu","13:45:19",19818100
4300,-320,300,"bu","13:45:18",19817900
4300,-320,300,"bu","13:45:17",19817600
4300,-320,100,"bu","13:45:06",19817300
4300,-320,200,"bu","13:45:04",19817200
4300,-320,900,"bu","13:44:59",19817000
4300,-320,100,"bu","13:44:56",19816100
4300,-320,1000,"bu","13:44:54",19816000
4300,-320,5800,"bu","13:44:47",19815000
4300,-320,1000,"bu","13:44:44",19809200
4300,-320,2000,"bu","13:44:42",19808200
4300,-320,1000,"bu","13:44:35",19806200
4300,-320,200,"bu","13:44:35",19805200
4300,-320,1000,"bu","13:44:31",19805000
4300,-320,700,"bu","13:44:27",19804000
4300,-320,100,"bu","13:44:26",19803300
4300,-320,100,"bu","13:44:25",19803200
4300,-320,200,"bu","13:44:08",19803100
4300,-320,2000,"bu","13:44:07",19802900
4300,-320,1000,"bu","13:44:07",19800900
4300,-320,12500,"bu","13:43:59",19799900
4300,-320,700,"bu","13:43:58",19787400
4300,-320,2900,"bu","13:43:55",19786700
4300,-320,1000,"bu","13:43:46",19783800
4300,-320,100,"bu","13:43:42",19782800
4300,-320,100,"bu","13:43:41",19782700
4300,-320,100,"bu","13:43:29",19782600
4300,-320,5000,"bu","13:43:29",19782500
4300,-320,200,"bu","13:43:25",19777500
4300,-320,3000,"bu","13:43:21",19777300
4300,-320,400,"bu","13:43:14",19774300
4300,-320,1000,"bu","13:43:11",19773900
4300,-320,1000,"bu","13:43:07",19772900
4300,-320,10000,"bu","13:43:07",19771900
4300,-320,100,"bu","13:43:06",19761900
4300,-320,900,"bu","13:43:00",19761800
4300,-320,1100,"bu","13:43:00",19760900
4300,-320,100,"bu","13:42:59",19759800
4300,-320,800,"bu","13:42:53",19759700
4300,-320,200,"bu","13:42:53",19758900
4300,-320,10000,"bu","13:42:38",19758700
4300,-320,100,"bu","13:42:33",19748700
4300,-320,100,"bu","13:42:25",19748600
4300,-320,200,"bu","13:42:20",19748500
4300,-320,200,"bu","13:42:20",19748300
4300,-320,100,"bu","13:42:16",19748100
4300,-320,300,"bu","13:42:14",19748000
4300,-320,500,"bu","13:42:12",19747700
4300,-320,100,"bu","13:42:09",19747200
4300,-320,4900,"bu","13:42:08",19747100
4300,-320,1000,"bu","13:42:07",19742200
4300,-320,200,"bu","13:42:03",19741200
4300,-320,100,"bu","13:42:03",19741000
4300,-320,2000,"bu","13:41:59",19740900
4300,-320,200,"bu","13:41:56",19738900
4300,-320,1000,"bu","13:41:53",19738700
4300,-320,1000,"bu","13:41:52",19737700
4300,-320,100,"bu","13:41:41",19736700
4300,-320,1000,"bu","13:41:41",19736600
4300,-320,1000,"bu","13:41:41",19735600
4300,-320,100,"bu","13:41:38",19734600
4300,-320,200,"bu","13:41:37",19734500
4300,-320,100,"bu","13:41:32",19734300
4300,-320,3000,"bu","13:41:30",19734200
4300,-320,1000,"bu","13:41:28",19731200
4300,-320,5400,"bu","13:41:28",19730200
4300,-320,1500,"bu","13:41:28",19724800
4300,-320,500,"bu","13:41:28",19723300
4300,-320,9000,"bu","13:41:28",19722800
4300,-320,3600,"bu","13:41:28",19713800
4300,-320,500,"bu","13:41:24",19710200
4300,-320,100,"bu","13:41:24",19709700
4300,-320,700,"bu","13:41:23",19709600
4300,-320,100,"bu","13:41:16",19708900
4300,-320,700,"bu","13:41:16",19708800
4300,-320,200,"bu","13:41:16",19708100
4300,-320,300,"bu","13:41:13",19707900
4300,-320,200,"bu","13:41:09",19707600
4300,-320,2000,"bu","13:41:00",19707400
4300,-320,1000,"bu","13:40:59",19705400
4300,-320,2000,"bu","13:40:57",19704400
4300,-320,200,"bu","13:40:53",19702400
4300,-320,1300,"bu","13:40:46",19702200
4300,-320,200,"bu","13:40:42",19700900
4300,-320,300,"bu","13:40:33",19700700
4300,-320,700,"bu","13:40:33",19700400
4300,-320,500,"bu","13:40:27",19699700
4300,-320,600,"bu","13:40:20",19699200
4300,-320,500,"bu","13:40:19",19698600
4300,-320,700,"bu","13:40:13",19698100
4300,-320,1300,"bu","13:40:13",19697400
4300,-320,300,"bu","13:40:06",19696100
4300,-320,1100,"bu","13:40:00",19695800
4300,-320,200,"bu","13:39:56",19694700
4300,-320,800,"bu","13:39:51",19694500
4300,-320,500,"bu","13:39:51",19693700
4300,-320,300,"bu","13:39:43",19693200
4300,-320,100,"bu","13:39:41",19692900
4300,-320,100,"bu","13:39:39",19692800
4300,-320,1000,"bu","13:39:36",19692700
4300,-320,200,"bu","13:39:28",19691700
4300,-320,100,"bu","13:39:12",19691500
4300,-320,100,"bu","13:39:09",19691400
4300,-320,100,"bu","13:39:08",19691300
4300,-320,200,"bu","13:39:03",19691200
4300,-320,5000,"bu","13:39:00",19691000
4300,-320,200,"bu","13:38:57",19686000
4300,-320,200,"bu","13:38:53",19685800
4300,-320,200,"bu","13:38:46",19685600
4300,-320,100,"bu","13:38:38",19685400
4300,-320,100,"bu","13:38:30",19685300
4300,-320,200,"bu","13:38:29",19685200
4300,-320,500,"bu","13:38:28",19685000
4300,-320,200,"bu","13:38:20",19684500
4300,-320,1000,"bu","13:38:20",19684300
4300,-320,1000,"bu","13:38:18",19683300
4300,-320,1400,"bu","13:38:17",19682300
4300,-320,10000,"bu","13:38:04",19680900
4300,-320,2900,"bu","13:38:03",19670900
4300,-320,3500,"bu","13:38:02",19668000
4300,-320,200,"bu","13:38:01",19664500
4300,-320,200,"bu","13:37:53",19664300
4300,-320,300,"bu","13:37:50",19664100
4300,-320,200,"bu","13:37:48",19663800
4300,-320,1000,"bu","13:37:47",19663600
4300,-320,200,"bu","13:37:45",19662600
4300,-320,500,"bu","13:37:41",19662400
4300,-320,22000,"bu","13:37:33",19661900
4300,-320,10000,"bu","13:37:22",19639900
4300,-320,200,"bu","13:37:21",19629900
4300,-320,400,"bu","13:37:16",19629700
4300,-320,1000,"bu","13:37:12",19629300
4300,-320,200,"bu","13:37:10",19628300
4300,-320,500,"bu","13:37:10",19628100
4300,-320,300,"bu","13:37:07",19627600
4300,-320,500,"bu","13:37:01",19627300
4300,-320,9600,"bu","13:36:58",19626800
4300,-320,100,"bu","13:36:53",19617200
4300,-320,100,"bu","13:36:53",19617100
4300,-320,1000,"bu","13:36:50",19617000
4300,-320,300,"bu","13:36:32",19616000
4300,-320,2000,"bu","13:36:31",19615700
4300,-320,600,"bu","13:36:27",19613700
4300,-320,500,"bu","13:36:25",19613100
4300,-320,1300,"bu","13:36:15",19612600
4300,-320,100,"bu","13:36:13",19611300
4300,-320,1000,"bu","13:36:10",19611200
4300,-320,100,"bu","13:36:10",19610200
4300,-320,100,"bu","13:36:10",19610100
4300,-320,200,"bu","13:36:06",19610000
4300,-320,200,"bu","13:35:57",19609800
4300,-320,600,"bu","13:35:52",19609600
4300,-320,300,"bu","13:35:51",19609000
4300,-320,200,"bu","13:35:47",19608700
4300,-320,100,"bu","13:35:38",19608500
4300,-320,100,"bu","13:35:35",19608400
4300,-320,700,"bu","13:35:35",19608300
4300,-320,3500,"bu","13:35:25",19607600
4300,-320,100,"bu","13:35:14",19604100
4300,-320,100,"bu","13:35:05",19604000
4300,-320,2500,"bu","13:35:01",19603900
4300,-320,1000,"bu","13:34:55",19601400
4300,-320,100,"bu","13:34:53",19600400
4300,-320,2000,"bu","13:34:53",19600300
4300,-320,100,"bu","13:34:49",19598300
4300,-320,800,"bu","13:34:47",19598200
4300,-320,200,"bu","13:34:47",19597400
4300,-320,100,"bu","13:34:46",19597200
4300,-320,100,"bu","13:34:46",19597100
4300,-320,300,"bu","13:34:46",19597000
4300,-320,8200,"bu","13:34:43",19596700
4300,-320,2500,"bu","13:34:34",19588500
4300,-320,900,"bu","13:34:30",19586000
4300,-320,200,"bu","13:34:28",19585100
4300,-320,100,"bu","13:34:26",19584900
4300,-320,100,"bu","13:34:25",19584800
4300,-320,100,"bu","13:34:22",19584700
4300,-320,100,"bu","13:34:12",19584600
4300,-320,200,"bu","13:34:11",19584500
4300,-320,100,"bu","13:34:09",19584300
4300,-320,100,"bu","13:34:07",19584200
4300,-320,1000,"bu","13:34:04",19584100
4300,-320,100,"bu","13:33:58",19583100
4300,-320,100,"bu","13:33:58",19583000
4300,-320,200,"bu","13:33:58",19582900
4300,-320,300,"bu","13:33:55",19582700
4300,-320,200,"bu","13:33:54",19582400
4300,-320,200,"bu","13:33:53",19582200
4300,-320,500,"bu","13:33:40",19582000
4300,-320,2100,"bu","13:33:38",19581500
4300,-320,600,"bu","13:33:38",19579400
4300,-320,2000,"bu","13:33:38",19578800
4300,-320,300,"bu","13:33:38",19576800
4300,-320,700,"bu","13:33:26",19576500
4300,-320,400,"bu","13:33:26",19575800
4300,-320,100,"bu","13:33:24",19575400
4300,-320,100,"bu","13:33:13",19575300
4300,-320,600,"bu","13:33:06",19575200
4300,-320,100,"bu","13:33:05",19574600
4300,-320,100,"bu","13:32:58",19574500
4300,-320,100,"bu","13:32:43",19574400
4300,-320,200,"bu","13:32:41",19574300
4300,-320,300,"bu","13:32:15",19574100
4300,-320,2000,"bu","13:32:15",19573800
4300,-320,1000,"bu","13:32:15",19571800
4300,-320,2000,"bu","13:32:12",19570800
4300,-320,400,"bu","13:31:59",19568800
4300,-320,2300,"bu","13:31:57",19568400
4300,-320,100,"bu","13:31:54",19566100
4300,-320,2000,"bu","13:31:48",19566000
4300,-320,1000,"bu","13:31:47",19564000
4300,-320,200,"bu","13:31:36",19563000
4300,-320,5000,"bu","13:31:35",19562800
4300,-320,300,"bu","13:31:35",19557800
4300,-320,10000,"bu","13:31:32",19557500
4300,-320,1000,"bu","13:31:31",19547500
4300,-320,100,"bu","13:31:22",19546500
4300,-320,500,"bu","13:31:18",19546400
4300,-320,100,"bu","13:31:17",19545900
4300,-320,900,"bu","13:31:17",19545800
4300,-320,300,"bu","13:31:16",19544900
4300,-320,200,"bu","13:31:16",19544600
4300,-320,600,"bu","13:31:16",19544400
4300,-320,1000,"bu","13:31:12",19543800
4300,-320,500,"bu","13:31:07",19542800
4300,-320,100,"bu","13:31:05",19542300
4300,-320,200,"bu","13:31:00",19542200
4300,-320,200,"bu","13:30:58",19542000
4300,-320,100,"bu","13:30:54",19541800
4300,-320,200,"bu","13:30:53",19541700
4300,-320,100,"bu","13:30:28",19541500
4300,-320,300,"bu","13:30:24",19541400
4300,-320,200,"bu","13:30:11",19541100
4300,-320,100,"bu","13:29:59",19540900
4300,-320,2000,"bu","13:29:57",19540800
4300,-320,10000,"bu","13:29:57",19538800
4300,-320,5100,"bu","13:29:57",19528800
4300,-320,200,"bu","13:29:57",19523700
4300,-320,300,"bu","13:29:57",19523500
4300,-320,2000,"bu","13:29:57",19523200
4300,-320,400,"bu","13:29:57",19521200
4300,-320,400,"bu","13:29:55",19520800
4300,-320,2000,"bu","13:29:50",19520400
4300,-320,200,"bu","13:29:48",19518400
4300,-320,2000,"bu","13:29:36",19518200
4300,-320,7200,"bu","13:29:36",19516200
4300,-320,100,"bu","13:29:33",19509000
4300,-320,2500,"bu","13:29:32",19508900
4300,-320,100,"bu","13:29:28",19506400
4300,-320,100,"bu","13:29:13",19506300
4300,-320,600,"bu","13:29:13",19506200
4300,-320,300,"bu","13:29:13",19505600
4300,-320,100,"bu","13:29:11",19505300
4300,-320,100,"bu","13:29:09",19505200
4300,-320,100,"bu","13:29:05",19505100
4300,-320,100,"bu","13:29:03",19505000
4300,-320,200,"bu","13:29:01",19504900
4300,-320,500,"bu","13:28:56",19504700
4300,-320,200,"bu","13:28:55",19504200
4300,-320,100,"bu","13:28:52",19504000
4300,-320,100,"bu","13:28:52",19503900
4300,-320,200,"bu","13:28:52",19503800
4300,-320,500,"bu","13:28:46",19503600
4300,-320,200,"bu","13:28:35",19503100
4300,-320,200,"bu","13:28:34",19502900
4300,-320,2000,"bu","13:28:33",19502700
4300,-320,200,"bu","13:28:29",19500700
4300,-320,100,"bu","13:28:09",19500500
4300,-320,700,"bu","13:28:08",19500400
4300,-320,300,"bu","13:27:55",19499700
4300,-320,100,"bu","13:27:53",19499400
4300,-320,3000,"bu","13:27:49",19499300
4300,-320,100,"bu","13:27:49",19496300
4300,-320,600,"bu","13:27:48",19496200
4300,-320,300,"bu","13:27:48",19495600
4300,-320,100,"bu","13:27:48",19495300
4300,-320,4900,"bu","13:27:39",19495200
4300,-320,100,"bu","13:27:39",19490300
4300,-320,800,"bu","13:27:38",19490200
4300,-320,300,"bu","13:27:35",19489400
4300,-320,100,"bu","13:27:35",19489100
4300,-320,2000,"bu","13:27:30",19489000
4300,-320,3000,"bu","13:27:30",19487000
4300,-320,100,"bu","13:27:29",19484000
4300,-320,600,"bu","13:27:25",19483900
4300,-320,200,"bu","13:27:19",19483300
4300,-320,200,"bu","13:27:19",19483100
4300,-320,300,"bu","13:27:19",19482900
4300,-320,2300,"bu","13:27:15",19482600
4300,-320,100,"bu","13:27:15",19480300
4300,-320,2600,"bu","13:27:15",19480200
4300,-320,1000,"bu","13:27:13",19477600
4300,-320,100,"bu","13:27:12",19476600
4300,-320,1000,"bu","13:27:09",19476500
4300,-320,3000,"bu","13:27:07",19475500
4300,-320,5000,"bu","13:27:07",19472500
4300,-320,1000,"bu","13:27:03",19467500
4300,-320,700,"bu","13:27:01",19466500
4300,-320,100,"bu","13:27:00",19465800
4300,-320,200,"bu","13:26:55",19465700
4300,-320,1300,"bu","13:26:54",19465500
4300,-320,10000,"bu","13:26:51",19464200
4300,-320,200,"bu","13:26:51",19454200
4300,-320,1000,"bu","13:26:47",19454000
4300,-320,100,"bu","13:26:47",19453000
4300,-320,200,"bu","13:26:44",19452900
4300,-320,100,"bu","13:26:44",19452700
4300,-320,100,"bu","13:26:44",19452600
4300,-320,5000,"bu","13:26:40",19452500
4300,-320,300,"bu","13:26:30",19447500
4300,-320,700,"bu","13:26:29",19447200
4300,-320,500,"bu","13:26:28",19446500
4300,-320,100,"bu","13:26:23",19446000
4300,-320,100,"bu","13:26:22",19445900
4300,-320,30000,"bu","13:26:22",19445800
4300,-320,300,"bu","13:26:16",19415800
4300,-320,1000,"bu","13:26:16",19415500
4300,-320,2000,"bu","13:26:12",19414500
4300,-320,1400,"bu","13:26:11",19412500
4300,-320,100,"bu","13:26:10",19411100
4300,-320,1100,"bu","13:26:09",19411000
4300,-320,10000,"bu","13:26:05",19409900
4300,-320,100,"bu","13:26:04",19399900
4300,-320,2000,"bu","13:26:02",19399800
4300,-320,100,"bu","13:26:02",19397800
4300,-320,100,"bu","13:26:01",19397700
4300,-320,2000,"bu","13:25:58",19397600
4300,-320,1000,"bu","13:25:55",19395600
4300,-320,100,"bu","13:25:52",19394600
4300,-320,800,"bu","13:25:46",19394500
4300,-320,2600,"bu","13:25:46",19393700
4300,-320,100,"bu","13:25:43",19391100
4300,-320,1000,"bu","13:25:42",19391000
4300,-320,400,"bu","13:25:41",19390000
4300,-320,5000,"bu","13:25:38",19389600
4300,-320,200,"bu","13:25:38",19384600
4300,-320,1000,"bu","13:25:38",19384400
4300,-320,500,"bu","13:25:36",19383400
4300,-320,26000,"bu","13:25:36",19382900
4300,-320,1000,"bu","13:25:31",19356900
4300,-320,500,"bu","13:25:29",19355900
4300,-320,5000,"sd","13:25:29",19355400
4300,-320,200,"sd","13:25:29",19350400
4300,-320,100,"sd","13:25:29",19350200
4300,-320,300,"sd","13:25:29",19350100
4300,-320,45000,"sd","13:25:29",19349800
4300,-320,100,"sd","13:25:29",19304800
4300,-320,1000,"sd","13:25:29",19304700
4300,-320,10000,"sd","13:25:29",19303700
4300,-320,5700,"sd","13:25:29",19293700
4300,-320,100,"sd","13:25:29",19288000
4300,-320,100,"sd","13:25:29",19287900
4300,-320,1000,"sd","13:25:28",19287800
4300,-320,100,"sd","13:25:28",19286800
4300,-320,100,"sd","13:25:28",19286700
4300,-320,7000,"sd","13:25:28",19286600
4300,-320,500,"sd","13:25:28",19279600
4300,-320,300,"sd","13:25:28",19279100
4300,-320,300,"sd","13:25:28",19278800
4300,-320,1000,"sd","13:25:28",19278500
4300,-320,200,"sd","13:25:28",19277500
4300,-320,100,"sd","13:25:28",19277300
4300,-320,200,"sd","13:25:28",19277200
4300,-320,400,"sd","13:25:28",19277000
4300,-320,500,"sd","13:25:28",19276600
4300,-320,1000,"sd","13:25:28",19276100
4300,-320,100,"sd","13:25:28",19275100
4300,-320,1000,"sd","13:25:28",19275000
4300,-320,2000,"sd","13:25:28",19274000
4300,-320,1000,"sd","13:25:28",19272000
4300,-320,300,"sd","13:25:28",19271000
4300,-320,2000,"sd","13:25:28",19270700
4300,-320,700,"sd","13:25:28",19268700
4300,-320,1000,"sd","13:25:28",19268000
4300,-320,300,"sd","13:25:28",19267000
4300,-320,1000,"sd","13:25:28",19266700
4300,-320,8500,"sd","13:25:28",19265700
4300,-320,500,"sd","13:25:28",19257200
4300,-320,100,"sd","13:25:28",19256700
4300,-320,2000,"sd","13:25:28",19256600
4300,-320,1200,"sd","13:25:28",19254600
4300,-320,500,"sd","13:25:28",19253400
4300,-320,3000,"sd","13:25:28",19252900
4300,-320,300,"sd","13:25:28",19249900
4300,-320,100,"sd","13:25:28",19249600
4300,-320,100,"sd","13:25:28",19249500
4300,-320,2000,"sd","13:25:28",19249400
4300,-320,2000,"sd","13:25:28",19247400
4300,-320,900,"sd","13:25:28",19245400
4300,-320,300,"sd","13:25:28",19244500
4300,-320,500,"sd","13:25:28",19244200
4300,-320,2000,"sd","13:25:28",19243700
4300,-320,23000,"sd","13:25:28",19241700
4300,-320,100,"sd","13:25:28",19218700
4300,-320,300,"sd","13:25:28",19218600
4300,-320,20000,"sd","13:25:28",19218300
4300,-320,200,"sd","13:25:28",19198300
4300,-320,4500,"sd","13:25:28",19198100
4300,-320,1700,"sd","13:25:28",19193600
4300,-320,10000,"sd","13:25:28",19191900
4300,-320,200,"sd","13:25:28",19181900
4300,-320,1000,"sd","13:25:28",19181700
4300,-320,10000,"sd","13:25:28",19180700
4300,-320,3500,"sd","13:25:28",19170700
4300,-320,1000,"sd","13:25:28",19167200
4300,-320,10000,"sd","13:25:28",19166200
4300,-320,100,"sd","13:25:28",19156200
4300,-320,2000,"sd","13:25:28",19156100
4300,-320,100,"sd","13:25:28",19154100
4300,-320,200,"sd","13:25:28",19154000
4300,-320,10000,"sd","13:25:28",19153800
4300,-320,600,"sd","13:25:28",19143800
4300,-320,1000,"sd","13:25:28",19143200
4300,-320,100,"sd","13:25:28",19142200
4300,-320,1000,"sd","13:25:28",19142100
4300,-320,2000,"sd","13:25:28",19141100
4300,-320,1000,"sd","13:25:28",19139100
4300,-320,1100,"sd","13:25:28",19138100
4300,-320,20000,"sd","13:25:28",19137000
4300,-320,2500,"sd","13:25:28",19117000
4300,-320,400,"sd","13:25:28",19114500
4300,-320,3700,"sd","13:25:28",19114100
4300,-320,300,"sd","13:25:28",19110400
4300,-320,300,"sd","13:25:28",19110100
4300,-320,200,"sd","13:25:28",19109800
4300,-320,200,"sd","13:25:28",19109600
4300,-320,1000,"sd","13:25:28",19109400
4300,-320,500,"sd","13:25:28",19108400
4300,-320,1000,"sd","13:25:28",19107900
4300,-320,200,"sd","13:25:28",19106900
4300,-320,100,"sd","13:25:28",19106700
4300,-320,300,"sd","13:25:28",19106600
4300,-320,1000,"sd","13:25:28",19106300
4300,-320,2100,"sd","13:25:28",19105300
4300,-320,2000,"sd","13:25:28",19103200
4300,-320,300,"sd","13:25:28",19101200
4300,-320,1000,"sd","13:25:28",19100900
4300,-320,200,"sd","13:25:28",19099900
4300,-320,1000,"sd","13:25:28",19099700
4300,-320,20000,"sd","13:25:28",19098700
4300,-320,1000,"sd","13:25:28",19078700
4300,-320,200,"sd","13:25:28",19077700
4300,-320,1000,"sd","13:25:28",19077500
4300,-320,3000,"sd","13:25:28",19076500
4300,-320,100,"sd","13:25:28",19073500
4300,-320,2000,"sd","13:25:28",19073400
4300,-320,1000,"sd","13:25:28",19071400
4300,-320,1000,"sd","13:25:28",19070400
4300,-320,50000,"sd","13:25:28",19069400
4300,-320,2000,"sd","13:25:28",19019400
4300,-320,1000,"sd","13:25:28",19017400
4300,-320,4500,"sd","13:25:28",19016400
4300,-320,500,"sd","13:25:28",19011900
4300,-320,10000,"sd","13:25:28",19011400
4300,-320,3000,"sd","13:25:28",19001400
4300,-320,100,"sd","13:25:28",18998400
4300,-320,2000,"sd","13:25:28",18998300
4300,-320,100,"sd","13:25:28",18996300
4300,-320,200,"sd","13:25:28",18996200
4300,-320,3000,"sd","13:25:28",18996000
4300,-320,800,"sd","13:25:28",18993000
4300,-320,700,"sd","13:25:28",18992200
4300,-320,10000,"sd","13:25:28",18991500
4300,-320,200,"sd","13:25:28",18981500
4300,-320,1000,"sd","13:25:28",18981300
4300,-320,100,"sd","13:25:28",18980300
4300,-320,900,"sd","13:25:28",18980200
4300,-320,100,"sd","13:25:28",18979300
4300,-320,2000,"sd","13:25:25",18979200
4310,-310,1900,"bu","13:25:22",18977200
4300,-320,1900,"sd","13:25:19",18975300
4300,-320,100,"sd","13:25:19",18973400
4300,-320,1200,"sd","13:25:19",18973300
4300,-320,2000,"sd","13:25:19",18972100
4300,-320,300,"sd","13:25:19",18970100
4300,-320,100,"sd","13:25:19",18969800
4300,-320,2000,"sd","13:25:19",18969700
4300,-320,800,"sd","13:25:19",18967700
4300,-320,100,"sd","13:25:19",18966900
4300,-320,2700,"sd","13:25:19",18966800
4300,-320,1800,"sd","13:25:19",18964100
4300,-320,700,"sd","13:25:18",18962300
4300,-320,100,"sd","13:25:05",18961600
4310,-310,100,"bu","13:25:03",18961500
4300,-320,100,"sd","13:24:59",18961400
4300,-320,1000,"sd","13:24:59",18961300
4300,-320,3300,"sd","13:24:49",18960300
4300,-320,1000,"sd","13:24:49",18957000
4300,-320,200,"sd","13:24:49",18956000
4300,-320,500,"sd","13:24:49",18955800
4300,-320,1000,"sd","13:24:49",18955300
4300,-320,200,"sd","13:24:49",18954300
4300,-320,900,"sd","13:24:49",18954100
4300,-320,2900,"sd","13:24:49",18953200
4300,-320,200,"sd","13:24:45",18950300
4300,-320,200,"sd","13:24:39",18950100
4300,-320,1200,"sd","13:24:36",18949900
4300,-320,400,"sd","13:24:34",18948700
4300,-320,1600,"sd","13:24:30",18948300
4300,-320,2000,"sd","13:24:29",18946700
4300,-320,2500,"sd","13:24:25",18944700
4300,-320,800,"sd","13:24:25",18942200
4300,-320,700,"sd","13:24:25",18941400
4300,-320,1200,"sd","13:24:19",18940700
4310,-310,100,"bu","13:24:18",18939500
4300,-320,1400,"sd","13:24:18",18939400
4310,-310,1000,"bu","13:24:18",18938000
4310,-310,400,"bu","13:24:17",18937000
4310,-310,1000,"bu","13:24:15",18936600
4310,-310,800,"bu","13:24:07",18935600
4310,-310,300,"bu","13:23:56",18934800
4300,-320,6700,"sd","13:23:55",18934500
4300,-320,1000,"sd","13:23:55",18927800
4300,-320,2000,"sd","13:23:55",18926800
4300,-320,300,"sd","13:23:55",18924800
4310,-310,1000,"bu","13:23:53",18924500
4310,-310,100,"bu","13:23:53",18923500
4310,-310,2000,"bu","13:23:44",18923400
4300,-320,10000,"sd","13:23:36",18921400
4300,-320,42800,"sd","13:23:29",18911400
4300,-320,3000,"sd","13:23:27",18868600
4310,-310,1000,"bu","13:23:25",18865600
4300,-320,2000,"sd","13:23:15",18864600
4300,-320,100,"sd","13:23:07",18862600
4300,-320,1000,"sd","13:22:59",18862500
4300,-320,10000,"sd","13:22:49",18861500
4300,-320,10000,"sd","13:22:46",18851500
4300,-320,5900,"sd","13:22:43",18841500
4310,-310,300,"bu","13:22:37",18835600
4310,-310,200,"bu","13:22:37",18835300
4300,-320,10000,"sd","13:22:34",18835100
4300,-320,4900,"sd","13:22:32",18825100
4300,-320,800,"sd","13:22:32",18820200
4300,-320,2000,"sd","13:22:31",18819400
4300,-320,100,"sd","13:22:31",18817400
4300,-320,4200,"sd","13:22:31",18817300
4300,-320,2000,"sd","13:22:31",18813100
4300,-320,2000,"sd","13:22:31",18811100
4300,-320,5000,"sd","13:22:31",18809100
4300,-320,300,"sd","13:22:31",18804100
4300,-320,400,"sd","13:22:31",18803800
4300,-320,1000,"sd","13:22:31",18803400
4300,-320,900,"sd","13:22:31",18802400
4300,-320,100,"sd","13:22:31",18801500
4300,-320,200,"sd","13:22:31",18801400
4300,-320,3200,"sd","13:22:31",18801200
4300,-320,2000,"sd","13:22:31",18798000
4300,-320,29500,"sd","13:22:31",18796000
4300,-320,500,"sd","13:22:23",18766500
4300,-320,10000,"sd","13:22:18",18766000
4310,-310,800,"bu","13:22:06",18756000
4310,-310,200,"bu","13:22:06",18755200
4300,-320,100,"sd","13:22:05",18755000
4310,-310,2000,"bu","13:22:01",18754900
4310,-310,20000,"bu","13:21:46",18752900
4300,-320,9900,"sd","13:21:39",18732900
4310,-310,500,"bu","13:21:37",18723000
4300,-320,1000,"sd","13:21:36",18722500
4300,-320,3000,"sd","13:21:35",18721500
4300,-320,3000,"sd","13:21:35",18718500
4300,-320,800,"sd","13:21:35",18715500
4300,-320,1000,"sd","13:21:35",18714700
4300,-320,400,"sd","13:21:35",18713700
4300,-320,200,"sd","13:21:35",18713300
4300,-320,900,"sd","13:21:35",18713100
4300,-320,700,"sd","13:21:35",18712200
4300,-320,300,"sd","13:21:32",18711500
4300,-320,400,"sd","13:21:32",18711200
4300,-320,2000,"sd","13:21:32",18710800
4300,-320,5000,"sd","13:21:32",18708800
4300,-320,2000,"sd","13:21:32",18703800
4300,-320,2000,"sd","13:21:32",18701800
4300,-320,1000,"sd","13:21:32",18699800
4300,-320,500,"sd","13:21:32",18698800
4300,-320,100,"sd","13:21:32",18698300
4300,-320,1000,"sd","13:21:32",18698200
4300,-320,100,"sd","13:21:32",18697200
4300,-320,100,"sd","13:21:32",18697100
4300,-320,100,"sd","13:21:32",18697000
4300,-320,100,"sd","13:21:32",18696900
4300,-320,1000,"sd","13:21:32",18696800
4300,-320,10000,"sd","13:21:32",18695800
4300,-320,200,"sd","13:21:32",18685800
4300,-320,500,"sd","13:21:32",18685600
4300,-320,1700,"sd","13:21:32",18685100
4300,-320,1000,"sd","13:21:32",18683400
4300,-320,900,"sd","13:21:32",18682400
4310,-310,100,"bu","13:21:20",18681500
4310,-310,200,"bu","13:21:19",18681400
4300,-320,200,"sd","13:21:18",18681200
4300,-320,6900,"sd","13:21:17",18681000
4300,-320,1100,"sd","13:21:17",18674100
4300,-320,2000,"sd","13:21:17",18673000
4300,-320,500,"sd","13:21:12",18671000
4300,-320,1000,"sd","13:21:12",18670500
4300,-320,3000,"sd","13:21:12",18669500
4300,-320,500,"sd","13:21:12",18666500
4300,-320,1000,"sd","13:21:12",18666000
4300,-320,2000,"sd","13:21:12",18665000
4300,-320,3000,"sd","13:21:01",18663000
4300,-320,400,"sd","13:21:01",18660000
4300,-320,100,"sd","13:21:01",18659600
4300,-320,1000,"sd","13:21:01",18659500
4300,-320,500,"sd","13:21:01",18658500
4300,-320,5000,"sd","13:21:01",18658000
4310,-310,300,"bu","13:21:01",18653000
4300,-320,800,"sd","13:20:52",18652700
4300,-320,400,"sd","13:20:52",18651900
4300,-320,500,"sd","13:20:51",18651500
4310,-310,1000,"bu","13:20:50",18651000
4300,-320,3300,"sd","13:20:42",18650000
4300,-320,500,"sd","13:20:42",18646700
4300,-320,1000,"sd","13:20:42",18646200
4300,-320,3000,"sd","13:20:42",18645200
4300,-320,100,"sd","13:20:42",18642200
4300,-320,3000,"sd","13:20:42",18642100
4300,-320,100,"sd","13:20:42",18639100
4300,-320,1800,"sd","13:20:42",18639000
4300,-320,300,"sd","13:20:42",18637200
4300,-320,1000,"sd","13:20:42",18636900
4300,-320,1000,"sd","13:20:42",18635900
4300,-320,500,"sd","13:20:42",18634900
4300,-320,1300,"sd","13:20:42",18634400
4300,-320,100,"sd","13:20:42",18633100
4300,-320,500,"sd","13:20:42",18633000
4300,-320,500,"sd","13:20:42",18632500
4300,-320,600,"sd","13:20:42",18632000
4300,-320,1000,"sd","13:20:42",18631400
4300,-320,200,"sd","13:20:42",18630400
4300,-320,500,"sd","13:20:42",18630200
4300,-320,700,"sd","13:20:42",18629700
4300,-320,1000,"sd","13:20:42",18629000
4300,-320,1000,"sd","13:20:42",18628000
4300,-320,2000,"sd","13:20:42",18627000
4300,-320,900,"sd","13:20:42",18625000
4300,-320,2300,"sd","13:20:42",18624100
4300,-320,500,"sd","13:20:42",18621800
4300,-320,10000,"sd","13:20:42",18621300
4300,-320,500,"sd","13:20:42",18611300
4300,-320,10000,"sd","13:20:42",18610800
4300,-320,2000,"sd","13:20:42",18600800
4300,-320,10000,"sd","13:20:42",18598800
4300,-320,400,"sd","13:20:42",18588800
4300,-320,4000,"sd","13:20:42",18588400
4300,-320,5000,"sd","13:20:42",18584400
4300,-320,2000,"sd","13:20:42",18579400
4300,-320,1500,"sd","13:20:42",18577400
4300,-320,100,"sd","13:20:42",18575900
4300,-320,200,"sd","13:20:42",18575800
4300,-320,500,"sd","13:20:42",18575600
4300,-320,500,"sd","13:20:42",18575100
4300,-320,700,"sd","13:20:42",18574600
4300,-320,100,"sd","13:20:42",18573900
4300,-320,1000,"sd","13:20:42",18573800
4300,-320,500,"sd","13:20:42",18572800
4300,-320,900,"sd","13:20:42",18572300
4300,-320,300,"sd","13:20:42",18571400
4300,-320,10000,"sd","13:20:42",18571100
4300,-320,1000,"sd","13:20:42",18561100
4300,-320,1000,"sd","13:20:42",18560100
4300,-320,100,"sd","13:20:42",18559100
4300,-320,10000,"sd","13:20:42",18559000
4300,-320,19000,"sd","13:20:42",18549000
4300,-320,4100,"sd","13:20:40",18530000
4300,-320,10000,"sd","13:20:40",18525900
4300,-320,900,"sd","13:20:40",18515900
4300,-320,300,"sd","13:20:39",18515000
4300,-320,1800,"sd","13:20:38",18514700
4300,-320,200,"sd","13:20:38",18512900
4300,-320,300,"sd","13:20:36",18512700
4300,-320,2000,"sd","13:20:36",18512400
4300,-320,300,"sd","13:20:36",18510400
4300,-320,3000,"sd","13:20:36",18510100
4300,-320,500,"sd","13:20:36",18507100
4300,-320,500,"sd","13:20:36",18506600
4300,-320,3500,"sd","13:20:36",18506100
4300,-320,100,"sd","13:20:36",18502600
4300,-320,8800,"sd","13:20:36",18502500
4300,-320,1000,"sd","13:20:30",18493700
4300,-320,200,"sd","13:20:15",18492700
4300,-320,100,"sd","13:20:15",18492500
4300,-320,2900,"sd","13:20:14",18492400
4300,-320,300,"sd","13:20:14",18489500
4300,-320,700,"sd","13:20:10",18489200
4300,-320,100,"sd","13:20:10",18488500
4300,-320,100,"sd","13:20:10",18488400
4300,-320,9100,"sd","13:20:10",18488300
4310,-310,100,"bu","13:20:10",18479200
4300,-320,900,"sd","13:20:09",18479100
4300,-320,100,"sd","13:20:09",18478200
4300,-320,400,"sd","13:20:09",18478100
4300,-320,1000,"sd","13:20:09",18477700
4300,-320,1600,"sd","13:20:09",18476700
4310,-310,1000,"bu","13:20:08",18475100
4300,-320,100,"sd","13:20:02",18474100
4300,-320,4000,"sd","13:19:59",18474000
4300,-320,4000,"sd","13:19:54",18470000
4300,-320,300,"sd","13:19:52",18466000
4300,-320,200,"sd","13:19:52",18465700
4300,-320,300,"sd","13:19:51",18465500
4300,-320,500,"sd","13:19:46",18465200
4300,-320,500,"sd","13:19:46",18464700
4300,-320,100,"sd","13:19:46",18464200
4300,-320,100,"sd","13:19:46",18464100
4300,-320,500,"sd","13:19:46",18464000
4300,-320,100,"sd","13:19:46",18463500
4300,-320,300,"sd","13:19:46",18463400
4300,-320,100,"sd","13:19:46",18463100
4300,-320,500,"sd","13:19:46",18463000
4300,-320,4700,"sd","13:19:46",18462500
4300,-320,300,"sd","13:19:44",18457800
4300,-320,200,"sd","13:19:44",18457500
4300,-320,2000,"sd","13:19:44",18457300
4300,-320,1300,"sd","13:19:44",18455300
4300,-320,1700,"sd","13:19:43",18454000
4300,-320,200,"sd","13:19:43",18452300
4300,-320,500,"sd","13:19:43",18452100
4300,-320,5800,"sd","13:19:43",18451600
4310,-310,100,"bu","13:19:41",18445800
4300,-320,300,"sd","13:19:38",18445700
4310,-310,1200,"bu","13:19:38",18445400
4300,-320,3900,"sd","13:19:34",18444200
4300,-320,300,"sd","13:19:34",18440300
4300,-320,3000,"sd","13:19:34",18440000
4300,-320,3000,"sd","13:19:34",18437000
4300,-320,500,"sd","13:19:34",18434000
4300,-320,100,"sd","13:19:34",18433500
4300,-320,200,"sd","13:19:34",18433400
4300,-320,100,"sd","13:19:34",18433200
4300,-320,3000,"sd","13:19:34",18433100
4300,-320,2000,"sd","13:19:34",18430100
4300,-320,1000,"sd","13:19:34",18428100
4300,-320,100,"sd","13:19:34",18427100
4300,-320,2000,"sd","13:19:34",18427000
4300,-320,200,"sd","13:19:34",18425000
4300,-320,500,"sd","13:19:34",18424800
4300,-320,100,"sd","13:19:34",18424300
4300,-320,9900,"sd","13:19:26",18424200
4300,-320,1000,"sd","13:19:26",18414300
4300,-320,100,"sd","13:19:26",18413300
4300,-320,1000,"sd","13:19:26",18413200
4310,-310,200,"bu","13:19:26",18412200
4300,-320,1000,"sd","13:19:17",18412000
4300,-320,2000,"sd","13:19:14",18411000
4310,-310,1000,"bu","13:18:57",18409000
4310,-310,2300,"bu","13:18:45",18408000
4310,-310,1000,"bu","13:18:45",18405700
4310,-310,100,"bu","13:18:45",18404700
4310,-310,2000,"bu","13:18:45",18404600
4310,-310,4600,"bu","13:18:45",18402600
4310,-310,1100,"bu","13:18:44",18398000
4310,-310,1600,"bu","13:18:44",18396900
4300,-320,3000,"sd","13:18:44",18395300
4310,-310,2700,"bu","13:18:41",18392300
4310,-310,2300,"bu","13:18:41",18389600
4310,-310,500,"bu","13:18:34",18387300
4300,-320,2000,"sd","13:18:33",18386800
4300,-320,400,"sd","13:18:32",18384800
4300,-320,100,"sd","13:18:30",18384400
4300,-320,100,"sd","13:18:23",18384300
4310,-310,100,"bu","13:18:20",18384200
4310,-310,500,"bu","13:18:20",18384100
4300,-320,400,"sd","13:18:19",18383600
4300,-320,200,"sd","13:18:19",18383200
4300,-320,100,"sd","13:18:19",18383000
4300,-320,200,"sd","13:18:15",18382900
4300,-320,500,"sd","13:18:15",18382700
4300,-320,300,"sd","13:18:15",18382200
4310,-310,5000,"bu","13:18:14",18381900
4310,-310,3000,"bu","13:18:09",18376900
4300,-320,1000,"sd","13:18:09",18373900
4300,-320,700,"sd","13:18:02",18372900
4300,-320,300,"sd","13:18:02",18372200
4300,-320,2000,"sd","13:17:58",18371900
4310,-310,300,"bu","13:17:55",18369900
4300,-320,2100,"sd","13:17:53",18369600
4300,-320,1100,"sd","13:17:51",18367500
4300,-320,100,"sd","13:17:51",18366400
4300,-320,300,"sd","13:17:51",18366300
4300,-320,17800,"sd","13:17:51",18366000
4300,-320,3600,"sd","13:17:49",18348200
4310,-310,400,"bu","13:17:49",18344600
4300,-320,300,"sd","13:17:42",18344200
4300,-320,1000,"sd","13:17:40",18343900
4300,-320,400,"sd","13:17:36",18342900
4300,-320,700,"sd","13:17:35",18342500
4300,-320,500,"sd","13:17:35",18341800
4300,-320,1500,"sd","13:17:32",18341300
4300,-320,9900,"sd","13:17:28",18339800
4300,-320,10000,"sd","13:17:25",18329900
4300,-320,10000,"bu","13:17:18",18319900
4300,-320,1000,"bu","13:17:18",18309900
4300,-320,10000,"bu","13:17:17",18308900
4300,-320,11200,"bu","13:17:17",18298900
4300,-320,200,"bu","13:17:17",18287700
4300,-320,10000,"bu","13:17:17",18287500
4300,-320,5700,"bu","13:17:17",18277500
4300,-320,600,"bu","13:17:17",18271800
4300,-320,1000,"bu","13:17:17",18271200
4300,-320,1000,"bu","13:17:17",18270200
4300,-320,3600,"bu","13:17:17",18269200
4300,-320,2000,"bu","13:17:17",18265600
4300,-320,100,"bu","13:17:17",18263600
4300,-320,300,"bu","13:17:17",18263500
4300,-320,3000,"bu","13:17:16",18263200
4300,-320,20000,"bu","13:17:16",18260200
4300,-320,1000,"bu","13:17:16",18240200
4300,-320,4000,"bu","13:17:16",18239200
4300,-320,1000,"bu","13:17:16",18235200
4300,-320,100,"bu","13:17:15",18234200
4300,-320,600,"bu","13:17:15",18234100
4300,-320,100,"bu","13:17:15",18233500
4300,-320,5000,"bu","13:17:15",18233400
4300,-320,1000,"bu","13:17:15",18228400
4300,-320,2900,"bu","13:17:15",18227400
4300,-320,300,"bu","13:17:15",18224500
4300,-320,1800,"bu","13:17:15",18224200
4300,-320,3000,"bu","13:17:15",18222400
4300,-320,200,"bu","13:17:15",18219400
4300,-320,1000,"bu","13:17:14",18219200
4300,-320,100,"bu","13:17:14",18218200
4300,-320,700,"bu","13:17:14",18218100
4300,-320,4300,"bu","13:17:14",18217400
4300,-320,700,"bu","13:17:14",18213100
4300,-320,300,"bu","13:17:14",18212400
4300,-320,100,"bu","13:17:13",18212100
4300,-320,100,"bu","13:17:13",18212000
4300,-320,100,"bu","13:17:13",18211900
4300,-320,300,"bu","13:17:13",18211800
4300,-320,200,"bu","13:17:13",18211500
4300,-320,1500,"bu","13:17:13",18211300
4300,-320,500,"bu","13:17:13",18209800
4300,-320,100,"bu","13:17:13",18209300
4300,-320,100,"bu","13:17:13",18209200
4300,-320,2100,"bu","13:17:12",18209100
4300,-320,5000,"bu","13:17:12",18207000
4300,-320,3300,"bu","13:17:11",18202000
4300,-320,200,"bu","13:17:11",18198700
4300,-320,1500,"bu","13:17:11",18198500
4300,-320,1000,"bu","13:17:11",18197000
4300,-320,2500,"bu","13:17:11",18196000
4300,-320,2700,"bu","13:17:11",18193500
4300,-320,2000,"bu","13:17:11",18190800
4300,-320,800,"bu","13:17:11",18188800
4300,-320,2000,"bu","13:17:11",18188000
4300,-320,5000,"bu","13:17:11",18186000
4300,-320,200,"bu","13:17:10",18181000
4300,-320,3000,"bu","13:17:10",18180800
4300,-320,400,"bu","13:17:10",18177800
4300,-320,200,"bu","13:17:09",18177400
4300,-320,10000,"bu","13:17:08",18177200
4300,-320,200,"bu","13:17:08",18167200
4300,-320,2800,"bu","13:17:08",18167000
4300,-320,100,"bu","13:17:08",18164200
4300,-320,200,"bu","13:17:08",18164100
4300,-320,1000,"bu","13:17:07",18163900
4300,-320,1000,"bu","13:17:07",18162900
4300,-320,5000,"bu","13:17:06",18161900
4300,-320,1000,"bu","13:17:06",18156900
4300,-320,500,"bu","13:17:05",18155900
4300,-320,800,"bu","13:17:05",18155400
4300,-320,1000,"bu","13:17:05",18154600
4300,-320,3200,"bu","13:17:04",18153600
4300,-320,600,"bu","13:17:04",18150400
4300,-320,200,"bu","13:17:04",18149800
4300,-320,1000,"bu","13:17:04",18149600
4300,-320,500,"bu","13:17:02",18148600
4300,-320,100,"bu","13:17:02",18148100
4300,-320,20000,"bu","13:17:00",18148000
4300,-320,1000,"bu","13:16:59",18128000
4300,-320,200,"bu","13:16:59",18127000
4300,-320,10000,"bu","13:16:59",18126800
4300,-320,2000,"bu","13:16:58",18116800
4300,-320,2000,"bu","13:16:57",18114800
4300,-320,200,"bu","13:16:56",18112800
4300,-320,2000,"bu","13:16:56",18112600
4300,-320,200,"bu","13:16:55",18110600
4300,-320,3900,"bu","13:16:53",18110400
4300,-320,200,"bu","13:16:53",18106500
4300,-320,1000,"bu","13:16:53",18106300
4300,-320,300,"bu","13:16:53",18105300
4300,-320,2000,"bu","13:16:52",18105000
4300,-320,300,"bu","13:16:52",18103000
4300,-320,1000,"bu","13:16:51",18102700
4300,-320,500,"bu","13:16:50",18101700
4300,-320,2000,"bu","13:16:49",18101200
4300,-320,1000,"bu","13:16:47",18099200
4300,-320,400,"bu","13:16:47",18098200
4300,-320,200,"bu","13:16:46",18097800
4300,-320,9600,"bu","13:16:46",18097600
4300,-320,10000,"bu","13:16:46",18088000
4300,-320,400,"bu","13:16:46",18078000
4300,-320,10000,"bu","13:16:46",18077600
4300,-320,1000,"bu","13:16:43",18067600
4300,-320,26000,"bu","13:16:43",18066600
4300,-320,200,"bu","13:16:41",18040600
4300,-320,200,"bu","13:16:41",18040400
4300,-320,100,"bu","13:16:40",18040200
4300,-320,300,"bu","13:16:39",18040100
4300,-320,1000,"bu","13:16:38",18039800
4300,-320,500,"bu","13:16:37",18038800
4300,-320,100,"bu","13:16:36",18038300
4300,-320,100,"bu","13:16:35",18038200
4300,-320,1000,"bu","13:16:35",18038100
4300,-320,4100,"bu","13:16:35",18037100
4300,-320,1000,"bu","13:16:32",18033000
4300,-320,500,"bu","13:16:30",18032000
4300,-320,100,"bu","13:16:29",18031500
4300,-320,1000,"bu","13:16:28",18031400
4300,-320,2000,"bu","13:16:27",18030400
4300,-320,100,"bu","13:16:27",18028400
4300,-320,2000,"bu","13:16:26",18028300
4300,-320,300,"bu","13:16:26",18026300
4300,-320,1000,"bu","13:16:26",18026000
4300,-320,100,"bu","13:16:25",18025000
4300,-320,11300,"bu","13:16:25",18024900
4300,-320,300,"bu","13:16:24",18013600
4300,-320,3100,"bu","13:16:24",18013300
4300,-320,500,"bu","13:16:24",18010200
4300,-320,100,"bu","13:16:23",18009700
4300,-320,100,"bu","13:16:23",18009600
4300,-320,3000,"bu","13:16:22",18009500
4300,-320,200,"bu","13:16:22",18006500
4300,-320,500,"bu","13:16:20",18006300
4300,-320,100,"bu","13:16:17",18005800
4300,-320,1000,"bu","13:16:17",18005700
4300,-320,2000,"bu","13:16:16",18004700
4300,-320,100,"bu","13:16:15",18002700
4300,-320,500,"bu","13:16:15",18002600
4300,-320,200,"bu","13:16:14",18002100
4300,-320,11200,"bu","13:16:14",18001900
4300,-320,500,"bu","13:16:14",17990700
4300,-320,10000,"bu","13:16:14",17990200
4300,-320,200,"bu","13:16:13",17980200
4300,-320,500,"bu","13:16:08",17980000
4300,-320,100,"bu","13:16:08",17979500
4300,-320,500,"bu","13:16:07",17979400
4300,-320,100,"bu","13:16:05",17978900
4300,-320,1200,"bu","13:16:05",17978800
4300,-320,5300,"bu","13:16:05",17977600
4300,-320,3500,"bu","13:16:05",17972300
4300,-320,200,"bu","13:16:04",17968800
4300,-320,1000,"bu","13:16:03",17968600
4300,-320,100,"bu","13:16:03",17967600
4300,-320,400,"bu","13:16:01",17967500
4300,-320,800,"bu","13:16:01",17967100
4300,-320,1000,"bu","13:16:00",17966300
4300,-320,100,"bu","13:15:59",17965300
4300,-320,500,"bu","13:15:59",17965200
4300,-320,2000,"bu","13:15:56",17964700
4300,-320,5000,"bu","13:15:56",17962700
4300,-320,1000,"bu","13:15:54",17957700
4300,-320,1000,"bu","13:15:54",17956700
4300,-320,1000,"bu","13:15:54",17955700
4300,-320,100,"bu","13:15:51",17954700
4300,-320,200,"bu","13:15:50",17954600
4300,-320,100,"bu","13:15:50",17954400
4300,-320,1000,"bu","13:15:49",17954300
4300,-320,3000,"bu","13:15:48",17953300
4300,-320,3500,"bu","13:15:48",17950300
4300,-320,1000,"bu","13:15:47",17946800
4300,-320,1500,"bu","13:15:46",17945800
4300,-320,500,"bu","13:15:45",17944300
4300,-320,100,"bu","13:15:44",17943800
4300,-320,1000,"bu","13:15:43",17943700
4300,-320,1000,"bu","13:15:43",17942700
4300,-320,5000,"bu","13:15:43",17941700
4300,-320,2000,"bu","13:15:40",17936700
4300,-320,1000,"bu","13:15:38",17934700
4300,-320,100,"bu","13:15:37",17933700
4300,-320,100,"bu","13:15:36",17933600
4300,-320,100,"bu","13:15:35",17933500
4300,-320,100,"bu","13:15:34",17933400
4300,-320,1000,"bu","13:15:30",17933300
4300,-320,1000,"bu","13:15:30",17932300
4300,-320,100,"bu","13:15:30",17931300
4300,-320,100,"bu","13:15:30",17931200
4300,-320,600,"bu","13:15:30",17931100
4300,-320,200,"bu","13:15:27",17930500
4300,-320,1000,"bu","13:15:26",17930300
4300,-320,1400,"bu","13:15:26",17929300
4300,-320,100,"bu","13:15:26",17927900
4300,-320,400,"bu","13:15:26",17927800
4300,-320,200,"bu","13:15:25",17927400
4300,-320,2300,"bu","13:15:24",17927200
4300,-320,100,"bu","13:15:22",17924900
4300,-320,1000,"bu","13:15:22",17924800
4300,-320,100,"bu","13:15:21",17923800
4300,-320,3000,"bu","13:15:21",17923700
4300,-320,3000,"sd","13:15:19",17920700
4300,-320,2000,"sd","13:15:19",17917700
4300,-320,200,"sd","13:15:19",17915700
4300,-320,500,"sd","13:15:19",17915500
4300,-320,1000,"sd","13:15:19",17915000
4300,-320,100,"sd","13:15:19",17914000
4300,-320,100,"sd","13:15:19",17913900
4300,-320,200,"sd","13:15:19",17913800
4300,-320,10000,"sd","13:15:19",17913600
4300,-320,2000,"sd","13:15:19",17903600
4300,-320,1000,"sd","13:15:19",17901600
4300,-320,500,"sd","13:15:19",17900600
4300,-320,300,"sd","13:15:19",17900100
4300,-320,1000,"sd","13:15:19",17899800
4300,-320,1500,"sd","13:15:19",17898800
4300,-320,7200,"sd","13:15:19",17897300
4300,-320,1000,"sd","13:15:19",17890100
4300,-320,100,"sd","13:15:19",17889100
4300,-320,500,"sd","13:15:19",17889000
4300,-320,800,"sd","13:15:19",17888500
4300,-320,100,"sd","13:15:19",17887700
4300,-320,300,"sd","13:15:19",17887600
4300,-320,500,"sd","13:15:19",17887300
4300,-320,500,"sd","13:15:19",17886800
4300,-320,100,"sd","13:15:19",17886300
4300,-320,700,"sd","13:15:19",17886200
4300,-320,500,"sd","13:15:19",17885500
4300,-320,1000,"sd","13:15:19",17885000
4300,-320,100,"sd","13:15:19",17884000
4300,-320,3000,"sd","13:15:19",17883900
4300,-320,100,"sd","13:15:19",17880900
4300,-320,2000,"sd","13:15:19",17880800
4300,-320,6500,"sd","13:15:19",17878800
4300,-320,43500,"sd","13:15:18",17872300
4300,-320,500,"sd","13:15:18",17828800
4300,-320,700,"sd","13:15:18",17828300
4300,-320,500,"sd","13:15:18",17827600
4300,-320,2000,"sd","13:15:18",17827100
4300,-320,300,"sd","13:15:18",17825100
4300,-320,2000,"sd","13:15:18",17824800
4300,-320,200,"sd","13:15:18",17822800
4300,-320,200,"sd","13:15:18",17822600
4300,-320,28600,"sd","13:15:18",17822400
4300,-320,500,"sd","13:15:18",17793800
4300,-320,5000,"sd","13:15:18",17793300
4300,-320,1000,"sd","13:15:18",17788300
4300,-320,200,"sd","13:15:18",17787300
4300,-320,200,"sd","13:15:18",17787100
4300,-320,500,"sd","13:15:18",17786900
4300,-320,100,"sd","13:15:18",17786400
4300,-320,800,"sd","13:15:18",17786300
4300,-320,200,"sd","13:15:18",17785500
4300,-320,700,"sd","13:15:18",17785300
4300,-320,200,"sd","13:15:18",17784600
4300,-320,500,"sd","13:15:18",17784400
4300,-320,200,"sd","13:15:18",17783900
4300,-320,500,"sd","13:15:18",17783700
4300,-320,200,"sd","13:15:18",17783200
4300,-320,2100,"sd","13:15:18",17783000
4300,-320,100,"sd","13:15:18",17780900
4300,-320,300,"sd","13:15:18",17780800
4300,-320,400,"sd","13:15:18",17780500
4300,-320,400,"sd","13:15:18",17780100
4300,-320,500,"sd","13:15:18",17779700
4300,-320,500,"sd","13:15:18",17779200
4300,-320,400,"sd","13:15:18",17778700
4300,-320,3000,"sd","13:15:18",17778300
4300,-320,400,"sd","13:15:18",17775300
4300,-320,200,"sd","13:15:18",17774900
4300,-320,500,"sd","13:15:18",17774700
4300,-320,100,"sd","13:15:18",17774200
4300,-320,5400,"sd","13:15:18",17774100
4300,-320,100,"sd","13:15:18",17768700
4300,-320,1000,"sd","13:15:18",17768600
4300,-320,100,"sd","13:15:18",17767600
4300,-320,100,"sd","13:15:18",17767500
4300,-320,300,"sd","13:15:18",17767400
4300,-320,100,"sd","13:15:18",17767100
4300,-320,400,"sd","13:15:18",17767000
4300,-320,100,"sd","13:15:18",17766600
4300,-320,3000,"sd","13:15:18",17766500
4300,-320,1400,"sd","13:15:18",17763500
4300,-320,300,"sd","13:15:18",17762100
4300,-320,300,"sd","13:15:18",17761800
4300,-320,1000,"sd","13:15:18",17761500
4300,-320,3900,"sd","13:15:18",17760500
4300,-320,100,"sd","13:15:18",17756600
4300,-320,5000,"sd","13:15:18",17756500
4300,-320,1000,"sd","13:15:18",17751500
4300,-320,100,"sd","13:15:18",17750500
4300,-320,200,"sd","13:15:18",17750400
4300,-320,20000,"sd","13:15:18",17750200
4300,-320,200,"sd","13:15:18",17730200
4300,-320,500,"sd","13:15:18",17730000
4300,-320,200,"sd","13:15:18",17729500
4300,-320,300,"sd","13:15:18",17729300
4300,-320,500,"sd","13:15:18",17729000
4300,-320,3000,"sd","13:15:18",17728500
4300,-320,200,"sd","13:15:18",17725500
4300,-320,1700,"sd","13:15:18",17725300
4300,-320,300,"sd","13:15:18",17723600
4300,-320,1000,"sd","13:15:18",17723300
4300,-320,100,"sd","13:15:18",17722300
4300,-320,1500,"sd","13:15:18",17722200
4300,-320,5700,"sd","13:15:18",17720700
4300,-320,300,"sd","13:15:18",17715000
4300,-320,3000,"sd","13:15:18",17714700
4300,-320,500,"sd","13:15:18",17711700
4300,-320,300,"sd","13:15:18",17711200
4300,-320,1000,"sd","13:15:18",17710900
4300,-320,2000,"sd","13:15:18",17709900
4300,-320,20000,"sd","13:15:18",17707900
4300,-320,1000,"sd","13:15:18",17687900
4300,-320,100,"sd","13:15:18",17686900
4300,-320,600,"sd","13:15:18",17686800
4300,-320,2500,"sd","13:15:18",17686200
4300,-320,100,"sd","13:15:18",17683700
4300,-320,1000,"sd","13:15:18",17683600
4300,-320,1000,"sd","13:15:18",17682600
4300,-320,500,"sd","13:15:18",17681600
4300,-320,8800,"sd","13:15:18",17681100
4300,-320,700,"sd","13:15:18",17672300
4300,-320,10000,"sd","13:15:16",17671600
4300,-320,100,"sd","13:15:16",17661600
4300,-320,400,"sd","13:15:11",17661500
4300,-320,700,"sd","13:15:11",17661100
4300,-320,300,"sd","13:15:10",17660400
4300,-320,500,"sd","13:15:10",17660100
4300,-320,2000,"sd","13:15:10",17659600
4300,-320,200,"sd","13:15:10",17657600
4310,-310,100,"bu","13:15:10",17657400
4300,-320,300,"sd","13:15:10",17657300
4300,-320,700,"sd","13:15:10",17657000
4300,-320,3600,"sd","13:15:09",17656300
4300,-320,4000,"sd","13:15:09",17652700
4300,-320,2000,"sd","13:15:09",17648700
4300,-320,3000,"sd","13:15:08",17646700
4300,-320,300,"sd","13:15:08",17643700
4300,-320,700,"sd","13:15:08",17643400
4300,-320,1800,"sd","13:15:08",17642700
4300,-320,400,"sd","13:15:08",17640900
4300,-320,2800,"sd","13:15:08",17640500
4300,-320,200,"sd","13:15:07",17637700
4300,-320,300,"sd","13:15:06",17637500
4300,-320,100,"sd","13:15:06",17637200
4300,-320,500,"sd","13:15:06",17637100
4300,-320,9000,"sd","13:15:06",17636600
4300,-320,1000,"sd","13:15:06",17627600
4300,-320,2000,"sd","13:15:06",17626600
4300,-320,20000,"sd","13:15:06",17624600
4300,-320,200,"sd","13:15:06",17604600
4300,-320,10000,"sd","13:15:06",17604400
4300,-320,500,"sd","13:15:06",17594400
4300,-320,100,"sd","13:15:06",17593900
4300,-320,1900,"sd","13:15:06",17593800
4300,-320,200,"sd","13:15:06",17591900
4300,-320,600,"sd","13:15:06",17591700
4300,-320,200,"sd","13:15:06",17591100
4300,-320,200,"sd","13:15:06",17590900
4300,-320,2000,"sd","13:15:06",17590700
4300,-320,500,"sd","13:15:06",17588700
4300,-320,1000,"sd","13:15:06",17588200
4300,-320,1000,"sd","13:15:06",17587200
4300,-320,200,"sd","13:15:06",17586200
4300,-320,200,"sd","13:15:06",17586000
4300,-320,700,"sd","13:15:06",17585800
4300,-320,1500,"sd","13:15:06",17585100
4300,-320,300,"sd","13:15:06",17583600
4300,-320,100,"sd","13:15:06",17583300
4300,-320,4800,"sd","13:15:06",17583200
4300,-320,800,"sd","13:15:06",17578400
4300,-320,1300,"sd","13:15:06",17577600
4300,-320,7900,"sd","13:15:06",17576300
4300,-320,100,"sd","13:15:06",17568400
4300,-320,700,"sd","13:15:06",17568300
4300,-320,1000,"sd","13:15:06",17567600
4300,-320,1000,"sd","13:15:06",17566600
4300,-320,200,"sd","13:15:06",17565600
4300,-320,1000,"sd","13:15:06",17565400
4300,-320,200,"sd","13:15:06",17564400
4300,-320,2000,"sd","13:15:06",17564200
4300,-320,200,"sd","13:15:06",17562200
4300,-320,500,"sd","13:15:06",17562000
4300,-320,1500,"sd","13:15:06",17561500
4300,-320,200,"sd","13:15:06",17560000
4300,-320,2100,"sd","13:15:06",17559800
4300,-320,21400,"sd","13:15:06",17557700
4300,-320,11000,"sd","13:15:05",17536300
4300,-320,1000,"sd","13:15:04",17525300
4300,-320,18600,"sd","13:15:03",17524300
4300,-320,500,"sd","13:15:03",17505700
4300,-320,1000,"sd","13:15:03",17505200
4300,-320,200,"sd","13:15:03",17504200
4300,-320,2000,"sd","13:15:03",17504000
4300,-320,1000,"sd","13:15:03",17502000
4300,-320,1000,"sd","13:15:03",17501000
4300,-320,100,"sd","13:15:03",17500000
4300,-320,1000,"sd","13:15:03",17499900
4300,-320,900,"sd","13:15:03",17498900
4300,-320,2000,"sd","13:15:03",17498000
4300,-320,100,"sd","13:15:03",17496000
4300,-320,1000,"sd","13:15:03",17495900
4300,-320,1000,"sd","13:15:03",17494900
4300,-320,200,"sd","13:15:03",17493900
4300,-320,3900,"sd","13:15:03",17493700
4300,-320,5000,"sd","13:15:02",17489800
4300,-320,1000,"sd","13:15:02",17484800
4300,-320,100,"sd","13:15:02",17483800
4300,-320,100,"sd","13:15:02",17483700
4300,-320,100,"sd","13:15:02",17483600
4300,-320,2000,"sd","13:15:02",17483500
4300,-320,1000,"sd","13:15:02",17481500
4300,-320,200,"sd","13:15:02",17480500
4300,-320,500,"sd","13:15:02",17480300
4300,-320,2400,"sd","13:15:02",17479800
4300,-320,500,"sd","13:15:02",17477400
4300,-320,200,"sd","13:15:02",17476900
4300,-320,1000,"sd","13:15:02",17476700
4300,-320,2000,"sd","13:15:02",17475700
4300,-320,100,"sd","13:15:02",17473700
4300,-320,1000,"sd","13:15:02",17473600
4300,-320,1500,"sd","13:15:02",17472600
4300,-320,500,"sd","13:15:02",17471100
4300,-320,200,"sd","13:15:02",17470600
4300,-320,300,"sd","13:15:01",17470400
4300,-320,200,"sd","13:15:01",17470100
4300,-320,100,"sd","13:15:01",17469900
4300,-320,6800,"sd","13:15:01",17469800
4310,-310,400,"bu","13:14:59",17463000
4300,-320,7000,"sd","13:14:58",17462600
4300,-320,2200,"sd","13:14:58",17455600
4300,-320,200,"sd","13:14:58",17453400
4300,-320,500,"sd","13:14:58",17453200
4300,-320,200,"sd","13:14:58",17452700
4300,-320,1000,"sd","13:14:58",17452500
4300,-320,500,"sd","13:14:58",17451500
4300,-320,100,"sd","13:14:58",17451000
4300,-320,300,"sd","13:14:58",17450900
4300,-320,1000,"sd","13:14:58",17450600
4300,-320,3300,"sd","13:14:58",17449600
4300,-320,16100,"sd","13:14:58",17446300
4300,-320,400,"sd","13:14:57",17430200
4300,-320,400,"sd","13:14:57",17429800
4300,-320,8000,"sd","13:14:57",17429400
4300,-320,5600,"sd","13:14:57",17421400
4300,-320,33000,"sd","13:14:57",17415800
4300,-320,7400,"sd","13:14:56",17382800
4300,-320,12300,"sd","13:14:56",17375400
4300,-320,400,"sd","13:14:56",17363100
4300,-320,1800,"sd","13:14:56",17362700
4300,-320,1000,"sd","13:14:56",17360900
4300,-320,1000,"sd","13:14:56",17359900
4300,-320,200,"sd","13:14:56",17358900
4300,-320,200,"sd","13:14:56",17358700
4300,-320,300,"sd","13:14:56",17358500
4300,-320,200,"sd","13:14:56",17358200
4300,-320,1300,"sd","13:14:56",17358000
4300,-320,2000,"sd","13:14:56",17356700
4300,-320,100,"sd","13:14:56",17354700
4300,-320,3800,"sd","13:14:56",17354600
4300,-320,2000,"sd","13:14:56",17350800
4300,-320,7100,"sd","13:14:56",17348800
4300,-320,900,"sd","13:14:56",17341700
4300,-320,100,"sd","13:14:56",17340800
4300,-320,1400,"sd","13:14:55",17340700
4300,-320,1000,"sd","13:14:55",17339300
4300,-320,100,"sd","13:14:55",17338300
4300,-320,200,"sd","13:14:55",17338200
4300,-320,700,"sd","13:14:55",17338000
4310,-310,2500,"bu","13:14:55",17337300
4300,-320,300,"sd","13:14:55",17334800
4300,-320,200,"sd","13:14:55",17334500
4300,-320,2000,"sd","13:14:55",17334300
4300,-320,300,"sd","13:14:55",17332300
4300,-320,500,"sd","13:14:55",17332000
4300,-320,2000,"sd","13:14:55",17331500
4300,-320,100,"sd","13:14:55",17329500
4300,-320,100,"sd","13:14:55",17329400
4300,-320,1000,"sd","13:14:55",17329300
4300,-320,500,"sd","13:14:55",17328300
4300,-320,2000,"sd","13:14:55",17327800
4300,-320,900,"sd","13:14:55",17325800
4300,-320,500,"sd","13:14:55",17324900
4300,-320,1300,"sd","13:14:55",17324400
4300,-320,300,"sd","13:14:55",17323100
4300,-320,100,"sd","13:14:55",17322800
4300,-320,1000,"sd","13:14:55",17322700
4300,-320,17000,"sd","13:14:54",17321700
4300,-320,28600,"sd","13:14:54",17304700
4300,-320,3500,"sd","13:14:54",17276100
4300,-320,6000,"sd","13:14:54",17272600
4300,-320,21300,"sd","13:14:54",17266600
4300,-320,2000,"sd","13:14:54",17245300
4300,-320,3500,"sd","13:14:54",17243300
4300,-320,5000,"sd","13:14:53",17239800
4300,-320,1000,"sd","13:14:53",17234800
4300,-320,12100,"sd","13:14:52",17233800
4300,-320,100,"sd","13:14:52",17221700
4300,-320,100,"sd","13:14:52",17221600
4300,-320,4600,"sd","13:14:52",17221500
4300,-320,2000,"sd","13:14:52",17216900
4300,-320,100,"sd","13:14:52",17214900
4300,-320,500,"sd","13:14:52",17214800
4300,-320,1000,"sd","13:14:52",17214300
4300,-320,200,"sd","13:14:52",17213300
4300,-320,200,"sd","13:14:52",17213100
4300,-320,3000,"sd","13:14:52",17212900
4300,-320,100,"sd","13:14:52",17209900
4300,-320,2000,"sd","13:14:52",17209800
4300,-320,1000,"sd","13:14:52",17207800
4300,-320,3000,"sd","13:14:52",17206800
4300,-320,3100,"sd","13:14:52",17203800
4300,-320,3500,"sd","13:14:52",17200700
4300,-320,600,"sd","13:14:52",17197200
4300,-320,300,"sd","13:14:52",17196600
4300,-320,200,"sd","13:14:52",17196300
4300,-320,1000,"sd","13:14:52",17196100
4300,-320,7000,"sd","13:14:52",17195100
4300,-320,1000,"sd","13:14:52",17188100
4300,-320,10000,"sd","13:14:52",17187100
4300,-320,300,"sd","13:14:52",17177100
4300,-320,300,"sd","13:14:52",17176800
4300,-320,800,"sd","13:14:52",17176500
4300,-320,4000,"sd","13:14:52",17175700
4300,-320,200,"sd","13:14:52",17171700
4300,-320,5000,"sd","13:14:52",17171500
4300,-320,1000,"sd","13:14:52",17166500
4300,-320,3000,"sd","13:14:52",17165500
4300,-320,2000,"sd","13:14:52",17162500
4300,-320,100,"sd","13:14:52",17160500
4300,-320,500,"sd","13:14:52",17160400
4300,-320,2200,"sd","13:14:52",17159900
4300,-320,2000,"sd","13:14:52",17157700
4300,-320,200,"sd","13:14:52",17155700
4300,-320,7000,"sd","13:14:52",17155500
4300,-320,600,"sd","13:14:52",17148500
4300,-320,1600,"sd","13:14:52",17147900
4300,-320,2000,"sd","13:14:52",17146300
4300,-320,500,"sd","13:14:52",17144300
4300,-320,200,"sd","13:14:52",17143800
4300,-320,1000,"sd","13:14:52",17143600
4300,-320,2300,"sd","13:14:52",17142600
4300,-320,1000,"sd","13:14:52",17140300
4300,-320,5000,"sd","13:14:52",17139300
4300,-320,1000,"sd","13:14:52",17134300
4300,-320,200,"sd","13:14:52",17133300
4300,-320,600,"sd","13:14:52",17133100
4300,-320,200,"sd","13:14:52",17132500
4300,-320,24100,"sd","13:14:52",17132300
4300,-320,1100,"sd","13:14:52",17108200
4300,-320,1400,"sd","13:14:52",17107100
4300,-320,1400,"sd","13:14:52",17105700
4300,-320,500,"sd","13:14:52",17104300
4300,-320,300,"sd","13:14:52",17103800
4300,-320,500,"sd","13:14:52",17103500
4300,-320,1900,"sd","13:14:52",17103000
4300,-320,100,"sd","13:14:52",17101100
4300,-320,5000,"sd","13:14:52",17101000
4300,-320,2000,"sd","13:14:52",17096000
4300,-320,200,"sd","13:14:52",17094000
4300,-320,9700,"sd","13:14:52",17093800
4300,-320,1000,"sd","13:14:52",17084100
4300,-320,17400,"sd","13:14:52",17083100
4300,-320,700,"sd","13:14:52",17065700
4300,-320,1300,"sd","13:14:52",17065000
4300,-320,100,"sd","13:14:52",17063700
4300,-320,500,"sd","13:14:52",17063600
4300,-320,5100,"sd","13:14:52",17063100
4300,-320,10000,"sd","13:14:52",17058000
4300,-320,200,"sd","13:14:52",17048000
4300,-320,1700,"sd","13:14:52",17047800
4300,-320,1000,"sd","13:14:52",17046100
4300,-320,1000,"sd","13:14:52",17045100
4300,-320,2600,"sd","13:14:52",17044100
4300,-320,1100,"sd","13:14:52",17041500
4300,-320,300,"sd","13:14:52",17040400
4300,-320,2700,"sd","13:14:52",17040100
4300,-320,200,"sd","13:14:52",17037400
4300,-320,2000,"sd","13:14:52",17037200
4300,-320,20000,"sd","13:14:52",17035200
4300,-320,1000,"sd","13:14:52",17015200
4300,-320,100,"sd","13:14:52",17014200
4300,-320,500,"sd","13:14:52",17014100
4300,-320,500,"sd","13:14:52",17013600
4300,-320,10000,"sd","13:14:52",17013100
4300,-320,1000,"sd","13:14:52",17003100
4300,-320,300,"sd","13:14:52",17002100
4300,-320,200,"sd","13:14:52",17001800
4300,-320,5000,"sd","13:14:52",17001600
4300,-320,100,"sd","13:14:52",16996600
4300,-320,300,"sd","13:14:52",16996500
4300,-320,2000,"sd","13:14:52",16996200
4300,-320,2000,"sd","13:14:52",16994200
4300,-320,2400,"sd","13:14:52",16992200
4300,-320,500,"sd","13:14:52",16989800
4300,-320,1000,"sd","13:14:52",16989300
4300,-320,200,"sd","13:14:52",16988300
4300,-320,3000,"sd","13:14:52",16988100
4300,-320,1400,"sd","13:14:52",16985100
4300,-320,900,"sd","13:14:52",16983700
4300,-320,10000,"sd","13:14:52",16982800
4300,-320,1500,"sd","13:14:52",16972800
4300,-320,1000,"sd","13:14:52",16971300
4300,-320,30200,"sd","13:14:52",16970300
4300,-320,10000,"sd","13:14:52",16940100
4300,-320,200,"sd","13:14:52",16930100
4300,-320,100,"sd","13:14:52",16929900
4300,-320,3000,"sd","13:14:52",16929800
4300,-320,10000,"sd","13:14:52",16926800
4300,-320,2000,"sd","13:14:52",16916800
4300,-320,3000,"sd","13:14:52",16914800
4300,-320,1000,"sd","13:14:52",16911800
4300,-320,1400,"sd","13:14:52",16910800
4300,-320,2000,"sd","13:14:52",16909400
4300,-320,400,"sd","13:14:52",16907400
4300,-320,700,"sd","13:14:52",16907000
4300,-320,2300,"sd","13:14:52",16906300
4300,-320,4000,"sd","13:14:52",16904000
4300,-320,200,"sd","13:14:52",16900000
4300,-320,200,"sd","13:14:52",16899800
4300,-320,1000,"sd","13:14:52",16899600
4300,-320,3000,"sd","13:14:52",16898600
4300,-320,1000,"sd","13:14:52",16895600
4300,-320,1000,"sd","13:14:52",16894600
4300,-320,1000,"sd","13:14:52",16893600
4300,-320,1000,"sd","13:14:52",16892600
4300,-320,200,"sd","13:14:52",16891600
4300,-320,200,"sd","13:14:52",16891400
4300,-320,100,"sd","13:14:52",16891200
4300,-320,6300,"sd","13:14:52",16891100
4300,-320,300,"sd","13:14:52",16884800
4300,-320,100,"sd","13:14:52",16884500
4300,-320,5000,"sd","13:14:52",16884400
4300,-320,700,"sd","13:14:52",16879400
4300,-320,3000,"sd","13:14:52",16878700
4300,-320,10000,"sd","13:14:52",16875700
4300,-320,500,"sd","13:14:52",16865700
4300,-320,100,"sd","13:14:52",16865200
4300,-320,2000,"sd","13:14:52",16865100
4300,-320,200,"sd","13:14:52",16863100
4300,-320,500,"sd","13:14:52",16862900
4300,-320,1000,"sd","13:14:52",16862400
4300,-320,100,"sd","13:14:52",16861400
4300,-320,200,"sd","13:14:52",16861300
4300,-320,700,"sd","13:14:52",16861100
4300,-320,200,"sd","13:14:52",16860400
4300,-320,2000,"sd","13:14:52",16860200
4300,-320,1000,"sd","13:14:52",16858200
4300,-320,1400,"sd","13:14:52",16857200
4300,-320,500,"sd","13:14:52",16855800
4300,-320,500,"sd","13:14:52",16855300
4300,-320,2000,"sd","13:14:52",16854800
4300,-320,2000,"sd","13:14:52",16852800
4300,-320,2400,"sd","13:14:52",16850800
4300,-320,100,"sd","13:14:52",16848400
4300,-320,900,"sd","13:14:52",16848300
4300,-320,100,"sd","13:14:52",16847400
4300,-320,100,"sd","13:14:52",16847300
4300,-320,1000,"sd","13:14:52",16847200
4300,-320,400,"sd","13:14:52",16846200
4300,-320,100,"sd","13:14:52",16845800
4300,-320,500,"sd","13:14:52",16845700
4300,-320,100,"sd","13:14:52",16845200
4300,-320,200,"sd","13:14:52",16845100
4300,-320,2200,"sd","13:14:52",16844900
4300,-320,500,"sd","13:14:52",16842700
4300,-320,100,"sd","13:14:52",16842200
4300,-320,200,"sd","13:14:52",16842100
4300,-320,100,"sd","13:14:52",16841900
4300,-320,500,"sd","13:14:52",16841800
4300,-320,1000,"sd","13:14:52",16841300
4300,-320,500,"sd","13:14:52",16840300
4300,-320,1000,"sd","13:14:52",16839800
4300,-320,100,"sd","13:14:52",16838800
4300,-320,10000,"sd","13:14:52",16838700
4300,-320,3000,"sd","13:14:52",16828700
4300,-320,200,"sd","13:14:52",16825700
4300,-320,100,"sd","13:14:52",16825500
4300,-320,500,"sd","13:14:52",16825400
4300,-320,3900,"sd","13:14:52",16824900
4310,-310,5000,"bu","13:14:52",16821000
4300,-320,200,"sd","13:14:52",16816000
4300,-320,3000,"sd","13:14:52",16815800
4300,-320,600,"sd","13:14:52",16812800
4300,-320,500,"sd","13:14:52",16812200
4300,-320,2000,"sd","13:14:52",16811700
4300,-320,4000,"sd","13:14:52",16809700
4300,-320,1800,"sd","13:14:52",16805700
4300,-320,400,"sd","13:14:52",16803900
4300,-320,8500,"sd","13:14:52",16803500
4300,-320,21500,"sd","13:14:51",16795000
4300,-320,200,"sd","13:14:51",16773500
4300,-320,100,"sd","13:14:51",16773300
4300,-320,100,"sd","13:14:51",16773200
4300,-320,100,"sd","13:14:51",16773100
4300,-320,200,"sd","13:14:51",16773000
4300,-320,5000,"sd","13:14:51",16772800
4300,-320,1000,"sd","13:14:51",16767800
4300,-320,1800,"sd","13:14:51",16766800
4300,-320,3200,"sd","13:14:50",16765000
4300,-320,5000,"sd","13:14:50",16761800
4300,-320,600,"sd","13:14:50",16756800
4300,-320,400,"sd","13:14:50",16756200
4300,-320,900,"sd","13:14:50",16755800
4300,-320,200,"sd","13:14:50",16754900
4300,-320,500,"sd","13:14:50",16754700
4300,-320,500,"sd","13:14:50",16754200
4300,-320,1000,"sd","13:14:50",16753700
4300,-320,1300,"sd","13:14:50",16752700
4300,-320,500,"sd","13:14:50",16751400
4300,-320,1000,"sd","13:14:50",16750900
4300,-320,1000,"sd","13:14:50",16749900
4300,-320,100,"sd","13:14:50",16748900
4300,-320,500,"sd","13:14:50",16748800
4300,-320,2000,"sd","13:14:50",16748300
4300,-320,100,"sd","13:14:50",16746300
4300,-320,200,"sd","13:14:50",16746200
4300,-320,1000,"sd","13:14:50",16746000
4300,-320,100,"sd","13:14:50",16745000
4300,-320,200,"sd","13:14:50",16744900
4300,-320,100,"sd","13:14:50",16744700
4300,-320,600,"sd","13:14:50",16744600
4300,-320,100,"sd","13:14:50",16744000
4300,-320,100,"sd","13:14:50",16743900
4300,-320,3600,"sd","13:14:50",16743800
4300,-320,1000,"sd","13:14:50",16740200
4300,-320,400,"sd","13:14:49",16739200
4300,-320,600,"sd","13:14:49",16738800
4300,-320,400,"sd","13:14:48",16738200
4300,-320,300,"sd","13:14:48",16737800
4300,-320,1000,"sd","13:14:48",16737500
4300,-320,1000,"sd","13:14:48",16736500
4300,-320,2200,"sd","13:14:48",16735500
4300,-320,3000,"sd","13:14:48",16733300
4300,-320,500,"sd","13:14:48",16730300
4300,-320,500,"sd","13:14:48",16729800
4300,-320,200,"sd","13:14:48",16729300
4300,-320,300,"sd","13:14:48",16729100
4300,-320,1000,"sd","13:14:48",16728800
4300,-320,200,"sd","13:14:48",16727800
4300,-320,100,"sd","13:14:48",16727600
4300,-320,500,"sd","13:14:48",16727500
4300,-320,2000,"sd","13:14:48",16727000
4300,-320,500,"sd","13:14:48",16725000
4300,-320,100,"sd","13:14:48",16724500
4300,-320,300,"sd","13:14:48",16724400
4300,-320,500,"sd","13:14:48",16724100
4300,-320,100,"sd","13:14:48",16723600
4300,-320,500,"sd","13:14:48",16723500
4300,-320,1000,"sd","13:14:48",16723000
4300,-320,100,"sd","13:14:48",16722000
4300,-320,100,"sd","13:14:48",16721900
4300,-320,300,"sd","13:14:48",16721800
4300,-320,3300,"sd","13:14:48",16721500
4300,-320,700,"sd","13:14:46",16718200
4300,-320,100,"sd","13:14:46",16717500
4300,-320,300,"sd","13:14:46",16717400
4300,-320,100,"sd","13:14:46",16717100
4300,-320,100,"sd","13:14:46",16717000
4300,-320,200,"sd","13:14:46",16716900
4300,-320,1000,"sd","13:14:46",16716700
4300,-320,500,"sd","13:14:46",16715700
4300,-320,1500,"sd","13:14:45",16715200
4300,-320,500,"sd","13:14:45",16713700
4300,-320,700,"sd","13:14:45",16713200
4300,-320,1000,"sd","13:14:45",16712500
4300,-320,300,"sd","13:14:45",16711500
4300,-320,2000,"sd","13:14:45",16711200
4300,-320,1600,"sd","13:14:45",16709200
4300,-320,1400,"sd","13:14:43",16707600
4300,-320,2000,"sd","13:14:43",16706200
4300,-320,200,"sd","13:14:43",16704200
4300,-320,48100,"sd","13:14:43",16704000
4300,-320,1900,"sd","13:14:43",16655900
4300,-320,1000,"sd","13:14:43",16654000
4300,-320,100,"sd","13:14:43",16653000
4300,-320,1000,"sd","13:14:43",16652900
4300,-320,400,"sd","13:14:43",16651900
4300,-320,500,"sd","13:14:43",16651500
4300,-320,200,"sd","13:14:43",16651000
4300,-320,4000,"sd","13:14:43",16650800
4300,-320,900,"sd","13:14:43",16646800
4300,-320,300,"sd","13:14:43",16645900
4300,-320,8800,"sd","13:14:42",16645600
4300,-320,500,"sd","13:14:42",16636800
4300,-320,400,"sd","13:14:41",16636300
4300,-320,5000,"sd","13:14:41",16635900
4300,-320,1000,"sd","13:14:41",16630900
4300,-320,10000,"sd","13:14:41",16629900
4300,-320,5000,"sd","13:14:41",16619900
4300,-320,400,"sd","13:14:41",16614900
4300,-320,14100,"sd","13:14:41",16614500
4300,-320,300,"sd","13:14:37",16600400
4300,-320,200,"sd","13:14:37",16600100
4300,-320,500,"sd","13:14:37",16599900
4300,-320,200,"sd","13:14:37",16599400
4300,-320,100,"sd","13:14:37",16599200
4300,-320,3000,"sd","13:14:37",16599100
4300,-320,200,"sd","13:14:37",16596100
4300,-320,200,"sd","13:14:37",16595900
4300,-320,100,"sd","13:14:37",16595700
4300,-320,100,"sd","13:14:37",16595600
4300,-320,6500,"sd","13:14:37",16595500
4300,-320,1100,"sd","13:14:37",16589000
4300,-320,7000,"sd","13:14:37",16587900
4300,-320,25900,"sd","13:14:37",16580900
4300,-320,1000,"sd","13:14:37",16555000
4300,-320,200,"sd","13:14:37",16554000
4300,-320,3000,"sd","13:14:37",16553800
4300,-320,300,"sd","13:14:37",16550800
4300,-320,2000,"sd","13:14:37",16550500
4300,-320,100,"sd","13:14:37",16548500
4300,-320,3000,"sd","13:14:37",16548400
4300,-320,2000,"sd","13:14:37",16545400
4300,-320,1200,"sd","13:14:37",16543400
4300,-320,7500,"sd","13:14:37",16542200
4300,-320,1500,"sd","13:14:37",16534700
4300,-320,1200,"sd","13:14:37",16533200
4300,-320,800,"sd","13:14:37",16532000
4300,-320,10100,"sd","13:14:37",16531200
4300,-320,700,"sd","13:14:37",16521100
4300,-320,2000,"sd","13:14:37",16520400
4300,-320,500,"sd","13:14:37",16518400
4300,-320,1000,"sd","13:14:37",16517900
4300,-320,300,"sd","13:14:37",16516900
4300,-320,200,"sd","13:14:37",16516600
4300,-320,6000,"sd","13:14:37",16516400
4300,-320,5000,"sd","13:14:37",16510400
4300,-320,300,"sd","13:14:37",16505400
4300,-320,300,"sd","13:14:37",16505100
4300,-320,200,"sd","13:14:37",16504800
4300,-320,3300,"sd","13:14:37",16504600
4300,-320,6000,"sd","13:14:37",16501300
4300,-320,2000,"sd","13:14:37",16495300
4300,-320,300,"sd","13:14:37",16493300
4300,-320,100,"sd","13:14:37",16493000
4300,-320,1000,"sd","13:14:37",16492900
4300,-320,100,"sd","13:14:37",16491900
4300,-320,1400,"sd","13:14:37",16491800
4300,-320,100,"sd","13:14:37",16490400
4300,-320,200,"sd","13:14:37",16490300
4300,-320,400,"sd","13:14:37",16490100
4300,-320,200,"sd","13:14:37",16489700
4300,-320,1000,"sd","13:14:37",16489500
4300,-320,400,"sd","13:14:37",16488500
4300,-320,40000,"sd","13:14:37",16488100
4300,-320,500,"sd","13:14:37",16448100
4300,-320,1400,"sd","13:14:37",16447600
4300,-320,3600,"sd","13:14:37",16446200
4300,-320,7500,"sd","13:14:37",16442600
4300,-320,4000,"sd","13:14:37",16435100
4300,-320,3000,"sd","13:14:37",16431100
4300,-320,500,"sd","13:14:37",16428100
4300,-320,200,"sd","13:14:37",16427600
4300,-320,200,"sd","13:14:37",16427400
4300,-320,500,"sd","13:14:37",16427200
4300,-320,1200,"sd","13:14:37",16426700
4300,-320,20000,"sd","13:14:37",16425500
4300,-320,10000,"sd","13:14:37",16405500
4300,-320,5000,"sd","13:14:37",16395500
4300,-320,3000,"sd","13:14:37",16390500
4300,-320,1100,"sd","13:14:37",16387500
4300,-320,500,"sd","13:14:37",16386400
4300,-320,2000,"sd","13:14:37",16385900
4300,-320,1700,"sd","13:14:37",16383900
4300,-320,1800,"sd","13:14:37",16382200
4300,-320,25000,"sd","13:14:37",16380400
4300,-320,2100,"sd","13:14:37",16355400
4300,-320,1000,"sd","13:14:37",16353300
4300,-320,7700,"sd","13:14:37",16352300
4300,-320,2000,"sd","13:14:37",16344600
4300,-320,10000,"sd","13:14:37",16342600
4300,-320,100,"sd","13:14:37",16332600
4300,-320,1500,"sd","13:14:37",16332500
4300,-320,1000,"sd","13:14:37",16331000
4300,-320,100,"sd","13:14:37",16330000
4300,-320,200,"sd","13:14:37",16329900
4300,-320,600,"sd","13:14:37",16329700
4300,-320,500,"sd","13:14:37",16329100
4300,-320,5000,"sd","13:14:37",16328600
4300,-320,100,"sd","13:14:37",16323600
4300,-320,4700,"sd","13:14:37",16323500
4300,-320,200,"sd","13:14:37",16318800
4300,-320,1000,"sd","13:14:37",16318600
4300,-320,500,"sd","13:14:37",16317600
4300,-320,10000,"sd","13:14:37",16317100
4300,-320,5000,"sd","13:14:37",16307100
4300,-320,1700,"sd","13:14:37",16302100
4300,-320,1300,"sd","13:14:36",16300400
4300,-320,3300,"sd","13:14:36",16299100
4300,-320,1400,"sd","13:14:36",16295800
4310,-310,300,"bu","13:14:35",16294400
4300,-320,1600,"sd","13:14:35",16294100
4300,-320,10000,"sd","13:14:35",16292500
4300,-320,3000,"sd","13:14:35",16282500
4300,-320,1000,"sd","13:14:35",16279500
4300,-320,5000,"sd","13:14:34",16278500
4300,-320,1000,"sd","13:14:34",16273500
4300,-320,200,"sd","13:14:34",16272500
4300,-320,200,"sd","13:14:34",16272300
4300,-320,5000,"sd","13:14:34",16272100
4300,-320,5000,"sd","13:14:34",16267100
4300,-320,200,"sd","13:14:34",16262100
4300,-320,2000,"sd","13:14:34",16261900
4300,-320,3000,"sd","13:14:34",16259900
4300,-320,2300,"sd","13:14:34",16256900
4300,-320,500,"sd","13:14:34",16254600
4300,-320,200,"sd","13:14:34",16254100
4300,-320,1100,"sd","13:14:34",16253900
4300,-320,2000,"sd","13:14:34",16252800
4300,-320,5200,"sd","13:14:34",16250800
4300,-320,100,"sd","13:14:34",16245600
4300,-320,1400,"sd","13:14:34",16245500
4300,-320,500,"sd","13:14:33",16244100
4300,-320,100,"sd","13:14:33",16243600
4300,-320,1000,"sd","13:14:33",16243500
4300,-320,300,"sd","13:14:33",16242500
4300,-320,500,"sd","13:14:33",16242200
4300,-320,300,"sd","13:14:33",16241700
4300,-320,2000,"sd","13:14:33",16241400
4300,-320,1200,"sd","13:14:33",16239400
4300,-320,200,"sd","13:14:33",16238200
4300,-320,100,"sd","13:14:33",16238000
4300,-320,100,"sd","13:14:33",16237900
4300,-320,900,"sd","13:14:33",16237800
4300,-320,1000,"sd","13:14:33",16236900
4300,-320,2500,"sd","13:14:33",16235900
4300,-320,100,"sd","13:14:33",16233400
4300,-320,200,"sd","13:14:33",16233300
4300,-320,1000,"sd","13:14:33",16233100
4300,-320,1000,"sd","13:14:33",16232100
4310,-310,100,"bu","13:14:30",16231100
4300,-320,1000,"sd","13:14:30",16231000
4300,-320,2000,"sd","13:14:30",16230000
4300,-320,500,"sd","13:14:30",16228000
4300,-320,1000,"sd","13:14:30",16227500
4300,-320,200,"sd","13:14:30",16226500
4300,-320,500,"sd","13:14:30",16226300
4300,-320,500,"sd","13:14:30",16225800
4300,-320,100,"sd","13:14:30",16225300
4300,-320,500,"sd","13:14:30",16225200
4300,-320,300,"sd","13:14:30",16224700
4300,-320,1000,"sd","13:14:30",16224400
4300,-320,3000,"sd","13:14:30",16223400
4300,-320,2200,"sd","13:14:30",16220400
4300,-320,1000,"sd","13:14:30",16218200
4300,-320,500,"sd","13:14:29",16217200
4300,-320,200,"sd","13:14:29",16216700
4300,-320,1000,"sd","13:14:29",16216500
4300,-320,300,"sd","13:14:29",16215500
4300,-320,700,"sd","13:14:29",16215200
4300,-320,200,"sd","13:14:29",16214500
4300,-320,500,"sd","13:14:29",16214300
4300,-320,1000,"sd","13:14:29",16213800
4300,-320,1000,"sd","13:14:29",16212800
4300,-320,1000,"sd","13:14:29",16211800
4300,-320,2000,"sd","13:14:29",16210800
4300,-320,100,"sd","13:14:29",16208800
4300,-320,100,"sd","13:14:29",16208700
4300,-320,200,"sd","13:14:29",16208600
4300,-320,1000,"sd","13:14:29",16208400
4300,-320,200,"sd","13:14:29",16207400
4300,-320,100,"sd","13:14:29",16207200
4300,-320,1100,"sd","13:14:29",16207100
4310,-310,500,"bu","13:14:27",16206000
4300,-320,600,"sd","13:14:21",16205500
4300,-320,300,"sd","13:14:21",16204900
4300,-320,2000,"sd","13:14:21",16204600
4300,-320,1700,"sd","13:14:21",16202600
4300,-320,4900,"sd","13:14:17",16200900
4300,-320,3400,"sd","13:14:17",16196000
4300,-320,2000,"sd","13:14:17",16192600
4300,-320,100,"sd","13:14:17",16190600
4300,-320,100,"sd","13:14:17",16190500
4300,-320,500,"sd","13:14:17",16190400
4300,-320,100,"sd","13:14:17",16189900
4300,-320,100,"sd","13:14:17",16189800
4300,-320,500,"sd","13:14:17",16189700
4300,-320,4000,"sd","13:14:17",16189200
4300,-320,100,"sd","13:14:17",16185200
4300,-320,1100,"sd","13:14:17",16185100
4300,-320,1000,"sd","13:14:17",16184000
4300,-320,500,"sd","13:14:17",16183000
4300,-320,20000,"sd","13:14:17",16182500
4300,-320,100,"sd","13:14:17",16162500
4300,-320,1000,"sd","13:14:17",16162400
4300,-320,300,"sd","13:14:17",16161400
4300,-320,100,"sd","13:14:17",16161100
4310,-310,100,"bu","13:14:15",16161000
4310,-310,100,"bu","13:14:14",16160900
4300,-320,400,"sd","13:14:11",16160800
4300,-320,200,"sd","13:14:11",16160400
4300,-320,3800,"sd","13:14:10",16160200
4300,-320,10000,"sd","13:14:10",16156400
4300,-320,200,"sd","13:14:10",16146400
4300,-320,100,"sd","13:14:10",16146200
4300,-320,100,"sd","13:14:10",16146100
4300,-320,1000,"sd","13:14:10",16146000
4300,-320,10000,"sd","13:14:10",16145000
4300,-320,2000,"sd","13:14:10",16135000
4300,-320,5000,"sd","13:14:10",16133000
4300,-320,1000,"sd","13:14:10",16128000
4300,-320,500,"sd","13:14:10",16127000
4300,-320,1000,"sd","13:14:10",16126500
4300,-320,200,"sd","13:14:10",16125500
4300,-320,2000,"sd","13:14:10",16125300
4300,-320,1000,"sd","13:14:10",16123300
4300,-320,400,"sd","13:14:10",16122300
4300,-320,2000,"sd","13:14:10",16121900
4300,-320,2000,"sd","13:14:10",16119900
4300,-320,5000,"sd","13:14:10",16117900
4300,-320,2700,"sd","13:14:10",16112900
4300,-320,2300,"sd","13:14:07",16110200
4300,-320,200,"sd","13:14:07",16107900
4300,-320,2000,"sd","13:14:07",16107700
4300,-320,500,"sd","13:14:07",16105700
4300,-320,1000,"sd","13:14:07",16105200
4300,-320,500,"sd","13:14:07",16104200
4300,-320,100,"sd","13:14:07",16103700
4300,-320,1000,"sd","13:14:07",16103600
4300,-320,5000,"sd","13:14:07",16102600
4300,-320,1200,"sd","13:14:07",16097600
4300,-320,500,"sd","13:14:07",16096400
4300,-320,2000,"sd","13:14:07",16095900
4300,-320,1000,"sd","13:14:07",16093900
4300,-320,5000,"sd","13:14:07",16092900
4300,-320,1000,"sd","13:14:07",16087900
4300,-320,100,"sd","13:14:07",16086900
4300,-320,200,"sd","13:14:07",16086800
4300,-320,1300,"sd","13:14:07",16086600
4300,-320,500,"sd","13:14:07",16085300
4300,-320,200,"sd","13:14:07",16084800
4300,-320,500,"sd","13:14:07",16084600
4300,-320,1000,"sd","13:14:07",16084100
4300,-320,100,"sd","13:14:07",16083100
4300,-320,1000,"sd","13:14:07",16083000
4300,-320,1000,"sd","13:14:07",16082000
4300,-320,500,"sd","13:14:07",16081000
4300,-320,2000,"sd","13:14:07",16080500
4300,-320,100,"sd","13:14:07",16078500
4300,-320,100,"sd","13:14:07",16078400
4300,-320,1000,"sd","13:14:07",16078300
4300,-320,100,"sd","13:14:07",16077300
4300,-320,500,"sd","13:14:07",16077200
4300,-320,500,"sd","13:14:07",16076700
4300,-320,100,"sd","13:14:07",16076200
4300,-320,500,"sd","13:14:07",16076100
4300,-320,100,"sd","13:14:07",16075600
4300,-320,500,"sd","13:14:07",16075500
4300,-320,100,"sd","13:14:07",16075000
4300,-320,500,"sd","13:14:07",16074900
4300,-320,2500,"sd","13:14:07",16074400
4300,-320,1000,"sd","13:14:07",16071900
4300,-320,500,"sd","13:14:07",16070900
4300,-320,1000,"sd","13:14:07",16070400
4300,-320,500,"sd","13:14:07",16069400
4300,-320,100,"sd","13:14:07",16068900
4300,-320,2500,"sd","13:14:07",16068800
4300,-320,1000,"sd","13:14:07",16066300
4300,-320,800,"sd","13:14:07",16065300
4300,-320,5000,"sd","13:14:07",16064500
4300,-320,800,"sd","13:14:07",16059500
4300,-320,200,"sd","13:14:07",16058700
4300,-320,1000,"sd","13:14:07",16058500
4300,-320,2000,"sd","13:14:07",16057500
4300,-320,300,"sd","13:14:07",16055500
4300,-320,700,"sd","13:14:01",16055200
4300,-320,2000,"sd","13:14:01",16054500
4300,-320,2000,"sd","13:14:01",16052500
4300,-320,600,"sd","13:14:01",16050500
4300,-320,1000,"sd","13:14:01",16049900
4300,-320,1000,"sd","13:14:01",16048900
4300,-320,2000,"sd","13:14:01",16047900
4300,-320,100,"sd","13:14:01",16045900
4300,-320,400,"sd","13:14:01",16045800
4300,-320,1000,"sd","13:14:01",16045400
4300,-320,1000,"sd","13:14:01",16044400
4300,-320,200,"sd","13:14:01",16043400
4300,-320,5000,"sd","13:14:01",16043200
4300,-320,1000,"sd","13:14:01",16038200
4300,-320,100,"sd","13:14:01",16037200
4300,-320,5000,"sd","13:14:01",16037100
4300,-320,2900,"sd","13:14:01",16032100
4300,-320,100,"sd","13:14:01",16029200
4300,-320,500,"sd","13:14:01",16029100
4300,-320,500,"sd","13:14:01",16028600
4300,-320,3000,"sd","13:14:01",16028100
4300,-320,3000,"sd","13:14:01",16025100
4300,-320,400,"sd","13:14:01",16022100
4300,-320,1000,"sd","13:14:01",16021700
4300,-320,1000,"sd","13:14:01",16020700
4300,-320,2000,"sd","13:14:01",16019700
4300,-320,1000,"sd","13:14:01",16017700
4300,-320,300,"sd","13:14:01",16016700
4300,-320,200,"sd","13:14:01",16016400
4300,-320,500,"sd","13:14:01",16016200
4300,-320,100,"sd","13:14:01",16015700
4300,-320,2000,"sd","13:14:01",16015600
4300,-320,20000,"sd","13:14:01",16013600
4300,-320,1000,"sd","13:14:01",15993600
4300,-320,500,"sd","13:14:01",15992600
4300,-320,300,"sd","13:14:01",15992100
4300,-320,200,"sd","13:14:01",15991800
4300,-320,100,"sd","13:14:01",15991600
4300,-320,5000,"sd","13:14:01",15991500
4300,-320,18300,"sd","13:14:01",15986500
4310,-310,2000,"bu","13:14:00",15968200
4300,-320,1700,"sd","13:13:55",15966200
4300,-320,800,"sd","13:13:55",15964500
4300,-320,500,"sd","13:13:55",15963700
4300,-320,1000,"sd","13:13:55",15963200
4300,-320,1000,"sd","13:13:49",15962200
4300,-320,1000,"sd","13:13:49",15961200
4300,-320,600,"sd","13:13:49",15960200
4300,-320,10000,"sd","13:13:49",15959600
4300,-320,1000,"sd","13:13:49",15949600
4300,-320,500,"sd","13:13:49",15948600
4300,-320,2000,"sd","13:13:49",15948100
4300,-320,800,"sd","13:13:49",15946100
4300,-320,100,"sd","13:13:49",15945300
4300,-320,500,"sd","13:13:49",15945200
4300,-320,1000,"sd","13:13:49",15944700
4300,-320,10000,"sd","13:13:49",15943700
4300,-320,1000,"sd","13:13:49",15933700
4300,-320,20500,"sd","13:13:49",15932700
4310,-310,2000,"bu","13:13:48",15912200
4300,-320,12000,"sd","13:13:46",15910200
4310,-310,5000,"bu","13:13:42",15898200
4300,-320,3900,"sd","13:13:42",15893200
4310,-310,10000,"bu","13:13:41",15889300
4310,-310,300,"bu","13:13:37",15879300
4300,-320,2000,"sd","13:13:33",15879000
4300,-320,8100,"sd","13:13:33",15877000
4300,-320,1000,"sd","13:13:33",15868900
4300,-320,100,"sd","13:13:33",15867900
4300,-320,100,"sd","13:13:33",15867800
4300,-320,12000,"sd","13:13:33",15867700
4300,-320,1000,"sd","13:13:33",15855700
4300,-320,500,"sd","13:13:33",15854700
4300,-320,1000,"sd","13:13:33",15854200
4300,-320,5000,"sd","13:13:33",15853200
4300,-320,2000,"sd","13:13:33",15848200
4300,-320,1000,"sd","13:13:32",15846200
4300,-320,1200,"sd","13:13:32",15845200
4300,-320,1000,"sd","13:13:32",15844000
4300,-320,100,"sd","13:13:32",15843000
4300,-320,200,"sd","13:13:32",15842900
4300,-320,5700,"sd","13:13:32",15842700
4310,-310,300,"bu","13:13:30",15837000
4300,-320,19300,"sd","13:13:26",15836700
4300,-320,700,"sd","13:13:26",15817400
4310,-310,1000,"bu","13:13:25",15816700
4310,-310,1000,"bu","13:13:25",15815700
4310,-310,200,"bu","13:13:22",15814700
4310,-310,5000,"bu","13:13:20",15814500
4310,-310,200,"bu","13:13:19",15809500
4310,-310,500,"bu","13:13:13",15809300
4310,-310,300,"bu","13:13:10",15808800
4300,-320,4700,"sd","13:13:06",15808500
4300,-320,300,"sd","13:13:06",15803800
4300,-320,100,"sd","13:13:06",15803500
4300,-320,5000,"sd","13:13:06",15803400
4300,-320,500,"sd","13:13:06",15798400
4300,-320,1000,"sd","13:13:06",15797900
4300,-320,100,"sd","13:13:06",15796900
4300,-320,200,"sd","13:13:06",15796800
4300,-320,100,"sd","13:13:06",15796600
4300,-320,3000,"sd","13:13:06",15796500
4300,-320,100,"sd","13:13:06",15793500
4300,-320,1000,"sd","13:13:06",15793400
4300,-320,100,"sd","13:13:06",15792400
4300,-320,500,"sd","13:13:06",15792300
4300,-320,600,"sd","13:13:06",15791800
4300,-320,2000,"sd","13:13:06",15791200
4300,-320,2100,"sd","13:13:06",15789200
4300,-320,4000,"sd","13:13:06",15787100
4300,-320,500,"sd","13:13:06",15783100
4300,-320,1000,"sd","13:13:06",15782600
4300,-320,200,"sd","13:13:06",15781600
4300,-320,500,"sd","13:13:06",15781400
4300,-320,1000,"sd","13:13:06",15780900
4300,-320,5000,"sd","13:13:06",15779900
4300,-320,100,"sd","13:13:06",15774900
4300,-320,1000,"sd","13:13:06",15774800
4300,-320,500,"sd","13:13:06",15773800
4300,-320,500,"sd","13:13:06",15773300
4300,-320,1000,"sd","13:13:06",15772800
4300,-320,1000,"sd","13:13:06",15771800
4300,-320,1200,"sd","13:13:06",15770800
4300,-320,600,"sd","13:13:06",15769600
4300,-320,500,"sd","13:13:06",15769000
4310,-310,400,"bu","13:13:03",15768500
4310,-310,300,"bu","13:13:03",15768100
4300,-320,400,"sd","13:13:02",15767800
4300,-320,500,"sd","13:13:02",15767400
4300,-320,300,"sd","13:13:02",15766900
4300,-320,1000,"sd","13:13:02",15766600
4300,-320,2600,"sd","13:13:02",15765600
4300,-320,200,"sd","13:13:02",15763000
4300,-320,1000,"sd","13:13:02",15762800
4300,-320,500,"sd","13:13:02",15761800
4300,-320,1000,"sd","13:13:02",15761300
4300,-320,1000,"sd","13:13:02",15760300
4310,-310,200,"bu","13:12:57",15759300
4310,-310,100,"bu","13:12:54",15759100
4300,-320,2000,"sd","13:12:51",15759000
4300,-320,100,"sd","13:12:51",15757000
4300,-320,800,"sd","13:12:51",15756900
4300,-320,700,"sd","13:12:51",15756100
4300,-320,200,"sd","13:12:51",15755400
4300,-320,100,"sd","13:12:51",15755200
4300,-320,500,"sd","13:12:51",15755100
4300,-320,500,"sd","13:12:51",15754600
4300,-320,1500,"sd","13:12:51",15754100
4300,-320,1000,"sd","13:12:51",15752600
4300,-320,100,"sd","13:12:51",15751600
4300,-320,300,"sd","13:12:51",15751500
4300,-320,200,"sd","13:12:51",15751200
4300,-320,500,"sd","13:12:51",15751000
4300,-320,500,"sd","13:12:51",15750500
4300,-320,300,"sd","13:12:51",15750000
4300,-320,300,"sd","13:12:51",15749700
4300,-320,3000,"sd","13:12:51",15749400
4300,-320,2000,"sd","13:12:51",15746400
4300,-320,500,"sd","13:12:51",15744400
4300,-320,100,"sd","13:12:51",15743900
4300,-320,4800,"sd","13:12:51",15743800
4300,-320,200,"sd","13:12:48",15739000
4300,-320,500,"sd","13:12:48",15738800
4300,-320,1000,"sd","13:12:48",15738300
4300,-320,1000,"sd","13:12:48",15737300
4300,-320,100,"sd","13:12:48",15736300
4300,-320,7200,"sd","13:12:48",15736200
4310,-310,100,"bu","13:12:40",15729000
4310,-310,5000,"bu","13:12:40",15728900
4310,-310,4900,"bu","13:12:40",15723900
4300,-320,1000,"sd","13:12:29",15719000
4310,-310,1000,"bu","13:12:20",15718000
4310,-310,3700,"bu","13:12:15",15717000
4300,-320,1800,"sd","13:12:14",15713300
4300,-320,3200,"sd","13:12:14",15711500
4310,-310,500,"bu","13:12:14",15708300
4310,-310,1900,"bu","13:12:14",15707800
4310,-310,7600,"bu","13:12:14",15705900
4300,-320,3100,"sd","13:12:10",15698300
4310,-310,500,"bu","13:12:08",15695200
4310,-310,400,"bu","13:12:05",15694700
4310,-310,5000,"bu","13:12:04",15694300
4300,-320,3700,"sd","13:12:01",15689300
4300,-320,1000,"sd","13:12:01",15685600
4300,-320,200,"sd","13:12:01",15684600
4300,-320,100,"sd","13:12:01",15684400
4300,-320,7900,"sd","13:12:00",15684300
4300,-320,100,"sd","13:12:00",15676400
4300,-320,1000,"sd","13:12:00",15676300
4300,-320,100,"sd","13:12:00",15675300
4300,-320,1000,"sd","13:12:00",15675200
4300,-320,100,"sd","13:12:00",15674200
4300,-320,500,"sd","13:12:00",15674100
4300,-320,7000,"sd","13:12:00",15673600
4300,-320,2300,"sd","13:12:00",15666600
4300,-320,5000,"sd","13:11:59",15664300
4300,-320,3000,"sd","13:11:54",15659300
4310,-310,1500,"bu","13:11:52",15656300
4310,-310,1000,"bu","13:11:52",15654800
4310,-310,200,"bu","13:11:52",15653800
4310,-310,7300,"bu","13:11:52",15653600
4310,-310,500,"bu","13:11:50",15646300
4310,-310,200,"bu","13:11:48",15645800
4310,-310,3000,"bu","13:11:45",15645600
4310,-310,500,"bu","13:11:37",15642600
4310,-310,100,"bu","13:11:35",15642100
4310,-310,200,"bu","13:11:33",15642000
4310,-310,200,"bu","13:11:27",15641800
4310,-310,300,"bu","13:11:27",15641600
4310,-310,100,"bu","13:11:21",15641300
4310,-310,100,"bu","13:11:19",15641200
4300,-320,800,"sd","13:11:07",15641100
4310,-310,100,"sd","13:11:07",15640300
4310,-310,100,"sd","13:11:07",15640200
4310,-310,7000,"bu","13:10:56",15640100
4310,-310,2900,"bu","13:10:56",15633100
4300,-320,5000,"sd","13:10:54",15630200
4310,-310,300,"bu","13:10:54",15625200
4310,-310,700,"bu","13:10:50",15624900
4310,-310,500,"bu","13:10:49",15624200
4310,-310,25600,"bu","13:10:45",15623700
4310,-310,3400,"bu","13:10:45",15598100
4310,-310,3600,"bu","13:10:45",15594700
4310,-310,100,"bu","13:10:39",15591100
4310,-310,2900,"bu","13:10:39",15591000
4310,-310,100,"bu","13:10:36",15588100
4310,-310,2000,"bu","13:10:33",15588000
4310,-310,2200,"bu","13:10:31",15586000
4310,-310,2000,"bu","13:10:30",15583800
4310,-310,1000,"sd","13:10:28",15581800
4310,-310,5000,"sd","13:10:28",15580800
4310,-310,200,"sd","13:10:28",15575800
4310,-310,800,"sd","13:10:28",15575600
4310,-310,200,"sd","13:10:28",15574800
4310,-310,1200,"sd","13:10:28",15574600
4310,-310,100,"sd","13:10:28",15573400
4310,-310,5500,"sd","13:10:20",15573300
4310,-310,3200,"sd","13:10:18",15567800
4310,-310,100,"sd","13:10:18",15564600
4310,-310,1000,"sd","13:10:18",15564500
4310,-310,400,"sd","13:10:18",15563500
4310,-310,300,"sd","13:10:18",15563100
4310,-310,1500,"sd","13:10:08",15562800
4310,-310,500,"sd","13:10:08",15561300
4310,-310,500,"bu","13:10:04",15560800
4310,-310,400,"bu","13:10:03",15560300
4300,-320,200,"sd","13:10:02",15559900
4310,-310,1000,"bu","13:10:02",15559700
4310,-310,100,"bu","13:10:00",15558700
4310,-310,100,"bu","13:10:00",15558600
4310,-310,900,"bu","13:09:59",15558500
4310,-310,2000,"bu","13:09:59",15557600
4310,-310,7100,"bu","13:09:59",15555600
4310,-310,3400,"bu","13:09:48",15548500
4310,-310,1000,"bu","13:09:41",15545100
4310,-310,200,"bu","13:09:41",15544100
4310,-310,2000,"bu","13:09:37",15543900
4310,-310,1000,"bu","13:09:30",15541900
4310,-310,5300,"bu","13:09:29",15540900
4310,-310,1000,"bu","13:09:27",15535600
4310,-310,1000,"bu","13:09:27",15534600
4310,-310,500,"bu","13:09:25",15533600
4310,-310,6800,"bu","13:09:23",15533100
4310,-310,2000,"bu","13:09:23",15526300
4310,-310,5000,"bu","13:09:18",15524300
4300,-320,400,"sd","13:09:15",15519300
4310,-310,200,"bu","13:09:13",15518900
4310,-310,200,"bu","13:09:09",15518700
4310,-310,300,"bu","13:08:55",15518500
4310,-310,4000,"sd","13:08:49",15518200
4310,-310,2500,"sd","13:08:49",15514200
4310,-310,900,"sd","13:08:49",15511700
4310,-310,700,"sd","13:08:49",15510800
4310,-310,700,"sd","13:08:49",15510100
4310,-310,1000,"sd","13:08:49",15509400
4310,-310,1000,"sd","13:08:49",15508400
4310,-310,800,"sd","13:08:49",15507400
4310,-310,1000,"sd","13:08:49",15506600
4310,-310,1000,"sd","13:08:49",15505600
4310,-310,100,"sd","13:08:49",15504600
4310,-310,1000,"sd","13:08:49",15504500
4310,-310,1000,"sd","13:08:49",15503500
4310,-310,500,"sd","13:08:49",15502500
4310,-310,400,"sd","13:08:49",15502000
4310,-310,500,"sd","13:08:49",15501600
4310,-310,2500,"sd","13:08:49",15501100
4310,-310,100,"sd","13:08:49",15498600
4310,-310,200,"sd","13:08:49",15498500
4310,-310,600,"sd","13:08:49",15498300
4310,-310,1000,"sd","13:08:49",15497700
4310,-310,1000,"sd","13:08:49",15496700
4310,-310,500,"sd","13:08:49",15495700
4320,-300,100,"bu","13:08:43",15495200
4310,-310,7500,"sd","13:08:40",15495100
4310,-310,1000,"sd","13:08:40",15487600
4310,-310,100,"sd","13:08:40",15486600
4310,-310,900,"sd","13:08:40",15486500
4310,-310,400,"sd","13:08:40",15485600
4310,-310,600,"sd","13:08:37",15485200
4310,-310,1000,"sd","13:08:37",15484600
4310,-310,2000,"sd","13:08:37",15483600
4310,-310,1800,"sd","13:08:37",15481600
4310,-310,500,"sd","13:08:34",15479800
4310,-310,2700,"sd","13:08:20",15479300
4310,-310,100,"sd","13:08:20",15476600
4310,-310,1000,"sd","13:08:20",15476500
4310,-310,300,"sd","13:08:20",15475500
4310,-310,300,"sd","13:08:20",15475200
4310,-310,1500,"sd","13:08:20",15474900
4310,-310,1000,"sd","13:08:20",15473400
4310,-310,1600,"sd","13:08:20",15472400
4310,-310,500,"sd","13:08:20",15470800
4310,-310,2000,"sd","13:08:20",15470300
4310,-310,6000,"sd","13:08:20",15468300
4310,-310,1000,"sd","13:08:20",15462300
4310,-310,1000,"sd","13:08:20",15461300
4310,-310,2000,"sd","13:08:20",15460300
4320,-300,7500,"bu","13:08:19",15458300
4320,-300,2500,"bu","13:08:19",15450800
4310,-310,100,"sd","13:08:17",15448300
4320,-300,500,"bu","13:08:09",15448200
4320,-300,300,"bu","13:08:09",15447700
4310,-310,200,"sd","13:08:04",15447400
4310,-310,500,"sd","13:07:58",15447200
4320,-300,300,"bu","13:07:55",15446700
4310,-310,100,"sd","13:07:55",15446400
4310,-310,5000,"sd","13:07:55",15446300
4310,-310,4300,"sd","13:07:55",15441300
4310,-310,100,"sd","13:07:55",15437000
4310,-310,3000,"sd","13:07:55",15436900
4310,-310,100,"sd","13:07:55",15433900
4310,-310,2000,"sd","13:07:55",15433800
4310,-310,500,"sd","13:07:55",15431800
4310,-310,1400,"sd","13:07:55",15431300
4310,-310,200,"sd","13:07:55",15429900
4310,-310,3300,"sd","13:07:55",15429700
4320,-300,100,"bu","13:07:38",15426400
4320,-300,100,"bu","13:07:34",15426300
4320,-300,400,"bu","13:07:34",15426200
4320,-300,9500,"bu","13:07:34",15425800
4320,-300,300,"bu","13:07:32",15416300
4320,-300,200,"bu","13:07:29",15416000
4310,-310,700,"sd","13:07:20",15415800
4320,-300,1000,"bu","13:07:18",15415100
4320,-300,200,"bu","13:07:09",15414100
4320,-300,500,"bu","13:07:09",15413900
4320,-300,1300,"bu","13:07:09",15413400
4320,-300,400,"bu","13:07:06",15412100
4320,-300,1300,"bu","13:07:03",15411700
4320,-300,700,"bu","13:07:03",15410400
4310,-310,2500,"sd","13:06:54",15409700
4310,-310,100,"sd","13:06:52",15407200
4310,-310,200,"sd","13:06:41",15407100
4310,-310,2000,"sd","13:06:38",15406900
4310,-310,2500,"bu","13:06:36",15404900
4310,-310,1000,"bu","13:06:36",15402400
4310,-310,7700,"bu","13:06:36",15401400
4300,-320,3300,"sd","13:06:36",15393700
4300,-320,900,"sd","13:06:36",15390400
4310,-310,200,"bu","13:06:35",15389500
4310,-310,1000,"bu","13:06:33",15389300
4310,-310,400,"bu","13:06:33",15388300
4310,-310,200,"bu","13:06:29",15387900
4310,-310,500,"bu","13:06:28",15387700
4310,-310,2000,"bu","13:06:28",15387200
4310,-310,5000,"bu","13:06:28",15385200
4310,-310,300,"bu","13:06:28",15380200
4310,-310,1000,"bu","13:06:25",15379900
4310,-310,100,"bu","13:06:14",15378900
4300,-320,2100,"sd","13:06:13",15378800
4300,-320,300,"sd","13:06:13",15376700
4300,-320,1000,"sd","13:06:13",15376400
4310,-310,4600,"bu","13:06:13",15375400
4300,-320,200,"sd","13:06:04",15370800
4300,-320,2100,"sd","13:06:04",15370600
4300,-320,100,"sd","13:06:04",15368500
4300,-320,100,"sd","13:06:04",15368400
4300,-320,20000,"sd","13:06:04",15368300
4300,-320,2000,"sd","13:06:04",15348300
4300,-320,1000,"sd","13:06:04",15346300
4300,-320,300,"sd","13:06:04",15345300
4300,-320,200,"sd","13:06:04",15345000
4300,-320,1000,"sd","13:06:04",15344800
4300,-320,10000,"sd","13:06:04",15343800
4300,-320,1600,"sd","13:06:04",15333800
4300,-320,300,"sd","13:06:04",15332200
4300,-320,3000,"sd","13:06:04",15331900
4300,-320,200,"sd","13:06:04",15328900
4300,-320,200,"sd","13:06:04",15328700
4300,-320,200,"sd","13:06:04",15328500
4300,-320,1000,"sd","13:06:04",15328300
4300,-320,200,"sd","13:06:04",15327300
4300,-320,1000,"sd","13:06:04",15327100
4300,-320,800,"sd","13:06:04",15326100
