"price","change","match_qtty","side","time","total_vol"
4000,-200,117800,"sd","14:45:01",557900
4000,-200,30000,"sd","14:29:56",440100
4100,-100,100,"bu","14:29:04",410100
4000,-200,2000,"sd","14:27:52",410000
4000,-200,2000,"sd","14:27:26",408000
4000,-200,500,"sd","14:27:12",406000
4000,-200,1400,"sd","14:25:39",405500
4100,-100,500,"bu","14:24:52",404100
4100,-100,100,"bu","14:23:58",403600
4100,-100,200,"bu","14:22:35",403500
4100,-100,500,"bu","14:21:40",403300
4100,-100,100,"bu","14:19:01",402800
4100,-100,100,"bu","14:18:03",402700
4000,-200,10000,"sd","14:15:36",402600
4000,-200,400,"sd","14:14:28",392600
4000,-200,14000,"sd","14:13:05",392200
4000,-200,5000,"sd","14:11:27",378200
4100,-100,100,"bu","14:09:58",373200
4000,-200,100,"sd","14:09:55",373100
4100,-100,100,"bu","14:09:19",373000
4000,-200,100,"sd","14:05:36",372900
4000,-200,6300,"sd","14:04:58",372800
4000,-200,20000,"sd","14:04:38",366500
4000,-200,4400,"sd","14:03:23",346500
4000,-200,100,"sd","14:00:43",342100
4000,-200,5000,"sd","13:58:43",342000
4000,-200,4800,"sd","13:50:48",337000
4100,-100,300,"bu","13:47:59",332200
4100,-100,600,"bu","13:46:22",331900
4100,-100,1500,"bu","13:45:47",331300
4100,-100,300,"bu","13:45:39",329800
4000,-200,1900,"sd","13:39:58",329500
4100,-100,100,"bu","13:32:45",327600
4100,-100,100,"bu","13:32:07",327500
4000,-200,200,"sd","13:30:08",327400
4000,-200,2000,"sd","13:29:39",327200
4000,-200,1600,"sd","13:25:35",325200
4000,-200,100,"sd","13:24:13",323600
4100,-100,10000,"bu","13:23:59",323500
4100,-100,1500,"bu","13:22:51",313500
4000,-200,5000,"sd","13:22:37",312000
4100,-100,10000,"bu","13:22:34",307000
4100,-100,200,"bu","13:16:15",297000
4000,-200,1500,"sd","13:14:03",296800
4000,-200,1000,"sd","13:13:37",295300
4000,-200,500,"sd","13:13:27",294300
4000,-200,500,"sd","13:10:07",293800
4100,-100,100,"bu","13:09:08",293300
4000,-200,500,"sd","13:08:28",293200
4100,-100,100,"bu","13:08:17",292700
4100,-100,100,"bu","13:07:51",292600
4100,-100,100,"bu","13:07:31",292500
4100,-100,100,"bu","13:07:23",292400
4100,-100,100,"bu","13:07:16",292300
4100,-100,100,"bu","13:07:08",292200
4100,-100,100,"bu","13:07:00",292100
4100,-100,100,"bu","13:06:50",292000
4100,-100,100,"bu","13:06:40",291900
4100,-100,100,"bu","13:06:26",291800
4100,-100,100,"bu","13:06:16",291700
4100,-100,100,"bu","13:05:15",291600
4000,-200,200,"sd","13:03:13",291500
4100,-100,100,"bu","13:02:57",291300
4100,-100,100,"bu","13:02:43",291200
4100,-100,100,"bu","13:00:39",291100
4000,-200,1000,"sd","11:26:20",291000
4000,-200,2600,"sd","11:23:54",290000
4100,-100,100,"bu","11:19:19",287400
4100,-100,100,"bu","11:19:14",287300
4000,-200,20000,"sd","11:16:42",287200
4000,-200,400,"sd","11:15:16",267200
4000,-200,5200,"sd","11:09:23",266800
4100,-100,100,"bu","11:05:51",261600
4100,-100,100,"bu","10:51:56",261500
4000,-200,500,"sd","10:47:50",261400
4100,-100,3000,"bu","10:46:35",260900
4100,-100,1000,"bu","10:45:39",257900
4100,-100,500,"bu","10:36:08",256900
4100,-100,26600,"bu","10:32:31",256400
4100,-100,300,"bu","10:30:21",229800
4100,-100,100,"sd","10:28:52",229500
4100,-100,500,"sd","10:26:49",229400
4100,-100,4200,"sd","10:26:45",228900
4100,-100,1000,"bu","10:25:59",224700
4100,-100,100,"bu","10:20:43",223700
4100,-100,1000,"bu","10:19:10",223600
4100,-100,100,"bu","10:18:55",222600
4100,-100,5000,"bu","10:18:50",222500
4100,-100,500,"bu","10:18:41",217500
4100,-100,1400,"bu","10:18:40",217000
4100,-100,1000,"bu","10:18:39",215600
4100,-100,1000,"bu","10:18:32",214600
4100,-100,9000,"bu","10:17:59",213600
4100,-100,1000,"bu","10:17:40",204600
4100,-100,400,"bu","10:16:57",203600
4100,-100,1000,"bu","10:15:35",203200
4100,-100,200,"bu","10:15:24",202200
4100,-100,500,"bu","10:14:05",202000
4100,-100,1000,"bu","10:13:56",201500
4100,-100,500,"bu","10:13:42",200500
4100,-100,500,"bu","10:13:28",200000
4100,-100,300,"bu","10:12:54",199500
4100,-100,100,"bu","10:12:46",199200
4100,-100,1000,"bu","10:09:11",199100
4100,-100,1000,"bu","10:08:02",198100
4100,-100,5700,"sd","10:07:35",197100
4100,-100,300,"bu","10:06:50",191400
4100,-100,1500,"bu","10:05:50",191100
4100,-100,100,"bu","10:05:25",189600
4100,-100,8100,"sd","10:03:52",189500
4100,-100,3600,"sd","09:56:28",181400
4100,-100,5000,"bu","09:56:07",177800
4100,-100,1000,"bu","09:56:02",172800
4100,-100,200,"bu","09:53:05",171800
4100,-100,800,"sd","09:52:19",171600
4100,-100,1000,"sd","09:50:25",170800
4100,-100,500,"sd","09:49:01",169800
4100,-100,500,"bu","09:48:30",169300
4100,-100,3900,"sd","09:48:14",168800
4100,-100,2000,"bu","09:45:15",164900
4100,-100,2400,"sd","09:44:10",162900
4100,-100,41100,"sd","09:44:05",160500
4100,-100,1000,"sd","09:44:01",119400
4100,-100,31600,"sd","09:43:47",118400
4100,-100,1000,"sd","09:43:36",86800
4100,-100,2400,"sd","09:43:07",85800
4100,-100,10000,"sd","09:40:33",83400
4100,-100,10000,"sd","09:39:14",73400
4100,-100,100,"sd","09:39:04",63400
4100,-100,300,"sd","09:36:32",63300
4100,-100,100,"sd","09:35:51",63000
4100,-100,500,"sd","09:34:20",62900
4100,-100,5700,"sd","09:30:44",62400
4100,-100,500,"sd","09:29:48",56700
4100,-100,2000,"sd","09:29:00",56200
4100,-100,100,"sd","09:28:30",54200
4100,-100,3500,"sd","09:27:39",54100
4200,0,400,"bu","09:27:05",50600
4200,0,1000,"bu","09:26:17",50200
4100,-100,2000,"sd","09:25:01",49200
4100,-100,5000,"sd","09:20:31",47200
4100,-100,20000,"sd","09:19:25",42200
4100,-100,100,"sd","09:17:59",22200
4200,0,500,"bu","09:13:14",22100
4200,0,500,"bu","09:12:15",21600
4200,0,100,"bu","09:10:53",21100
4200,0,1000,"bu","09:07:19",21000
4200,0,10000,"bu","09:05:06",20000
4200,0,4900,"bu","09:00:33",10000
4200,0,1600,"bu","09:00:29",5100
4200,0,200,"bu","09:00:28",3500
4200,0,1200,"bu","09:00:15",3300
4200,0,1100,"bu","09:00:10",2100
4200,0,1000,"bu","09:00:09",1000
