"price","change","match_qtty","side","time","total_vol"
32600,-1000,156400,"unknown","14:44:59",1821700
32800,-800,300,"sd","14:29:42",1665300
32800,-800,200,"bu","14:29:37",1665000
32800,-800,10000,"bu","14:29:37",1664800
32800,-800,1000,"bu","14:29:37",1654800
32800,-800,100,"bu","14:29:37",1653800
32750,-850,300,"bu","14:29:37",1653700
32700,-900,300,"sd","14:29:33",1653400
32750,-850,200,"sd","14:29:31",1653100
32750,-850,500,"sd","14:29:31",1652900
32750,-850,2900,"sd","14:29:28",1652400
32750,-850,7100,"sd","14:29:28",1649500
32750,-850,1000,"bu","14:29:16",1642400
32750,-850,100,"bu","14:29:16",1641400
32750,-850,300,"bu","14:29:16",1641300
32750,-850,1000,"bu","14:29:16",1641000
32750,-850,500,"bu","14:29:16",1640000
32700,-900,100,"sd","14:29:12",1639500
32700,-900,200,"sd","14:29:12",1639400
32700,-900,400,"bu","14:29:10",1639200
32700,-900,100,"bu","14:29:10",1638800
32700,-900,4000,"bu","14:29:10",1638700
32700,-900,300,"bu","14:29:10",1634700
32700,-900,300,"bu","14:29:03",1634400
32700,-900,100,"bu","14:28:49",1634100
32700,-900,100,"sd","14:27:51",1634000
32700,-900,100,"bu","14:27:04",1633900
32700,-900,100,"bu","14:27:04",1633800
32650,-950,1200,"sd","14:26:49",1633700
32700,-900,100,"sd","14:26:44",1632500
32700,-900,100,"sd","14:26:35",1632400
32700,-900,2500,"bu","14:26:28",1632300
32700,-900,3000,"bu","14:26:28",1629800
32700,-900,300,"bu","14:26:28",1626800
32700,-900,4700,"bu","14:26:07",1626500
32650,-950,300,"bu","14:26:07",1621800
32650,-950,200,"sd","14:26:04",1621500
32650,-950,100,"sd","14:26:04",1621300
32650,-950,500,"sd","14:26:04",1621200
32650,-950,500,"sd","14:26:04",1620700
32650,-950,100,"sd","14:26:04",1620200
32650,-950,800,"sd","14:26:04",1620100
32700,-900,700,"sd","14:25:51",1619300
32700,-900,100,"sd","14:25:51",1618600
32700,-900,300,"sd","14:25:51",1618500
32700,-900,100,"sd","14:25:51",1618200
32700,-900,200,"sd","14:25:51",1618100
32700,-900,300,"sd","14:25:51",1617900
32700,-900,500,"sd","14:25:51",1617600
32700,-900,3000,"sd","14:25:51",1617100
32700,-900,100,"sd","14:25:51",1614100
32700,-900,100,"sd","14:25:51",1614000
32750,-850,2400,"bu","14:25:50",1613900
32700,-900,100,"sd","14:25:20",1611500
32750,-850,1000,"sd","14:25:16",1611400
32750,-850,100,"sd","14:25:16",1610400
32750,-850,100,"sd","14:25:16",1610300
32750,-850,5900,"sd","14:25:16",1610200
32750,-850,300,"sd","14:25:15",1604300
32750,-850,3800,"sd","14:24:50",1604000
32750,-850,800,"sd","14:24:50",1600200
32800,-800,400,"sd","14:24:50",1599400
32800,-800,700,"sd","14:24:46",1599000
32800,-800,500,"sd","14:24:46",1598300
32800,-800,100,"sd","14:24:46",1597800
32800,-800,1900,"sd","14:24:30",1597700
32800,-800,700,"sd","14:24:30",1595800
32800,-800,200,"sd","14:24:30",1595100
32800,-800,100,"sd","14:24:30",1594900
32800,-800,100,"sd","14:24:30",1594800
32800,-800,200,"sd","14:24:30",1594700
32800,-800,300,"sd","14:24:06",1594500
32800,-800,4400,"bu","14:23:43",1594200
32800,-800,1000,"bu","14:23:15",1589800
32800,-800,1200,"sd","14:23:09",1588800
32800,-800,500,"sd","14:23:09",1587600
32800,-800,100,"sd","14:23:09",1587100
32800,-800,200,"sd","14:23:09",1587000
32800,-800,100,"sd","14:23:09",1586800
32850,-750,100,"bu","14:23:09",1586700
32800,-800,200,"sd","14:23:06",1586600
32850,-750,100,"bu","14:22:54",1586400
32850,-750,1500,"bu","14:22:51",1586300
32850,-750,200,"sd","14:22:39",1584800
32850,-750,200,"sd","14:22:39",1584600
32850,-750,100,"sd","14:22:39",1584400
32850,-750,400,"unknown","14:22:25",1584300
32900,-700,2800,"bu","14:22:19",1583900
32850,-750,2500,"bu","14:22:01",1581100
32850,-750,200,"bu","14:22:01",1578600
32850,-750,500,"bu","14:22:01",1578400
32850,-750,500,"bu","14:22:01",1577900
32850,-750,300,"bu","14:22:01",1577400
32800,-800,1000,"bu","14:22:01",1577100
32800,-800,400,"bu","14:22:00",1576100
32800,-800,600,"sd","14:21:51",1575700
32800,-800,300,"sd","14:21:42",1575100
32800,-800,200,"sd","14:21:42",1574800
32800,-800,300,"sd","14:21:42",1574600
32850,-750,500,"bu","14:21:31",1574300
32800,-800,100,"bu","14:21:23",1573800
32850,-750,200,"bu","14:21:05",1573700
32850,-750,200,"bu","14:21:05",1573500
32800,-800,1500,"bu","14:21:05",1573300
32800,-800,100,"sd","14:20:57",1571800
32800,-800,500,"sd","14:20:57",1571700
32800,-800,500,"sd","14:20:57",1571200
32800,-800,100,"sd","14:20:57",1570700
32800,-800,100,"sd","14:20:57",1570600
32850,-750,100,"bu","14:20:32",1570500
32800,-800,500,"sd","14:20:31",1570400
32850,-750,100,"bu","14:20:21",1569900
32850,-750,2900,"bu","14:20:21",1569800
32800,-800,1000,"bu","14:20:07",1566900
32800,-800,1000,"bu","14:20:07",1565900
32800,-800,1000,"bu","14:20:07",1564900
32800,-800,6600,"bu","14:20:07",1563900
32800,-800,100,"bu","14:20:07",1557300
32800,-800,5000,"bu","14:20:07",1557200
32800,-800,300,"bu","14:20:07",1552200
32650,-950,100,"bu","14:19:36",1551900
32650,-950,300,"bu","14:19:33",1551800
32700,-900,3000,"bu","14:19:26",1551500
32700,-900,5000,"bu","14:19:26",1548500
32700,-900,2000,"bu","14:19:26",1543500
32700,-900,1500,"bu","14:19:26",1541500
32700,-900,1000,"bu","14:19:26",1540000
32700,-900,500,"bu","14:19:26",1539000
32600,-1000,100,"sd","14:19:26",1538500
32600,-1000,100,"sd","14:19:26",1538400
32600,-1000,200,"sd","14:19:26",1538300
32650,-950,200,"sd","14:19:26",1538100
32650,-950,100,"sd","14:19:26",1537900
32650,-950,1000,"sd","14:19:26",1537800
32650,-950,200,"sd","14:19:26",1536800
32650,-950,100,"sd","14:19:26",1536600
32650,-950,500,"sd","14:19:26",1536500
32650,-950,100,"bu","14:18:45",1536000
32650,-950,100,"bu","14:18:45",1535900
32650,-950,500,"bu","14:18:45",1535800
32650,-950,400,"bu","14:18:45",1535300
32650,-950,1000,"bu","14:18:43",1534900
32650,-950,100,"bu","14:18:40",1533900
32650,-950,500,"bu","14:18:31",1533800
32650,-950,100,"bu","14:18:31",1533300
32650,-950,2000,"bu","14:18:23",1533200
32600,-1000,300,"bu","14:18:04",1531200
32600,-1000,1000,"bu","14:18:04",1530900
32600,-1000,200,"bu","14:18:00",1529900
32600,-1000,1000,"sd","14:17:56",1529700
32600,-1000,600,"sd","14:17:54",1528700
32600,-1000,800,"sd","14:17:50",1528100
32600,-1000,200,"sd","14:17:48",1527300
32600,-1000,400,"unknown","14:17:48",1527100
32550,-1050,500,"bu","14:17:48",1526700
32500,-1100,1300,"sd","14:17:47",1526200
32500,-1100,100,"sd","14:17:47",1524900
32500,-1100,100,"sd","14:17:47",1524800
32550,-1050,500,"bu","14:17:40",1524700
32600,-1000,100,"bu","14:17:30",1524200
32650,-950,3900,"bu","14:17:28",1524100
32650,-950,100,"bu","14:17:28",1520200
32600,-1000,500,"bu","14:17:22",1520100
32500,-1100,100,"bu","14:17:11",1519600
32500,-1100,3500,"bu","14:17:11",1519500
32500,-1100,1300,"bu","14:17:10",1516000
32450,-1150,100,"bu","14:17:00",1514700
32450,-1150,900,"bu","14:17:00",1514600
32450,-1150,100,"bu","14:16:58",1513700
32450,-1150,400,"bu","14:16:56",1513600
32450,-1150,500,"bu","14:16:52",1513200
32350,-1250,400,"sd","14:16:51",1512700
32350,-1250,300,"sd","14:16:51",1512300
32400,-1200,1300,"sd","14:16:51",1512000
32450,-1150,3100,"bu","14:16:48",1510700
32450,-1150,1000,"bu","14:16:48",1507600
32450,-1150,900,"bu","14:16:48",1506600
32400,-1200,300,"sd","14:16:39",1505700
32350,-1250,200,"sd","14:16:38",1505400
32350,-1250,100,"sd","14:16:32",1505200
32350,-1250,200,"sd","14:16:29",1505100
32350,-1250,100,"sd","14:16:26",1504900
32350,-1250,100,"sd","14:16:24",1504800
32450,-1150,100,"bu","14:16:21",1504700
32450,-1150,2000,"bu","14:16:21",1504600
32350,-1250,2900,"bu","14:16:21",1502600
32350,-1250,400,"bu","14:16:19",1499700
32300,-1300,600,"sd","14:16:19",1499300
32350,-1250,700,"bu","14:16:18",1498700
32350,-1250,2300,"bu","14:16:18",1498000
32300,-1300,1000,"sd","14:16:18",1495700
32300,-1300,1000,"sd","14:16:17",1494700
32350,-1250,400,"bu","14:16:17",1493700
32350,-1250,1100,"bu","14:16:15",1493300
32350,-1250,100,"bu","14:16:11",1492200
32350,-1250,100,"bu","14:16:11",1492100
32350,-1250,100,"bu","14:16:11",1492000
32350,-1250,1000,"sd","14:16:11",1491900
32350,-1250,100,"sd","14:16:11",1490900
32350,-1250,100,"sd","14:16:11",1490800
32350,-1250,1000,"sd","14:16:11",1490700
32350,-1250,200,"sd","14:16:11",1489700
32350,-1250,200,"sd","14:16:11",1489500
32350,-1250,300,"sd","14:16:11",1489300
32350,-1250,200,"sd","14:16:00",1489000
32350,-1250,100,"sd","14:15:53",1488800
32350,-1250,200,"sd","14:15:47",1488700
32300,-1300,100,"sd","14:15:43",1488500
32300,-1300,300,"sd","14:15:33",1488400
32450,-1150,500,"sd","14:15:33",1488100
32500,-1100,3000,"bu","14:15:32",1487600
32300,-1300,600,"bu","14:15:24",1484600
32300,-1300,100,"bu","14:15:24",1484000
32000,-1600,200,"sd","14:15:23",1483900
32000,-1600,300,"sd","14:15:23",1483700
32000,-1600,700,"sd","14:15:21",1483400
32000,-1600,1000,"sd","14:15:21",1482700
32050,-1550,100,"sd","14:15:21",1480700
32050,-1550,1000,"sd","14:15:21",1481700
32100,-1500,100,"sd","14:15:21",1480600
32100,-1500,1000,"sd","14:15:21",1480500
32100,-1500,100,"sd","14:15:21",1479500
32150,-1450,500,"sd","14:15:21",1478400
32100,-1500,1000,"sd","14:15:21",1479400
32200,-1400,100,"sd","14:15:21",1477900
32200,-1400,100,"sd","14:15:21",1477800
32200,-1400,800,"sd","14:15:21",1477700
32200,-1400,1000,"sd","14:15:21",1476900
32200,-1400,500,"sd","14:15:21",1475900
32200,-1400,300,"sd","14:15:21",1475400
32250,-1350,100,"sd","14:15:21",1475100
32250,-1350,400,"sd","14:15:21",1474900
32250,-1350,100,"sd","14:15:21",1475000
32300,-1300,500,"sd","14:15:21",1474500
32300,-1300,100,"sd","14:15:21",1474000
32300,-1300,100,"sd","14:15:21",1473900
32300,-1300,500,"sd","14:15:21",1473300
32350,-1250,100,"sd","14:15:21",1472800
32300,-1300,500,"sd","14:15:21",1473800
32400,-1200,500,"sd","14:15:21",1472700
32400,-1200,1000,"sd","14:15:21",1472200
32400,-1200,1000,"sd","14:15:21",1471200
32400,-1200,100,"sd","14:15:21",1470200
32400,-1200,500,"sd","14:15:21",1470100
32400,-1200,200,"sd","14:15:21",1469600
32400,-1200,100,"sd","14:15:21",1469400
32450,-1150,100,"sd","14:15:21",1469300
32450,-1150,200,"sd","14:15:21",1469200
32450,-1150,100,"sd","14:15:21",1469000
32450,-1150,100,"sd","14:15:21",1468900
32450,-1150,400,"sd","14:15:21",1468800
32500,-1100,100,"bu","14:15:19",1468400
32500,-1100,400,"sd","14:15:11",1468300
32500,-1100,500,"sd","14:15:11",1467900
32500,-1100,100,"sd","14:15:11",1467400
32500,-1100,200,"sd","14:15:11",1467300
32500,-1100,500,"sd","14:15:11",1467100
32500,-1100,100,"sd","14:15:11",1466600
32500,-1100,10000,"sd","14:15:11",1466500
32500,-1100,500,"sd","14:15:11",1456500
32500,-1100,500,"sd","14:15:11",1456000
32500,-1100,100,"sd","14:15:11",1455500
32500,-1100,1000,"sd","14:15:11",1455400
32500,-1100,500,"sd","14:15:11",1454400
32500,-1100,200,"sd","14:15:11",1453900
32500,-1100,200,"sd","14:15:11",1453700
32500,-1100,1000,"sd","14:15:11",1453500
32500,-1100,500,"sd","14:15:11",1452500
32500,-1100,200,"sd","14:15:11",1452000
32500,-1100,500,"sd","14:15:11",1451800
32500,-1100,200,"sd","14:15:11",1451300
32500,-1100,300,"sd","14:15:11",1451100
32500,-1100,500,"sd","14:15:11",1450800
32500,-1100,200,"sd","14:15:11",1450300
32500,-1100,500,"sd","14:15:11",1450100
32500,-1100,5000,"sd","14:15:11",1449600
32500,-1100,5000,"sd","14:15:11",1444600
32500,-1100,2000,"sd","14:15:11",1439600
32500,-1100,100,"sd","14:15:11",1437600
32500,-1100,100,"sd","14:15:11",1437500
32500,-1100,400,"sd","14:15:11",1437400
32500,-1100,2000,"sd","14:15:11",1437000
32500,-1100,500,"sd","14:15:11",1435000
32500,-1100,300,"sd","14:15:11",1434500
32500,-1100,3000,"sd","14:15:11",1434200
32500,-1100,100,"sd","14:15:11",1431200
32500,-1100,100,"sd","14:15:11",1431100
32500,-1100,100,"sd","14:15:11",1431000
32500,-1100,100,"sd","14:15:11",1430900
32550,-1050,500,"sd","14:15:11",1430800
32550,-1050,1700,"sd","14:15:11",1430300
32550,-1050,100,"sd","14:15:11",1428600
32550,-1050,100,"sd","14:15:11",1428500
32550,-1050,2200,"sd","14:15:11",1428400
32550,-1050,1000,"sd","14:15:03",1426200
32550,-1050,1800,"sd","14:14:58",1425200
32550,-1050,100,"sd","14:14:58",1423400
32550,-1050,500,"sd","14:14:58",1423300
32550,-1050,2000,"sd","14:14:58",1422800
32550,-1050,2000,"sd","14:14:58",1420800
32550,-1050,200,"sd","14:14:58",1418800
32550,-1050,100,"sd","14:14:58",1418600
32550,-1050,2000,"sd","14:14:58",1418500
32550,-1050,100,"sd","14:14:58",1416500
32550,-1050,100,"sd","14:14:58",1416400
32550,-1050,100,"sd","14:14:58",1416300
32600,-1000,100,"sd","14:14:58",1416200
32600,-1000,100,"sd","14:14:58",1416100
32600,-1000,100,"sd","14:14:58",1416000
32600,-1000,700,"sd","14:14:58",1415900
32600,-1000,1000,"sd","14:14:58",1415200
32600,-1000,200,"sd","14:14:48",1414200
32600,-1000,300,"sd","14:14:48",1414000
32600,-1000,200,"sd","14:14:40",1413700
32600,-1000,4800,"sd","14:14:40",1413500
32600,-1000,600,"sd","14:14:40",1408700
32600,-1000,700,"sd","14:14:33",1408100
32650,-950,500,"bu","14:14:31",1407400
32650,-950,500,"bu","14:14:31",1406900
32600,-1000,100,"sd","14:14:30",1406400
32600,-1000,2800,"sd","14:14:29",1406300
32600,-1000,100,"sd","14:14:29",1403500
32600,-1000,100,"sd","14:14:29",1403400
32600,-1000,200,"sd","14:14:26",1403300
32600,-1000,700,"sd","14:14:12",1403100
32600,-1000,300,"sd","14:14:12",1402400
32600,-1000,1700,"sd","14:14:08",1402100
32600,-1000,100,"sd","14:14:08",1400400
32600,-1000,500,"sd","14:14:08",1400300
32600,-1000,400,"sd","14:14:08",1399800
32650,-950,2000,"bu","14:13:58",1399400
32650,-950,100,"bu","14:13:54",1397400
32600,-1000,600,"sd","14:13:52",1397300
32600,-1000,100,"sd","14:13:52",1396700
32600,-1000,300,"sd","14:13:52",1396600
32600,-1000,100,"sd","14:13:52",1396300
32600,-1000,400,"sd","14:13:52",1396200
32600,-1000,100,"sd","14:13:50",1395800
32600,-1000,400,"sd","14:13:50",1395700
32600,-1000,100,"sd","14:13:50",1395300
32600,-1000,200,"sd","14:13:50",1395200
32600,-1000,400,"sd","14:13:45",1395000
32600,-1000,400,"sd","14:13:42",1394600
32600,-1000,100,"sd","14:13:42",1394200
32600,-1000,1000,"sd","14:13:42",1394100
32600,-1000,1000,"sd","14:13:42",1393100
32600,-1000,500,"sd","14:13:42",1392100
32600,-1000,500,"sd","14:13:42",1391600
32600,-1000,100,"sd","14:13:42",1391100
32600,-1000,100,"sd","14:13:42",1391000
32600,-1000,1000,"sd","14:13:42",1390900
32600,-1000,100,"sd","14:13:42",1389900
32600,-1000,200,"sd","14:13:42",1389800
32650,-950,1000,"bu","14:13:38",1389600
32600,-1000,1800,"sd","14:13:31",1388600
32600,-1000,500,"sd","14:13:31",1386800
32600,-1000,300,"sd","14:13:31",1386300
32600,-1000,500,"sd","14:13:31",1386000
32600,-1000,500,"sd","14:13:31",1385500
32600,-1000,100,"sd","14:13:31",1385000
32600,-1000,200,"sd","14:13:31",1384900
32600,-1000,500,"sd","14:13:31",1384700
32600,-1000,1000,"sd","14:13:31",1384200
32600,-1000,5000,"sd","14:13:31",1383200
32600,-1000,100,"sd","14:13:31",1378200
32600,-1000,2000,"sd","14:13:31",1378100
32600,-1000,300,"sd","14:13:31",1376100
32600,-1000,5000,"sd","14:13:31",1375800
32600,-1000,200,"sd","14:13:31",1370800
32600,-1000,800,"sd","14:13:31",1370600
32600,-1000,200,"sd","14:13:31",1369800
32600,-1000,100,"sd","14:13:31",1369600
32600,-1000,500,"sd","14:13:31",1369500
32600,-1000,100,"sd","14:13:31",1369000
32600,-1000,200,"sd","14:13:31",1368900
32600,-1000,100,"sd","14:13:31",1368700
32650,-950,100,"bu","14:13:30",1368600
32650,-950,200,"bu","14:13:27",1368500
32650,-950,300,"sd","14:13:25",1368300
32650,-950,100,"sd","14:13:25",1368000
32650,-950,500,"sd","14:13:25",1367900
32650,-950,100,"sd","14:13:25",1367400
32650,-950,100,"sd","14:13:25",1367300
32650,-950,100,"sd","14:13:21",1367200
32650,-950,600,"sd","14:13:18",1367100
32650,-950,200,"sd","14:13:18",1366500
32650,-950,500,"sd","14:13:18",1366300
32650,-950,1000,"sd","14:13:18",1365800
32650,-950,500,"sd","14:13:18",1364800
32650,-950,5200,"sd","14:13:18",1364300
32650,-950,500,"sd","14:13:18",1359100
32650,-950,1000,"sd","14:13:18",1358600
32650,-950,200,"sd","14:13:18",1357600
32650,-950,300,"sd","14:13:18",1357400
32650,-950,100,"sd","14:13:15",1357100
32650,-950,500,"sd","14:13:15",1357000
32650,-950,200,"sd","14:13:15",1356500
32650,-950,200,"sd","14:13:15",1356300
32650,-950,200,"sd","14:13:04",1356100
32700,-900,500,"bu","14:13:04",1355900
32700,-900,500,"bu","14:13:04",1355400
32700,-900,100,"bu","14:13:04",1354900
32700,-900,2000,"bu","14:12:39",1354800
32650,-950,600,"sd","14:12:28",1352800
32650,-950,500,"sd","14:12:28",1352200
32650,-950,500,"sd","14:12:27",1351700
32650,-950,700,"sd","14:12:25",1351200
32650,-950,400,"sd","14:12:14",1350500
32650,-950,7900,"sd","14:12:06",1350100
32650,-950,500,"sd","14:12:06",1342200
32650,-950,200,"sd","14:12:06",1341700
32650,-950,100,"sd","14:12:06",1341500
32650,-950,100,"sd","14:12:06",1341400
32650,-950,100,"sd","14:12:06",1341300
32650,-950,300,"sd","14:12:06",1341200
32650,-950,1000,"sd","14:12:06",1340900
32650,-950,500,"sd","14:12:06",1339900
32650,-950,200,"sd","14:12:06",1339400
32650,-950,500,"sd","14:12:06",1339200
32650,-950,1000,"sd","14:12:06",1338700
32650,-950,100,"sd","14:12:06",1337700
32700,-900,200,"sd","14:12:06",1337600
32700,-900,2300,"sd","14:12:06",1337400
32700,-900,3000,"sd","14:11:59",1335100
32700,-900,300,"sd","14:11:53",1332100
32700,-900,500,"sd","14:11:53",1331800
32700,-900,600,"sd","14:11:50",1331300
32700,-900,2000,"sd","14:11:50",1330700
32700,-900,1300,"sd","14:11:44",1328700
32700,-900,1000,"sd","14:11:44",1327400
32700,-900,100,"sd","14:11:44",1326400
32700,-900,300,"sd","14:11:44",1326300
32700,-900,500,"sd","14:11:44",1326000
32700,-900,600,"sd","14:11:44",1325500
32750,-850,1000,"sd","14:11:25",1324900
32750,-850,400,"sd","14:11:25",1323900
32750,-850,300,"sd","14:11:25",1323500
32750,-850,100,"sd","14:11:25",1323200
32750,-850,200,"sd","14:11:25",1323100
32750,-850,200,"sd","14:11:22",1322900
32750,-850,500,"sd","14:11:13",1322700
32750,-850,6000,"sd","14:11:13",1322200
32750,-850,5000,"sd","14:11:12",1316200
32800,-800,200,"bu","14:10:53",1311200
32800,-800,200,"sd","14:10:35",1311000
32800,-800,100,"sd","14:10:35",1310800
32800,-800,19400,"sd","14:10:35",1310700
32800,-800,400,"sd","14:10:26",1291300
32800,-800,4000,"sd","14:10:03",1290900
32800,-800,4600,"sd","14:10:02",1286900
32800,-800,1000,"sd","14:09:35",1282300
32800,-800,1000,"sd","14:09:27",1281300
32800,-800,5000,"sd","14:09:24",1280300
32800,-800,3200,"bu","14:09:20",1275300
32800,-800,500,"bu","14:09:20",1272100
32800,-800,600,"bu","14:09:20",1271600
32800,-800,2100,"bu","14:09:20",1271000
32800,-800,5000,"bu","14:09:20",1268900
32800,-800,200,"bu","14:09:20",1263900
32800,-800,100,"bu","14:08:50",1263700
32800,-800,200,"bu","14:08:29",1263600
32800,-800,500,"bu","14:08:04",1263400
32750,-850,500,"sd","14:07:57",1262900
32750,-850,2000,"sd","14:07:24",1262400
32750,-850,2300,"bu","14:07:16",1260400
32700,-900,4200,"bu","14:07:16",1258100
32650,-950,10000,"sd","14:07:15",1253900
32700,-900,100,"bu","14:07:00",1243900
32700,-900,200,"sd","14:06:58",1243800
32700,-900,400,"sd","14:06:58",1243600
32700,-900,100,"sd","14:06:58",1243200
32700,-900,600,"sd","14:06:52",1243100
32700,-900,100,"sd","14:06:52",1242500
32700,-900,300,"sd","14:06:52",1242400
32700,-900,700,"sd","14:06:37",1242100
32700,-900,2000,"sd","14:06:37",1241400
32700,-900,500,"sd","14:06:37",1239400
32700,-900,1000,"sd","14:06:37",1238900
32700,-900,100,"sd","14:06:37",1237900
32700,-900,1000,"sd","14:06:37",1237800
32700,-900,100,"sd","14:06:37",1236800
32700,-900,1000,"sd","14:06:37",1236700
32700,-900,500,"sd","14:06:37",1235700
32700,-900,100,"sd","14:06:37",1235200
32700,-900,500,"sd","14:06:37",1235100
32700,-900,100,"sd","14:06:37",1234600
32700,-900,100,"sd","14:06:37",1234500
32700,-900,100,"sd","14:06:37",1234400
32700,-900,1000,"sd","14:06:37",1234300
32700,-900,1000,"sd","14:06:37",1233300
32700,-900,200,"sd","14:06:37",1232300
32750,-850,1700,"bu","14:06:30",1232100
32750,-850,100,"bu","14:06:30",1230400
32750,-850,200,"bu","14:06:17",1230300
32750,-850,300,"bu","14:06:15",1230100
32750,-850,100,"bu","14:06:15",1229800
32750,-850,500,"bu","14:05:53",1229700
32750,-850,100,"bu","14:05:50",1229200
32750,-850,4000,"sd","14:05:42",1229100
32750,-850,400,"sd","14:05:42",1225100
32750,-850,100,"sd","14:05:26",1224700
32750,-850,200,"sd","14:05:26",1224600
32750,-850,100,"sd","14:05:26",1224400
32750,-850,200,"sd","14:05:26",1224300
32750,-850,500,"sd","14:05:26",1224100
32800,-800,100,"bu","14:05:13",1223600
32800,-800,400,"sd","14:05:08",1223500
32800,-800,500,"sd","14:05:08",1223100
32800,-800,700,"sd","14:05:08",1222600
32800,-800,1000,"sd","14:05:08",1221900
32800,-800,500,"sd","14:05:08",1220900
32800,-800,100,"sd","14:05:08",1220400
32800,-800,20000,"sd","14:05:08",1220300
32800,-800,500,"sd","14:05:08",1200300
32800,-800,2400,"sd","14:05:08",1199800
32800,-800,100,"sd","14:05:08",1197400
32800,-800,100,"sd","14:05:08",1197300
32800,-800,100,"sd","14:05:08",1197200
32800,-800,2000,"sd","14:05:08",1197100
32800,-800,500,"sd","14:05:08",1195100
32850,-750,100,"sd","14:04:52",1194600
32850,-750,100,"sd","14:04:52",1194500
32850,-750,1000,"sd","14:04:52",1194400
32850,-750,1900,"sd","14:04:52",1193400
32850,-750,500,"sd","14:04:20",1191500
32900,-700,200,"sd","14:04:07",1191000
32900,-700,500,"sd","14:04:07",1190800
32900,-700,700,"sd","14:04:07",1190300
32900,-700,200,"sd","14:04:07",1189600
32900,-700,300,"sd","14:04:07",1189400
32900,-700,200,"sd","14:04:07",1189100
32900,-700,500,"sd","14:04:07",1188900
32900,-700,300,"sd","14:04:07",1188400
32900,-700,100,"sd","14:04:07",1188100
32900,-700,600,"sd","14:04:07",1188000
32900,-700,100,"sd","14:03:40",1187400
32950,-650,100,"sd","14:03:25",1187300
32950,-650,100,"sd","14:03:25",1187200
32950,-650,100,"sd","14:03:25",1187100
32950,-650,5000,"sd","14:03:18",1187000
32950,-650,4900,"sd","14:02:59",1182000
32950,-650,100,"sd","14:02:59",1177100
33000,-600,100,"bu","14:02:30",1177000
33000,-600,100,"bu","14:02:13",1176900
33000,-600,300,"bu","14:01:31",1176800
33000,-600,300,"bu","14:01:23",1176500
33000,-600,200,"bu","14:01:23",1176200
32950,-650,400,"sd","14:00:25",1176000
32950,-650,2000,"sd","14:00:25",1175600
32950,-650,700,"sd","14:00:25",1173600
33100,-500,1800,"sd","14:00:03",1172900
33100,-500,100,"sd","13:59:59",1171100
33100,-500,3000,"sd","13:59:55",1171000
33100,-500,1000,"sd","13:59:51",1168000
33100,-500,800,"sd","13:59:49",1167000
33100,-500,1500,"sd","13:59:48",1166200
33100,-500,1000,"sd","13:59:46",1164700
33100,-500,1500,"sd","13:59:44",1163700
33100,-500,1000,"sd","13:59:36",1162200
33100,-500,1000,"sd","13:59:33",1161200
33100,-500,1500,"sd","13:59:24",1160200
33100,-500,20000,"sd","13:59:18",1158700
33100,-500,1000,"sd","13:59:07",1138700
33100,-500,300,"bu","13:59:02",1137700
33100,-500,1000,"bu","13:59:02",1137400
33100,-500,1000,"bu","13:59:02",1136400
33100,-500,1000,"bu","13:59:02",1135400
33100,-500,900,"bu","13:59:02",1134400
33100,-500,4600,"bu","13:59:02",1133500
33100,-500,3400,"bu","13:59:02",1128900
33100,-500,300,"bu","13:58:34",1125500
33000,-600,1000,"bu","13:58:32",1125200
33000,-600,100,"bu","13:58:32",1124200
33000,-600,3000,"bu","13:58:32",1124100
33000,-600,1200,"bu","13:58:32",1121100
33000,-600,3000,"bu","13:58:32",1119900
33000,-600,1400,"bu","13:58:32",1116900
33000,-600,1900,"bu","13:58:32",1115500
33000,-600,100,"bu","13:58:18",1113600
32950,-650,1000,"bu","13:57:01",1113500
32950,-650,200,"bu","13:57:01",1112500
32950,-650,900,"bu","13:57:01",1112300
32950,-650,400,"bu","13:57:01",1111400
32950,-650,500,"bu","13:57:01",1111000
32950,-650,100,"bu","13:56:25",1110500
32950,-650,100,"bu","13:56:25",1110400
32900,-700,300,"bu","13:55:57",1110300
32900,-700,3000,"bu","13:55:46",1110000
32900,-700,100,"bu","13:55:30",1107000
32900,-700,300,"bu","13:55:24",1106900
32850,-750,600,"sd","13:55:23",1106600
32850,-750,100,"sd","13:55:23",1106000
32850,-750,100,"sd","13:55:23",1105900
32850,-750,200,"sd","13:55:23",1105800
32850,-750,200,"sd","13:55:23",1105600
32850,-750,100,"sd","13:55:23",1105400
32850,-750,700,"sd","13:55:23",1105300
32900,-700,200,"bu","13:54:41",1104600
32900,-700,1000,"bu","13:54:41",1104400
32900,-700,300,"bu","13:54:41",1103400
32900,-700,300,"bu","13:54:15",1103100
32900,-700,200,"bu","13:54:07",1102800
32900,-700,300,"sd","13:53:46",1102600
32900,-700,200,"sd","13:53:46",1102300
32900,-700,100,"sd","13:53:46",1102100
32900,-700,1000,"sd","13:53:46",1102000
32900,-700,1000,"sd","13:53:46",1101000
32900,-700,200,"sd","13:53:36",1100000
32900,-700,300,"sd","13:53:11",1099800
32900,-700,200,"sd","13:52:53",1099500
32900,-700,300,"sd","13:52:53",1099300
32950,-650,1000,"bu","13:52:52",1099000
32950,-650,100,"sd","13:52:34",1098000
33000,-600,400,"bu","13:52:19",1097900
33000,-600,100,"bu","13:52:16",1097500
33000,-600,1000,"bu","13:51:55",1097400
33000,-600,100,"bu","13:51:20",1096400
32900,-700,100,"sd","13:51:15",1096300
32900,-700,500,"sd","13:51:15",1096200
32900,-700,1000,"sd","13:51:15",1095700
32900,-700,1500,"sd","13:51:15",1094700
32900,-700,800,"sd","13:51:15",1093200
32900,-700,4800,"sd","13:51:15",1092400
33000,-600,1000,"sd","13:50:44",1087600
33000,-600,300,"sd","13:50:44",1086600
33000,-600,4400,"sd","13:50:32",1086300
33000,-600,2000,"sd","13:50:31",1081900
33000,-600,500,"bu","13:50:12",1079900
33000,-600,500,"bu","13:50:12",1079400
33000,-600,300,"bu","13:50:12",1078900
33000,-600,100,"bu","13:49:58",1078600
33000,-600,100,"bu","13:49:55",1078500
33000,-600,300,"bu","13:49:53",1078400
33000,-600,700,"bu","13:49:53",1078100
33000,-600,1300,"bu","13:49:53",1077400
33000,-600,700,"bu","13:49:53",1076100
33000,-600,200,"bu","13:49:35",1075400
33000,-600,1000,"bu","13:49:26",1075200
33000,-600,1000,"bu","13:49:25",1074200
33000,-600,100,"bu","13:49:17",1073200
33000,-600,100,"bu","13:49:17",1073100
33000,-600,900,"bu","13:49:07",1073000
32900,-700,800,"sd","13:49:03",1072100
32950,-650,200,"sd","13:49:03",1071300
32950,-650,100,"sd","13:49:02",1071100
32950,-650,100,"bu","13:48:53",1071000
32900,-700,5000,"bu","13:48:42",1070900
32900,-700,1000,"bu","13:48:42",1065900
32900,-700,3400,"bu","13:48:42",1064900
32900,-700,1700,"bu","13:48:41",1061500
32900,-700,200,"bu","13:48:37",1059800
32900,-700,2000,"bu","13:48:34",1059600
32850,-750,100,"bu","13:48:07",1057600
32850,-750,200,"bu","13:48:05",1057500
32800,-800,300,"sd","13:48:05",1057300
32850,-750,100,"bu","13:48:04",1057000
32800,-800,200,"sd","13:48:03",1056900
32850,-750,100,"bu","13:47:54",1056700
32850,-750,100,"bu","13:47:54",1056600
32800,-800,600,"bu","13:47:40",1056500
32800,-800,1300,"bu","13:47:40",1055900
32800,-800,700,"bu","13:47:38",1054600
32800,-800,300,"bu","13:47:38",1053900
32800,-800,4700,"bu","13:47:35",1053600
32800,-800,400,"bu","13:47:35",1048900
32800,-800,3300,"bu","13:47:35",1048500
32800,-800,300,"bu","13:47:30",1045200
32800,-800,400,"bu","13:47:27",1044900
32800,-800,100,"bu","13:47:27",1044500
32800,-800,400,"bu","13:47:20",1044400
32800,-800,500,"bu","13:47:16",1044000
32800,-800,300,"bu","13:47:13",1043500
32750,-850,300,"sd","13:47:08",1043200
32750,-850,700,"sd","13:47:08",1042900
32750,-850,100,"sd","13:46:40",1042200
32750,-850,1200,"bu","13:46:34",1042100
32750,-850,200,"bu","13:46:26",1040900
32750,-850,500,"bu","13:46:23",1040700
32750,-850,100,"sd","13:46:16",1040200
32750,-850,100,"bu","13:46:06",1040100
32750,-850,400,"bu","13:45:54",1040000
32750,-850,100,"sd","13:45:53",1039600
32750,-850,100,"bu","13:45:43",1039500
32750,-850,500,"sd","13:45:39",1039400
32750,-850,1400,"sd","13:45:39",1038900
32750,-850,1600,"sd","13:45:33",1037500
32750,-850,400,"sd","13:45:33",1035900
32750,-850,100,"sd","13:45:28",1035500
32750,-850,100,"sd","13:45:28",1035400
32750,-850,100,"sd","13:45:28",1035300
32750,-850,100,"bu","13:44:54",1035200
32750,-850,800,"bu","13:44:54",1035100
32750,-850,300,"bu","13:44:52",1034300
32750,-850,100,"bu","13:44:40",1034000
32750,-850,600,"bu","13:44:35",1033900
32750,-850,200,"bu","13:44:24",1033300
32750,-850,500,"bu","13:44:21",1033100
32750,-850,300,"bu","13:44:15",1032600
32750,-850,200,"sd","13:44:15",1032300
32750,-850,500,"bu","13:44:11",1032100
32750,-850,200,"bu","13:44:05",1031600
32750,-850,100,"bu","13:44:03",1031400
32750,-850,200,"sd","13:44:00",1031300
32750,-850,300,"bu","13:44:00",1031100
32750,-850,200,"bu","13:43:47",1030800
32700,-900,200,"sd","13:43:40",1030600
32700,-900,1000,"sd","13:43:40",1030400
32700,-900,200,"sd","13:43:40",1029400
32700,-900,100,"sd","13:43:40",1029200
32700,-900,1000,"sd","13:43:40",1029100
32700,-900,100,"sd","13:43:40",1028100
32700,-900,900,"sd","13:43:40",1028000
32750,-850,1000,"sd","13:43:40",1027100
32750,-850,500,"sd","13:43:40",1026100
32700,-900,2500,"sd","13:43:18",1025600
32700,-900,1000,"sd","13:43:16",1023100
32700,-900,100,"sd","13:43:15",1022100
32700,-900,100,"sd","13:43:10",1022000
32700,-900,2000,"sd","13:43:10",1021900
32700,-900,2400,"sd","13:43:10",1019900
32700,-900,500,"sd","13:43:10",1017500
32700,-900,500,"bu","13:43:03",1017000
32700,-900,2000,"bu","13:43:03",1016500
32700,-900,100,"bu","13:43:03",1014500
32700,-900,900,"bu","13:42:58",1014400
32700,-900,500,"bu","13:42:58",1013500
32700,-900,200,"bu","13:42:58",1013000
32700,-900,400,"bu","13:42:58",1012800
32700,-900,100,"bu","13:42:55",1012400
32700,-900,500,"bu","13:42:51",1012300
32700,-900,100,"bu","13:42:51",1011800
32650,-950,100,"sd","13:42:40",1011700
32650,-950,200,"sd","13:42:40",1011600
32650,-950,500,"sd","13:42:40",1011400
32650,-950,200,"sd","13:42:40",1010900
32650,-950,100,"sd","13:42:16",1010700
32700,-900,100,"bu","13:42:00",1010600
32650,-950,500,"bu","13:41:44",1010500
32650,-950,100,"sd","13:41:26",1010000
32650,-950,100,"bu","13:41:14",1009900
32600,-1000,400,"sd","13:41:11",1009800
32600,-1000,3400,"sd","13:41:07",1009400
32600,-1000,200,"sd","13:40:58",1006000
32600,-1000,200,"sd","13:40:53",1005800
32600,-1000,2000,"sd","13:40:50",1005600
32600,-1000,1000,"sd","13:40:48",1003600
32600,-1000,1000,"sd","13:40:45",1002600
32600,-1000,500,"sd","13:40:43",1001600
32600,-1000,500,"bu","13:40:40",1001100
32600,-1000,1000,"bu","13:40:37",1000600
32600,-1000,100,"bu","13:40:36",999600
32600,-1000,1400,"sd","13:40:29",999500
32600,-1000,500,"sd","13:40:27",998100
32600,-1000,500,"bu","13:40:25",997600
32600,-1000,600,"bu","13:40:25",997100
32600,-1000,2800,"bu","13:40:25",996500
32600,-1000,4000,"bu","13:40:25",993700
32600,-1000,200,"bu","13:40:25",989700
32600,-1000,100,"bu","13:40:25",989500
32600,-1000,300,"bu","13:40:24",989400
32600,-1000,100,"sd","13:40:14",989100
32600,-1000,100,"sd","13:40:11",989000
32600,-1000,500,"sd","13:40:11",988900
32600,-1000,100,"sd","13:40:09",988400
32600,-1000,100,"sd","13:40:09",988300
32600,-1000,400,"sd","13:40:09",988200
32600,-1000,500,"sd","13:40:09",987800
32600,-1000,100,"sd","13:40:09",987300
32600,-1000,500,"sd","13:40:09",987200
32600,-1000,100,"sd","13:40:09",986700
32600,-1000,100,"sd","13:40:09",986600
32600,-1000,8100,"sd","13:40:09",986500
32700,-900,1900,"bu","13:40:08",978400
32700,-900,3300,"bu","13:40:08",976500
32650,-950,4800,"bu","13:40:08",973200
32600,-1000,1900,"sd","13:40:06",968400
32600,-1000,100,"sd","13:40:06",966500
32650,-950,100,"bu","13:40:04",966400
32650,-950,100,"sd","13:39:57",966300
32650,-950,600,"sd","13:39:49",966200
32650,-950,400,"sd","13:39:49",965600
32650,-950,300,"sd","13:39:46",965200
32650,-950,300,"sd","13:39:36",964900
32650,-950,300,"sd","13:39:36",964600
32650,-950,100,"sd","13:39:36",964300
32650,-950,100,"sd","13:39:36",964200
32650,-950,100,"sd","13:39:36",964100
32650,-950,2100,"sd","13:39:36",964000
32650,-950,2500,"sd","13:39:36",961900
32700,-900,1000,"bu","13:39:33",959400
32700,-900,200,"sd","13:39:28",958400
32700,-900,500,"sd","13:39:28",958200
32700,-900,100,"sd","13:39:28",957700
32700,-900,100,"sd","13:39:28",957600
32700,-900,1000,"sd","13:39:28",957500
32700,-900,300,"sd","13:39:28",956500
32700,-900,100,"sd","13:39:28",956200
32700,-900,5000,"sd","13:39:28",956100
32700,-900,100,"sd","13:39:28",951100
32700,-900,200,"sd","13:39:28",951000
32700,-900,100,"sd","13:39:28",950800
32700,-900,1000,"sd","13:39:28",950700
32700,-900,300,"sd","13:39:28",949700
32700,-900,100,"sd","13:39:28",949400
32700,-900,7000,"sd","13:39:28",949300
32700,-900,100,"sd","13:39:28",942300
32700,-900,3900,"sd","13:39:28",942200
32700,-900,2000,"sd","13:39:28",938300
32700,-900,2500,"sd","13:39:28",936300
32700,-900,100,"sd","13:39:28",933800
32700,-900,1000,"sd","13:39:28",933700
32750,-850,1000,"bu","13:39:27",932700
32750,-850,4000,"bu","13:39:27",931700
32750,-850,100,"sd","13:39:22",927700
32750,-850,100,"sd","13:39:22",927600
32750,-850,100,"sd","13:39:22",927500
32750,-850,700,"sd","13:39:22",927400
32750,-850,4300,"sd","13:39:15",926700
32750,-850,1000,"sd","13:39:15",922400
32750,-850,2000,"sd","13:39:15",921400
32750,-850,5000,"sd","13:39:15",919400
32750,-850,100,"sd","13:39:15",914400
32750,-850,200,"sd","13:39:15",914300
32750,-850,500,"sd","13:39:15",914100
32750,-850,100,"sd","13:39:15",913600
32750,-850,100,"sd","13:39:15",913500
32750,-850,4900,"sd","13:39:15",913400
32750,-850,100,"sd","13:39:15",908500
32750,-850,100,"sd","13:39:15",908400
32750,-850,200,"sd","13:39:15",908300
32750,-850,100,"sd","13:39:15",908100
32750,-850,100,"sd","13:39:15",908000
32750,-850,100,"sd","13:39:08",907900
32750,-850,100,"sd","13:39:08",907800
32800,-800,500,"bu","13:38:58",907700
32800,-800,200,"bu","13:38:49",907200
32800,-800,3000,"sd","13:38:42",907000
32800,-800,2000,"sd","13:38:42",904000
32800,-800,400,"sd","13:38:40",902000
32800,-800,1000,"sd","13:38:36",901600
32800,-800,1500,"sd","13:38:32",900600
32800,-800,2100,"sd","13:38:30",899100
32800,-800,700,"sd","13:38:30",897000
32800,-800,200,"sd","13:38:30",896300
32800,-800,100,"sd","13:38:30",896100
32800,-800,900,"sd","13:38:23",896000
32800,-800,200,"sd","13:38:23",895100
32800,-800,1200,"sd","13:38:23",894900
32800,-800,1000,"sd","13:38:23",893700
32800,-800,1700,"sd","13:38:23",892700
32800,-800,300,"sd","13:38:19",891000
32800,-800,2700,"sd","13:38:19",890700
32800,-800,2100,"sd","13:38:14",888000
32800,-800,200,"sd","13:38:12",885900
32800,-800,100,"sd","13:38:12",885700
32850,-750,1500,"bu","13:38:01",885600
32850,-750,100,"sd","13:37:57",884100
32850,-750,100,"sd","13:37:57",884000
32850,-750,2800,"sd","13:37:57",883900
32850,-750,3800,"bu","13:37:46",881100
32850,-750,200,"bu","13:37:39",877300
32850,-750,1000,"bu","13:37:15",877100
32800,-800,100,"sd","13:37:03",876100
32800,-800,100,"sd","13:37:03",876000
32800,-800,200,"sd","13:37:03",875900
32800,-800,1500,"sd","13:37:03",875700
32800,-800,500,"sd","13:37:03",874200
32800,-800,100,"sd","13:37:03",873700
32800,-800,200,"sd","13:37:03",873600
32800,-800,200,"sd","13:37:03",873400
32850,-750,100,"sd","13:37:03",873200
32800,-800,100,"sd","13:36:49",873100
32800,-800,100,"sd","13:36:43",873000
32800,-800,100,"sd","13:36:43",872900
32800,-800,300,"sd","13:36:43",872800
32800,-800,700,"sd","13:36:07",872500
32800,-800,100,"sd","13:36:07",871800
32800,-800,100,"sd","13:36:07",871700
32800,-800,1000,"sd","13:36:07",871600
32800,-800,1000,"sd","13:36:07",870600
32800,-800,100,"sd","13:36:07",869600
32800,-800,1500,"sd","13:35:43",869500
32850,-750,100,"sd","13:35:40",868000
32850,-750,200,"sd","13:35:40",867900
32900,-700,100,"bu","13:35:29",867700
32900,-700,100,"bu","13:35:25",867600
32900,-700,1500,"sd","13:34:59",867500
32900,-700,1000,"sd","13:34:59",866000
32900,-700,200,"bu","13:34:54",865000
32900,-700,500,"sd","13:34:47",864800
32950,-650,100,"bu","13:34:37",864300
32900,-700,9500,"bu","13:34:22",864200
32900,-700,500,"bu","13:34:19",854700
32800,-800,1400,"sd","13:34:08",854200
32800,-800,300,"sd","13:34:08",852800
32800,-800,300,"sd","13:34:08",852500
32800,-800,300,"sd","13:34:08",852200
32800,-800,500,"sd","13:34:08",851900
32800,-800,200,"sd","13:34:08",851400
32800,-800,100,"sd","13:34:08",851200
32800,-800,500,"sd","13:34:08",851100
32850,-750,300,"sd","13:34:08",850600
32850,-750,200,"sd","13:34:08",850300
32850,-750,100,"sd","13:34:08",850100
32850,-750,100,"sd","13:34:08",850000
32850,-750,100,"sd","13:34:08",849900
32850,-750,100,"sd","13:34:08",849800
32850,-750,500,"sd","13:34:08",849700
32900,-700,1000,"bu","13:33:57",849200
32950,-650,3900,"bu","13:32:44",848200
32900,-700,1000,"bu","13:32:44",844300
32900,-700,1300,"bu","13:32:44",843300
32900,-700,4000,"bu","13:32:44",842000
32900,-700,200,"bu","13:32:44",838000
32900,-700,200,"bu","13:32:44",837800
32850,-750,1000,"bu","13:32:44",837600
32850,-750,400,"bu","13:32:44",836600
32800,-800,200,"sd","13:32:44",836200
32800,-800,100,"sd","13:32:40",836000
32800,-800,200,"sd","13:32:40",835900
32800,-800,200,"sd","13:32:40",835700
32800,-800,300,"sd","13:32:38",835500
32800,-800,700,"sd","13:32:38",835200
32800,-800,1300,"sd","13:32:36",834500
32800,-800,200,"sd","13:32:36",833200
32800,-800,100,"sd","13:32:36",833000
32800,-800,1000,"sd","13:32:36",832900
32800,-800,400,"sd","13:32:36",831900
32850,-750,100,"bu","13:32:33",831500
32800,-800,600,"sd","13:32:19",831400
32800,-800,400,"sd","13:32:19",830800
32850,-750,500,"bu","13:32:15",830400
32850,-750,300,"bu","13:32:15",829900
32850,-750,200,"bu","13:32:15",829600
32800,-800,100,"sd","13:32:08",829400
32850,-750,100,"bu","13:32:05",829300
32850,-750,100,"bu","13:32:01",829200
32850,-750,200,"sd","13:32:00",829100
32850,-750,300,"sd","13:32:00",828900
32850,-750,700,"sd","13:31:57",828600
32850,-750,1300,"sd","13:31:57",827900
32850,-750,200,"sd","13:31:52",826600
32850,-750,200,"sd","13:31:52",826400
32850,-750,300,"sd","13:31:50",826200
32850,-750,200,"sd","13:31:50",825900
32850,-750,400,"sd","13:31:49",825700
32850,-750,500,"sd","13:31:49",825300
32850,-750,300,"sd","13:31:46",824800
32850,-750,200,"sd","13:31:44",824500
32850,-750,300,"sd","13:31:44",824300
32850,-750,100,"sd","13:31:44",824000
32850,-750,100,"sd","13:31:44",823900
32850,-750,100,"sd","13:31:44",823800
32850,-750,1000,"sd","13:31:44",823700
32850,-750,500,"sd","13:31:44",822700
32850,-750,100,"sd","13:31:44",822200
32850,-750,100,"sd","13:31:44",822100
32850,-750,100,"sd","13:31:44",822000
32850,-750,200,"sd","13:31:44",821900
32850,-750,1000,"sd","13:31:44",821700
32850,-750,1200,"sd","13:31:44",820700
32850,-750,800,"sd","13:31:24",819500
32850,-750,100,"sd","13:31:24",818700
32850,-750,100,"sd","13:31:24",818600
32900,-700,300,"bu","13:31:19",818500
32900,-700,100,"bu","13:31:16",818200
32900,-700,1400,"bu","13:31:08",818100
32900,-700,100,"bu","13:31:07",816700
32900,-700,300,"bu","13:31:05",816600
32900,-700,200,"bu","13:31:05",816300
32900,-700,100,"bu","13:31:00",816100
32900,-700,100,"bu","13:30:42",816000
32900,-700,700,"sd","13:30:26",815900
32900,-700,100,"sd","13:30:24",815200
32900,-700,200,"bu","13:30:23",815100
32900,-700,100,"bu","13:30:22",814900
32900,-700,2700,"bu","13:30:12",814800
32850,-750,200,"sd","13:30:11",812100
32900,-700,100,"bu","13:30:07",811900
32900,-700,300,"bu","13:29:56",811800
32900,-700,500,"bu","13:29:52",811500
32900,-700,5000,"bu","13:29:47",811000
32900,-700,100,"sd","13:29:34",806000
32900,-700,500,"sd","13:29:34",805900
32900,-700,100,"sd","13:29:34",805400
32900,-700,400,"sd","13:29:34",805300
32900,-700,600,"sd","13:29:25",804900
32900,-700,300,"sd","13:29:25",804300
32900,-700,1000,"sd","13:29:25",804000
32900,-700,100,"sd","13:29:25",803000
32950,-650,500,"bu","13:29:23",802900
32900,-700,400,"bu","13:28:49",802400
32900,-700,500,"bu","13:28:49",802000
32900,-700,3000,"bu","13:28:46",801500
32900,-700,300,"bu","13:28:36",798500
32900,-700,100,"sd","13:28:35",798200
32900,-700,1000,"sd","13:28:35",798100
32900,-700,200,"sd","13:28:35",797100
32900,-700,100,"sd","13:28:35",796900
32900,-700,1000,"sd","13:28:35",796800
32900,-700,1000,"sd","13:28:35",795800
32900,-700,100,"sd","13:28:35",794800
32900,-700,300,"sd","13:28:35",794700
32900,-700,100,"sd","13:28:35",794400
32950,-650,100,"sd","13:28:35",794300
32950,-650,100,"sd","13:28:35",794200
32950,-650,1000,"sd","13:28:35",794100
32950,-650,700,"sd","13:28:35",793100
32950,-650,300,"sd","13:28:28",792400
32950,-650,500,"sd","13:28:28",792100
32950,-650,4500,"sd","13:28:26",791600
32950,-650,500,"sd","13:28:26",787100
32950,-650,1000,"sd","13:28:26",786600
32950,-650,200,"sd","13:28:26",785600
32950,-650,2000,"sd","13:28:26",785400
32950,-650,200,"sd","13:28:26",783400
32950,-650,1600,"sd","13:28:26",783200
32950,-650,100,"sd","13:28:18",781600
33000,-600,200,"bu","13:27:54",781500
33000,-600,100,"bu","13:27:49",781300
33000,-600,2000,"bu","13:27:46",781200
33000,-600,1000,"bu","13:27:28",779200
32950,-650,3000,"sd","13:27:02",778200
33000,-600,400,"bu","13:26:52",775200
33000,-600,100,"sd","13:26:43",774800
33000,-600,1300,"sd","13:26:43",774700
33000,-600,200,"sd","13:26:42",773400
33000,-600,100,"sd","13:26:42",773200
33000,-600,200,"sd","13:26:42",773100
33100,-500,200,"bu","13:26:32",772900
33000,-600,700,"sd","13:26:02",772700
33000,-600,100,"sd","13:26:02",772000
33000,-600,1500,"sd","13:26:02",771900
33000,-600,1000,"sd","13:26:02",770400
33000,-600,100,"sd","13:26:02",769400
33000,-600,200,"sd","13:26:02",769300
33000,-600,100,"sd","13:26:02",769100
33100,-500,400,"bu","13:26:00",769000
33100,-500,100,"bu","13:25:39",768600
33000,-600,100,"sd","13:25:30",768500
32950,-650,300,"sd","13:24:41",768400
33000,-600,1000,"sd","13:24:41",768100
33000,-600,100,"sd","13:24:41",767100
33000,-600,100,"sd","13:24:41",767000
33000,-600,300,"sd","13:24:41",766900
33000,-600,200,"sd","13:24:34",766600
33000,-600,500,"sd","13:24:34",766400
33000,-600,300,"sd","13:24:34",765900
33000,-600,1500,"bu","13:24:06",765600
33000,-600,5000,"bu","13:23:58",764100
33000,-600,100,"bu","13:23:52",759100
33000,-600,200,"bu","13:23:48",759000
33000,-600,1200,"bu","13:23:39",758800
33000,-600,200,"sd","13:23:34",757600
33000,-600,1700,"bu","13:23:29",757400
33000,-600,100,"bu","13:23:29",755700
33000,-600,1000,"sd","13:23:11",755600
33000,-600,100,"sd","13:23:11",754600
33000,-600,100,"sd","13:23:11",754500
33000,-600,500,"sd","13:23:11",754400
33000,-600,300,"sd","13:23:11",753900
33000,-600,3200,"sd","13:23:11",753600
33000,-600,1800,"sd","13:23:08",750400
33000,-600,1300,"sd","13:23:08",748600
33000,-600,200,"sd","13:23:05",747300
33000,-600,100,"sd","13:23:05",747100
33000,-600,400,"sd","13:23:02",747000
33000,-600,200,"sd","13:23:02",746600
33000,-600,100,"sd","13:22:57",746400
33000,-600,200,"sd","13:22:53",746300
33000,-600,100,"sd","13:22:53",746100
33000,-600,100,"sd","13:22:53",746000
33000,-600,100,"sd","13:22:53",745900
33000,-600,100,"sd","13:22:53",745800
33000,-600,2500,"sd","13:22:53",745700
33000,-600,1300,"sd","13:22:35",743200
33000,-600,600,"sd","13:22:15",741900
33000,-600,100,"sd","13:22:15",741300
33000,-600,100,"sd","13:22:15",741200
33000,-600,300,"sd","13:22:15",741100
33000,-600,700,"sd","13:22:15",740800
33000,-600,1000,"sd","13:22:15",740100
33000,-600,500,"sd","13:22:15",739100
33000,-600,100,"sd","13:22:15",738600
33000,-600,300,"sd","13:22:15",738500
33000,-600,500,"sd","13:22:15",738200
33000,-600,500,"sd","13:22:15",737700
33000,-600,1000,"sd","13:22:15",737200
33000,-600,1000,"sd","13:22:15",736200
33000,-600,2000,"sd","13:22:15",735200
33000,-600,100,"sd","13:22:15",733200
33000,-600,500,"sd","13:22:15",733100
33000,-600,1500,"sd","13:22:15",732600
33000,-600,1000,"sd","13:22:15",731100
33000,-600,100,"sd","13:22:15",730100
33000,-600,100,"sd","13:22:15",730000
33000,-600,200,"sd","13:22:15",729900
33000,-600,1000,"sd","13:22:15",729700
33000,-600,1000,"sd","13:22:15",728700
33000,-600,500,"sd","13:22:15",727700
33000,-600,500,"sd","13:22:15",727200
33000,-600,200,"sd","13:22:15",726700
33000,-600,200,"sd","13:22:15",726500
33000,-600,200,"sd","13:22:15",726300
33000,-600,100,"sd","13:22:15",726100
33000,-600,5000,"sd","13:22:15",726000
33000,-600,200,"sd","13:22:15",721000
33000,-600,100,"sd","13:22:15",720800
33000,-600,1500,"sd","13:22:15",720700
33000,-600,200,"sd","13:22:15",719200
33000,-600,1500,"sd","13:22:15",719000
33000,-600,100,"sd","13:22:15",717500
33100,-500,100,"bu","13:22:09",717400
33100,-500,500,"bu","13:21:43",717300
33000,-600,800,"sd","13:21:34",716800
33050,-550,4000,"sd","13:21:34",716000
33050,-550,100,"sd","13:21:34",712000
33050,-550,100,"sd","13:21:34",711900
33050,-550,100,"sd","13:21:34",711800
33050,-550,200,"sd","13:21:34",711700
33050,-550,100,"sd","13:21:34",711500
33050,-550,100,"sd","13:21:34",711400
33050,-550,300,"sd","13:21:34",711300
33050,-550,200,"sd","13:21:34",711000
33050,-550,500,"sd","13:21:34",710800
33050,-550,100,"sd","13:21:34",710300
33050,-550,300,"sd","13:21:34",710200
33050,-550,200,"sd","13:21:23",709900
33100,-500,1200,"sd","13:20:56",709700
33100,-500,100,"sd","13:20:56",708500
33100,-500,100,"sd","13:20:46",708400
33100,-500,900,"sd","13:20:25",708300
33100,-500,900,"sd","13:20:25",707400
33100,-500,500,"sd","13:20:25",706500
33100,-500,300,"sd","13:20:25",706000
33100,-500,100,"sd","13:20:25",705700
33100,-500,100,"sd","13:20:25",705600
33100,-500,200,"sd","13:20:25",705500
33100,-500,1000,"sd","13:20:25",705300
33100,-500,500,"sd","13:20:25",704300
33100,-500,1000,"sd","13:20:25",703800
33100,-500,500,"sd","13:20:25",702800
33100,-500,500,"sd","13:20:02",702300
33150,-450,100,"sd","13:19:37",701800
33150,-450,100,"sd","13:19:37",701700
33150,-450,200,"sd","13:19:24",701600
33150,-450,100,"sd","13:19:24",701400
33150,-450,700,"sd","13:19:24",701300
33150,-450,300,"sd","13:18:52",700600
33150,-450,100,"sd","13:18:52",700300
33150,-450,300,"sd","13:18:52",700200
33150,-450,300,"sd","13:18:52",699900
33150,-450,100,"sd","13:18:52",699600
33200,-400,1500,"sd","13:18:49",699500
33200,-400,800,"sd","13:18:49",698000
33200,-400,400,"sd","13:18:48",697200
33200,-400,800,"sd","13:18:48",696800
33200,-400,800,"sd","13:18:48",696000
33200,-400,500,"sd","13:18:45",695200
33200,-400,2000,"sd","13:18:40",694700
33200,-400,100,"sd","13:18:35",692700
33200,-400,100,"sd","13:18:16",692600
33200,-400,1000,"sd","13:18:16",692500
33150,-450,2500,"sd","13:17:36",691500
33200,-400,100,"sd","13:17:36",689000
33200,-400,100,"sd","13:17:36",688900
33200,-400,200,"sd","13:17:36",688800
33200,-400,500,"bu","13:17:20",688600
33200,-400,2500,"bu","13:17:20",688100
33200,-400,500,"bu","13:17:04",685600
33200,-400,1000,"bu","13:17:04",685100
33200,-400,900,"bu","13:17:04",684100
33200,-400,300,"bu","13:17:04",683200
33200,-400,100,"bu","13:17:04",682900
33200,-400,900,"bu","13:16:56",682800
33200,-400,1900,"bu","13:16:56",681900
33200,-400,100,"bu","13:16:26",680000
33150,-450,300,"sd","13:16:07",679900
33200,-400,100,"bu","13:15:57",679600
33200,-400,2000,"bu","13:15:49",679500
33200,-400,900,"bu","13:15:16",677500
33200,-400,2000,"bu","13:15:16",676600
33200,-400,2500,"bu","13:15:16",674600
33200,-400,3900,"bu","13:15:16",672100
33200,-400,200,"bu","13:15:10",668200
33200,-400,400,"bu","13:15:00",668000
33200,-400,600,"bu","13:15:00",667600
33150,-450,100,"sd","13:14:59",667000
33150,-450,2900,"sd","13:14:15",666900
33150,-450,900,"sd","13:13:55",664000
33150,-450,100,"sd","13:13:55",663100
33150,-450,300,"sd","13:13:07",663000
33150,-450,100,"sd","13:12:43",662700
33150,-450,400,"sd","13:12:43",662600
33200,-400,700,"bu","13:12:36",662200
33200,-400,100,"bu","13:12:34",661500
33150,-450,200,"sd","13:12:30",661400
33150,-450,100,"sd","13:12:17",661200
33150,-450,300,"bu","13:12:15",661100
33100,-500,200,"sd","13:12:05",660800
33150,-450,100,"bu","13:12:02",660600
33150,-450,200,"bu","13:11:56",660500
33100,-500,200,"sd","13:11:55",660300
33150,-450,1000,"bu","13:11:52",660100
33150,-450,1100,"bu","13:11:45",659100
33150,-450,1000,"bu","13:11:45",658000
33150,-450,800,"bu","13:11:45",657000
33150,-450,2000,"bu","13:11:44",656200
33150,-450,1000,"bu","13:11:44",654200
33150,-450,1100,"bu","13:11:44",653200
33150,-450,100,"bu","13:11:17",652100
33150,-450,200,"bu","13:11:13",652000
33150,-450,100,"bu","13:10:49",651800
33100,-500,1000,"sd","13:09:51",651700
33100,-500,100,"sd","13:09:23",650700
33100,-500,400,"sd","13:09:23",650600
33100,-500,500,"sd","13:09:23",650200
33100,-500,1500,"sd","13:09:17",649700
33100,-500,400,"sd","13:09:17",648200
33150,-450,2300,"bu","13:09:11",647800
33150,-450,3700,"bu","13:08:39",645500
33150,-450,5000,"bu","13:08:39",641800
33150,-450,3100,"bu","13:08:39",636800
33150,-450,3000,"bu","13:08:39",633700
33100,-500,200,"bu","13:08:39",630700
33100,-500,100,"bu","13:08:30",630500
33100,-500,100,"bu","13:08:20",630400
33100,-500,200,"bu","13:08:07",630300
33100,-500,600,"bu","13:08:07",630100
33100,-500,1600,"bu","13:08:02",629500
33100,-500,200,"bu","13:07:24",627900
33050,-550,2000,"sd","13:07:19",627700
33100,-500,700,"bu","13:07:07",625700
33100,-500,11200,"bu","13:06:58",625000
33050,-550,100,"sd","13:06:55",613800
33100,-500,2000,"bu","13:06:48",613700
33100,-500,100,"bu","13:06:47",611700
33100,-500,400,"bu","13:06:47",611600
33050,-550,100,"sd","13:06:40",611200
33050,-550,200,"sd","13:06:17",611100
33100,-500,500,"bu","13:06:11",610900
33050,-550,2500,"sd","13:06:10",610400
33050,-550,1000,"sd","13:05:59",607900
33050,-550,200,"sd","13:05:55",606900
33050,-550,200,"sd","13:05:55",606700
33050,-550,500,"sd","13:05:55",606500
33050,-550,100,"sd","13:05:55",606000
33050,-550,200,"sd","13:05:55",605900
33050,-550,100,"sd","13:05:55",605700
33050,-550,700,"sd","13:05:55",605600
33050,-550,100,"sd","13:05:30",604900
33050,-550,200,"sd","13:05:22",604800
33050,-550,300,"sd","13:05:22",604600
33100,-500,100,"bu","13:05:17",604300
33100,-500,800,"bu","13:05:17",604200
33050,-550,500,"sd","13:05:10",603400
33050,-550,200,"sd","13:04:58",602900
33050,-550,100,"bu","13:04:58",602700
33050,-550,700,"bu","13:04:58",602600
33050,-550,200,"bu","13:04:49",601900
33050,-550,100,"bu","13:04:43",601700
33000,-600,500,"sd","13:04:41",601600
33000,-600,100,"sd","13:04:34",601100
33050,-550,3000,"bu","13:04:13",601000
33050,-550,12000,"bu","13:04:13",598000
33000,-600,500,"sd","13:04:09",586000
33000,-600,1000,"sd","13:04:03",585500
33000,-600,200,"sd","13:04:01",584500
33000,-600,200,"sd","13:03:58",584300
33000,-600,200,"sd","13:03:57",584100
33000,-600,100,"sd","13:03:57",583900
33000,-600,700,"sd","13:03:57",583800
33000,-600,300,"sd","13:03:38",583100
33000,-600,100,"sd","13:03:38",582800
33000,-600,500,"sd","13:03:32",582700
33000,-600,400,"sd","13:03:32",582200
33000,-600,100,"sd","13:03:32",581800
33000,-600,1000,"sd","13:03:32",581700
33000,-600,100,"sd","13:03:32",580700
33000,-600,100,"sd","13:03:32",580600
33000,-600,300,"sd","13:03:32",580500
33000,-600,200,"sd","13:03:32",580200
33000,-600,100,"sd","13:03:32",580000
33000,-600,100,"sd","13:03:32",579900
33000,-600,500,"sd","13:03:32",579800
33000,-600,1500,"sd","13:03:32",579300
33000,-600,600,"sd","13:03:25",577800
33000,-600,500,"sd","13:03:19",577200
33000,-600,1000,"sd","13:03:18",576700
33000,-600,1900,"sd","13:03:04",575700
33000,-600,100,"sd","13:02:55",573800
33050,-550,1000,"bu","13:02:50",573700
33000,-600,300,"sd","13:02:48",572700
33000,-600,1600,"sd","13:02:42",572400
33050,-550,1500,"bu","13:02:28",570800
33050,-550,200,"bu","13:02:21",569300
33000,-600,1000,"sd","13:02:19",569100
33000,-600,500,"sd","13:02:18",568100
33000,-600,1000,"sd","13:02:18",567600
33050,-550,100,"sd","13:02:07",566600
33050,-550,100,"sd","13:02:07",566500
33050,-550,100,"sd","13:02:07",566400
33050,-550,400,"sd","13:02:07",566300
33050,-550,500,"sd","13:02:07",565900
33050,-550,500,"sd","13:02:07",565400
33050,-550,1000,"sd","13:02:07",564900
33050,-550,500,"sd","13:02:07",563900
33050,-550,700,"sd","13:02:07",563400
33100,-500,100,"bu","13:02:01",562700
33100,-500,500,"bu","13:02:01",562600
33050,-550,300,"sd","13:01:57",562100
33050,-550,1000,"sd","13:01:57",561800
33050,-550,900,"sd","13:01:57",560800
33050,-550,1000,"sd","13:01:34",559900
33100,-500,100,"bu","13:00:36",558900
33100,-500,800,"bu","13:00:36",558800
33050,-550,900,"sd","13:00:31",558000
33050,-550,500,"sd","13:00:24",557100
33100,-500,200,"bu","13:00:18",556600
33100,-500,100,"bu","13:00:15",556400
33100,-500,300,"bu","13:00:15",556300
33050,-550,700,"sd","13:00:12",556000
33050,-550,1000,"sd","13:00:12",555300
33100,-500,600,"bu","13:00:09",554300
33100,-500,100,"bu","13:00:09",553700
33100,-500,300,"bu","13:00:09",553600
33050,-550,100,"sd","13:00:09",553300
33100,-500,300,"bu","13:00:08",553200
33100,-500,400,"bu","13:00:05",552900
33100,-500,100,"bu","13:00:05",552500
33100,-500,1000,"unknown","13:00:04",552400
33100,-500,500,"bu","13:00:02",551400
33100,-500,1000,"sd","13:00:01",550900
33100,-500,300,"sd","13:00:01",549900
33100,-500,700,"sd","13:00:00",549600
33050,-550,200,"sd","13:00:00",548900
33050,-550,1000,"sd","13:00:00",548700
33050,-550,100,"sd","13:00:00",547700
33050,-550,200,"sd","13:00:00",547600
33050,-550,100,"sd","13:00:00",547400
33100,-500,1000,"sd","13:00:00",547300
33100,-500,100,"sd","13:00:00",546300
33100,-500,200,"sd","13:00:00",546200
33100,-500,100,"sd","13:00:00",546000
33100,-500,500,"sd","13:00:00",545900
33100,-500,3400,"sd","13:00:00",545400
33100,-500,1600,"sd","11:29:54",542000
33100,-500,300,"sd","11:29:54",540400
33100,-500,200,"sd","11:29:54",540100
33100,-500,500,"sd","11:29:54",539900
33100,-500,1000,"sd","11:29:49",539400
33100,-500,500,"sd","11:29:46",538400
33100,-500,500,"sd","11:29:46",537900
33100,-500,1000,"sd","11:29:39",537400
33100,-500,3500,"sd","11:29:12",536400
33100,-500,100,"sd","11:29:12",532900
33100,-500,100,"sd","11:29:12",532800
33100,-500,500,"sd","11:29:12",532700
33100,-500,500,"sd","11:29:12",532200
33100,-500,8400,"sd","11:29:12",531700
33100,-500,1600,"sd","11:29:09",523300
33100,-500,100,"sd","11:29:09",521700
33100,-500,1000,"sd","11:29:09",521600
33100,-500,100,"sd","11:29:09",520600
33100,-500,200,"sd","11:29:09",520500
33150,-450,100,"sd","11:28:53",520300
33150,-450,100,"sd","11:28:53",520200
33150,-450,100,"sd","11:28:53",520100
33150,-450,300,"sd","11:28:53",520000
33150,-450,500,"sd","11:28:53",519700
33150,-450,100,"sd","11:28:53",519200
33150,-450,700,"sd","11:28:53",519100
33150,-450,300,"sd","11:28:20",518400
33150,-450,600,"sd","11:28:20",518100
33150,-450,400,"sd","11:28:17",517500
33200,-400,600,"bu","11:27:26",517100
33200,-400,300,"bu","11:27:26",516500
33200,-400,100,"bu","11:27:26",516200
33200,-400,100,"bu","11:27:17",516100
33200,-400,500,"bu","11:26:35",516000
33200,-400,100,"sd","11:26:27",515500
33200,-400,100,"sd","11:26:27",515400
33200,-400,300,"sd","11:26:27",515300
33200,-400,100,"sd","11:25:53",515000
33200,-400,100,"sd","11:25:53",514900
33200,-400,100,"bu","11:24:50",514800
33200,-400,400,"bu","11:24:44",514700
33200,-400,100,"sd","11:24:39",514300
33200,-400,400,"sd","11:24:39",514200
33200,-400,100,"sd","11:24:02",513800
33200,-400,1500,"sd","11:23:35",513700
33200,-400,800,"sd","11:23:35",512200
33250,-350,200,"bu","11:23:12",511400
33200,-400,600,"sd","11:22:39",511200
33200,-400,2000,"sd","11:22:19",510600
33200,-400,200,"sd","11:22:11",508600
33200,-400,1000,"sd","11:21:42",508400
33200,-400,200,"sd","11:21:32",507400
33150,-450,200,"bu","11:21:11",507200
33150,-450,100,"sd","11:21:01",507000
33150,-450,300,"sd","11:21:01",506900
33150,-450,500,"sd","11:21:01",506600
33200,-400,100,"bu","11:21:01",506100
33200,-400,1000,"bu","11:20:56",506000
33150,-450,500,"sd","11:20:55",505000
33150,-450,300,"sd","11:20:54",504500
33150,-450,100,"sd","11:20:54",504200
33150,-450,500,"sd","11:20:54",504100
33150,-450,100,"sd","11:20:54",503600
33200,-400,100,"sd","11:20:04",503500
33200,-400,1700,"sd","11:20:04",503400
33200,-400,500,"sd","11:19:45",501700
33200,-400,800,"sd","11:19:38",501200
33200,-400,1400,"sd","11:19:38",500400
33200,-400,600,"sd","11:19:01",499000
33200,-400,100,"sd","11:19:01",498400
33200,-400,1000,"sd","11:19:01",498300
33200,-400,500,"sd","11:19:01",497300
33200,-400,200,"sd","11:19:01",496800
33200,-400,200,"sd","11:19:01",496600
33200,-400,1000,"sd","11:19:01",496400
33200,-400,100,"sd","11:19:01",495400
33200,-400,200,"sd","11:19:01",495300
33200,-400,800,"sd","11:18:15",495100
33200,-400,100,"sd","11:18:15",494300
33200,-400,100,"sd","11:18:15",494200
33200,-400,100,"sd","11:18:15",494100
33200,-400,100,"sd","11:18:15",494000
33250,-350,500,"sd","11:18:15",493900
33250,-350,100,"sd","11:17:26",493400
33250,-350,2000,"sd","11:17:25",493300
33300,-300,500,"bu","11:16:39",491300
33250,-350,100,"sd","11:15:52",490800
33250,-350,100,"sd","11:15:09",490700
33250,-350,200,"sd","11:15:09",490600
33250,-350,1000,"sd","11:15:09",490400
33250,-350,500,"sd","11:15:09",489400
33250,-350,100,"sd","11:15:09",488900
33300,-300,200,"sd","11:14:27",488800
33300,-300,200,"bu","11:14:04",488600
33300,-300,600,"bu","11:14:04",488400
33300,-300,3700,"bu","11:14:04",487800
33250,-350,200,"sd","11:13:57",484100
33250,-350,200,"sd","11:13:57",483900
33250,-350,200,"sd","11:13:57",483700
33250,-350,200,"sd","11:13:57",483500
33250,-350,100,"sd","11:13:57",483300
33250,-350,100,"sd","11:13:57",483200
33250,-350,1000,"sd","11:13:57",483100
33250,-350,400,"sd","11:13:57",482100
33250,-350,200,"sd","11:12:02",481700
33300,-300,100,"bu","11:10:00",481500
33250,-350,100,"sd","11:10:00",481400
33300,-300,100,"sd","11:09:48",481300
33300,-300,100,"sd","11:09:48",481200
33300,-300,100,"sd","11:09:34",481100
33350,-250,1000,"sd","11:08:46",481000
33350,-250,100,"sd","11:08:46",480000
33350,-250,100,"bu","11:08:15",479900
33350,-250,100,"bu","11:07:55",479800
33350,-250,100,"sd","11:07:10",479700
33350,-250,1200,"sd","11:07:10",479600
33350,-250,500,"sd","11:07:07",478400
33350,-250,100,"sd","11:06:33",477900
33350,-250,200,"sd","11:06:33",477800
33350,-250,100,"sd","11:06:18",477600
33350,-250,500,"sd","11:06:18",477500
33350,-250,400,"sd","11:06:18",477000
33350,-250,1000,"sd","11:06:14",476600
33350,-250,200,"sd","11:05:07",475600
33350,-250,1000,"sd","11:03:29",475400
33350,-250,200,"sd","11:03:18",474400
33350,-250,6700,"sd","11:03:14",474200
33400,-200,500,"bu","11:00:22",467500
33400,-200,100,"bu","11:00:07",467000
33400,-200,300,"bu","10:58:16",466900
33350,-250,500,"bu","10:56:43",466600
33350,-250,2600,"bu","10:56:43",466100
33350,-250,200,"bu","10:56:43",463500
33250,-350,300,"sd","10:56:40",463300
33250,-350,500,"sd","10:56:40",463000
33250,-350,100,"sd","10:56:40",462500
33250,-350,100,"sd","10:56:40",462400
33250,-350,500,"sd","10:55:29",462300
33250,-350,400,"sd","10:55:11",461800
33250,-350,2000,"sd","10:55:11",461400
33250,-350,4000,"sd","10:55:11",459400
33250,-350,2000,"sd","10:55:11",455400
33250,-350,100,"sd","10:55:11",453400
33250,-350,1000,"sd","10:55:11",453300
33250,-350,100,"sd","10:55:11",452300
33250,-350,1000,"sd","10:55:11",452200
33250,-350,5000,"sd","10:55:11",451200
33250,-350,1000,"sd","10:55:11",446200
33250,-350,500,"sd","10:55:11",445200
33250,-350,200,"sd","10:55:11",444700
33250,-350,1000,"sd","10:55:11",444500
33250,-350,2000,"sd","10:55:11",443500
33250,-350,1100,"sd","10:55:11",441500
33300,-300,100,"sd","10:55:11",440400
33300,-300,100,"sd","10:55:11",440300
33300,-300,100,"sd","10:55:11",440200
33300,-300,400,"sd","10:55:11",440100
33300,-300,100,"sd","10:55:11",439700
33300,-300,100,"sd","10:55:11",439600
33300,-300,100,"sd","10:55:11",439500
33300,-300,500,"sd","10:55:11",439400
33300,-300,600,"sd","10:55:11",438900
33300,-300,600,"sd","10:55:11",438300
33300,-300,200,"sd","10:55:11",437700
33300,-300,500,"sd","10:55:11",437500
33300,-300,100,"sd","10:55:11",437000
33300,-300,2000,"sd","10:55:11",436900
33300,-300,500,"sd","10:55:11",434900
33300,-300,200,"sd","10:55:11",434400
33300,-300,100,"sd","10:55:11",434200
33300,-300,1000,"sd","10:55:11",434100
33300,-300,500,"sd","10:55:11",433100
33300,-300,200,"sd","10:55:11",432600
33300,-300,1000,"sd","10:55:11",432400
33300,-300,3000,"sd","10:55:11",431400
33300,-300,3000,"sd","10:55:11",428400
33300,-300,100,"sd","10:55:11",425400
33300,-300,3000,"sd","10:55:11",425300
33300,-300,100,"sd","10:55:11",422300
33300,-300,400,"sd","10:55:11",422200
33300,-300,100,"sd","10:54:51",421800
33350,-250,500,"bu","10:54:08",421700
33350,-250,500,"sd","10:53:34",421200
33350,-250,1500,"bu","10:52:59",420700
33350,-250,300,"bu","10:52:40",419200
33350,-250,100,"sd","10:51:57",418900
33350,-250,500,"sd","10:51:57",418800
33350,-250,300,"sd","10:51:57",418300
33350,-250,300,"sd","10:51:57",418000
33350,-250,2500,"sd","10:51:51",417700
33400,-200,200,"sd","10:51:21",415200
33400,-200,100,"sd","10:51:21",415000
33400,-200,100,"sd","10:50:41",414900
33400,-200,500,"sd","10:50:41",414800
33400,-200,200,"sd","10:50:12",414300
33400,-200,300,"bu","10:49:36",414100
33400,-200,700,"bu","10:49:29",413800
33400,-200,300,"bu","10:49:29",413100
33400,-200,600,"bu","10:48:51",412800
33400,-200,100,"sd","10:48:09",412200
33400,-200,200,"bu","10:48:03",412100
33350,-250,200,"bu","10:47:47",411900
33350,-250,200,"bu","10:47:38",411700
33350,-250,1000,"sd","10:47:08",411500
33350,-250,100,"sd","10:46:11",410500
33350,-250,100,"sd","10:46:11",410400
33350,-250,200,"sd","10:46:11",410300
33350,-250,200,"sd","10:46:11",410100
33350,-250,100,"sd","10:46:11",409900
33350,-250,500,"sd","10:46:11",409800
33350,-250,100,"sd","10:46:11",409300
33350,-250,500,"sd","10:46:11",409200
33400,-200,100,"bu","10:45:34",408700
33400,-200,700,"bu","10:44:39",408600
33400,-200,1000,"sd","10:44:26",407900
33400,-200,300,"sd","10:44:26",406900
33400,-200,200,"sd","10:44:00",406600
33400,-200,200,"sd","10:43:24",406400
33400,-200,3000,"bu","10:40:25",406200
33400,-200,800,"bu","10:40:25",403200
33400,-200,2000,"bu","10:40:25",402400
33400,-200,1000,"bu","10:40:25",400400
33400,-200,1100,"bu","10:40:25",399400
33400,-200,200,"bu","10:38:08",398300
33350,-250,1300,"bu","10:37:35",398100
33350,-250,500,"bu","10:37:27",396800
33300,-300,4500,"sd","10:37:17",396300
33300,-300,1000,"sd","10:37:17",391800
33300,-300,400,"sd","10:37:17",390800
33350,-250,100,"bu","10:36:42",390400
33350,-250,300,"sd","10:36:23",390300
33350,-250,100,"sd","10:36:23",390000
33350,-250,100,"sd","10:36:23",389900
33350,-250,1000,"sd","10:36:23",389800
33350,-250,100,"sd","10:36:23",388800
33350,-250,100,"sd","10:36:23",388700
33350,-250,2000,"sd","10:36:23",388600
33350,-250,200,"sd","10:36:23",386600
33350,-250,100,"sd","10:36:23",386400
33350,-250,5000,"sd","10:36:23",386300
33350,-250,1000,"sd","10:36:23",381300
33350,-250,100,"sd","10:36:23",380300
33350,-250,500,"sd","10:36:23",380200
33350,-250,200,"sd","10:36:23",379700
33350,-250,200,"sd","10:36:23",379500
33350,-250,100,"sd","10:36:23",379300
33350,-250,4000,"sd","10:36:23",379200
33350,-250,2000,"sd","10:36:23",375200
33350,-250,200,"sd","10:36:23",373200
33350,-250,100,"sd","10:36:23",373000
33350,-250,5000,"sd","10:36:23",372900
33350,-250,100,"sd","10:36:23",367900
33350,-250,100,"sd","10:36:23",367800
33350,-250,100,"sd","10:36:23",367700
33350,-250,1000,"sd","10:36:23",367600
33350,-250,100,"sd","10:36:23",366600
33350,-250,100,"sd","10:36:23",366500
33350,-250,100,"sd","10:36:23",366400
33350,-250,100,"sd","10:36:23",366300
33350,-250,500,"sd","10:36:23",366200
33350,-250,1000,"sd","10:36:23",365700
33350,-250,500,"sd","10:36:23",364700
33350,-250,300,"sd","10:35:36",364200
33350,-250,100,"sd","10:32:48",363900
33400,-200,1000,"sd","10:32:26",363800
33400,-200,300,"sd","10:32:26",362800
33400,-200,1400,"sd","10:32:26",362500
33400,-200,2400,"sd","10:31:53",361100
33400,-200,1200,"sd","10:31:53",358700
33400,-200,700,"sd","10:31:53",357500
33400,-200,1300,"sd","10:31:47",356800
33400,-200,200,"sd","10:31:47",355500
33400,-200,500,"sd","10:31:47",355300
33450,-150,800,"sd","10:31:06",354800
33450,-150,200,"sd","10:30:42",354000
33450,-150,1400,"sd","10:30:42",353800
33450,-150,1600,"sd","10:30:42",352400
33450,-150,4000,"sd","10:30:11",350800
33500,-100,100,"sd","10:26:28",346800
33550,-50,200,"sd","10:26:22",346700
33550,-50,800,"sd","10:26:19",346500
33550,-50,1500,"sd","10:26:13",345700
33550,-50,100,"sd","10:25:47",344200
33550,-50,1900,"sd","10:25:36",344100
33550,-50,1800,"sd","10:25:31",342200
33500,-100,400,"sd","10:24:47",340400
33450,-150,4500,"sd","10:23:41",340000
33450,-150,400,"sd","10:23:41",335500
33500,-100,100,"sd","10:23:41",335100
33500,-100,2900,"sd","10:22:56",335000
33500,-100,100,"sd","10:22:56",332100
33600,0,400,"bu","10:22:09",332000
33600,0,200,"bu","10:22:01",331600
33600,0,500,"bu","10:22:01",331400
33600,0,500,"bu","10:20:54",330900
33600,0,100,"bu","10:20:54",330400
33600,0,100,"bu","10:20:38",330300
33450,-150,100,"sd","10:19:39",330200
33600,0,100,"bu","10:19:39",330100
33600,0,100,"bu","10:19:39",330000
33600,0,900,"bu","10:19:31",329900
33600,0,7400,"bu","10:19:31",329000
33600,0,100,"bu","10:19:23",321600
33550,-50,600,"bu","10:19:21",321500
33550,-50,400,"sd","10:19:21",320900
33550,-50,300,"sd","10:19:04",320500
33600,0,500,"bu","10:19:01",320200
33600,0,5300,"bu","10:18:56",319700
33600,0,200,"bu","10:18:56",314400
33600,0,9500,"bu","10:18:56",314200
33600,0,500,"bu","10:18:42",304700
33600,0,100,"bu","10:18:42",304200
33600,0,100,"bu","10:18:42",304100
33600,0,1800,"bu","10:18:42",304000
33600,0,400,"bu","10:18:42",302200
33600,0,10000,"bu","10:18:42",301800
33600,0,4700,"bu","10:18:42",291800
33550,-50,100,"sd","10:18:42",287100
33600,0,100,"bu","10:18:41",287000
33550,-50,1000,"bu","10:18:12",286900
33550,-50,200,"bu","10:18:12",285900
33500,-100,1400,"bu","10:17:48",285700
33500,-100,1600,"bu","10:17:18",284300
33500,-100,100,"bu","10:17:18",282700
33500,-100,100,"bu","10:17:18",282600
33500,-100,1300,"bu","10:17:18",282500
33500,-100,100,"bu","10:17:18",281200
33500,-100,1000,"bu","10:17:18",281100
33450,-150,600,"bu","10:17:18",280100
33450,-150,1000,"bu","10:17:18",279500
33450,-150,1000,"bu","10:17:18",278500
33450,-150,1000,"bu","10:17:18",277500
33450,-150,2200,"bu","10:17:18",276500
33400,-200,300,"sd","10:17:04",274300
33400,-200,200,"sd","10:16:50",274000
33400,-200,1600,"sd","10:16:35",273800
33400,-200,900,"sd","10:16:27",272200
33400,-200,100,"sd","10:16:26",271300
33400,-200,7200,"sd","10:16:23",271200
33400,-200,200,"sd","10:16:23",264000
33400,-200,100,"sd","10:16:23",263800
33400,-200,100,"sd","10:16:23",263700
33400,-200,300,"sd","10:16:23",263600
33400,-200,400,"sd","10:16:23",263300
33400,-200,100,"sd","10:16:23",262900
33400,-200,1000,"sd","10:16:23",262800
33400,-200,500,"sd","10:16:23",261800
33400,-200,100,"sd","10:16:23",261300
33400,-200,100,"sd","10:16:07",261200
33400,-200,1800,"sd","10:15:45",261100
33400,-200,1000,"sd","10:15:45",259300
33400,-200,3000,"sd","10:15:45",258300
33400,-200,100,"sd","10:15:45",255300
33400,-200,100,"sd","10:15:45",255200
33400,-200,4300,"sd","10:15:45",255100
33400,-200,300,"sd","10:14:23",250800
33400,-200,300,"sd","10:13:32",250500
33400,-200,700,"sd","10:13:04",250200
33400,-200,2400,"sd","10:12:18",249500
33400,-200,11400,"sd","10:12:18",247100
33450,-150,1000,"sd","10:12:18",235700
33450,-150,700,"sd","10:12:18",234700
33450,-150,600,"sd","10:12:01",234000
33450,-150,200,"sd","10:11:51",233400
33450,-150,100,"bu","10:10:22",233200
33450,-150,100,"bu","10:10:22",233100
33450,-150,100,"bu","10:10:22",233000
33450,-150,1000,"bu","10:10:22",232900
33450,-150,1100,"bu","10:10:22",231900
33450,-150,1000,"bu","10:10:22",230800
33450,-150,1100,"bu","10:10:22",229800
33450,-150,500,"bu","10:10:18",228700
33450,-150,100,"bu","10:06:18",228200
33400,-200,5000,"sd","10:05:24",228100
33400,-200,100,"sd","10:04:35",223100
33450,-150,12000,"bu","10:04:20",223000
33400,-200,500,"sd","10:04:03",211000
33400,-200,11000,"sd","10:03:23",210500
33400,-200,100,"sd","10:03:23",199500
33400,-200,1600,"sd","10:03:23",199400
33400,-200,1000,"sd","10:03:20",197800
33400,-200,400,"bu","10:02:48",196800
33400,-200,100,"sd","10:02:45",196400
33400,-200,300,"sd","10:02:45",196300
33400,-200,100,"sd","10:02:45",196000
33400,-200,100,"sd","10:02:45",195900
33400,-200,500,"sd","10:02:45",195800
33400,-200,1000,"sd","10:02:45",195300
33400,-200,200,"sd","10:02:45",194300
33400,-200,1000,"sd","10:02:45",194100
33400,-200,100,"sd","10:02:45",193100
33400,-200,200,"sd","10:02:45",193000
33400,-200,300,"sd","10:02:45",192800
33400,-200,5000,"sd","10:02:45",192500
33400,-200,500,"sd","10:02:45",187500
33400,-200,200,"sd","10:02:45",187000
33400,-200,800,"sd","10:02:43",186800
33400,-200,200,"sd","10:02:43",186000
33400,-200,1800,"sd","10:02:43",185800
33400,-200,1000,"sd","10:02:13",184000
33400,-200,1000,"sd","10:02:13",183000
33450,-150,1000,"sd","10:01:15",182000
33450,-150,100,"sd","10:01:15",181000
33450,-150,2500,"sd","10:01:15",180900
33450,-150,1000,"sd","10:01:14",178400
33450,-150,100,"sd","10:01:14",177400
33450,-150,1000,"sd","10:01:14",177300
33450,-150,100,"sd","10:01:14",176300
33500,-100,300,"sd","10:01:14",176200
33500,-100,700,"bu","09:59:49",175900
33500,-100,100,"bu","09:59:47",175200
33500,-100,1000,"bu","09:59:41",175100
33500,-100,1000,"bu","09:59:31",174100
33500,-100,200,"bu","09:59:14",173100
33500,-100,100,"bu","09:59:14",172900
33500,-100,100,"bu","09:59:14",172800
33500,-100,600,"bu","09:59:14",172700
33500,-100,100,"bu","09:59:06",172100
33500,-100,1600,"bu","09:58:58",172000
33500,-100,100,"bu","09:58:31",170400
33500,-100,600,"bu","09:58:25",170300
33500,-100,400,"bu","09:58:25",169700
33500,-100,100,"bu","09:58:15",169300
33400,-200,24200,"sd","09:57:48",169200
33450,-150,100,"sd","09:57:27",145000
33500,-100,100,"sd","09:57:18",144900
33500,-100,100,"sd","09:57:12",144800
33450,-150,1900,"sd","09:57:08",144700
33450,-150,100,"sd","09:57:08",142800
33450,-150,300,"sd","09:57:08",142700
33450,-150,200,"sd","09:57:08",142400
33500,-100,100,"sd","09:57:08",142200
33500,-100,5000,"sd","09:57:00",142100
33550,-50,100,"bu","09:56:48",137100
33550,-50,100,"bu","09:56:24",137000
33550,-50,100,"bu","09:56:24",136900
33500,-100,100,"sd","09:56:08",136800
33500,-100,100,"sd","09:55:40",136700
33450,-150,400,"sd","09:55:18",136600
33500,-100,1000,"sd","09:55:18",136200
33500,-100,500,"sd","09:55:18",135200
33500,-100,100,"sd","09:55:18",134700
33550,-50,100,"bu","09:55:17",134600
33550,-50,100,"sd","09:54:42",134500
33600,0,100,"bu","09:54:41",134400
33550,-50,100,"sd","09:54:08",134300
33450,-150,400,"sd","09:53:03",134200
33450,-150,13600,"sd","09:53:03",133800
33500,-100,500,"sd","09:52:45",120200
33500,-100,100,"sd","09:52:45",119700
33500,-100,400,"sd","09:52:45",119600
33500,-100,200,"sd","09:51:31",119200
33500,-100,100,"sd","09:51:21",119000
33500,-100,300,"bu","09:49:52",118900
33500,-100,200,"bu","09:49:43",118600
33500,-100,500,"bu","09:49:43",118400
33500,-100,1300,"bu","09:49:43",117900
33450,-150,200,"bu","09:48:56",116600
33450,-150,200,"bu","09:48:56",116400
33450,-150,500,"bu","09:48:56",116200
33450,-150,500,"bu","09:48:56",115700
33450,-150,500,"bu","09:48:41",115200
33400,-200,1000,"sd","09:48:15",114700
33400,-200,500,"sd","09:48:04",113700
33400,-200,500,"sd","09:48:04",113200
33400,-200,1000,"sd","09:48:04",112700
33400,-200,300,"sd","09:48:04",111700
33400,-200,200,"sd","09:48:04",111400
33400,-200,800,"sd","09:46:50",111200
33400,-200,100,"sd","09:46:50",110400
33400,-200,400,"sd","09:46:48",110300
33400,-200,1000,"bu","09:46:22",109900
33400,-200,100,"sd","09:46:17",108900
33400,-200,100,"bu","09:45:57",108800
33400,-200,200,"sd","09:45:47",108700
33400,-200,100,"sd","09:45:47",108500
33400,-200,800,"sd","09:45:47",108400
33400,-200,500,"sd","09:45:47",107600
33400,-200,1300,"sd","09:45:47",107100
33450,-150,300,"bu","09:45:21",105800
33450,-150,100,"bu","09:43:27",105500
33450,-150,1000,"bu","09:43:25",105400
33450,-150,600,"bu","09:43:17",104400
33450,-150,2000,"sd","09:43:13",103800
33450,-150,100,"bu","09:42:37",101800
33450,-150,2900,"bu","09:42:37",101700
33400,-200,1300,"sd","09:42:24",98800
33400,-200,200,"sd","09:41:38",97500
33400,-200,300,"sd","09:41:16",97300
33400,-200,200,"sd","09:41:01",97000
33400,-200,600,"sd","09:40:23",96800
33400,-200,300,"sd","09:40:11",96200
33400,-200,800,"sd","09:40:04",95900
33400,-200,500,"sd","09:40:04",95100
33400,-200,400,"sd","09:40:04",94600
33400,-200,1000,"sd","09:40:04",94200
33400,-200,200,"sd","09:40:04",93200
33400,-200,600,"sd","09:40:04",93000
33400,-200,100,"sd","09:40:04",92400
33400,-200,1000,"sd","09:40:04",92300
33400,-200,300,"sd","09:40:04",91300
33400,-200,100,"sd","09:40:04",91000
33450,-150,100,"bu","09:39:39",90900
33450,-150,400,"bu","09:39:39",90800
33450,-150,100,"bu","09:37:42",90400
33400,-200,400,"sd","09:37:02",90300
33400,-200,1200,"sd","09:35:50",89900
33400,-200,100,"sd","09:35:39",88700
33400,-200,400,"sd","09:35:39",88600
33500,-100,100,"bu","09:35:35",88200
33500,-100,300,"bu","09:35:35",88100
33400,-200,100,"sd","09:35:30",87800
33350,-250,1100,"sd","09:35:08",87700
33350,-250,3200,"sd","09:35:08",86600
33400,-200,500,"sd","09:35:08",83400
33400,-200,100,"sd","09:35:08",82900
33400,-200,100,"sd","09:35:08",82800
33400,-200,100,"bu","09:34:49",82700
33400,-200,200,"bu","09:34:47",82600
33400,-200,500,"bu","09:34:47",82400
33400,-200,100,"bu","09:34:47",81900
33400,-200,200,"bu","09:34:47",81800
33400,-200,100,"bu","09:34:46",81600
33400,-200,100,"bu","09:34:46",81500
33400,-200,900,"bu","09:34:37",81400
33400,-200,100,"bu","09:34:36",80500
33400,-200,1300,"bu","09:34:36",80400
33400,-200,1000,"bu","09:34:31",79100
33400,-200,1000,"bu","09:34:29",78100
33350,-250,1500,"sd","09:34:27",77100
33400,-200,800,"bu","09:34:23",75600
33400,-200,100,"bu","09:34:19",74800
33400,-200,5000,"bu","09:34:09",74700
33400,-200,600,"bu","09:34:06",69700
33400,-200,2000,"bu","09:33:59",69100
33350,-250,100,"sd","09:33:52",67100
33400,-200,400,"bu","09:33:44",67000
33350,-250,100,"sd","09:33:21",66600
33400,-200,300,"bu","09:33:05",66500
33400,-200,1000,"bu","09:32:47",66200
33350,-250,100,"sd","09:31:09",65200
33350,-250,1100,"sd","09:31:03",65100
33350,-250,200,"sd","09:30:46",64000
33400,-200,100,"bu","09:30:43",63800
33400,-200,1000,"bu","09:30:22",63700
33350,-250,1100,"sd","09:30:12",62700
33400,-200,300,"bu","09:30:07",61600
33400,-200,100,"bu","09:30:07",61300
33400,-200,1000,"bu","09:30:07",61200
33400,-200,300,"bu","09:30:07",60200
33400,-200,500,"bu","09:30:07",59900
33350,-250,700,"sd","09:29:30",59400
33400,-200,100,"bu","09:29:00",58700
33350,-250,1000,"sd","09:28:52",58600
33400,-200,100,"bu","09:28:32",57600
33350,-250,100,"sd","09:28:21",57500
33350,-250,200,"sd","09:28:08",57400
33400,-200,200,"bu","09:28:05",57200
33400,-200,200,"bu","09:27:53",57000
33350,-250,600,"bu","09:27:21",56800
33350,-250,500,"bu","09:27:15",56200
33350,-250,2000,"sd","09:27:09",55700
33350,-250,100,"sd","09:27:09",53700
33450,-150,200,"sd","09:26:36",53600
33500,-100,100,"sd","09:25:28",53400
33500,-100,500,"sd","09:25:28",53300
33500,-100,2000,"sd","09:25:28",52800
33600,0,2000,"bu","09:24:47",50800
33600,0,100,"bu","09:23:57",48800
33600,0,3000,"sd","09:23:51",48700
33600,0,2000,"sd","09:23:35",45700
33600,0,1400,"sd","09:23:24",43700
33600,0,2000,"sd","09:23:24",42300
33600,0,600,"sd","09:23:24",40300
33600,0,5400,"sd","09:23:03",39700
33600,0,4600,"sd","09:23:03",34300
33600,0,200,"sd","09:22:55",29700
33600,0,200,"sd","09:22:46",29500
33600,0,800,"sd","09:22:46",29300
33600,0,400,"sd","09:22:16",28500
33600,0,1700,"sd","09:22:16",28100
33650,50,900,"sd","09:22:16",26400
33650,50,100,"sd","09:21:52",25500
33700,100,500,"bu","09:21:50",25400
33600,0,1300,"sd","09:21:18",24900
33600,0,2000,"sd","09:21:18",23600
33600,0,100,"sd","09:21:18",21600
33600,0,3000,"sd","09:21:18",21500
33600,0,500,"sd","09:21:18",18500
33600,0,500,"sd","09:21:18",18000
33600,0,100,"sd","09:21:18",17500
33600,0,1000,"sd","09:21:18",17400
33600,0,100,"sd","09:21:18",16400
33600,0,500,"sd","09:21:18",16300
33650,50,1800,"sd","09:21:07",15800
33650,50,200,"sd","09:21:07",14000
33700,100,3600,"sd","09:20:42",13800
33700,100,1000,"sd","09:20:42",10200
33700,100,300,"sd","09:20:42",9200
33700,100,200,"sd","09:20:41",8900
33700,100,100,"sd","09:20:35",8700
33700,100,100,"sd","09:20:35",8600
33700,100,200,"sd","09:20:22",8500
33900,300,500,"bu","09:19:47",8300
33700,100,1000,"sd","09:19:33",7800
33600,0,100,"sd","09:17:56",6800
33600,0,100,"sd","09:17:56",6700
33650,50,200,"sd","09:17:56",6600
33650,50,200,"sd","09:17:56",6400
33600,0,1000,"sd","09:16:15",6200
33600,0,400,"sd","09:15:53",5200
33600,0,100,"sd","09:15:53",4800
33600,0,200,"sd","09:15:53",4700
33650,50,100,"sd","09:15:53",4500
33800,200,100,"sd","09:15:53",4400
34000,400,500,"bu","09:15:23",4300
34000,400,100,"bu","09:15:23",3800
34000,400,300,"bu","09:15:23",3700
34000,400,3400,"bu","09:15:00",3400
