"price","change","match_qtty","side","time","total_vol"
17600,500,2000,"bu","14:59:59",14976600
17600,500,5600,"bu","14:59:39",14974600
17600,500,500,"bu","14:59:15",14969000
17600,500,6000,"bu","14:59:05",14968500
17500,400,500,"sd","14:59:02",14962500
17500,400,100,"sd","14:58:41",14962000
17500,400,100,"sd","14:58:33",14961900
17500,400,200,"sd","14:58:28",14961800
17600,500,100,"bu","14:58:26",14961600
17500,400,200,"sd","14:58:11",14961500
17600,500,100,"bu","14:58:09",14961300
17500,400,1000,"sd","14:58:05",14961200
17600,500,100,"bu","14:58:03",14960200
17500,400,500,"sd","14:57:57",14960100
17500,400,1600,"bu","14:57:43",14959600
17500,400,5000,"bu","14:57:42",14958000
17500,400,2000,"bu","14:57:26",14953000
17500,400,300,"bu","14:57:25",14951000
17500,400,6000,"bu","14:57:19",14950700
17500,400,6000,"bu","14:57:17",14944700
17500,400,3000,"bu","14:57:13",14938700
17500,400,400,"bu","14:57:07",14935700
17500,400,2000,"bu","14:57:01",14935300
17500,400,1000,"bu","14:57:00",14933300
17500,400,500,"bu","14:56:56",14932300
17500,400,17000,"bu","14:56:55",14931800
17500,400,2500,"bu","14:56:50",14914800
17500,400,17100,"bu","14:56:49",14912300
17500,400,2000,"bu","14:56:40",14895200
17500,400,44600,"bu","14:56:37",14893200
17500,400,1700,"bu","14:56:18",14848600
17500,400,1000,"bu","14:55:18",14846900
17400,300,100,"sd","14:54:59",14845900
17500,400,6000,"bu","14:54:58",14845800
17400,300,500,"sd","14:54:23",14839800
17500,400,10000,"bu","14:53:55",14839300
17500,400,300,"bu","14:53:32",14829300
17500,400,500,"bu","14:53:16",14829000
17500,400,9900,"bu","14:53:05",14828500
17500,400,200,"bu","14:51:16",14818600
17400,300,500,"sd","14:51:10",14818400
17500,400,300,"bu","14:50:55",14817900
17500,400,200,"bu","14:50:24",14817600
17500,400,3200,"sd","14:50:09",14817400
17500,400,400,"bu","14:50:02",14814200
17500,400,500,"bu","14:49:59",14813800
17500,400,500,"bu","14:49:44",14813300
17500,400,2000,"bu","14:49:42",14812800
17500,400,2800,"bu","14:49:40",14810800
17500,400,3000,"bu","14:49:35",14808000
17500,400,3200,"bu","14:49:25",14805000
17500,400,5200,"sd","14:49:21",14801800
17500,400,200,"sd","14:49:18",14796600
17500,400,100,"sd","14:49:17",14796400
17500,400,100,"sd","14:49:16",14796300
17500,400,4000,"sd","14:49:14",14796200
17500,400,100,"sd","14:49:12",14792200
17500,400,1100,"sd","14:49:11",14792100
17500,400,100,"sd","14:49:10",14791000
17500,400,1000,"sd","14:49:06",14790900
17500,400,100,"sd","14:49:04",14789900
17500,400,600,"sd","14:49:03",14789800
17500,400,5000,"sd","14:49:02",14789200
17500,400,1000,"sd","14:49:00",14784200
17500,400,500,"sd","14:48:59",14783200
17500,400,1200,"sd","14:48:55",14782700
17500,400,800,"sd","14:48:54",14781500
17500,400,5000,"sd","14:48:51",14780700
17500,400,1200,"sd","14:48:47",14775700
17500,400,4000,"sd","14:48:46",14774500
17500,400,1000,"sd","14:48:44",14770500
17500,400,2000,"sd","14:48:41",14769500
17500,400,500,"sd","14:48:40",14767500
17500,400,3000,"sd","14:48:32",14767000
17500,400,300,"sd","14:48:27",14764000
17500,400,11000,"sd","14:48:21",14763700
17500,400,2000,"sd","14:48:05",14752700
17500,400,1000,"sd","14:47:59",14750700
17500,400,3000,"sd","14:47:47",14749700
17500,400,1000,"sd","14:47:46",14746700
17500,400,100,"sd","14:47:38",14745700
17500,400,1000,"sd","14:47:36",14745600
17500,400,30000,"sd","14:47:34",14744600
17600,500,100,"bu","14:47:08",14714600
17500,400,100,"sd","14:46:55",14714500
17500,400,300,"bu","14:46:13",14714400
17500,400,1500,"bu","14:46:11",14714100
17500,400,900,"bu","14:46:08",14712600
17500,400,500,"bu","14:46:05",14711700
17500,400,400,"bu","14:46:02",14711200
17500,400,1000,"bu","14:46:01",14710800
17500,400,7000,"bu","14:46:00",14709800
17500,400,400,"bu","14:45:56",14702800
17500,400,500,"bu","14:45:51",14702400
17500,400,200,"bu","14:45:50",14701900
17500,400,1000,"bu","14:45:42",14701700
17500,400,1000,"bu","14:45:40",14700700
17500,400,800,"bu","14:45:37",14699700
17500,400,700,"bu","14:45:33",14698900
17500,400,2600,"bu","14:45:30",14698200
17500,400,400,"bu","14:45:25",14695600
17500,400,200,"bu","14:45:21",14695200
17500,400,2000,"bu","14:45:04",14695000
17500,400,500,"bu","14:44:41",14693000
17500,400,500,"bu","14:44:36",14692500
17500,400,1000,"bu","14:44:34",14692000
17500,400,10000,"bu","14:44:31",14691000
17400,300,1500,"sd","14:44:29",14681000
17500,400,30000,"bu","14:44:13",14679500
17500,400,1000,"bu","14:44:12",14649500
17500,400,2000,"bu","14:44:03",14648500
17500,400,5000,"bu","14:43:59",14646500
17400,300,500,"sd","14:43:53",14641500
17500,400,2000,"bu","14:43:45",14641000
17500,400,1900,"bu","14:43:44",14639000
17500,400,100,"bu","14:43:37",14637100
17400,300,500,"sd","14:43:31",14637000
17400,300,500,"sd","14:43:17",14636500
17500,400,2500,"bu","14:43:09",14636000
17500,400,100,"bu","14:43:08",14633500
17500,400,2000,"bu","14:42:59",14633400
17500,400,4500,"bu","14:42:47",14631400
17500,400,500,"bu","14:42:44",14626900
17500,400,200,"bu","14:42:40",14626400
17500,400,1000,"bu","14:42:26",14626200
17500,400,300,"bu","14:42:24",14625200
17500,400,3000,"bu","14:42:12",14624900
17500,400,1400,"bu","14:42:11",14621900
17500,400,500,"bu","14:42:10",14620500
17500,400,1000,"bu","14:41:58",14620000
17500,400,3000,"bu","14:41:57",14619000
17500,400,1000,"bu","14:41:50",14616000
17500,400,15000,"bu","14:41:42",14615000
17500,400,1000,"bu","14:41:28",14600000
17500,400,1900,"bu","14:41:27",14599000
17500,400,16800,"bu","14:41:17",14597100
17500,400,300,"bu","14:41:03",14580300
17500,400,500,"bu","14:41:00",14580000
17500,400,200,"bu","14:40:27",14579500
17500,400,500,"bu","14:40:23",14579300
17500,400,1000,"bu","14:40:05",14578800
17500,400,8900,"sd","14:39:51",14577800
17500,400,7500,"sd","14:39:50",14568900
17500,400,3000,"sd","14:39:38",14561400
17500,400,1500,"sd","14:39:04",14558400
17500,400,55000,"sd","14:38:57",14556900
17500,400,100,"sd","14:38:51",14501900
17500,400,10000,"sd","14:38:42",14501800
17500,400,1200,"sd","14:38:29",14491800
17500,400,700,"sd","14:37:56",14490600
17500,400,1000,"sd","14:37:51",14489900
17500,400,200,"sd","14:37:35",14488900
17500,400,1000,"sd","14:37:25",14488700
17500,400,2100,"bu","14:37:19",14487700
17500,400,700,"bu","14:37:13",14485600
17500,400,200,"bu","14:37:12",14484900
17500,400,1000,"bu","14:37:11",14484700
17500,400,200,"bu","14:37:07",14483700
17500,400,3000,"bu","14:36:59",14483500
17500,400,500,"bu","14:36:46",14480500
17500,400,500,"bu","14:36:30",14480000
17500,400,500,"bu","14:36:27",14479500
17500,400,200,"bu","14:36:17",14479000
17500,400,2400,"bu","14:36:16",14478800
17500,400,100,"sd","14:36:11",14476400
17500,400,3100,"bu","14:36:05",14476300
17500,400,1000,"bu","14:36:02",14473200
17500,400,500,"bu","14:36:01",14472200
17500,400,2500,"bu","14:35:56",14471700
17500,400,300,"bu","14:35:54",14469200
17500,400,500,"bu","14:35:52",14468900
17500,400,5000,"bu","14:35:50",14468400
17500,400,3000,"bu","14:35:49",14463400
17500,400,1000,"bu","14:35:41",14460400
17500,400,1100,"bu","14:35:38",14459400
17500,400,500,"bu","14:35:37",14458300
17500,400,1000,"bu","14:35:34",14457800
17500,400,10000,"bu","14:35:26",14456800
17500,400,2000,"bu","14:35:23",14446800
17500,400,2000,"bu","14:35:22",14444800
17500,400,3300,"bu","14:35:18",14442800
17500,400,3000,"bu","14:35:13",14439500
17500,400,500,"bu","14:35:07",14436500
17500,400,10800,"bu","14:35:04",14436000
17500,400,500,"bu","14:35:03",14425200
17500,400,1000,"bu","14:35:00",14424700
17500,400,2000,"bu","14:34:59",14423700
17500,400,400,"bu","14:34:58",14421700
17500,400,1000,"bu","14:34:52",14421300
17500,400,600,"bu","14:34:46",14420300
17500,400,2500,"bu","14:34:30",14419700
17500,400,900,"bu","14:34:25",14417200
17500,400,20000,"bu","14:34:20",14416300
17400,300,600,"sd","14:34:17",14396300
17500,400,100,"bu","14:34:07",14395700
17500,400,10000,"bu","14:34:04",14395600
17500,400,100,"bu","14:34:02",14385600
17400,300,15500,"sd","14:33:57",14385500
17500,400,100,"bu","14:33:51",14370000
17500,400,1000,"bu","14:33:45",14369900
17500,400,500,"bu","14:33:35",14368900
17500,400,500,"bu","14:33:28",14368400
17500,400,150000,"bu","14:33:13",14367900
17500,400,1500,"bu","14:33:09",14217900
17500,400,100,"bu","14:32:55",14216400
17500,400,5000,"bu","14:32:44",14216300
17500,400,200,"bu","14:32:33",14211300
17500,400,500,"bu","14:32:24",14211100
17500,400,300,"bu","14:32:15",14210600
17400,300,100000,"sd","14:32:14",14210300
17500,400,3000,"bu","14:32:07",14110300
17500,400,3000,"bu","14:32:06",14107300
17500,400,5000,"bu","14:31:56",14104300
17500,400,200,"bu","14:31:28",14099300
17500,400,500,"bu","14:31:09",14099100
17500,400,1200,"bu","14:30:53",14098600
17500,400,100,"bu","14:30:45",14097400
17500,400,11800,"bu","14:30:44",14097300
17500,400,600,"bu","14:30:25",14085500
17500,400,1000,"bu","14:30:22",14084900
17500,400,300,"bu","14:30:11",14083900
17500,400,500,"bu","14:30:05",14083600
17400,300,1000,"sd","14:30:01",14083100
17500,400,2000,"bu","14:29:56",14082100
17500,400,100,"bu","14:29:46",14080100
17500,400,33100,"bu","14:29:44",14080000
17500,400,1000,"bu","14:29:40",14046900
17500,400,400,"bu","14:29:30",14045900
17500,400,5000,"bu","14:29:10",14045500
17400,300,100,"sd","14:28:51",14040500
17400,300,200,"sd","14:28:40",14040400
17400,300,3000,"sd","14:28:37",14040200
17400,300,1000,"sd","14:28:32",14037200
17400,300,20000,"sd","14:28:28",14036200
17400,300,5000,"sd","14:28:24",14016200
17400,300,1000,"sd","14:28:22",14011200
17400,300,100,"sd","14:28:21",14010200
17400,300,100,"sd","14:28:12",14010100
17400,300,2000,"sd","14:27:57",14010000
17400,300,500,"sd","14:27:56",14008000
17400,300,1000,"sd","14:27:54",14007500
17400,300,600,"sd","14:27:42",14006500
17400,300,300,"sd","14:27:35",14005900
17400,300,10000,"sd","14:27:21",14005600
17500,400,400,"bu","14:27:20",13995600
17400,300,400,"sd","14:27:10",13995200
17500,400,8600,"bu","14:27:06",13994800
17400,300,500,"sd","14:27:05",13986200
17400,300,100000,"sd","14:27:01",13985700
17400,300,10000,"sd","14:26:48",13885700
17400,300,11400,"sd","14:26:41",13875700
17500,400,100,"bu","14:26:40",13864300
17400,300,200,"sd","14:26:35",13864200
17400,300,18000,"sd","14:26:24",13864000
17400,300,100000,"sd","14:26:18",13846000
17400,300,1000,"sd","14:26:14",13746000
17400,300,1000,"sd","14:26:11",13745000
17400,300,3900,"sd","14:26:06",13744000
17400,300,10000,"sd","14:25:53",13740100
17400,300,600,"sd","14:25:40",13730100
17400,300,200,"sd","14:25:25",13729500
17400,300,100,"sd","14:25:15",13729300
17400,300,500,"sd","14:25:12",13729200
17400,300,5000,"sd","14:25:04",13728700
17400,300,6000,"sd","14:25:02",13723700
17400,300,100,"sd","14:24:52",13717700
17400,300,2000,"sd","14:24:51",13717600
17400,300,5000,"sd","14:24:47",13715600
17500,400,400,"bu","14:24:34",13710600
17500,400,11000,"bu","14:24:25",13710200
17400,300,900,"sd","14:24:24",13699200
17400,300,200,"sd","14:24:02",13698300
17400,300,500,"sd","14:23:52",13698100
17500,400,10000,"bu","14:23:33",13697600
17500,400,6000,"bu","14:23:31",13687600
17500,400,1600,"bu","14:23:26",13681600
17500,400,3100,"bu","14:23:20",13680000
17400,300,5000,"sd","14:23:15",13676900
17500,400,6500,"bu","14:23:14",13671900
17400,300,100,"sd","14:23:11",13665400
17400,300,1000,"sd","14:23:05",13665300
17400,300,400,"sd","14:23:01",13664300
17400,300,200,"sd","14:23:00",13663900
17400,300,4000,"sd","14:22:59",13663700
17400,300,100,"sd","14:22:50",13659700
17400,300,100,"sd","14:22:47",13659600
17400,300,1800,"sd","14:22:26",13659500
17400,300,50000,"sd","14:22:24",13657700
17400,300,20000,"sd","14:22:19",13607700
17400,300,2000,"sd","14:21:59",13587700
17400,300,2500,"sd","14:21:57",13585700
17400,300,50200,"sd","14:21:45",13583200
17400,300,6300,"bu","14:21:34",13533000
17400,300,200,"bu","14:21:32",13526700
17400,300,10100,"bu","14:21:30",13526500
17400,300,500,"bu","14:21:29",13516400
17400,300,10000,"bu","14:21:27",13515900
17400,300,10000,"bu","14:21:19",13505900
17400,300,1000,"bu","14:21:17",13495900
17400,300,1300,"bu","14:21:16",13494900
17400,300,100,"bu","14:21:14",13493600
17400,300,200,"bu","14:21:13",13493500
17400,300,3000,"bu","14:21:10",13493300
17400,300,200,"bu","14:21:08",13490300
17400,300,500,"bu","14:21:01",13490100
17400,300,18600,"bu","14:20:59",13489600
17400,300,100,"sd","14:20:54",13471000
17400,300,200,"sd","14:20:46",13470900
17400,300,100,"sd","14:20:45",13470700
17400,300,1500,"sd","14:20:44",13470600
17400,300,500,"bu","14:20:39",13469100
17400,300,100,"bu","14:20:38",13468600
17400,300,500,"bu","14:20:37",13468500
17400,300,2900,"bu","14:20:36",13468000
17400,300,5000,"sd","14:20:35",13465100
17400,300,500,"sd","14:20:34",13460100
17400,300,50000,"sd","14:20:33",13459600
17400,300,300,"sd","14:20:32",13409600
17400,300,12000,"sd","14:20:30",13409300
17400,300,10000,"sd","14:20:27",13397300
17400,300,3000,"sd","14:20:23",13387300
17400,300,100000,"sd","14:20:16",13384300
17400,300,1600,"sd","14:20:09",13284300
17400,300,700,"sd","14:20:08",13282700
17400,300,1000,"sd","14:20:05",13282000
17400,300,100,"sd","14:20:03",13281000
17400,300,100,"sd","14:19:53",13280900
17400,300,100,"sd","14:19:39",13280800
17400,300,1800,"sd","14:19:33",13280700
17400,300,100,"sd","14:19:31",13278900
17400,300,400,"sd","14:19:30",13278800
17400,300,600,"sd","14:19:22",13278400
17400,300,5000,"sd","14:19:20",13277800
17400,300,5000,"sd","14:19:19",13272800
17400,300,1000,"sd","14:19:08",13267800
17400,300,100,"sd","14:19:07",13266800
17400,300,1000,"sd","14:19:01",13266700
17400,300,100,"sd","14:18:59",13265700
17400,300,1700,"sd","14:18:52",13265600
17400,300,2000,"sd","14:18:51",13263900
17400,300,100,"sd","14:18:49",13261900
17400,300,5000,"sd","14:18:46",13261800
17400,300,4400,"sd","14:18:45",13256800
17400,300,100,"sd","14:18:42",13252400
17400,300,13000,"sd","14:18:40",13252300
17400,300,104400,"sd","14:18:34",13239300
17400,300,500,"sd","14:18:33",13134900
17400,300,2000,"sd","14:18:28",13134400
17400,300,1100,"sd","14:18:25",13132400
17400,300,1300,"sd","14:18:24",13131300
17400,300,15000,"sd","14:18:23",13130000
17400,300,300,"sd","14:18:21",13115000
17400,300,9500,"sd","14:18:20",13114700
17400,300,2900,"sd","14:18:19",13105200
17400,300,4200,"sd","14:18:15",13102300
17400,300,1000,"sd","14:18:04",13098100
17400,300,2000,"sd","14:17:58",13097100
17400,300,1000,"sd","14:17:55",13095100
17400,300,2000,"sd","14:17:53",13094100
17400,300,100000,"sd","14:17:47",13092100
17400,300,700,"sd","14:17:44",12992100
17400,300,100,"sd","14:17:37",12991400
17400,300,2000,"sd","14:17:36",12991300
17400,300,1000,"sd","14:17:27",12989300
17400,300,10000,"sd","14:17:26",12988300
17400,300,300,"sd","14:17:17",12978300
17400,300,3100,"sd","14:17:16",12978000
17400,300,1100,"sd","14:17:13",12974900
17400,300,800,"sd","14:17:12",12973800
17500,400,500,"bu","14:17:09",12973000
17400,300,5000,"sd","14:17:08",12972500
17400,300,2000,"sd","14:17:06",12967500
17400,300,104400,"sd","14:17:05",12965500
17400,300,20000,"sd","14:17:00",12861100
17400,300,3000,"sd","14:16:56",12841100
17400,300,15700,"sd","14:16:51",12838100
17400,300,300,"sd","14:16:50",12822400
17400,300,500,"sd","14:16:48",12822100
17400,300,700,"sd","14:16:47",12821600
17400,300,10000,"sd","14:16:45",12820900
17400,300,1000,"sd","14:16:43",12810900
17400,300,200000,"sd","14:16:41",12809900
17400,300,1000,"sd","14:16:33",12609900
17400,300,10000,"sd","14:16:30",12608900
17400,300,100,"sd","14:16:27",12598900
17400,300,4000,"sd","14:16:22",12598800
17400,300,4700,"sd","14:16:18",12594800
17400,300,2000,"sd","14:16:12",12590100
17400,300,1500,"sd","14:16:02",12588100
17400,300,500,"sd","14:16:01",12586600
17400,300,7800,"sd","14:15:55",12586100
17400,300,1000,"sd","14:15:48",12578300
17400,300,200500,"sd","14:15:39",12577300
17400,300,100,"sd","14:15:32",12376800
17400,300,100,"sd","14:15:14",12376700
17400,300,800,"sd","14:15:07",12376600
17500,400,2000,"bu","14:15:00",12375800
17500,400,500,"bu","14:14:56",12373800
17400,300,100000,"sd","14:14:46",12373300
17500,400,2000,"bu","14:14:37",12273300
17500,400,600,"bu","14:14:31",12271300
17400,300,500,"sd","14:14:30",12270700
17400,300,1000,"sd","14:14:29",12270200
17500,400,300,"bu","14:14:24",12269200
17400,300,7000,"sd","14:14:15",12268900
17400,300,5000,"sd","14:13:39",12261900
17400,300,700,"sd","14:13:37",12256900
17400,300,11000,"sd","14:13:22",12256200
17500,400,100,"bu","14:13:12",12245200
17400,300,3500,"sd","14:13:08",12245100
17500,400,2000,"bu","14:12:57",12241600
17400,300,500,"sd","14:12:47",12239600
17500,400,1300,"bu","14:12:42",12239100
17400,300,2800,"sd","14:12:31",12237800
17500,400,4000,"bu","14:12:13",12235000
17500,400,1000,"bu","14:12:10",12231000
17500,400,2000,"bu","14:11:48",12230000
17400,300,2000,"sd","14:11:37",12228000
17500,400,200,"bu","14:11:15",12226000
17500,400,2000,"bu","14:11:11",12225800
17500,400,500,"bu","14:11:10",12223800
17500,400,3000,"bu","14:11:06",12223300
17500,400,500,"bu","14:11:05",12220300
17500,400,1500,"bu","14:11:04",12219800
17500,400,100,"bu","14:11:03",12218300
17500,400,2300,"bu","14:11:00",12218200
17500,400,300,"bu","14:10:49",12215900
17500,400,100,"bu","14:10:41",12215600
17500,400,200,"bu","14:10:26",12215500
17500,400,82100,"bu","14:10:20",12215300
17500,400,3000,"sd","14:10:17",12133200
17500,400,10000,"sd","14:10:16",12130200
17500,400,50000,"sd","14:10:15",12120200
17500,400,100,"sd","14:10:11",12070200
17600,500,500,"bu","14:10:08",12070100
17500,400,2500,"sd","14:10:06",12069600
17500,400,5000,"sd","14:10:02",12067100
17500,400,100,"sd","14:09:59",12062100
17500,400,3500,"sd","14:09:51",12062000
17500,400,4000,"sd","14:09:49",12058500
17500,400,1000,"sd","14:09:46",12054500
17500,400,1000,"sd","14:09:44",12053500
17500,400,1000,"sd","14:09:43",12052500
17500,400,6000,"sd","14:09:39",12051500
17500,400,1900,"sd","14:09:32",12045500
17500,400,500,"sd","14:09:31",12043600
17500,400,1000,"sd","14:09:27",12043100
17500,400,3000,"sd","14:09:24",12042100
17500,400,1000,"sd","14:09:22",12039100
17500,400,3500,"sd","14:09:20",12038100
17500,400,500,"sd","14:09:18",12034600
17500,400,7100,"sd","14:09:09",12034100
17500,400,100,"sd","14:09:08",12027000
17500,400,66000,"sd","14:09:06",12026900
17500,400,500,"sd","14:09:05",11960900
17500,400,100,"sd","14:09:03",11960400
17500,400,300,"sd","14:09:01",11960300
17500,400,900,"sd","14:08:59",11960000
17500,400,100,"sd","14:08:58",11959100
17500,400,10000,"sd","14:08:57",11959000
17500,400,80000,"sd","14:08:53",11949000
17500,400,200,"sd","14:08:43",11869000
17500,400,12000,"sd","14:08:41",11868800
17500,400,500,"sd","14:08:38",11856800
17500,400,5000,"sd","14:08:36",11856300
17500,400,5000,"sd","14:08:28",11851300
17500,400,2000,"sd","14:08:24",11846300
17500,400,200,"sd","14:08:22",11844300
17500,400,1000,"sd","14:08:12",11844100
17500,400,1000,"sd","14:07:53",11843100
17500,400,500,"sd","14:07:39",11842100
17500,400,1000,"sd","14:07:38",11841600
17500,400,500,"sd","14:07:27",11840600
17500,400,700,"sd","14:07:24",11840100
17500,400,4100,"sd","14:07:03",11839400
17500,400,1000,"sd","14:06:59",11835300
17500,400,100,"sd","14:06:44",11834300
17500,400,1700,"sd","14:06:37",11834200
17500,400,200,"sd","14:06:34",11832500
17500,400,100000,"sd","14:06:31",11832300
17500,400,100,"sd","14:06:29",11732300
17500,400,4100,"sd","14:06:16",11732200
17500,400,700,"sd","14:06:12",11728100
17500,400,100,"sd","14:06:09",11727400
17600,500,100,"bu","14:06:08",11727300
17500,400,2000,"sd","14:06:01",11727200
17500,400,800,"sd","14:05:59",11725200
17600,500,500,"bu","14:05:53",11724400
17600,500,1000,"bu","14:05:24",11723900
17600,500,500,"bu","14:05:17",11722900
17500,400,2400,"sd","14:05:09",11722400
17600,500,200,"bu","14:05:05",11720000
17600,500,10000,"bu","14:04:59",11719800
17600,500,2000,"bu","14:04:51",11709800
17600,500,10000,"bu","14:04:39",11707800
17600,500,5400,"bu","14:04:35",11697800
17500,400,1000,"sd","14:04:33",11692400
17500,400,5000,"sd","14:04:21",11691400
17500,400,1400,"sd","14:04:14",11686400
17500,400,7300,"sd","14:04:02",11685000
17500,400,5800,"sd","14:03:51",11677700
17500,400,1200,"sd","14:03:39",11671900
17500,400,100,"sd","14:03:38",11670700
17500,400,4000,"sd","14:03:33",11670600
17500,400,1000,"sd","14:03:32",11666600
17500,400,500,"sd","14:03:28",11665600
17500,400,200,"sd","14:03:25",11665100
17500,400,1000,"sd","14:03:07",11664900
17500,400,1300,"sd","14:03:05",11663900
17500,400,600,"sd","14:02:53",11662600
17600,500,500,"bu","14:02:32",11662000
17600,500,400,"bu","14:02:15",11661500
17600,500,900,"bu","14:02:04",11661100
17600,500,200,"bu","14:01:56",11660200
17600,500,400,"bu","14:01:26",11660000
17600,500,500,"bu","14:01:17",11659600
17500,400,300,"sd","14:00:46",11659100
17500,400,200,"sd","14:00:24",11658800
17500,400,300,"sd","14:00:15",11658600
17500,400,1200,"sd","14:00:11",11658300
17500,400,50000,"sd","14:00:08",11657100
17600,500,500,"bu","14:00:07",11607100
17500,400,2600,"sd","13:59:58",11606600
17500,400,400,"sd","13:59:56",11604000
17500,400,300,"sd","13:59:39",11603600
17600,500,1000,"bu","13:59:30",11603300
17600,500,2700,"bu","13:59:05",11602300
17500,400,1000,"sd","13:58:43",11599600
17600,500,500,"bu","13:58:39",11598600
17600,500,2000,"bu","13:58:34",11598100
17600,500,500,"bu","13:58:24",11596100
17600,500,3000,"bu","13:58:04",11595600
17600,500,1000,"bu","13:57:45",11592600
17600,500,100,"bu","13:57:39",11591600
17600,500,3500,"bu","13:56:57",11591500
17500,400,700,"sd","13:56:48",11588000
17500,400,200,"sd","13:56:40",11587300
17600,500,2000,"bu","13:56:02",11587100
17500,400,200,"sd","13:55:49",11585100
17600,500,700,"bu","13:55:42",11584900
17600,500,1700,"bu","13:55:32",11584200
17500,400,700,"sd","13:55:23",11582500
17500,400,5000,"sd","13:55:21",11581800
17500,400,1000,"sd","13:54:39",11576800
17500,400,500,"sd","13:54:31",11575800
17500,400,100,"sd","13:54:24",11575300
17600,500,2000,"bu","13:54:22",11575200
17500,400,2200,"sd","13:54:19",11573200
17500,400,500,"sd","13:54:11",11571000
17500,400,3700,"sd","13:54:00",11570500
17500,400,1400,"sd","13:53:39",11566800
17500,400,5000,"sd","13:53:37",11565400
17500,400,50000,"sd","13:53:28",11560400
17500,400,500,"sd","13:53:09",11510400
17500,400,500,"sd","13:53:06",11509900
17500,400,1000,"sd","13:52:53",11509400
17500,400,200,"sd","13:52:48",11508400
17500,400,1200,"sd","13:52:30",11508200
17500,400,200,"sd","13:52:07",11507000
17500,400,800,"sd","13:52:00",11506800
17500,400,4000,"sd","13:51:56",11506000
17500,400,1000,"sd","13:51:45",11502000
17500,400,1000,"sd","13:51:20",11501000
17600,500,100,"bu","13:51:10",11500000
17500,400,2000,"sd","13:51:00",11499900
17600,500,2500,"bu","13:50:54",11497900
17600,500,2000,"bu","13:50:44",11495400
17500,400,100,"sd","13:50:25",11493400
17500,400,100,"sd","13:50:21",11493300
17500,400,500,"sd","13:50:16",11493200
17500,400,100,"sd","13:50:15",11492700
17500,400,3000,"sd","13:50:14",11492600
17500,400,100000,"sd","13:49:58",11489600
17500,400,1000,"sd","13:49:45",11389600
17500,400,5000,"sd","13:49:13",11388600
17500,400,100,"sd","13:48:57",11383600
17500,400,3000,"sd","13:48:52",11383500
17500,400,5000,"sd","13:48:49",11380500
17500,400,2000,"sd","13:48:34",11375500
17500,400,600,"sd","13:48:29",11373500
17600,500,5000,"bu","13:48:28",11372900
17600,500,1500,"bu","13:48:27",11367900
17500,400,200,"sd","13:48:16",11366400
17500,400,100,"sd","13:48:04",11366200
17500,400,300,"sd","13:47:53",11366100
17500,400,1000,"sd","13:47:43",11365800
17500,400,1000,"sd","13:47:34",11364800
17500,400,300,"sd","13:47:04",11363800
17500,400,500,"sd","13:46:58",11363500
17500,400,8000,"sd","13:46:35",11363000
17500,400,5000,"sd","13:46:27",11355000
17600,500,500,"bu","13:46:19",11350000
17500,400,500,"sd","13:46:12",11349500
17500,400,500,"sd","13:46:09",11349000
17500,400,30000,"sd","13:46:08",11348500
17500,400,100,"sd","13:46:02",11318500
17500,400,10000,"sd","13:45:43",11318400
17500,400,2000,"sd","13:45:42",11308400
17500,400,300,"sd","13:45:34",11306400
17600,500,5000,"bu","13:45:29",11306100
17500,400,200,"sd","13:45:26",11301100
17500,400,500,"sd","13:45:22",11300900
17500,400,100,"sd","13:44:56",11300400
17500,400,900,"sd","13:44:46",11300300
17500,400,200,"sd","13:44:44",11299400
17500,400,1000,"sd","13:44:43",11299200
17500,400,2000,"sd","13:44:40",11298200
17500,400,300,"sd","13:44:35",11296200
17500,400,5000,"sd","13:44:34",11295900
17500,400,500,"sd","13:44:30",11290900
17500,400,200,"sd","13:44:27",11290400
17500,400,1000,"sd","13:44:13",11290200
17500,400,7200,"sd","13:44:01",11289200
17500,400,100,"bu","13:44:00",11282000
17500,400,3200,"bu","13:43:59",11281900
17500,400,10700,"bu","13:43:58",11278700
17500,400,5200,"bu","13:43:57",11268000
17500,400,2000,"bu","13:43:56",11262800
17500,400,18900,"bu","13:43:55",11260800
17500,400,5000,"bu","13:43:53",11241900
17500,400,500,"bu","13:43:52",11236900
17400,300,5000,"sd","13:43:51",11236400
17500,400,1100,"bu","13:43:49",11231400
17500,400,1600,"bu","13:43:46",11230300
17500,400,900,"bu","13:43:44",11228700
17500,400,200,"bu","13:43:42",11227800
17500,400,100,"bu","13:43:41",11227600
17500,400,1100,"bu","13:43:40",11227500
17500,400,1000,"bu","13:43:38",11226400
17500,400,100,"bu","13:43:36",11225400
17500,400,100,"bu","13:43:31",11225300
17500,400,1000,"bu","13:43:27",11225200
17500,400,500,"bu","13:43:26",11224200
17500,400,100,"bu","13:43:17",11223700
17500,400,500,"bu","13:43:15",11223600
17500,400,1000,"bu","13:43:14",11223100
17500,400,3000,"bu","13:43:13",11222100
17500,400,7100,"bu","13:43:11",11219100
17400,300,300,"sd","13:43:10",11212000
17500,400,500,"bu","13:42:59",11211700
17500,400,1000,"bu","13:42:58",11211200
17400,300,200,"sd","13:42:54",11210200
17400,300,1000,"sd","13:42:50",11210000
17500,400,100,"bu","13:42:46",11209000
17400,300,10500,"sd","13:42:43",11208900
17400,300,500,"sd","13:42:42",11198400
17500,400,1000,"bu","13:42:36",11197900
17500,400,200,"bu","13:42:34",11196900
17500,400,5900,"bu","13:42:32",11196700
17500,400,2000,"sd","13:42:31",11190800
17500,400,8000,"sd","13:42:30",11188800
17500,400,600,"sd","13:42:28",11180800
17500,400,100,"sd","13:42:26",11180200
17500,400,10000,"sd","13:42:25",11180100
17500,400,500,"sd","13:42:24",11170100
17500,400,500,"sd","13:42:22",11169600
17500,400,500,"sd","13:42:21",11169100
17500,400,700,"sd","13:42:20",11168600
17500,400,3700,"sd","13:42:18",11167900
17500,400,1500,"sd","13:42:17",11164200
17500,400,1500,"sd","13:42:16",11162700
17500,400,11500,"sd","13:42:15",11161200
17500,400,5000,"sd","13:42:14",11149700
17500,400,10000,"sd","13:42:13",11144700
17500,400,5600,"sd","13:42:11",11134700
17500,400,18200,"sd","13:42:10",11129100
17500,400,57000,"sd","13:42:07",11110900
17500,400,39900,"sd","13:42:06",11053900
17500,400,10000,"sd","13:42:03",11014000
17500,400,1000,"sd","13:41:59",11004000
17500,400,14300,"sd","13:41:58",11003000
17500,400,10000,"sd","13:41:57",10988700
17500,400,1000,"sd","13:41:54",10978700
17500,400,7100,"sd","13:41:53",10977700
17500,400,2100,"sd","13:41:51",10970600
17500,400,1500,"sd","13:41:50",10968500
17500,400,50000,"sd","13:41:49",10967000
17500,400,1300,"sd","13:41:48",10917000
17500,400,1000,"sd","13:41:47",10915700
17500,400,3000,"sd","13:41:46",10914700
17500,400,5500,"sd","13:41:44",10911700
17500,400,2000,"sd","13:41:43",10906200
17500,400,3500,"sd","13:41:42",10904200
17500,400,6100,"sd","13:41:40",10900700
17500,400,4000,"sd","13:41:39",10894600
17500,400,2000,"sd","13:41:38",10890600
17500,400,20000,"sd","13:41:37",10888600
17500,400,3000,"sd","13:41:36",10868600
17500,400,10000,"sd","13:41:35",10865600
17500,400,1000,"sd","13:41:33",10855600
17500,400,10000,"sd","13:41:32",10854600
17500,400,1000,"sd","13:41:30",10844600
17500,400,3500,"sd","13:41:28",10843600
17500,400,20000,"sd","13:41:22",10840100
17500,400,21500,"sd","13:41:21",10820100
17500,400,700,"sd","13:41:20",10798600
17500,400,2900,"sd","13:41:14",10797900
17600,500,600,"bu","13:41:13",10795000
17500,400,500,"sd","13:41:07",10794400
17500,400,1100,"sd","13:40:52",10793900
17500,400,1000,"sd","13:40:51",10792800
17500,400,1100,"sd","13:40:47",10791800
17500,400,1300,"sd","13:40:43",10790700
17500,400,800,"sd","13:40:42",10789400
17500,400,200,"sd","13:40:40",10788600
17500,400,700,"sd","13:40:36",10788400
17500,400,100,"sd","13:40:35",10787700
17500,400,1500,"sd","13:40:25",10787600
17500,400,1000,"sd","13:40:20",10786100
17500,400,3100,"sd","13:40:16",10785100
17500,400,3000,"sd","13:40:10",10782000
17500,400,3000,"sd","13:40:08",10779000
17500,400,6000,"sd","13:40:07",10776000
17500,400,200,"sd","13:40:05",10770000
17500,400,1000,"sd","13:39:58",10769800
17500,400,1000,"sd","13:39:57",10768800
17500,400,900,"sd","13:39:54",10767800
17500,400,2000,"sd","13:39:51",10766900
17500,400,2000,"sd","13:39:46",10764900
17500,400,500,"sd","13:39:33",10762900
17600,500,600,"bu","13:39:31",10762400
17500,400,300,"sd","13:39:27",10761800
17500,400,1000,"sd","13:39:18",10761500
17500,400,6000,"sd","13:39:17",10760500
17500,400,100,"sd","13:39:15",10754500
17500,400,4000,"sd","13:39:13",10754400
17600,500,1000,"bu","13:39:10",10750400
17500,400,50000,"sd","13:39:09",10749400
17500,400,1000,"sd","13:39:00",10699400
17500,400,1000,"sd","13:38:58",10698400
17500,400,200,"sd","13:38:56",10697400
17500,400,100,"sd","13:38:44",10697200
17500,400,5000,"sd","13:38:34",10697100
17500,400,100,"sd","13:38:33",10692100
17500,400,2500,"sd","13:38:30",10692000
17500,400,10000,"sd","13:38:27",10689500
17500,400,5200,"sd","13:38:25",10679500
17600,500,300,"bu","13:38:21",10674300
17600,500,100,"bu","13:38:20",10674000
17500,400,23000,"sd","13:38:17",10673900
17500,400,8600,"sd","13:38:15",10650900
17500,400,1000,"sd","13:38:14",10642300
17500,400,1000,"sd","13:38:13",10641300
17500,400,4000,"sd","13:37:58",10640300
17500,400,1500,"sd","13:37:57",10636300
17500,400,20000,"sd","13:37:54",10634800
17500,400,200,"sd","13:37:53",10614800
17500,400,200,"sd","13:37:50",10614600
17500,400,100,"sd","13:37:33",10614400
17500,400,1000,"sd","13:37:32",10614300
17600,500,5000,"bu","13:37:26",10613300
17500,400,100,"sd","13:37:08",10608300
17500,400,1000,"sd","13:37:07",10608200
17500,400,1600,"sd","13:36:58",10607200
17500,400,2500,"sd","13:36:49",10605600
17500,400,1000,"sd","13:36:42",10603100
17500,400,100,"sd","13:36:41",10602100
17500,400,100,"sd","13:36:31",10602000
17500,400,10000,"sd","13:36:17",10601900
17500,400,2000,"sd","13:36:13",10591900
17500,400,100,"sd","13:36:10",10589900
17500,400,10000,"sd","13:35:56",10589800
17500,400,1000,"sd","13:35:40",10579800
17500,400,500,"sd","13:35:29",10578800
17500,400,11000,"sd","13:34:57",10578300
17500,400,10000,"sd","13:34:54",10567300
17500,400,10000,"sd","13:34:34",10557300
17600,500,3000,"bu","13:34:13",10547300
17600,500,20000,"bu","13:34:00",10544300
17600,500,300,"bu","13:33:27",10524300
17500,400,500,"sd","13:33:26",10524000
17500,400,2000,"sd","13:33:25",10523500
17500,400,3000,"sd","13:33:22",10521500
17500,400,10000,"sd","13:33:16",10518500
17500,400,20000,"sd","13:32:45",10508500
17500,400,500,"sd","13:32:44",10488500
17500,400,10000,"sd","13:32:40",10488000
17500,400,5000,"sd","13:32:36",10478000
17500,400,2700,"sd","13:32:31",10473000
17500,400,1100,"sd","13:32:10",10470300
17500,400,150000,"sd","13:32:04",10469200
17500,400,25000,"sd","13:32:01",10319200
17500,400,500,"sd","13:31:13",10294200
17500,400,500,"sd","13:30:58",10293700
17500,400,1000,"sd","13:30:46",10293200
17500,400,5900,"sd","13:30:45",10292200
17500,400,7000,"sd","13:30:44",10286300
17500,400,100,"sd","13:30:27",10279300
17500,400,2000,"sd","13:30:15",10279200
17600,500,2000,"bu","13:30:08",10277200
17600,500,1000,"bu","13:29:49",10275200
17600,500,1000,"bu","13:29:42",10274200
17600,500,1000,"bu","13:29:22",10273200
17500,400,12800,"sd","13:29:21",10272200
17600,500,100,"bu","13:28:48",10259400
17600,500,1000,"bu","13:28:45",10259300
17600,500,500,"bu","13:28:38",10258300
17600,500,100,"bu","13:28:37",10257800
17600,500,500,"bu","13:28:34",10257700
17600,500,300,"bu","13:28:27",10257200
17600,500,200,"bu","13:28:02",10256900
17600,500,3000,"bu","13:27:54",10256700
17600,500,200,"bu","13:27:52",10253700
17600,500,20000,"bu","13:27:51",10253500
17600,500,100,"bu","13:27:47",10233500
17600,500,100,"bu","13:27:35",10233400
17600,500,200,"bu","13:27:07",10233300
17500,400,2000,"sd","13:27:02",10233100
17600,500,500,"bu","13:26:59",10231100
17600,500,300,"bu","13:26:25",10230600
17600,500,2000,"bu","13:26:16",10230300
17600,500,100,"bu","13:26:13",10228300
17500,400,3000,"sd","13:26:11",10228200
17600,500,100,"bu","13:25:54",10225200
17600,500,100,"bu","13:25:51",10225100
17600,500,1500,"bu","13:25:47",10225000
17600,500,100,"bu","13:25:19",10223500
17600,500,500,"bu","13:25:08",10223400
17600,500,3500,"bu","13:25:01",10222900
17500,400,10200,"sd","13:24:58",10219400
17600,500,5000,"bu","13:24:55",10209200
17600,500,500,"bu","13:24:53",10204200
17500,400,4000,"sd","13:24:49",10203700
17600,500,3000,"bu","13:24:48",10199700
17600,500,500,"bu","13:24:43",10196700
17600,500,100,"bu","13:24:35",10196200
17600,500,500,"bu","13:24:34",10196100
17600,500,200,"bu","13:24:03",10195600
17600,500,1000,"bu","13:23:30",10195400
17600,500,100,"bu","13:23:25",10194400
17500,400,500,"sd","13:23:20",10194300
17600,500,3000,"bu","13:23:13",10193800
17600,500,200,"bu","13:23:12",10190800
17600,500,500,"bu","13:22:48",10190600
17500,400,7000,"sd","13:22:36",10190100
17600,500,500,"bu","13:22:32",10183100
17600,500,200,"bu","13:22:19",10182600
17600,500,100,"bu","13:22:16",10182400
17600,500,10000,"bu","13:22:06",10182300
17600,500,1000,"bu","13:22:00",10172300
17500,400,1000,"sd","13:21:59",10171300
17600,500,200,"bu","13:21:52",10170300
17600,500,10000,"bu","13:21:43",10170100
17600,500,500,"bu","13:21:36",10160100
17600,500,1000,"bu","13:21:33",10159600
17500,400,200,"sd","13:21:31",10158600
17500,400,1500,"sd","13:21:23",10158400
17600,500,300,"bu","13:21:17",10156900
17600,500,1000,"bu","13:21:10",10156600
17600,500,100,"bu","13:21:01",10155600
17600,500,15000,"bu","13:20:56",10155500
17600,500,4000,"bu","13:20:48",10140500
17500,400,2000,"sd","13:20:38",10136500
17600,500,2000,"bu","13:20:36",10134500
17600,500,1000,"bu","13:20:31",10132500
17500,400,700,"sd","13:20:29",10131500
17600,500,1000,"bu","13:20:21",10130800
17500,400,100,"sd","13:20:16",10129800
17600,500,1300,"bu","13:20:15",10129700
17600,500,300,"bu","13:20:10",10128400
17500,400,100,"sd","13:20:09",10128100
17600,500,200,"bu","13:19:50",10128000
17600,500,1000,"bu","13:19:37",10127800
17500,400,2100,"sd","13:19:30",10126800
17600,500,100,"bu","13:19:20",10124700
17600,500,2100,"bu","13:19:17",10124600
17600,500,20000,"bu","13:19:16",10122500
17500,400,800,"sd","13:19:10",10102500
17600,500,400,"bu","13:19:09",10101700
17500,400,2000,"sd","13:19:03",10101300
17500,400,500,"sd","13:18:55",10099300
17500,400,15600,"sd","13:18:46",10098800
17600,500,300,"bu","13:18:37",10083200
17500,400,200,"sd","13:18:32",10082900
17600,500,400,"bu","13:18:27",10082700
17600,500,300,"bu","13:18:20",10082300
17600,500,2000,"bu","13:18:18",10082000
17600,500,3600,"bu","13:18:16",10080000
17600,500,300,"bu","13:18:13",10076400
17600,500,1000,"bu","13:18:11",10076100
17500,400,31400,"sd","13:18:05",10075100
17600,500,5000,"bu","13:17:59",10043700
17600,500,200,"bu","13:17:52",10038700
17600,500,1400,"bu","13:17:50",10038500
17600,500,200,"bu","13:17:44",10037100
17600,500,500,"bu","13:17:38",10036900
17600,500,100000,"bu","13:17:37",10036400
17600,500,3500,"bu","13:17:36",9936400
17600,500,200,"bu","13:17:16",9932900
17600,500,1000,"bu","13:17:08",9932700
17600,500,200,"bu","13:17:02",9931700
17600,500,100,"bu","13:16:51",9931500
17600,500,100,"bu","13:16:50",9931400
17600,500,200,"bu","13:16:48",9931300
17600,500,1000,"bu","13:16:30",9931100
17600,500,500,"bu","13:16:21",9930100
17600,500,200,"bu","13:16:09",9929600
17600,500,1000,"bu","13:15:37",9929400
17600,500,100,"bu","13:15:25",9928400
17600,500,15000,"bu","13:15:12",9928300
17600,500,900,"bu","13:15:04",9913300
17600,500,100,"bu","13:15:03",9912400
17600,500,200,"bu","13:15:01",9912300
17600,500,500,"bu","13:15:00",9912100
17600,500,200,"bu","13:14:55",9911600
17600,500,200,"bu","13:14:46",9911400
17600,500,1000,"bu","13:14:43",9911200
17600,500,1000,"bu","13:14:34",9910200
17600,500,3200,"bu","13:14:31",9909200
17600,500,1000,"bu","13:14:24",9906000
17500,400,5000,"sd","13:14:15",9905000
17500,400,500,"sd","13:13:50",9900000
17500,400,3000,"sd","13:13:47",9899500
17500,400,2500,"sd","13:13:37",9896500
17500,400,100,"sd","13:13:36",9894000
17500,400,500,"sd","13:13:35",9893900
17500,400,200,"sd","13:13:22",9893400
17500,400,1000,"sd","13:13:07",9893200
17500,400,52800,"sd","13:12:48",9892200
17600,500,10000,"bu","13:12:47",9839400
17600,500,200,"bu","13:12:34",9829400
17600,500,300,"bu","13:12:33",9829200
17600,500,1000,"bu","13:12:29",9828900
17500,400,50000,"sd","13:12:27",9827900
17600,500,2000,"bu","13:12:15",9777900
17600,500,500,"bu","13:12:06",9775900
17600,500,900,"bu","13:11:56",9775400
17500,400,100,"sd","13:11:55",9774500
17500,400,700,"sd","13:11:47",9774400
17600,500,5000,"bu","13:11:46",9773700
17600,500,1400,"bu","13:11:44",9768700
17600,500,200,"bu","13:11:27",9767300
17600,500,500,"bu","13:11:12",9767100
17600,500,800,"bu","13:11:08",9766600
17600,500,5000,"bu","13:10:58",9765800
17600,500,400,"bu","13:10:57",9760800
17600,500,1000,"bu","13:10:42",9760400
17600,500,700,"bu","13:10:40",9759400
17600,500,100,"bu","13:10:39",9758700
17600,500,600,"bu","13:10:22",9758600
17600,500,1000,"bu","13:10:12",9758000
17600,500,500,"bu","13:10:06",9757000
17600,500,700,"bu","13:09:29",9756500
17500,400,500,"sd","13:09:26",9755800
17500,400,2000,"sd","13:09:18",9755300
17500,400,200,"sd","13:08:57",9753300
17600,500,2300,"bu","13:08:48",9753100
17500,400,1000,"sd","13:08:39",9750800
17500,400,100,"sd","13:08:34",9749800
17500,400,4700,"sd","13:07:41",9749700
17600,500,800,"bu","13:07:36",9745000
17600,500,5400,"bu","13:07:35",9744200
17600,500,5000,"bu","13:07:20",9738800
17500,400,20000,"sd","13:07:13",9733800
17600,500,1500,"bu","13:07:12",9713800
17600,500,800,"bu","13:07:10",9712300
17600,500,2000,"bu","13:06:49",9711500
17600,500,1000,"bu","13:06:45",9709500
17500,400,100,"sd","13:06:44",9708500
17600,500,500,"bu","13:06:42",9708400
17600,500,700,"bu","13:06:40",9707900
17600,500,1000,"bu","13:06:37",9707200
17600,500,800,"bu","13:06:36",9706200
17600,500,1000,"bu","13:06:28",9705400
17600,500,22300,"bu","13:06:24",9704400
17600,500,3000,"bu","13:06:21",9682100
17600,500,1000,"bu","13:06:19",9679100
17600,500,25400,"bu","13:06:15",9678100
17600,500,1800,"bu","13:06:11",9652700
17600,500,1000,"bu","13:06:10",9650900
17600,500,3000,"bu","13:06:07",9649900
17600,500,200,"bu","13:06:06",9646900
17600,500,1500,"bu","13:06:04",9646700
17600,500,50000,"bu","13:06:03",9645200
17600,500,500,"bu","13:05:50",9595200
17600,500,6900,"bu","13:05:43",9594700
17600,500,3000,"bu","13:05:42",9587800
17600,500,200,"bu","13:05:41",9584800
17600,500,500,"bu","13:05:40",9584600
17600,500,3500,"bu","13:05:34",9584100
17600,500,500,"bu","13:05:33",9580600
17600,500,5000,"bu","13:05:29",9580100
17600,500,5000,"bu","13:05:25",9575100
17600,500,40000,"bu","13:05:23",9570100
17600,500,800,"bu","13:05:20",9530100
17500,400,17700,"sd","13:05:15",9529300
17600,500,1400,"bu","13:05:12",9511600
17600,500,40000,"bu","13:05:09",9510200
17600,500,300,"bu","13:04:57",9470200
17600,500,1400,"bu","13:04:56",9469900
17500,400,2000,"sd","13:04:55",9468500
17500,400,2300,"sd","13:04:52",9466500
17600,500,10000,"bu","13:04:49",9464200
17600,500,500,"bu","13:04:44",9454200
17600,500,1000,"bu","13:04:43",9453700
17500,400,9200,"sd","13:04:42",9452700
17600,500,600,"bu","13:04:39",9443500
17600,500,100,"bu","13:04:22",9442900
17600,500,1000,"bu","13:04:18",9442800
17600,500,100,"bu","13:04:10",9441800
17500,400,500,"sd","13:04:09",9441700
17500,400,1000,"sd","13:04:08",9441200
17600,500,300,"bu","13:04:07",9440200
17600,500,18000,"bu","13:03:55",9439900
17600,500,100,"bu","13:03:43",9421900
17600,500,500,"bu","13:03:41",9421800
17600,500,1600,"bu","13:03:36",9421300
17600,500,1000,"bu","13:03:26",9419700
17600,500,200,"bu","13:03:20",9418700
17600,500,100,"bu","13:03:16",9418500
17600,500,500,"bu","13:03:04",9418400
17600,500,11000,"bu","13:03:03",9417900
17600,500,300,"bu","13:02:56",9406900
17600,500,1400,"bu","13:02:47",9406600
17600,500,1400,"bu","13:02:32",9405200
17600,500,500,"bu","13:02:20",9403800
17600,500,387000,"bu","13:01:45",9403300
17600,500,500,"sd","13:01:44",9016300
17600,500,5000,"sd","13:01:42",9015800
17600,500,300,"sd","13:01:39",9010800
17600,500,100,"sd","13:01:38",9010500
17600,500,1000,"sd","13:01:31",9010400
17600,500,300,"sd","13:01:30",9009400
17600,500,300,"sd","13:01:29",9009100
17600,500,500,"sd","13:01:27",9008800
17600,500,5000,"sd","13:01:24",9008300
17600,500,5000,"sd","13:01:17",9003300
17600,500,400,"sd","13:01:16",8998300
17600,500,1000,"sd","13:01:12",8997900
17600,500,20500,"sd","13:01:05",8996900
17600,500,2000,"sd","13:01:04",8976400
17600,500,1100,"sd","13:01:01",8974400
17600,500,2000,"sd","13:00:55",8973300
17600,500,300,"sd","13:00:53",8971300
17600,500,3300,"sd","13:00:52",8971000
17600,500,50000,"sd","13:00:51",8967700
17600,500,200,"sd","13:00:48",8917700
17600,500,4000,"sd","13:00:46",8917500
17600,500,500,"sd","13:00:43",8913500
17600,500,5000,"sd","13:00:37",8913000
17600,500,100,"sd","13:00:34",8908000
17600,500,60000,"sd","13:00:28",8907900
17600,500,8700,"sd","13:00:27",8847900
17600,500,800,"sd","13:00:23",8839200
17600,500,2000,"sd","13:00:21",8838400
17600,500,3400,"sd","13:00:13",8836400
17600,500,1300,"sd","13:00:09",8833000
17600,500,34900,"sd","13:00:06",8831700
17700,600,19400,"bu","13:00:05",8796800
17600,500,10000,"sd","13:00:04",8777400
17600,500,332200,"sd","13:00:03",8767400
17600,500,33600,"sd","13:00:01",8435200
17600,500,5600,"sd","13:00:00",8401600
17600,500,300,"sd","11:30:00",8396000
17700,600,200,"bu","11:29:56",8395700
17700,600,1100,"bu","11:29:52",8395500
17600,500,1000,"sd","11:29:37",8394400
17600,500,1000,"sd","11:29:35",8393400
17700,600,4000,"bu","11:29:29",8392400
17600,500,200,"sd","11:29:28",8388400
17700,600,400,"bu","11:29:25",8388200
17600,500,500,"sd","11:29:20",8387800
17700,600,5600,"bu","11:29:18",8387300
17700,600,1000,"bu","11:29:01",8381700
17700,600,2000,"bu","11:28:55",8380700
17700,600,500,"bu","11:28:37",8378700
17600,500,100,"sd","11:28:35",8378200
17700,600,200,"bu","11:28:26",8378100
17700,600,5400,"bu","11:28:12",8377900
17700,600,1800,"bu","11:27:17",8372500
17600,500,1000,"sd","11:27:15",8370700
17600,500,500,"sd","11:26:58",8369700
17600,500,2500,"sd","11:26:54",8369200
17600,500,10000,"sd","11:26:39",8366700
17600,500,1000,"sd","11:26:37",8356700
17600,500,100,"sd","11:26:16",8355700
17600,500,500,"sd","11:26:13",8355600
17600,500,2000,"sd","11:25:32",8355100
17600,500,100,"sd","11:25:24",8353100
17700,600,1100,"bu","11:24:57",8353000
17600,500,2000,"sd","11:24:47",8351900
17700,600,200,"bu","11:24:45",8349900
17600,500,500,"sd","11:24:22",8349700
17600,500,500,"sd","11:24:13",8349200
17600,500,1000,"sd","11:23:38",8348700
17700,600,5000,"bu","11:23:25",8347700
17700,600,1000,"bu","11:23:01",8342700
17700,600,1000,"bu","11:22:39",8341700
17700,600,200,"bu","11:22:18",8340700
17700,600,600,"bu","11:22:16",8340500
17700,600,900,"bu","11:21:52",8339900
17600,500,1000,"sd","11:21:29",8339000
17600,500,600,"sd","11:21:24",8338000
17600,500,300,"sd","11:20:43",8337400
17700,600,100,"bu","11:20:36",8337100
17700,600,600,"bu","11:20:20",8337000
17700,600,1000,"bu","11:20:10",8336400
17700,600,100,"bu","11:20:06",8335400
17600,500,1000,"sd","11:20:01",8335300
17600,500,5000,"sd","11:19:41",8334300
17700,600,3000,"bu","11:19:16",8329300
17600,500,1000,"sd","11:18:55",8326300
17700,600,300,"bu","11:18:52",8325300
17700,600,4000,"bu","11:18:43",8325000
17700,600,1000,"bu","11:18:27",8321000
17700,600,200,"bu","11:18:09",8320000
17700,600,1100,"bu","11:17:49",8319800
17700,600,3000,"bu","11:17:42",8318700
17700,600,2000,"bu","11:17:20",8315700
17700,600,100,"bu","11:17:11",8313700
17700,600,500,"bu","11:16:41",8313600
17700,600,200,"bu","11:16:35",8313100
17600,500,300,"sd","11:16:30",8312900
17700,600,500,"bu","11:16:23",8312600
17600,500,500,"sd","11:16:08",8312100
17600,500,1100,"sd","11:16:01",8311600
17600,500,500,"sd","11:15:59",8310500
17700,600,3000,"bu","11:15:45",8310000
17700,600,1000,"bu","11:15:39",8307000
17700,600,2000,"bu","11:15:22",8306000
17700,600,400,"bu","11:14:39",8304000
17700,600,1500,"bu","11:14:29",8303600
17700,600,1000,"bu","11:14:25",8302100
17600,500,1000,"sd","11:13:51",8301100
17700,600,3000,"bu","11:13:50",8300100
17700,600,100,"bu","11:13:35",8297100
17600,500,900,"sd","11:13:23",8297000
17700,600,1000,"bu","11:13:11",8296100
17600,500,100,"sd","11:12:34",8295100
17600,500,2000,"sd","11:11:18",8295000
17600,500,1000,"sd","11:10:45",8293000
17600,500,600,"sd","11:10:41",8292000
17600,500,200,"sd","11:10:35",8291400
17600,500,1000,"sd","11:10:01",8291200
17700,600,500,"bu","11:09:51",8290200
17700,600,200,"bu","11:09:40",8289700
17700,600,1000,"bu","11:09:29",8289500
17700,600,500,"bu","11:09:20",8288500
17600,500,100,"sd","11:09:05",8288000
17700,600,500,"bu","11:08:59",8287900
17600,500,1000,"sd","11:08:52",8287400
17700,600,1000,"bu","11:08:41",8286400
17700,600,1000,"bu","11:07:59",8285400
17700,600,200,"bu","11:07:57",8284400
17700,600,200,"bu","11:07:43",8284200
17700,600,300,"bu","11:07:25",8284000
17600,500,100,"sd","11:07:19",8283700
17700,600,200,"bu","11:07:11",8283600
17600,500,1000,"sd","11:07:10",8283400
17700,600,1000,"bu","11:06:53",8282400
17700,600,100,"bu","11:06:46",8281400
17600,500,300,"sd","11:06:33",8281300
17700,600,5000,"bu","11:06:25",8281000
17700,600,2000,"bu","11:06:15",8276000
17700,600,2000,"bu","11:05:59",8274000
17700,600,3000,"bu","11:05:55",8272000
17700,600,400,"bu","11:05:47",8269000
17700,600,500,"bu","11:05:18",8268600
17600,500,6300,"sd","11:05:13",8268100
17700,600,5500,"bu","11:05:02",8261800
17700,600,800,"bu","11:04:32",8256300
17700,600,5000,"bu","11:04:11",8255500
17600,500,100,"sd","11:03:52",8250500
17700,600,300,"bu","11:03:49",8250400
17600,500,3000,"sd","11:03:48",8250100
17600,500,1000,"sd","11:03:45",8247100
17600,500,300,"sd","11:03:28",8246100
17600,500,3000,"sd","11:03:17",8245800
17600,500,10000,"sd","11:03:10",8242800
17700,600,200,"bu","11:03:06",8232800
17600,500,100,"sd","11:02:50",8232600
17600,500,6700,"sd","11:02:35",8232500
17700,600,3300,"bu","11:02:18",8225800
17600,500,500,"sd","11:02:11",8222500
17600,500,2900,"sd","11:01:50",8222000
17600,500,200,"sd","11:01:43",8219100
17600,500,2000,"sd","11:01:30",8218900
17700,600,100,"bu","11:01:29",8216900
17600,500,500,"sd","11:01:17",8216800
17600,500,500,"sd","11:01:00",8216300
17600,500,200,"sd","11:00:17",8215800
17600,500,300,"sd","11:00:13",8215600
17600,500,2000,"sd","11:00:10",8215300
17600,500,1000,"sd","11:00:05",8213300
17600,500,1000,"sd","10:59:34",8212300
17600,500,100,"sd","10:59:11",8211300
17700,600,1300,"bu","10:59:10",8211200
17600,500,2000,"sd","10:58:09",8209900
17700,600,900,"bu","10:58:04",8207900
17600,500,100,"sd","10:58:03",8207000
17600,500,1000,"sd","10:58:02",8206900
17600,500,400,"sd","10:58:01",8205900
17600,500,2000,"sd","10:57:34",8205500
17700,600,100,"bu","10:57:12",8203500
17700,600,4900,"bu","10:56:32",8203400
17700,600,100,"bu","10:56:21",8198500
17600,500,1000,"sd","10:56:02",8198400
17700,600,200,"bu","10:56:00",8197400
17700,600,100,"bu","10:54:58",8197200
17700,600,100,"bu","10:54:46",8197100
17600,500,500,"sd","10:54:21",8197000
17600,500,1000,"sd","10:54:17",8196500
17600,500,300,"sd","10:54:14",8195500
17600,500,100,"sd","10:53:46",8195200
17600,500,14500,"sd","10:53:36",8195100
17600,500,1500,"sd","10:53:17",8180600
17600,500,1000,"sd","10:53:12",8179100
17600,500,30000,"sd","10:52:56",8178100
17600,500,1000,"sd","10:52:45",8148100
17700,600,100,"bu","10:52:30",8147100
17600,500,300,"sd","10:52:29",8147000
17600,500,100,"sd","10:52:09",8146700
17700,600,100,"bu","10:51:39",8146600
17700,600,100,"bu","10:51:19",8146500
17700,600,800,"bu","10:51:02",8146400
17600,500,1000,"sd","10:50:47",8145600
17700,600,2300,"bu","10:50:39",8144600
17700,600,3000,"bu","10:50:25",8142300
17700,600,200,"bu","10:49:41",8139300
17700,600,500,"bu","10:49:40",8139100
17700,600,100,"bu","10:49:35",8138600
17700,600,200,"bu","10:49:15",8138500
17600,500,100,"sd","10:49:09",8138300
17700,600,100,"bu","10:49:07",8138200
17700,600,3500,"bu","10:48:42",8138100
17700,600,1000,"bu","10:48:04",8134600
17600,500,100,"sd","10:47:56",8133600
17700,600,10000,"bu","10:47:33",8133500
17700,600,1000,"bu","10:47:22",8123500
17700,600,500,"bu","10:47:19",8122500
17700,600,500,"bu","10:47:08",8122000
17600,500,100,"sd","10:47:06",8121500
17700,600,500,"bu","10:46:56",8121400
17700,600,16000,"bu","10:46:10",8120900
17700,600,100,"bu","10:46:09",8104900
17700,600,1000,"bu","10:46:08",8104800
17700,600,200,"bu","10:46:05",8103800
17700,600,10000,"bu","10:45:42",8103600
17700,600,300,"bu","10:45:37",8093600
17700,600,100,"bu","10:45:29",8093300
17600,500,1000,"sd","10:45:25",8093200
17700,600,2000,"bu","10:45:18",8092200
17700,600,5000,"bu","10:45:05",8090200
17700,600,200,"bu","10:45:04",8085200
17700,600,4400,"bu","10:44:53",8085000
17700,600,300,"bu","10:44:36",8080600
17600,500,300,"sd","10:43:47",8080300
17600,500,1000,"sd","10:43:35",8080000
17600,500,1000,"sd","10:43:08",8079000
17700,600,500,"bu","10:43:06",8078000
17600,500,100,"sd","10:42:35",8077500
17600,500,1000,"sd","10:42:29",8077400
17700,600,500,"bu","10:42:24",8076400
17700,600,3500,"bu","10:42:19",8075900
17600,500,3000,"sd","10:42:15",8072400
17600,500,100,"sd","10:42:11",8069400
17700,600,1000,"bu","10:42:10",8069300
17600,500,1000,"sd","10:42:05",8068300
17700,600,1000,"bu","10:42:01",8067300
17700,600,500,"bu","10:41:32",8066300
17700,600,1000,"bu","10:41:30",8065800
17600,500,500,"sd","10:41:24",8064800
17700,600,100,"bu","10:41:09",8064300
17700,600,100,"bu","10:40:58",8064200
17700,600,1000,"bu","10:40:50",8064100
17700,600,100,"bu","10:40:45",8063100
17700,600,200,"bu","10:40:37",8063000
17700,600,500,"bu","10:40:33",8062800
17700,600,200,"bu","10:40:29",8062300
17700,600,500,"bu","10:40:13",8062100
17700,600,4500,"bu","10:40:03",8061600
17700,600,1000,"bu","10:39:57",8057100
17700,600,100,"bu","10:39:51",8056100
17700,600,1000,"bu","10:39:23",8056000
17600,500,200,"sd","10:39:20",8055000
17700,600,100,"bu","10:39:19",8054800
17700,600,1600,"bu","10:39:08",8054700
17600,500,500,"sd","10:39:07",8053100
17600,500,3200,"sd","10:38:58",8052600
17700,600,500,"bu","10:38:48",8049400
17700,600,100,"bu","10:38:36",8048900
17600,500,100,"sd","10:38:26",8048800
17600,500,1000,"sd","10:37:52",8048700
17600,500,100,"sd","10:37:44",8047700
17600,500,1000,"sd","10:37:18",8047600
17600,500,200,"sd","10:37:17",8046600
17600,500,300,"sd","10:36:44",8046400
17600,500,100,"sd","10:36:43",8046100
17700,600,600,"bu","10:36:40",8046000
17600,500,100,"sd","10:36:33",8045400
17600,500,2500,"sd","10:36:02",8045300
17600,500,1700,"sd","10:35:54",8042800
17600,500,4000,"sd","10:35:49",8041100
17600,500,600,"sd","10:35:22",8037100
17600,500,1000,"sd","10:35:17",8036500
17600,500,9000,"sd","10:35:10",8035500
17700,600,900,"bu","10:34:57",8026500
17700,600,400,"bu","10:34:11",8025600
17700,600,300,"bu","10:33:47",8025200
17600,500,3000,"sd","10:33:40",8024900
17700,600,300,"bu","10:33:22",8021900
17700,600,2000,"bu","10:32:47",8021600
17600,500,700,"sd","10:32:27",8019600
17600,500,2100,"sd","10:32:06",8018900
17700,600,5000,"bu","10:31:59",8016800
17600,500,100,"sd","10:31:48",8011800
17600,500,15000,"sd","10:31:43",8011700
17600,500,700,"sd","10:31:35",7996700
17600,500,4000,"sd","10:31:25",7996000
17600,500,700,"sd","10:31:16",7992000
17700,600,14000,"bu","10:30:49",7991300
17600,500,4800,"sd","10:30:24",7977300
17600,500,100,"sd","10:30:17",7972500
17600,500,5000,"sd","10:30:14",7972400
17600,500,500,"sd","10:29:49",7967400
17600,500,500,"sd","10:29:48",7966900
17600,500,1000,"sd","10:29:40",7966400
17600,500,10000,"sd","10:29:22",7965400
17700,600,200,"bu","10:29:16",7955400
17600,500,100,"sd","10:29:13",7955200
17700,600,3000,"bu","10:29:09",7955100
17600,500,900,"sd","10:28:51",7952100
17700,600,100,"bu","10:27:50",7951200
17600,500,1000,"sd","10:27:40",7951100
17700,600,200,"bu","10:27:18",7950100
17600,500,100,"sd","10:27:16",7949900
17700,600,4600,"bu","10:26:38",7949800
17700,600,200,"bu","10:26:30",7945200
17700,600,600,"bu","10:26:09",7945000
17700,600,1000,"bu","10:26:00",7944400
17700,600,100,"bu","10:25:39",7943400
17700,600,2100,"bu","10:25:22",7943300
17700,600,2000,"bu","10:25:20",7941200
17700,600,25000,"bu","10:25:15",7939200
17600,500,1200,"sd","10:25:08",7914200
17700,600,2000,"bu","10:24:55",7913000
17700,600,2000,"bu","10:24:33",7911000
17700,600,400,"bu","10:24:17",7909000
17700,600,300,"bu","10:24:06",7908600
17700,600,500,"bu","10:24:05",7908300
17700,600,600,"bu","10:24:02",7907800
17700,600,2000,"bu","10:23:55",7907200
17700,600,4500,"bu","10:23:22",7905200
17700,600,100,"bu","10:23:20",7900700
17700,600,300,"bu","10:23:16",7900600
17700,600,200,"bu","10:22:58",7900300
17700,600,1000,"bu","10:22:50",7900100
17700,600,1500,"bu","10:22:46",7899100
17700,600,500,"bu","10:22:40",7897600
17700,600,500,"bu","10:22:32",7897100
17700,600,500,"bu","10:22:24",7896600
17700,600,100,"bu","10:22:09",7896100
17700,600,3000,"bu","10:22:07",7896000
17700,600,1000,"bu","10:21:59",7893000
17700,600,1000,"bu","10:21:54",7892000
17700,600,500,"bu","10:21:51",7891000
17700,600,900,"bu","10:21:44",7890500
17600,500,200,"sd","10:21:36",7889600
17600,500,1000,"sd","10:21:35",7889400
17700,600,2000,"bu","10:21:34",7888400
17600,500,100,"sd","10:21:33",7886400
17600,500,1000,"sd","10:21:24",7886300
17600,500,300,"sd","10:21:09",7885300
17600,500,1300,"sd","10:20:52",7885000
17600,500,700,"sd","10:20:26",7883700
17700,600,500,"bu","10:20:17",7883000
17600,500,100,"sd","10:20:06",7882500
17600,500,100,"sd","10:19:39",7882400
17600,500,50000,"sd","10:19:35",7882300
17700,600,500,"bu","10:19:33",7832300
17600,500,10000,"sd","10:19:27",7831800
17700,600,100,"bu","10:19:16",7821800
17700,600,900,"bu","10:19:03",7821700
17700,600,100000,"bu","10:18:54",7820800
17600,500,100,"sd","10:18:49",7720800
17700,600,5000,"bu","10:18:37",7720700
17600,500,1000,"sd","10:18:27",7715700
17600,500,2000,"sd","10:18:19",7714700
17700,600,100,"bu","10:17:59",7712700
17700,600,300,"bu","10:17:22",7712600
17700,600,500,"bu","10:17:20",7712300
17600,500,1000,"sd","10:17:08",7711800
17700,600,1000,"bu","10:17:07",7710800
17600,500,30000,"sd","10:17:00",7709800
17700,600,1100,"bu","10:16:27",7679800
17600,500,600,"sd","10:16:24",7678700
17700,600,100,"bu","10:16:22",7678100
17700,600,400,"bu","10:16:04",7678000
17700,600,1000,"bu","10:16:01",7677600
17700,600,2000,"bu","10:15:55",7676600
17700,600,1000,"bu","10:15:46",7674600
17700,600,600,"bu","10:15:45",7673600
17700,600,1000,"bu","10:15:41",7673000
17700,600,100,"bu","10:15:40",7672000
17700,600,1000,"bu","10:15:37",7671900
17700,600,5000,"bu","10:15:33",7670900
17700,600,2000,"bu","10:15:22",7665900
17700,600,1000,"bu","10:15:12",7663900
17700,600,500,"bu","10:15:06",7662900
17700,600,5000,"bu","10:14:59",7662400
17700,600,2000,"bu","10:14:55",7657400
17700,600,1400,"bu","10:14:40",7655400
17700,600,1000,"bu","10:14:31",7654000
17700,600,1000,"bu","10:14:25",7653000
17700,600,11500,"bu","10:14:22",7652000
17700,600,1100,"sd","10:14:21",7640500
17700,600,1000,"sd","10:14:20",7639400
17700,600,3400,"sd","10:14:19",7638400
17700,600,5300,"sd","10:14:18",7635000
17700,600,200,"sd","10:14:17",7629700
17700,600,200,"sd","10:14:16",7629500
17700,600,1000,"sd","10:14:15",7629300
17700,600,5600,"sd","10:14:14",7628300
17700,600,12400,"sd","10:14:13",7622700
17700,600,2000,"sd","10:14:12",7610300
17700,600,13000,"sd","10:14:11",7608300
17700,600,13500,"sd","10:14:10",7595300
17700,600,2000,"sd","10:14:08",7581800
17700,600,10200,"sd","10:14:07",7579800
17700,600,1000,"sd","10:14:06",7569600
17700,600,10000,"sd","10:14:05",7568600
17700,600,39000,"sd","10:14:03",7558600
17700,600,5100,"sd","10:14:02",7519600
17700,600,4300,"sd","10:14:01",7514500
17700,600,1000,"sd","10:14:00",7510200
17700,600,10000,"sd","10:13:59",7509200
17700,600,25200,"sd","10:13:58",7499200
17700,600,8000,"sd","10:13:57",7474000
17700,600,7000,"sd","10:13:56",7466000
17700,600,2000,"sd","10:13:55",7459000
17700,600,10500,"sd","10:13:54",7457000
17700,600,22200,"sd","10:13:53",7446500
17700,600,26000,"sd","10:13:52",7424300
17700,600,1000,"sd","10:13:51",7398300
17700,600,11000,"sd","10:13:50",7397300
17700,600,3000,"sd","10:13:49",7386300
17700,600,50500,"sd","10:13:47",7383300
17700,600,25000,"sd","10:13:46",7332800
17700,600,300,"sd","10:13:45",7307800
17700,600,9000,"sd","10:13:44",7307500
17700,600,700,"sd","10:13:43",7298500
17700,600,74000,"sd","10:13:42",7297800
17700,600,10000,"sd","10:13:41",7223800
17700,600,30000,"sd","10:13:39",7213800
17700,600,1000,"sd","10:13:38",7183800
17700,600,1000,"sd","10:13:37",7182800
17700,600,1500,"sd","10:13:35",7181800
17700,600,2000,"sd","10:13:33",7180300
17800,700,100,"bu","10:13:32",7178300
17700,600,500,"sd","10:13:31",7178200
17700,600,1100,"sd","10:13:30",7177700
17700,600,100000,"sd","10:13:29",7176600
17700,600,20000,"sd","10:13:28",7076600
17700,600,3000,"sd","10:13:27",7056600
17700,600,3700,"sd","10:13:24",7053600
17700,600,5600,"sd","10:13:21",7049900
17700,600,101300,"sd","10:13:18",7044300
17700,600,1500,"sd","10:13:16",6943000
17700,600,10000,"sd","10:13:12",6941500
17800,700,5000,"bu","10:13:11",6931500
17700,600,200,"sd","10:13:06",6926500
17800,700,6100,"bu","10:13:01",6926300
17700,600,100,"sd","10:12:47",6920200
17700,600,100,"sd","10:12:43",6920100
17800,700,500,"bu","10:12:41",6920000
17800,700,500,"bu","10:12:27",6919500
17800,700,1000,"bu","10:12:13",6919000
17700,600,5100,"sd","10:12:04",6918000
17700,600,3000,"sd","10:11:58",6912900
17800,700,6700,"bu","10:11:44",6909900
17700,600,5900,"sd","10:11:43",6903200
17700,600,500,"sd","10:11:41",6897300
17700,600,10000,"sd","10:11:35",6896800
17800,700,500,"bu","10:11:28",6886800
17700,600,100,"sd","10:11:26",6886300
17800,700,100,"bu","10:11:20",6886200
17800,700,400,"bu","10:11:04",6886100
17700,600,600,"sd","10:10:45",6885700
17700,600,16000,"sd","10:10:41",6885100
17700,600,2000,"sd","10:10:35",6869100
17700,600,100,"sd","10:10:29",6867100
17700,600,200,"sd","10:10:22",6867000
17800,700,300,"bu","10:10:20",6866800
17800,700,400,"bu","10:10:19",6866500
17800,700,1000,"bu","10:10:10",6866100
17700,600,4900,"sd","10:10:03",6865100
17700,600,500,"sd","10:09:54",6860200
17800,700,9000,"bu","10:09:50",6859700
17800,700,500,"bu","10:09:37",6850700
17700,600,2000,"sd","10:09:35",6850200
17800,700,1700,"bu","10:09:15",6848200
17800,700,400,"bu","10:09:05",6846500
17700,600,1000,"sd","10:08:56",6846100
17800,700,900,"bu","10:08:38",6845100
17800,700,100,"bu","10:08:35",6844200
17700,600,500,"sd","10:08:20",6844100
17800,700,1000,"bu","10:08:06",6843600
17800,700,400,"bu","10:07:59",6842600
17800,700,200,"bu","10:07:53",6842200
17800,700,1200,"bu","10:07:52",6842000
17800,700,1000,"bu","10:07:47",6840800
17800,700,1000,"bu","10:07:38",6839800
17800,700,200,"bu","10:07:31",6838800
17700,600,10000,"sd","10:07:26",6838600
17800,700,1000,"bu","10:07:21",6828600
17800,700,500,"bu","10:07:02",6827600
17800,700,100,"bu","10:06:50",6827100
17700,600,400,"sd","10:06:46",6827000
17800,700,2800,"bu","10:06:43",6826600
17800,700,100,"bu","10:06:37",6823800
17800,700,400,"bu","10:06:27",6823700
17800,700,500,"bu","10:06:12",6823300
17800,700,6200,"bu","10:06:03",6822800
17800,700,100,"bu","10:05:58",6816600
17800,700,2000,"bu","10:05:43",6816500
17800,700,1000,"bu","10:05:38",6814500
17800,700,600,"bu","10:05:32",6813500
17800,700,8000,"bu","10:05:25",6812900
17700,600,100,"sd","10:05:22",6804900
17800,700,3300,"bu","10:05:11",6804800
17800,700,2800,"bu","10:05:01",6801500
17800,700,200,"bu","10:04:49",6798700
17800,700,400,"bu","10:04:48",6798500
17800,700,1000,"bu","10:04:45",6798100
17800,700,1000,"bu","10:04:41",6797100
17800,700,100,"bu","10:04:21",6796100
17800,700,2500,"bu","10:04:13",6796000
17700,600,5000,"sd","10:04:11",6793500
17800,700,4500,"bu","10:04:02",6788500
17800,700,1500,"bu","10:03:59",6784000
17700,600,200,"sd","10:03:58",6782500
17700,600,500,"sd","10:03:43",6782300
17800,700,100,"bu","10:03:41",6781800
17700,600,2000,"sd","10:03:40",6781700
17700,600,200,"sd","10:03:35",6779700
17700,600,200,"sd","10:03:25",6779500
17700,600,1000,"sd","10:03:16",6779300
17700,600,100,"sd","10:03:10",6778300
17700,600,1000,"sd","10:02:59",6778200
17700,600,1000,"sd","10:02:51",6777200
17700,600,1000,"sd","10:02:39",6776200
17700,600,1000,"sd","10:02:37",6775200
17700,600,3000,"sd","10:02:27",6774200
17700,600,100,"sd","10:02:06",6771200
17700,600,100,"sd","10:02:03",6771100
17700,600,100,"sd","10:01:50",6771000
17800,700,200,"bu","10:01:46",6770900
17800,700,100,"bu","10:01:35",6770700
17800,700,100,"bu","10:01:26",6770600
17800,700,3400,"bu","10:01:25",6770500
17800,700,10000,"bu","10:01:07",6767100
17800,700,1300,"bu","10:00:55",6757100
17800,700,1500,"bu","10:00:49",6755800
17800,700,200,"bu","10:00:47",6754300
17800,700,300,"bu","10:00:40",6754100
17800,700,1000,"bu","10:00:34",6753800
17800,700,9600,"bu","10:00:32",6752800
17800,700,5000,"bu","10:00:28",6743200
17800,700,400,"bu","10:00:26",6738200
17800,700,900,"bu","10:00:22",6737800
17800,700,100,"bu","10:00:21",6736900
17800,700,300,"bu","10:00:19",6736800
17800,700,300,"bu","10:00:10",6736500
17800,700,100,"bu","10:00:06",6736200
17800,700,600,"bu","10:00:03",6736100
17800,700,100,"bu","09:59:58",6735500
17800,700,1000,"bu","09:59:56",6735400
17800,700,1000,"bu","09:59:51",6734400
17800,700,1000,"bu","09:59:47",6733400
17800,700,18000,"bu","09:59:40",6732400
17800,700,1000,"bu","09:59:35",6714400
17800,700,5000,"bu","09:59:29",6713400
17700,600,1000,"sd","09:59:28",6708400
17700,600,100,"sd","09:59:23",6707400
17800,700,1000,"bu","09:59:15",6707300
17700,600,500,"sd","09:59:09",6706300
17800,700,300,"bu","09:59:08",6705800
17800,700,3000,"bu","09:59:06",6705500
17700,600,800,"sd","09:59:05",6702500
17800,700,200,"bu","09:58:58",6701700
17800,700,1000,"bu","09:58:54",6701500
17800,700,1000,"bu","09:58:50",6700500
17800,700,100,"bu","09:58:44",6699500
17800,700,100,"bu","09:58:34",6699400
17700,600,100,"sd","09:58:31",6699300
17700,600,100,"sd","09:58:23",6699200
17800,700,15200,"bu","09:58:16",6699100
17800,700,2700,"bu","09:58:10",6683900
17700,600,1500,"sd","09:58:04",6681200
17800,700,200,"bu","09:58:01",6679700
17800,700,10000,"bu","09:57:54",6679500
17800,700,1500,"bu","09:57:51",6669500
17800,700,5000,"bu","09:57:43",6668000
17800,700,100,"bu","09:57:41",6663000
17800,700,2500,"bu","09:57:39",6662900
17800,700,6000,"bu","09:57:38",6660400
17800,700,10000,"bu","09:57:33",6654400
17800,700,1000,"bu","09:57:19",6644400
17800,700,50000,"bu","09:57:14",6643400
17800,700,2900,"bu","09:57:13",6593400
17800,700,6000,"bu","09:57:11",6590500
17800,700,800,"bu","09:57:05",6584500
17700,600,600,"sd","09:57:01",6583700
17800,700,1900,"bu","09:56:59",6583100
17800,700,1000,"bu","09:56:52",6581200
17700,600,100,"sd","09:56:51",6580200
17700,600,100,"sd","09:56:50",6580100
17800,700,100,"bu","09:56:39",6580000
17800,700,500,"bu","09:56:38",6579900
17700,600,100,"sd","09:56:35",6579400
17700,600,2000,"sd","09:56:31",6579300
17800,700,1500,"bu","09:56:23",6577300
17800,700,3600,"bu","09:56:13",6575800
17800,700,2400,"bu","09:56:02",6572200
17700,600,500,"sd","09:55:53",6569800
17800,700,30000,"bu","09:55:46",6569300
17700,600,1300,"sd","09:55:42",6539300
17800,700,200,"bu","09:55:40",6538000
17700,600,3700,"sd","09:55:32",6537800
17800,700,300,"bu","09:55:31",6534100
17800,700,2000,"bu","09:55:28",6533800
17800,700,1700,"bu","09:55:21",6531800
17800,700,8000,"bu","09:55:18",6530100
17800,700,200,"bu","09:55:06",6522100
17800,700,3000,"bu","09:54:54",6521900
17800,700,300,"bu","09:54:50",6518900
17800,700,15000,"bu","09:54:45",6518600
17800,700,500,"bu","09:54:42",6503600
17800,700,2300,"bu","09:54:24",6503100
17700,600,4100,"sd","09:54:22",6500800
17700,600,5000,"sd","09:54:15",6496700
17700,600,100,"sd","09:53:59",6491700
17800,700,3500,"bu","09:53:55",6491600
17700,600,500,"sd","09:53:53",6488100
17800,700,500,"bu","09:53:52",6487600
17700,600,8100,"sd","09:53:46",6487100
17700,600,1000,"sd","09:53:45",6479000
17700,600,16500,"sd","09:53:27",6478000
17800,700,1300,"bu","09:53:26",6461500
17800,700,500,"bu","09:53:25",6460200
17800,700,500,"bu","09:53:22",6459700
17800,700,100,"bu","09:53:20",6459200
17800,700,5000,"bu","09:53:12",6459100
17800,700,1000,"bu","09:53:08",6454100
17800,700,1500,"bu","09:53:00",6453100
17700,600,100,"sd","09:52:43",6451600
17700,600,700,"sd","09:52:30",6451500
17700,600,1000,"sd","09:52:17",6450800
17800,700,500,"bu","09:52:15",6449800
17800,700,200,"bu","09:52:10",6449300
17800,700,200,"bu","09:51:58",6449100
17800,700,5000,"bu","09:51:44",6448900
17800,700,2200,"bu","09:51:35",6443900
17700,600,400,"sd","09:51:31",6441700
17800,700,1000,"bu","09:51:18",6441300
17800,700,100,"bu","09:51:12",6440300
17700,600,400,"sd","09:51:09",6440200
17700,600,1000,"sd","09:51:05",6439800
17700,600,500,"sd","09:50:55",6438800
17700,600,3000,"sd","09:50:54",6438300
17700,600,200,"sd","09:50:52",6435300
17700,600,100,"sd","09:50:48",6435100
17700,600,200,"sd","09:50:41",6435000
17700,600,200,"sd","09:50:36",6434800
17700,600,1700,"sd","09:50:34",6434600
17700,600,500,"sd","09:50:32",6432900
17700,600,500,"sd","09:50:30",6432400
17800,700,300,"bu","09:50:26",6431900
17700,600,100,"sd","09:50:24",6431600
17700,600,100,"sd","09:50:18",6431500
17800,700,100,"bu","09:50:01",6431400
17700,600,1200,"sd","09:49:56",6431300
17700,600,100,"sd","09:49:42",6430100
17700,600,2000,"sd","09:49:41",6430000
17700,600,2400,"sd","09:49:35",6428000
17700,600,600,"sd","09:49:34",6425600
17700,600,10000,"sd","09:49:26",6425000
17800,700,6000,"bu","09:49:18",6415000
17800,700,600,"bu","09:49:12",6409000
17800,700,10000,"bu","09:49:06",6408400
17800,700,200,"bu","09:48:59",6398400
17800,700,5000,"bu","09:48:58",6398200
17800,700,3000,"bu","09:48:56",6393200
17800,700,500,"bu","09:48:51",6390200
17700,600,100,"sd","09:48:49",6389700
17800,700,5000,"bu","09:48:48",6389600
17800,700,500,"bu","09:48:40",6384600
17800,700,100,"bu","09:48:39",6384100
17800,700,1000,"bu","09:48:38",6384000
17800,700,5000,"bu","09:48:37",6383000
17800,700,600,"bu","09:48:36",6378000
17800,700,500,"bu","09:48:31",6377400
17800,700,5000,"bu","09:48:25",6376900
17800,700,19300,"bu","09:48:14",6371900
17800,700,2500,"bu","09:48:07",6352600
17800,700,1000,"bu","09:48:05",6350100
17800,700,100,"bu","09:48:04",6349100
17700,600,300,"sd","09:47:57",6349000
17800,700,2000,"bu","09:47:52",6348700
17800,700,5000,"bu","09:47:41",6346700
17700,600,100,"sd","09:47:26",6341700
17700,600,500,"sd","09:47:11",6341600
17700,600,5000,"sd","09:47:09",6341100
17800,700,1500,"bu","09:47:07",6336100
17700,600,1000,"sd","09:46:58",6334600
17700,600,500,"sd","09:46:55",6333600
17700,600,100,"sd","09:46:49",6333100
17700,600,100,"sd","09:46:44",6333000
17700,600,1500,"sd","09:46:41",6332900
17700,600,2800,"sd","09:46:35",6331400
17700,600,3000,"sd","09:46:33",6328600
17800,700,100,"bu","09:46:30",6325600
17800,700,100,"bu","09:46:25",6325500
17700,600,5000,"sd","09:46:03",6325400
17700,600,100,"sd","09:45:52",6320400
17700,600,700,"sd","09:45:34",6320300
17800,700,20000,"bu","09:45:32",6319600
17700,600,900,"sd","09:45:22",6299600
17800,700,1200,"bu","09:45:20",6298700
17700,600,1600,"sd","09:45:16",6297500
17800,700,1000,"bu","09:45:06",6295900
17800,700,200,"bu","09:45:03",6294900
17800,700,10000,"bu","09:45:02",6294700
17700,600,90500,"sd","09:45:01",6284700
17800,700,400,"bu","09:44:51",6194200
17800,700,30000,"bu","09:44:47",6193800
17800,700,100,"bu","09:44:29",6163800
17700,600,1000,"sd","09:44:23",6163700
17800,700,500,"bu","09:44:08",6162700
17700,600,600,"sd","09:44:01",6162200
17800,700,6500,"bu","09:43:44",6161600
17700,600,5000,"sd","09:43:34",6155100
17700,600,5000,"sd","09:43:25",6150100
17700,600,2000,"sd","09:43:15",6145100
17800,700,300,"bu","09:43:12",6143100
17800,700,100,"bu","09:43:01",6142800
17800,700,500,"bu","09:42:57",6142700
17700,600,1100,"sd","09:42:56",6142200
17800,700,5000,"bu","09:42:51",6141100
17800,700,200,"bu","09:42:44",6136100
17800,700,300,"bu","09:42:30",6135900
17800,700,200,"bu","09:42:26",6135600
17800,700,3000,"bu","09:42:20",6135400
17800,700,100,"bu","09:42:17",6132400
17800,700,10000,"bu","09:42:16",6132300
17700,600,300,"sd","09:42:08",6122300
17700,600,1000,"sd","09:42:04",6122000
17700,600,1100,"sd","09:41:59",6121000
17700,600,1000,"sd","09:41:52",6119900
17800,700,1000,"bu","09:41:36",6118900
17800,700,1000,"bu","09:41:33",6117900
17700,600,500,"sd","09:41:23",6116900
17800,700,100,"bu","09:41:22",6116400
17800,700,700,"bu","09:41:19",6116300
17700,600,5000,"sd","09:41:17",6115600
17800,700,500,"bu","09:41:15",6110600
17700,600,2500,"sd","09:40:55",6110100
17800,700,10000,"bu","09:40:54",6107600
17800,700,5000,"bu","09:40:35",6097600
17800,700,8500,"bu","09:40:24",6092600
17800,700,3000,"bu","09:40:20",6084100
17800,700,100,"bu","09:40:13",6081100
17800,700,1500,"bu","09:40:03",6081000
17800,700,400,"bu","09:40:01",6079500
17800,700,2500,"bu","09:39:57",6079100
17800,700,500,"bu","09:39:46",6076600
17800,700,2800,"bu","09:39:44",6076100
17800,700,500,"bu","09:39:36",6073300
17800,700,5000,"bu","09:39:27",6072800
17700,600,500,"sd","09:39:25",6067800
17800,700,31000,"bu","09:39:21",6067300
17700,600,100,"sd","09:39:13",6036300
17800,700,10000,"bu","09:39:06",6036200
17700,600,900,"sd","09:39:04",6026200
17700,600,200,"sd","09:39:03",6025300
17700,600,400,"sd","09:38:59",6025100
17700,600,200,"sd","09:38:56",6024700
17700,600,1100,"sd","09:38:48",6024500
17700,600,100,"sd","09:38:33",6023400
17700,600,1400,"sd","09:38:32",6023300
17700,600,100,"sd","09:38:31",6021900
17700,600,100,"sd","09:38:13",6021800
17700,600,100,"sd","09:38:03",6021700
17700,600,900,"sd","09:37:54",6021600
17700,600,500,"sd","09:37:53",6020700
17700,600,2000,"sd","09:37:52",6020200
17700,600,200,"sd","09:37:43",6018200
17700,600,15400,"sd","09:37:39",6018000
17700,600,1500,"bu","09:37:37",6002600
17700,600,3900,"bu","09:37:36",6001100
17700,600,700,"bu","09:37:35",5997200
17700,600,1000,"bu","09:37:34",5996500
17700,600,2000,"bu","09:37:33",5995500
17700,600,20600,"bu","09:37:32",5993500
17700,600,3000,"bu","09:37:30",5972900
17700,600,2300,"bu","09:37:29",5969900
17700,600,100,"bu","09:37:28",5967600
17700,600,6000,"bu","09:37:27",5967500
17700,600,5000,"bu","09:37:26",5961500
17700,600,1000,"bu","09:37:25",5956500
17700,600,2200,"bu","09:37:24",5955500
17700,600,5000,"bu","09:37:23",5953300
17700,600,300,"bu","09:37:22",5948300
17700,600,5200,"bu","09:37:21",5948000
17700,600,8800,"bu","09:37:19",5942800
17700,600,10400,"bu","09:37:18",5934000
17700,600,8100,"bu","09:37:17",5923600
17600,500,35400,"sd","09:37:16",5915500
17700,600,5100,"bu","09:37:14",5880100
17700,600,20000,"bu","09:37:13",5875000
17700,600,41000,"bu","09:37:12",5855000
17700,600,300,"bu","09:37:10",5814000
17700,600,1100,"bu","09:37:09",5813700
17700,600,100,"bu","09:37:08",5812600
17700,600,500,"bu","09:37:07",5812500
17700,600,5000,"bu","09:37:03",5812000
17700,600,10000,"bu","09:37:01",5807000
17700,600,10000,"bu","09:37:00",5797000
17700,600,4600,"bu","09:36:58",5787000
17700,600,2900,"bu","09:36:57",5782400
17700,600,20000,"bu","09:36:56",5779500
17700,600,400,"bu","09:36:53",5759500
17700,600,150100,"bu","09:36:52",5759100
17700,600,8000,"bu","09:36:49",5609000
17700,600,1000,"bu","09:36:45",5601000
17700,600,300,"bu","09:36:38",5600000
17700,600,14800,"bu","09:36:36",5599700
17700,600,300,"bu","09:36:32",5584900
17700,600,13000,"bu","09:36:29",5584600
17700,600,100,"bu","09:36:28",5571600
17700,600,4000,"bu","09:36:25",5571500
17700,600,100,"bu","09:36:22",5567500
17700,600,100,"bu","09:36:13",5567400
17700,600,100,"bu","09:36:09",5567300
17700,600,150000,"bu","09:36:07",5567200
17700,600,500,"bu","09:36:06",5417200
17700,600,2200,"bu","09:36:05",5416700
17700,600,200,"bu","09:35:55",5414500
17700,600,2200,"bu","09:35:54",5414300
17700,600,100,"bu","09:35:49",5412100
17700,600,5100,"bu","09:35:42",5412000
17700,600,300,"bu","09:35:41",5406900
17700,600,300,"bu","09:35:40",5406600
17700,600,700,"bu","09:35:34",5406300
17700,600,2000,"bu","09:35:30",5405600
17600,500,3000,"sd","09:35:26",5403600
17700,600,300,"bu","09:35:21",5400600
17700,600,3300,"bu","09:35:11",5400300
17600,500,1100,"sd","09:35:09",5397000
17700,600,5000,"bu","09:35:08",5395900
17600,500,2000,"sd","09:34:55",5390900
17700,600,100,"bu","09:34:52",5388900
17600,500,3000,"sd","09:34:51",5388800
17600,500,100,"sd","09:34:50",5385800
17600,500,300,"sd","09:34:44",5385700
17600,500,20900,"sd","09:34:36",5385400
17700,600,300,"bu","09:34:34",5364500
17700,600,8000,"bu","09:34:31",5364200
17700,600,500,"bu","09:34:30",5356200
17600,500,100,"sd","09:34:22",5355700
17600,500,500,"sd","09:34:20",5355600
17600,500,200,"sd","09:34:13",5355100
17700,600,1000,"bu","09:34:12",5354900
17700,600,1000,"bu","09:34:10",5353900
17700,600,1000,"bu","09:33:47",5352900
17600,500,1000,"sd","09:33:31",5351900
17700,600,500,"bu","09:33:27",5350900
17600,500,200,"sd","09:33:20",5350400
17600,500,500,"sd","09:33:19",5350200
17700,600,200,"bu","09:33:11",5349700
17700,600,500,"bu","09:32:58",5349500
17700,600,400,"bu","09:32:57",5349000
17700,600,5000,"bu","09:32:56",5348600
17700,600,1000,"bu","09:32:51",5343600
17700,600,500,"bu","09:32:45",5342600
17700,600,500,"bu","09:32:40",5342100
17700,600,1000,"bu","09:32:37",5341600
17700,600,4600,"bu","09:32:34",5340600
17700,600,200,"bu","09:32:24",5336000
17600,500,1000,"sd","09:32:22",5335800
17700,600,1000,"bu","09:32:02",5334800
17700,600,1000,"bu","09:31:43",5333800
17700,600,1500,"bu","09:31:36",5332800
17700,600,500,"bu","09:31:30",5331300
17700,600,3500,"bu","09:31:24",5330800
17700,600,1100,"bu","09:31:23",5327300
17600,500,3000,"sd","09:31:06",5326200
17700,600,2000,"bu","09:31:05",5323200
17700,600,1800,"bu","09:30:59",5321200
17700,600,400,"bu","09:30:57",5319400
17600,500,100,"sd","09:30:47",5319000
17600,500,300,"sd","09:30:42",5318900
17600,500,500,"sd","09:30:31",5318600
17600,500,100,"sd","09:30:23",5318100
17700,600,100,"bu","09:30:18",5318000
17600,500,3000,"sd","09:30:05",5317900
17600,500,3000,"sd","09:30:02",5314900
17600,500,14000,"sd","09:29:50",5311900
17600,500,3000,"sd","09:29:48",5297900
17700,600,100,"bu","09:29:41",5294900
17600,500,1000,"sd","09:29:35",5294800
17600,500,100,"sd","09:29:34",5293800
17700,600,300,"bu","09:29:32",5293700
17700,600,1000,"bu","09:29:31",5293400
17600,500,1600,"sd","09:29:29",5292400
17600,500,3000,"sd","09:29:21",5290800
17600,500,500,"sd","09:29:20",5287800
17700,600,500,"bu","09:29:19",5287300
17600,500,2200,"sd","09:29:15",5286800
17600,500,500,"sd","09:29:14",5284600
17700,600,300,"bu","09:29:13",5284100
17600,500,1400,"sd","09:29:04",5283800
17600,500,1500,"sd","09:29:03",5282400
17600,500,1200,"sd","09:29:01",5280900
17600,500,1000,"sd","09:28:55",5279700
17600,500,2000,"sd","09:28:53",5278700
17600,500,4000,"sd","09:28:42",5276700
17600,500,1000,"sd","09:28:37",5272700
17600,500,7000,"sd","09:28:35",5271700
17700,600,500,"bu","09:28:25",5264700
17600,500,8700,"sd","09:28:21",5264200
17600,500,2800,"sd","09:28:20",5255500
17700,600,200,"bu","09:28:19",5252700
17700,600,1000,"bu","09:28:14",5252500
17700,600,100,"bu","09:28:13",5251500
17700,600,3500,"bu","09:28:11",5251400
17700,600,100,"bu","09:28:09",5247900
17700,600,100,"bu","09:27:57",5247800
17700,600,200,"bu","09:27:54",5247700
17700,600,200,"bu","09:27:46",5247500
17700,600,1600,"bu","09:27:45",5247300
17700,600,400,"bu","09:27:42",5245700
17700,600,200,"bu","09:27:37",5245300
17700,600,300,"bu","09:27:31",5245100
17700,600,2800,"bu","09:27:29",5244800
17700,600,500,"bu","09:27:27",5242000
17700,600,5000,"bu","09:27:26",5241500
17700,600,500,"bu","09:27:21",5236500
17700,600,100,"bu","09:27:16",5236000
17600,500,1000,"sd","09:27:15",5235900
17700,600,5900,"bu","09:27:01",5234900
17600,500,2000,"sd","09:27:00",5229000
17700,600,100,"bu","09:26:54",5227000
17700,600,9000,"bu","09:26:40",5226900
17600,500,100,"sd","09:26:36",5217900
17700,600,500,"bu","09:26:31",5217800
17700,600,200,"bu","09:26:12",5217300
17700,600,1000,"bu","09:26:07",5217100
17700,600,500,"bu","09:26:04",5216100
17600,500,1500,"sd","09:26:03",5215600
17600,500,100,"sd","09:25:58",5214100
17700,600,1000,"bu","09:25:43",5214000
17600,500,400,"sd","09:25:42",5213000
17700,600,10500,"bu","09:25:38",5212600
17600,500,300,"sd","09:25:36",5202100
17700,600,900,"bu","09:25:35",5201800
17700,600,18700,"bu","09:25:33",5200900
17600,500,53400,"sd","09:25:25",5182200
17700,600,500,"bu","09:25:24",5128800
17700,600,200,"bu","09:25:23",5128300
17700,600,200,"bu","09:25:20",5128100
17700,600,1900,"bu","09:25:18",5127900
17700,600,800,"bu","09:25:16",5126000
17700,600,5200,"sd","09:25:15",5125200
17700,600,500,"bu","09:25:14",5120000
17700,600,10000,"sd","09:25:12",5119500
17700,600,100,"bu","09:25:11",5109500
17700,600,700,"bu","09:25:10",5109400
17700,600,2000,"bu","09:25:09",5108700
17700,600,100,"bu","09:25:08",5106700
17700,600,13900,"bu","09:25:06",5106600
17700,600,1200,"sd","09:25:05",5092700
17700,600,100,"sd","09:25:03",5091500
17700,600,3100,"sd","09:25:01",5091400
17700,600,100,"sd","09:25:00",5088300
17700,600,300,"sd","09:24:59",5088200
17700,600,100,"sd","09:24:56",5087900
17700,600,2000,"sd","09:24:52",5087800
17700,600,100,"sd","09:24:51",5085800
17700,600,1100,"sd","09:24:48",5085700
17700,600,1000,"sd","09:24:46",5084600
17700,600,1200,"sd","09:24:45",5083600
17700,600,13100,"sd","09:24:44",5082400
17700,600,16300,"bu","09:24:35",5069300
17700,600,2000,"bu","09:24:34",5053000
17700,600,8200,"bu","09:24:33",5051000
17700,600,2500,"bu","09:24:30",5042800
17700,600,20000,"bu","09:24:25",5040300
17700,600,1000,"bu","09:24:22",5020300
17700,600,1000,"bu","09:24:19",5019300
17700,600,500,"bu","09:24:18",5018300
17700,600,1500,"bu","09:24:15",5017800
17700,600,5500,"bu","09:24:11",5016300
17700,600,900,"bu","09:24:10",5010800
17700,600,500,"bu","09:24:09",5009900
17700,600,2000,"bu","09:24:07",5009400
17700,600,8000,"bu","09:24:03",5007400
17700,600,600,"sd","09:24:02",4999400
17700,600,10000,"sd","09:24:00",4998800
17700,600,10000,"sd","09:23:59",4988800
17700,600,8000,"sd","09:23:58",4978800
17700,600,1700,"sd","09:23:56",4970800
17700,600,8000,"sd","09:23:55",4969100
17700,600,41200,"sd","09:23:51",4961100
17600,500,1100,"sd","09:23:49",4919900
17700,600,3500,"bu","09:23:47",4918800
17700,600,700,"bu","09:23:44",4915300
17700,600,5000,"bu","09:23:39",4914600
17700,600,16500,"bu","09:23:38",4909600
17700,600,18000,"bu","09:23:28",4893100
17700,600,100,"bu","09:23:25",4875100
17700,600,500,"bu","09:23:21",4875000
17700,600,500,"bu","09:23:15",4874500
17700,600,100,"bu","09:23:12",4874000
17700,600,200,"bu","09:23:11",4873900
17700,600,1100,"bu","09:23:09",4873700
17700,600,20000,"bu","09:23:08",4872600
17700,600,1000,"bu","09:23:04",4852600
17700,600,2100,"bu","09:23:02",4851600
17700,600,200,"bu","09:22:59",4849500
17700,600,1000,"bu","09:22:58",4849300
17700,600,2000,"bu","09:22:52",4848300
17700,600,3200,"bu","09:22:49",4846300
17700,600,400,"bu","09:22:40",4843100
17700,600,2000,"bu","09:22:39",4842700
17700,600,500,"bu","09:22:37",4840700
17700,600,1000,"bu","09:22:36",4840200
17700,600,6000,"bu","09:22:35",4839200
17700,600,3000,"bu","09:22:34",4833200
17700,600,10000,"bu","09:22:32",4830200
17700,600,2000,"bu","09:22:31",4820200
17700,600,200,"bu","09:22:29",4818200
17700,600,1000,"bu","09:22:28",4818000
17700,600,6000,"bu","09:22:27",4817000
17600,500,100,"sd","09:22:25",4811000
17700,600,2000,"bu","09:22:24",4810900
17600,500,9400,"sd","09:22:19",4808900
17700,600,50000,"bu","09:22:16",4799500
17700,600,2000,"bu","09:22:11",4749500
17600,500,500,"sd","09:22:08",4747500
17600,500,2000,"sd","09:22:07",4747000
17700,600,2000,"bu","09:22:06",4745000
17700,600,1600,"bu","09:22:03",4743000
17700,600,300,"bu","09:22:02",4741400
17700,600,50000,"bu","09:21:57",4741100
17700,600,300,"bu","09:21:45",4691100
17600,500,1000,"sd","09:21:44",4690800
17700,600,5300,"bu","09:21:35",4689800
17600,500,1500,"sd","09:21:31",4684500
17700,600,900,"bu","09:21:30",4683000
17700,600,2100,"bu","09:21:28",4682100
17700,600,8600,"bu","09:21:27",4680000
17700,600,3600,"bu","09:21:26",4671400
17700,600,1000,"bu","09:21:25",4667800
17700,600,1200,"bu","09:21:23",4666800
17700,600,500,"bu","09:21:22",4665600
17700,600,2000,"bu","09:21:17",4665100
17700,600,2400,"bu","09:21:16",4663100
17700,600,1000,"bu","09:21:15",4660700
17700,600,200,"bu","09:21:07",4659700
17700,600,2000,"bu","09:21:02",4659500
17700,600,3000,"bu","09:21:00",4657500
17700,600,900,"bu","09:20:54",4654500
17700,600,500,"bu","09:20:51",4653600
17700,600,100,"bu","09:20:49",4653100
17600,500,1000,"sd","09:20:48",4653000
17700,600,100,"bu","09:20:47",4652000
17700,600,1000,"bu","09:20:45",4651900
17700,600,1000,"bu","09:20:41",4650900
17700,600,100,"bu","09:20:36",4649900
17700,600,2100,"bu","09:20:34",4649800
17700,600,800,"bu","09:20:27",4647700
17700,600,76400,"bu","09:20:16",4646900
17700,600,10000,"sd","09:20:14",4570500
17700,600,25000,"sd","09:20:13",4560500
17700,600,1000,"sd","09:20:12",4535500
17700,600,5000,"sd","09:20:11",4534500
17800,700,4800,"bu","09:20:10",4529500
17700,600,8300,"sd","09:20:09",4524700
17700,600,32000,"sd","09:20:08",4516400
17700,600,3600,"sd","09:20:06",4484400
17700,600,5000,"sd","09:20:04",4480800
17700,600,45000,"sd","09:20:03",4475800
17700,600,1000,"sd","09:20:01",4430800
17800,700,2000,"bu","09:20:00",4429800
17800,700,4000,"bu","09:19:55",4427800
17700,600,5000,"sd","09:19:54",4423800
17700,600,100,"sd","09:19:52",4418800
17800,700,1000,"bu","09:19:51",4418700
17700,600,2100,"sd","09:19:45",4417700
17800,700,4100,"bu","09:19:42",4415600
17800,700,10000,"bu","09:19:39",4411500
17800,700,3000,"bu","09:19:37",4401500
17800,700,100,"bu","09:19:36",4398500
17700,600,7900,"sd","09:19:35",4398400
17700,600,1900,"sd","09:19:34",4390500
17800,700,300,"bu","09:19:33",4388600
17800,700,10100,"bu","09:19:32",4388300
17800,700,100,"bu","09:19:29",4378200
17800,700,3400,"bu","09:19:26",4378100
17800,700,500,"bu","09:19:25",4374700
17800,700,3000,"bu","09:19:20",4374200
17800,700,1000,"bu","09:19:19",4371200
17800,700,3000,"bu","09:19:18",4370200
17800,700,600,"bu","09:19:09",4367200
17700,600,1000,"sd","09:19:03",4366600
17800,700,1000,"bu","09:19:02",4365600
17800,700,1900,"bu","09:19:00",4364600
17700,600,200,"sd","09:18:55",4362700
17800,700,1600,"bu","09:18:54",4362500
17800,700,100,"bu","09:18:53",4360900
17800,700,3000,"bu","09:18:43",4360800
17800,700,5000,"bu","09:18:42",4357800
17800,700,10000,"bu","09:18:40",4352800
17800,700,100,"bu","09:18:38",4342800
17800,700,500,"bu","09:18:35",4342700
17800,700,3000,"bu","09:18:25",4342200
17800,700,500,"bu","09:18:22",4339200
17800,700,5000,"bu","09:18:14",4338700
17700,600,200,"sd","09:18:13",4333700
17800,700,100,"bu","09:18:09",4333500
17800,700,100,"bu","09:18:06",4333400
17800,700,500,"bu","09:18:05",4333300
17800,700,500,"bu","09:18:03",4332800
17800,700,3000,"bu","09:17:46",4332300
17800,700,200,"bu","09:17:44",4329300
17800,700,2000,"bu","09:17:42",4329100
17800,700,12000,"bu","09:17:39",4327100
17800,700,1000,"bu","09:17:36",4315100
17700,600,200,"sd","09:17:35",4314100
17800,700,300,"bu","09:17:33",4313900
17800,700,1800,"bu","09:17:31",4313600
17800,700,1000,"bu","09:17:22",4311800
17800,700,100,"bu","09:17:20",4310800
17800,700,500,"bu","09:17:19",4310700
17800,700,1000,"bu","09:17:07",4310200
17800,700,500,"bu","09:17:06",4309200
17700,600,600,"sd","09:17:02",4308700
17800,700,400,"bu","09:16:57",4308100
17800,700,200,"bu","09:16:55",4307700
17800,700,100,"bu","09:16:53",4307500
17800,700,700,"bu","09:16:52",4307400
17800,700,100,"bu","09:16:48",4306700
17800,700,100,"bu","09:16:45",4306600
17800,700,1000,"bu","09:16:43",4306500
17800,700,100,"bu","09:16:42",4305500
17800,700,600,"bu","09:16:41",4305400
17700,600,900,"sd","09:16:35",4304800
17800,700,500,"bu","09:16:34",4303900
17800,700,300,"bu","09:16:31",4303400
17800,700,5200,"bu","09:16:28",4303100
17800,700,2600,"bu","09:16:26",4297900
17800,700,1500,"bu","09:16:24",4295300
17800,700,1000,"bu","09:16:23",4293800
17800,700,200,"bu","09:16:22",4292800
17800,700,1000,"bu","09:16:21",4292600
17800,700,5500,"bu","09:16:17",4291600
17800,700,1500,"bu","09:16:16",4286100
17800,700,500,"bu","09:16:15",4284600
17800,700,1300,"bu","09:16:12",4284100
17800,700,600,"bu","09:16:11",4282800
17800,700,5000,"bu","09:16:09",4282200
17800,700,6200,"bu","09:16:08",4277200
17800,700,2900,"bu","09:16:07",4271000
17800,700,800,"bu","09:16:06",4268100
17800,700,500,"bu","09:16:01",4267300
17800,700,1000,"bu","09:15:59",4266800
17800,700,500,"bu","09:15:56",4265800
17800,700,100,"bu","09:15:55",4265300
17800,700,5000,"bu","09:15:54",4265200
17800,700,2100,"bu","09:15:51",4260200
17800,700,600,"bu","09:15:50",4258100
17800,700,300,"bu","09:15:47",4257500
17800,700,83200,"bu","09:15:45",4257200
17800,700,5000,"sd","09:15:44",4174000
17800,700,53000,"sd","09:15:43",4169000
17900,800,400,"bu","09:15:42",4116000
17800,700,1500,"sd","09:15:41",4115600
17800,700,2000,"sd","09:15:40",4114100
17800,700,76900,"bu","09:15:38",4112100
17800,700,500,"bu","09:15:35",4035200
17800,700,200,"bu","09:15:33",4034700
17800,700,10000,"bu","09:15:27",4034500
17800,700,500,"bu","09:15:23",4024500
17800,700,3000,"bu","09:15:16",4024000
17800,700,3300,"bu","09:15:15",4021000
17800,700,10100,"bu","09:15:14",4017700
17800,700,100,"bu","09:15:13",4007600
17800,700,2000,"bu","09:15:12",4007500
17800,700,6000,"bu","09:15:11",4005500
17800,700,1700,"bu","09:15:10",3999500
17800,700,7500,"bu","09:15:09",3997800
17800,700,500,"bu","09:15:08",3990300
17800,700,2000,"bu","09:15:04",3989800
17800,700,10000,"bu","09:15:03",3987800
17800,700,200,"bu","09:15:02",3977800
17800,700,1000,"bu","09:14:54",3977600
17800,700,16000,"bu","09:14:53",3976600
17800,700,1100,"bu","09:14:49",3960600
17800,700,300,"bu","09:14:47",3959500
17800,700,9600,"bu","09:14:46",3959200
17800,700,1400,"bu","09:14:45",3949600
17800,700,10000,"bu","09:14:43",3948200
17800,700,1300,"bu","09:14:41",3938200
17800,700,31000,"bu","09:14:39",3936900
17800,700,1000,"bu","09:14:37",3905900
17800,700,1000,"bu","09:14:36",3904900
17800,700,1000,"bu","09:14:35",3903900
17800,700,1000,"bu","09:14:32",3902900
17800,700,200,"bu","09:14:26",3901900
17700,600,1100,"sd","09:14:21",3901700
17800,700,2700,"bu","09:14:20",3900600
17800,700,6000,"bu","09:14:17",3897900
17800,700,2000,"bu","09:14:14",3891900
17800,700,100,"bu","09:14:13",3889900
17800,700,300,"bu","09:14:12",3889800
17800,700,300,"bu","09:14:09",3889500
17800,700,1200,"bu","09:14:07",3889200
17800,700,1300,"bu","09:14:04",3888000
17800,700,300,"bu","09:14:03",3886700
17800,700,52400,"bu","09:14:02",3886400
17800,700,100,"bu","09:13:59",3834000
17800,700,1000,"bu","09:13:57",3833900
17800,700,1000,"bu","09:13:56",3832900
17800,700,1200,"bu","09:13:54",3831900
17800,700,400,"bu","09:13:48",3830700
17800,700,200,"bu","09:13:45",3830300
17800,700,10900,"bu","09:13:44",3830100
17800,700,400,"sd","09:13:43",3819200
17800,700,10000,"sd","09:13:42",3818800
17800,700,200,"sd","09:13:41",3808800
17800,700,10000,"sd","09:13:40",3808600
17800,700,2500,"sd","09:13:38",3798600
17800,700,600,"sd","09:13:37",3796100
17800,700,1100,"sd","09:13:36",3795500
17800,700,42200,"sd","09:13:35",3794400
17800,700,1000,"sd","09:13:34",3752200
17800,700,6400,"sd","09:13:33",3751200
17800,700,100,"sd","09:13:32",3744800
17800,700,500,"sd","09:13:31",3744700
17800,700,1100,"sd","09:13:30",3744200
17800,700,500,"sd","09:13:27",3743100
17800,700,1000,"sd","09:13:26",3742600
17800,700,2000,"sd","09:13:23",3741600
17800,700,100,"sd","09:13:22",3739600
17800,700,5100,"sd","09:13:21",3739500
17800,700,2000,"sd","09:13:20",3734400
17800,700,100,"sd","09:13:18",3732400
17800,700,1800,"sd","09:13:13",3732300
17800,700,1300,"sd","09:13:12",3730500
17800,700,100000,"bu","09:13:08",3729200
17800,700,500,"sd","09:13:03",3629200
17800,700,12500,"sd","09:13:02",3628700
17800,700,500,"sd","09:13:01",3616200
17800,700,2500,"sd","09:13:00",3615700
17800,700,600,"sd","09:12:57",3613200
17800,700,2000,"sd","09:12:56",3612600
17800,700,400,"sd","09:12:55",3610600
17800,700,500,"sd","09:12:54",3610200
17800,700,30400,"sd","09:12:47",3609700
17800,700,30000,"bu","09:12:45",3579300
17800,700,29900,"sd","09:12:44",3549300
17800,700,40300,"sd","09:12:43",3519400
17800,700,1000,"sd","09:12:42",3479100
17800,700,100,"sd","09:12:40",3478100
17800,700,100,"sd","09:12:35",3478000
17800,700,500,"sd","09:12:34",3477900
17800,700,4500,"sd","09:12:33",3477400
17800,700,10000,"sd","09:12:32",3472900
17900,800,100,"bu","09:12:31",3462900
17800,700,2000,"sd","09:12:30",3462800
17800,700,14000,"sd","09:12:29",3460800
17800,700,2000,"sd","09:12:28",3446800
17800,700,1000,"sd","09:12:27",3444800
17800,700,600,"sd","09:12:25",3443800
17800,700,194300,"bu","09:12:23",3443200
17700,600,1000,"sd","09:12:22",3248900
17800,700,10000,"bu","09:12:20",3247900
17800,700,14400,"bu","09:12:18",3237900
17800,700,100,"bu","09:12:17",3223500
17700,600,100,"sd","09:12:14",3223400
17800,700,200,"bu","09:12:12",3223300
17800,700,15000,"bu","09:12:10",3223100
17800,700,3400,"bu","09:12:09",3208100
17800,700,2000,"bu","09:12:08",3204700
17800,700,3500,"bu","09:12:07",3202700
17800,700,1900,"bu","09:12:05",3199200
17800,700,21500,"bu","09:12:04",3197300
17800,700,100,"bu","09:12:03",3175800
17800,700,600,"bu","09:12:02",3175700
17700,600,500,"sd","09:12:01",3175100
17800,700,1000,"bu","09:11:58",3174600
17800,700,12000,"bu","09:11:56",3173600
17800,700,50000,"bu","09:11:54",3161600
17800,700,4100,"bu","09:11:53",3111600
17700,600,2000,"sd","09:11:52",3107500
17800,700,200,"bu","09:11:51",3105500
17800,700,100,"bu","09:11:50",3105300
17800,700,200,"bu","09:11:49",3105200
17800,700,13500,"bu","09:11:44",3105000
17800,700,2000,"bu","09:11:43",3091500
17800,700,400,"bu","09:11:42",3089500
17800,700,3000,"bu","09:11:40",3089100
17800,700,1600,"bu","09:11:38",3086100
17800,700,10000,"bu","09:11:37",3084500
17800,700,50000,"bu","09:11:30",3074500
17800,700,300,"bu","09:11:26",3024500
17700,600,100,"sd","09:11:25",3024200
17800,700,500,"bu","09:11:24",3024100
17700,600,300,"sd","09:11:23",3023600
17700,600,100,"sd","09:11:21",3023300
17800,700,9000,"bu","09:11:14",3023200
17700,600,500,"sd","09:11:13",3014200
17700,600,200,"sd","09:11:10",3013700
17800,700,6000,"bu","09:11:09",3013500
17700,600,5000,"sd","09:11:08",3007500
17700,600,200,"sd","09:11:03",3002500
17800,700,500,"bu","09:10:55",3002300
17700,600,10000,"sd","09:10:53",3001800
17700,600,2000,"sd","09:10:52",2991800
17700,600,1200,"sd","09:10:45",2989800
17700,600,500,"sd","09:10:42",2988600
17700,600,20000,"sd","09:10:41",2988100
17700,600,300,"sd","09:10:37",2968100
17700,600,4000,"sd","09:10:35",2967800
17800,700,200,"bu","09:10:33",2963800
17700,600,5000,"sd","09:10:26",2963600
17700,600,500,"sd","09:10:21",2958600
17800,700,100,"bu","09:10:20",2958100
17700,600,5000,"sd","09:10:15",2958000
17700,600,3100,"sd","09:10:13",2953000
17800,700,32000,"bu","09:10:12",2949900
17800,700,1000,"bu","09:10:11",2917900
17700,600,7000,"sd","09:10:09",2916900
17700,600,6700,"sd","09:10:08",2909900
17700,600,38500,"sd","09:10:05",2903200
17800,700,5000,"bu","09:10:04",2864700
17700,600,200,"sd","09:10:02",2859700
17800,700,20000,"bu","09:10:01",2859500
17700,600,2400,"sd","09:09:58",2839500
17800,700,500,"bu","09:09:55",2837100
17700,600,10000,"sd","09:09:53",2836600
17700,600,2000,"sd","09:09:52",2826600
17800,700,700,"bu","09:09:49",2824600
17800,700,3100,"bu","09:09:46",2823900
17700,600,500,"sd","09:09:43",2820800
17800,700,1000,"bu","09:09:41",2820300
17800,700,7500,"bu","09:09:40",2819300
17700,600,50100,"sd","09:09:38",2811800
17700,600,2000,"sd","09:09:37",2761700
17700,600,500,"sd","09:09:34",2759700
17800,700,3900,"bu","09:09:32",2759200
17700,600,50000,"sd","09:09:28",2755300
17700,600,24600,"sd","09:09:26",2705300
17800,700,10000,"bu","09:09:24",2680700
17800,700,100,"bu","09:09:23",2670700
17700,600,100,"sd","09:09:22",2670600
17700,600,100,"sd","09:09:17",2670500
17700,600,100,"sd","09:09:14",2670400
17800,700,100,"bu","09:09:10",2670300
17700,600,3100,"sd","09:09:09",2670200
17700,600,1000,"sd","09:09:06",2667100
17700,600,441500,"bu","09:09:05",2666100
17700,600,100,"bu","09:08:49",2224600
17600,500,40000,"sd","09:08:47",2224500
17600,500,500,"sd","09:08:45",2184500
17600,500,6000,"sd","09:08:44",2184000
17600,500,6000,"sd","09:08:35",2178000
17700,600,2800,"bu","09:08:31",2172000
17700,600,100,"bu","09:08:30",2169200
17700,600,100,"bu","09:08:27",2169100
17600,500,10200,"sd","09:08:21",2169000
17700,600,2000,"bu","09:08:19",2158800
17600,500,2000,"sd","09:08:15",2156800
17600,500,800,"sd","09:08:14",2154800
17600,500,72400,"bu","09:08:10",2154000
17600,500,2000,"bu","09:08:09",2081600
17600,500,18200,"bu","09:08:08",2079600
17600,500,16000,"bu","09:08:07",2061400
17600,500,5900,"bu","09:08:06",2045400
17600,500,800,"bu","09:08:05",2039500
17600,500,3000,"bu","09:08:04",2038700
17600,500,400,"bu","09:08:03",2035700
17600,500,500,"bu","09:08:01",2035300
17600,500,10500,"bu","09:08:00",2034800
17600,500,200,"bu","09:07:59",2024300
17600,500,1200,"bu","09:07:58",2024100
17600,500,18500,"bu","09:07:57",2022900
17600,500,11000,"bu","09:07:55",2004400
17600,500,2200,"bu","09:07:54",1993400
17600,500,15000,"bu","09:07:53",1991200
17600,500,10000,"bu","09:07:52",1976200
17600,500,2500,"bu","09:07:51",1966200
17600,500,1300,"bu","09:07:49",1963700
17600,500,100,"bu","09:07:48",1962400
17600,500,1000,"bu","09:07:46",1962300
17600,500,6000,"bu","09:07:45",1961300
17600,500,800,"bu","09:07:43",1955300
17600,500,6000,"bu","09:07:42",1954500
17600,500,10000,"bu","09:07:41",1948500
17600,500,2000,"bu","09:07:39",1938500
17600,500,500,"bu","09:07:38",1936500
17600,500,13000,"bu","09:07:37",1936000
17500,400,500,"sd","09:07:35",1923000
17600,500,200,"bu","09:07:34",1922500
17600,500,1000,"bu","09:07:33",1922300
17600,500,11700,"bu","09:07:30",1921300
17600,500,5000,"bu","09:07:28",1909600
17600,500,100,"bu","09:07:26",1904600
17600,500,10300,"bu","09:07:25",1904500
17600,500,300,"bu","09:07:24",1894200
17600,500,100,"bu","09:07:22",1893900
17600,500,100,"bu","09:07:21",1893800
17600,500,15000,"bu","09:07:17",1893700
17600,500,1000,"bu","09:07:16",1878700
17600,500,200,"bu","09:07:15",1877700
17600,500,2000,"bu","09:07:14",1877500
17600,500,200,"bu","09:07:12",1875500
17600,500,3000,"bu","09:07:10",1875300
17600,500,12000,"bu","09:07:08",1872300
17600,500,2700,"bu","09:07:06",1860300
17600,500,10000,"bu","09:07:05",1857600
17600,500,200,"bu","09:07:02",1847600
17600,500,18000,"bu","09:07:01",1847400
17600,500,500,"bu","09:07:00",1829400
17600,500,15000,"bu","09:06:53",1828900
17600,500,100,"bu","09:06:52",1813900
17600,500,500,"bu","09:06:42",1813800
17600,500,29000,"bu","09:06:39",1813300
17600,500,100,"bu","09:06:38",1784300
17600,500,400,"bu","09:06:35",1784200
17600,500,500,"bu","09:06:33",1783800
17600,500,2000,"bu","09:06:32",1783300
17600,500,1600,"bu","09:06:25",1781300
17600,500,500,"bu","09:06:22",1779700
17600,500,20000,"bu","09:06:17",1779200
17600,500,85000,"bu","09:06:14",1759200
17600,500,5000,"bu","09:06:08",1674200
17600,500,1500,"bu","09:06:07",1669200
17600,500,500,"bu","09:06:04",1667700
17600,500,1200,"bu","09:06:01",1667200
17600,500,500,"bu","09:05:59",1666000
17600,500,1500,"bu","09:05:58",1665500
17600,500,200,"bu","09:05:57",1664000
17600,500,400,"bu","09:05:56",1663800
17600,500,300,"bu","09:05:55",1663400
17600,500,1000,"bu","09:05:53",1663100
17600,500,1000,"bu","09:05:51",1662100
17600,500,2000,"bu","09:05:49",1661100
17600,500,8800,"bu","09:05:47",1659100
17600,500,1000,"bu","09:05:46",1650300
17600,500,1300,"bu","09:05:40",1649300
17600,500,1500,"bu","09:05:39",1648000
17600,500,1000,"bu","09:05:36",1646500
17600,500,3000,"bu","09:05:35",1645500
17600,500,400,"bu","09:05:33",1642500
17600,500,2900,"bu","09:05:30",1642100
17600,500,500,"bu","09:05:29",1639200
17600,500,1100,"bu","09:05:25",1638700
17600,500,10000,"bu","09:05:23",1637600
17600,500,3000,"bu","09:05:19",1627600
17600,500,1200,"bu","09:05:17",1624600
17600,500,400,"bu","09:05:15",1623400
17600,500,50000,"bu","09:05:10",1623000
17600,500,100,"bu","09:05:09",1573000
17600,500,800,"bu","09:05:06",1572900
17600,500,2500,"bu","09:05:05",1572100
17600,500,1700,"bu","09:05:02",1569600
17500,400,500,"sd","09:05:01",1567900
17600,500,300,"bu","09:04:59",1567400
17600,500,300,"bu","09:04:58",1567100
17600,500,1000,"bu","09:04:55",1566800
17600,500,400,"bu","09:04:52",1565800
17600,500,1600,"bu","09:04:49",1565400
17600,500,1000,"bu","09:04:48",1563800
17500,400,100,"sd","09:04:45",1562800
17600,500,200,"bu","09:04:43",1562700
17600,500,1600,"bu","09:04:38",1562500
17600,500,5000,"bu","09:04:37",1560900
17600,500,1100,"bu","09:04:36",1555900
17600,500,1500,"bu","09:04:35",1554800
17600,500,12000,"bu","09:04:34",1553300
17600,500,1000,"bu","09:04:30",1541300
17600,500,100,"bu","09:04:29",1540300
17600,500,2300,"bu","09:04:28",1540200
17600,500,500,"bu","09:04:27",1537900
17600,500,2000,"bu","09:04:26",1537400
17600,500,16600,"sd","09:04:25",1535400
17600,500,1700,"sd","09:04:22",1518800
17600,500,100,"sd","09:04:21",1517100
17600,500,100,"sd","09:04:19",1517000
17600,500,200,"sd","09:04:18",1516900
17600,500,30300,"sd","09:04:17",1516700
17600,500,100,"sd","09:04:14",1486400
17600,500,1000,"bu","09:04:12",1486300
17600,500,2000,"bu","09:04:11",1485300
17600,500,4700,"bu","09:04:10",1483300
17600,500,3000,"bu","09:04:09",1478600
17600,500,10500,"bu","09:04:06",1475600
17600,500,8000,"bu","09:04:01",1465100
17600,500,1600,"bu","09:04:00",1457100
17600,500,100,"bu","09:03:59",1455500
17600,500,1200,"bu","09:03:58",1455400
17600,500,10000,"bu","09:03:56",1454200
17600,500,3000,"bu","09:03:55",1444200
17600,500,600,"bu","09:03:53",1441200
17600,500,100000,"bu","09:03:51",1440600
17500,400,3000,"sd","09:03:46",1340600
17600,500,100,"bu","09:03:38",1337600
17600,500,1200,"bu","09:03:37",1337500
17600,500,200,"bu","09:03:35",1336300
17600,500,3500,"bu","09:03:32",1336100
17600,500,1600,"bu","09:03:30",1332600
17600,500,800,"bu","09:03:29",1331000
17600,500,10000,"bu","09:03:28",1330200
17600,500,400,"bu","09:03:25",1320200
17600,500,13000,"bu","09:03:24",1319800
17600,500,1000,"bu","09:03:22",1306800
17600,500,400,"bu","09:03:20",1305800
17600,500,4500,"bu","09:03:19",1305400
17600,500,300,"bu","09:03:18",1300900
17600,500,8100,"sd","09:03:17",1300600
17600,500,1800,"sd","09:03:14",1292500
17600,500,100,"sd","09:03:13",1290700
17600,500,3800,"bu","09:03:12",1290600
17600,500,2500,"bu","09:03:11",1286800
17600,500,700,"bu","09:03:10",1284300
17500,400,100,"sd","09:03:09",1283600
17600,500,4500,"bu","09:03:05",1283500
17600,500,1000,"bu","09:03:04",1279000
17500,400,1000,"sd","09:03:03",1278000
17600,500,100,"bu","09:03:02",1277000
17600,500,1000,"bu","09:03:01",1276900
17600,500,900,"sd","09:03:00",1275900
17600,500,600,"sd","09:02:58",1275000
17600,500,2000,"sd","09:02:56",1274400
17600,500,100,"sd","09:02:55",1272400
17600,500,10800,"sd","09:02:54",1272300
17700,600,5000,"bu","09:02:53",1261500
17600,500,7900,"bu","09:02:52",1256500
17600,500,6300,"bu","09:02:51",1248600
17600,500,200,"bu","09:02:50",1242300
17500,400,5300,"sd","09:02:47",1242100
17600,500,1700,"sd","09:02:46",1236800
17600,500,6000,"sd","09:02:45",1235100
17600,500,4800,"sd","09:02:43",1229100
17600,500,3000,"sd","09:02:42",1224300
17600,500,9900,"sd","09:02:41",1221300
17600,500,83400,"sd","09:02:38",1211400
17700,600,300,"bu","09:02:37",1128000
17700,600,5000,"bu","09:02:35",1127700
17700,600,100,"bu","09:02:34",1122700
17600,500,5000,"sd","09:02:28",1122600
17700,600,2000,"bu","09:02:25",1117600
17700,600,1000,"bu","09:02:20",1115600
17600,500,300,"sd","09:02:19",1114600
17700,600,200,"bu","09:02:18",1114300
17600,500,40000,"sd","09:02:16",1114100
17700,600,15000,"bu","09:02:15",1074100
