"price","change","match_qtty","side","time","total_vol"
16300,600,500,"bu","14:59:41",1441700
16300,600,7000,"bu","14:58:55",1441200
16200,500,5000,"sd","14:58:42",1434200
16300,600,200,"bu","14:58:34",1429200
16300,600,100,"bu","14:57:39",1429000
16300,600,300,"bu","14:57:37",1428900
16200,500,200,"sd","14:55:12",1428600
16300,600,300,"bu","14:54:33",1428400
16200,500,300,"sd","14:54:04",1428100
16200,500,1000,"sd","14:53:19",1427800
16300,600,2500,"bu","14:52:11",1426800
16300,600,100,"bu","14:51:55",1424300
16300,600,100,"bu","14:51:41",1424200
16300,600,600,"bu","14:48:31",1424100
16300,600,100,"bu","14:46:55",1423500
16300,600,2000,"bu","14:45:34",1423400
16200,500,1000,"sd","14:44:43",1421400
16300,600,1500,"bu","14:44:33",1420400
16300,600,500,"bu","14:44:14",1418900
16300,600,1000,"bu","14:43:22",1418400
16300,600,2000,"bu","14:42:54",1417400
16300,600,2000,"bu","14:41:55",1415400
16300,600,2000,"bu","14:41:11",1413400
16200,500,2000,"sd","14:38:59",1411400
16300,600,200,"bu","14:38:15",1409400
16200,500,2000,"sd","14:37:10",1409200
16200,500,500,"sd","14:36:43",1407200
16300,600,300,"bu","14:36:37",1406700
16300,600,400,"bu","14:36:32",1406400
16300,600,1000,"bu","14:35:34",1406000
16300,600,1000,"bu","14:35:22",1405000
16200,500,2500,"sd","14:35:02",1404000
16200,500,200,"sd","14:35:01",1401500
16300,600,600,"bu","14:34:57",1401300
16200,500,2000,"sd","14:34:18",1400700
16200,500,20000,"sd","14:34:05",1398700
16300,600,100,"bu","14:33:24",1378700
16200,500,1000,"sd","14:32:34",1378600
16200,500,200,"sd","14:32:13",1377600
16200,500,10000,"sd","14:31:38",1377400
16300,600,1000,"bu","14:30:37",1367400
16300,600,800,"bu","14:30:27",1366400
16300,600,10000,"bu","14:30:03",1365600
16300,600,500,"bu","14:29:31",1355600
16300,600,1000,"bu","14:29:21",1355100
16300,600,2000,"bu","14:29:11",1354100
16300,600,5000,"bu","14:27:28",1352100
16300,600,100,"bu","14:27:00",1347100
16300,600,1600,"bu","14:26:48",1347000
16200,500,600,"sd","14:26:21",1345400
16300,600,1700,"bu","14:26:01",1344800
16200,500,2000,"sd","14:25:51",1343100
16200,500,100,"sd","14:25:32",1341100
16200,500,1000,"sd","14:24:58",1341000
16200,500,500,"sd","14:24:37",1340000
16200,500,1200,"sd","14:24:30",1339500
16200,500,500,"sd","14:24:24",1338300
16200,500,200,"sd","14:23:59",1337800
16200,500,15000,"sd","14:23:19",1337600
16200,500,1000,"sd","14:23:12",1322600
16200,500,2000,"sd","14:22:54",1321600
16200,500,1000,"sd","14:22:48",1319600
16200,500,400,"sd","14:22:00",1318600
16200,500,200,"sd","14:21:10",1318200
16200,500,2000,"sd","14:20:47",1318000
16200,500,300,"sd","14:20:41",1316000
16200,500,500,"sd","14:20:22",1315700
16200,500,2000,"sd","14:19:45",1315200
16200,500,200,"sd","14:19:37",1313200
16200,500,200,"sd","14:19:12",1313000
16200,500,3000,"sd","14:19:05",1312800
16300,600,500,"bu","14:18:40",1309800
16300,600,200,"bu","14:18:39",1309300
16200,500,2000,"sd","14:18:14",1309100
16200,500,300,"sd","14:17:42",1307100
16200,500,900,"sd","14:17:35",1306800
16200,500,500,"sd","14:17:01",1305900
16200,500,3000,"sd","14:16:56",1305400
16200,500,2000,"sd","14:16:25",1302400
16200,500,2000,"sd","14:16:15",1300400
16200,500,5000,"sd","14:15:55",1298400
16300,600,1000,"bu","14:14:40",1293400
16300,600,2000,"bu","14:13:06",1292400
16300,600,100,"bu","14:11:36",1290400
16300,600,6000,"bu","14:11:04",1290300
16300,600,1000,"bu","14:10:57",1284300
16200,500,200,"sd","14:10:40",1283300
16300,600,200,"bu","14:10:36",1283100
16300,600,1500,"bu","14:10:19",1282900
16300,600,5000,"bu","14:10:15",1281400
16300,600,1000,"bu","14:09:48",1276400
16300,600,1000,"bu","14:09:22",1275400
16300,600,200,"bu","14:09:01",1274400
16200,500,2000,"sd","14:08:04",1274200
16200,500,100,"sd","14:07:49",1272200
16200,500,100,"sd","14:07:34",1272100
16200,500,100,"sd","14:07:27",1272000
16200,500,2000,"sd","14:06:30",1271900
16200,500,500,"sd","14:05:47",1269900
16200,500,900,"sd","14:05:09",1269400
16200,500,500,"bu","14:05:07",1268500
16200,500,1700,"bu","14:05:00",1268000
16200,500,2700,"bu","14:04:51",1266300
16200,500,10000,"bu","14:04:44",1263600
16200,500,100,"bu","14:04:38",1253600
16200,500,100,"bu","14:04:32",1253500
16200,500,3500,"bu","14:04:27",1253400
16200,500,500,"bu","14:04:15",1249900
16100,400,1100,"sd","14:04:07",1249400
16200,500,100,"bu","14:03:57",1248300
16200,500,10000,"bu","14:03:10",1248200
16200,500,100,"bu","14:03:04",1238200
16200,500,1500,"bu","14:03:01",1238100
16200,500,1000,"bu","14:02:56",1236600
16200,500,100,"bu","14:02:50",1235600
16200,500,2000,"bu","14:02:34",1235500
16200,500,100,"bu","14:02:32",1233500
16200,500,900,"bu","14:01:55",1233400
16200,500,500,"bu","14:01:44",1232500
16200,500,2000,"bu","14:01:27",1232000
16200,500,1000,"bu","14:01:26",1230000
16200,500,200,"bu","14:01:19",1229000
16200,500,2000,"bu","14:01:07",1228800
16200,500,200,"bu","14:01:05",1226800
16200,500,2000,"bu","14:00:59",1226600
16200,500,3000,"bu","14:00:57",1224600
16200,500,3200,"bu","14:00:56",1221600
16200,500,500,"bu","14:00:47",1218400
16200,500,500,"bu","14:00:30",1217900
16200,500,200,"bu","14:00:29",1217400
16200,500,10000,"bu","14:00:22",1217200
16200,500,3000,"bu","14:00:12",1207200
16200,500,1700,"bu","14:00:02",1204200
16200,500,1000,"bu","13:59:58",1202500
16200,500,300,"bu","13:59:54",1201500
16200,500,8800,"bu","13:59:49",1201200
16200,500,1000,"bu","13:59:47",1192400
16200,500,1000,"bu","13:59:41",1191400
16200,500,500,"bu","13:59:29",1190400
16200,500,2000,"bu","13:59:18",1189900
16200,500,2000,"bu","13:58:50",1187900
16200,500,200,"bu","13:58:41",1185900
16200,500,400,"bu","13:58:25",1185700
16200,500,500,"bu","13:58:20",1185300
16200,500,3000,"bu","13:58:19",1184800
16200,500,300,"bu","13:58:05",1181800
16200,500,500,"bu","13:57:51",1181500
16200,500,900,"bu","13:57:50",1181000
16200,500,1000,"bu","13:57:49",1180100
16200,500,1000,"bu","13:57:34",1179100
16200,500,5000,"bu","13:57:26",1178100
16200,500,100,"bu","13:57:20",1173100
16200,500,300,"bu","13:56:57",1173000
16200,500,3000,"bu","13:54:53",1172700
16200,500,100,"bu","13:53:06",1169700
16200,500,4000,"bu","13:52:56",1169600
16200,500,2000,"bu","13:51:34",1165600
16200,500,2000,"bu","13:50:39",1163600
16200,500,100,"bu","13:48:17",1161600
16200,500,200,"bu","13:48:05",1161500
16200,500,2000,"bu","13:47:44",1161300
16100,400,1000,"sd","13:47:04",1159300
16100,400,500,"sd","13:44:36",1158300
16100,400,500,"sd","13:43:39",1157800
16100,400,1000,"sd","13:42:24",1157300
16100,400,10000,"sd","13:41:32",1156300
16100,400,500,"sd","13:41:27",1146300
16100,400,200,"sd","13:39:40",1145800
16100,400,500,"sd","13:39:20",1145600
16200,500,100,"bu","13:39:15",1145100
16200,500,4000,"bu","13:39:08",1145000
16200,500,300,"bu","13:38:29",1141000
16200,500,1700,"bu","13:37:41",1140700
16200,500,100,"bu","13:36:34",1139000
16200,500,2000,"bu","13:35:06",1138900
16200,500,100,"bu","13:34:43",1136900
16100,400,100,"sd","13:34:25",1136800
16100,400,100,"sd","13:34:18",1136700
16100,400,30000,"sd","13:33:45",1136600
16200,500,1000,"sd","13:33:40",1106600
16200,500,200,"sd","13:33:21",1105600
16200,500,300,"sd","13:33:05",1105400
16200,500,200,"bu","13:32:00",1105100
16300,600,1500,"bu","13:27:55",1104900
16200,500,9500,"sd","13:27:43",1103400
16300,600,100,"bu","13:27:19",1093900
16300,600,100,"bu","13:26:37",1093800
16200,500,500,"sd","13:26:07",1093700
16300,600,100,"bu","13:25:13",1093200
16200,500,1800,"bu","13:24:55",1093100
16200,500,1000,"bu","13:22:03",1091300
16200,500,1200,"bu","13:19:18",1090300
16200,500,900,"bu","13:19:17",1089100
16200,500,1900,"bu","13:19:05",1088200
16200,500,200,"sd","13:18:52",1086300
16200,500,1900,"bu","13:18:06",1086100
16200,500,100,"bu","13:17:00",1084200
16200,500,2000,"bu","13:16:32",1084100
16200,500,2100,"sd","13:15:48",1082100
16200,500,1000,"sd","13:15:45",1080000
16200,500,500,"sd","13:15:08",1079000
16200,500,500,"sd","13:14:43",1078500
16200,500,800,"sd","13:14:21",1078000
16200,500,500,"sd","13:14:14",1077200
16200,500,100,"sd","13:14:01",1076700
16200,500,300,"sd","13:13:51",1076600
16200,500,500,"sd","13:13:34",1076300
16200,500,100,"sd","13:13:23",1075800
16200,500,2000,"sd","13:13:22",1075700
16200,500,200,"sd","13:13:15",1073700
16200,500,500,"sd","13:13:13",1073500
16200,500,500,"sd","13:13:09",1073000
16200,500,10000,"sd","13:13:08",1072500
16200,500,1000,"sd","13:11:24",1062500
16200,500,2000,"sd","13:11:11",1061500
16200,500,10000,"sd","13:10:54",1059500
16200,500,1000,"sd","13:10:33",1049500
16200,500,100,"sd","13:09:48",1048500
16200,500,5000,"sd","13:09:25",1048400
16300,600,5000,"bu","13:09:02",1043400
16200,500,10000,"sd","13:08:35",1038400
16300,600,800,"bu","13:06:56",1028400
16200,500,2900,"sd","13:05:36",1027600
16200,500,5700,"bu","13:05:30",1024700
16200,500,20000,"bu","13:05:27",1019000
16200,500,600,"bu","13:05:22",999000
16200,500,5000,"bu","13:05:07",998400
16200,500,13500,"bu","13:04:57",993400
16200,500,3000,"bu","13:04:36",979900
16200,500,5000,"bu","13:04:23",976900
16200,500,5000,"bu","13:04:15",971900
16100,400,700,"sd","13:03:59",966900
16200,500,1500,"bu","13:03:46",966200
16200,500,3000,"bu","13:03:30",964700
16200,500,3000,"bu","13:03:15",961700
16200,500,11000,"bu","13:02:34",958700
16200,500,500,"bu","13:02:18",947700
16100,400,2000,"sd","13:02:07",947200
16100,400,2500,"sd","13:01:37",945200
16200,500,500,"bu","13:01:35",942700
16200,500,200,"bu","13:01:29",942200
16200,500,1500,"bu","13:01:26",942000
16200,500,1100,"bu","13:01:17",940500
16200,500,3800,"bu","13:01:09",939400
16200,500,4000,"bu","13:00:45",935600
16200,500,100,"bu","13:00:17",931600
16100,400,400,"sd","13:00:03",931500
16100,400,31100,"sd","13:00:01",931100
16100,400,200,"sd","11:29:13",900000
16100,400,1000,"sd","11:28:06",899800
16100,400,2000,"sd","11:27:33",898800
16100,400,5000,"sd","11:27:18",896800
16100,400,1000,"sd","11:27:10",891800
16100,400,200,"sd","11:26:44",890800
16100,400,3800,"sd","11:26:25",890600
16100,400,100,"bu","11:24:20",886800
16100,400,5000,"bu","11:23:47",886700
16100,400,300,"bu","11:22:43",881700
16000,300,2000,"sd","11:20:46",881400
16100,400,400,"sd","11:19:15",879400
16100,400,4000,"sd","11:18:45",879000
16000,300,100,"sd","11:16:47",875000
16000,300,800,"sd","11:13:52",874900
16000,300,1000,"sd","11:12:53",874100
16000,300,5000,"sd","11:11:28",873100
16000,300,5000,"sd","11:11:09",868100
16100,400,100,"sd","11:10:59",863100
16100,400,200,"bu","11:10:39",863000
16100,400,2000,"bu","11:10:29",862800
16100,400,2700,"bu","11:10:12",860800
16100,400,1000,"sd","11:09:59",858100
16100,400,2000,"sd","11:09:47",857100
16100,400,500,"sd","11:09:03",855100
16100,400,3700,"sd","11:08:27",854600
16100,400,6300,"bu","11:08:22",850900
16100,400,3000,"sd","11:08:03",844600
16100,400,1200,"sd","11:06:59",841600
16100,400,10000,"sd","11:06:01",840400
16100,400,1000,"sd","11:05:51",830400
16200,500,500,"bu","11:03:42",829400
16200,500,50000,"bu","11:01:50",828900
16100,400,3000,"sd","11:01:29",778900
16100,400,2100,"sd","11:00:20",775900
16100,400,1000,"sd","11:00:03",773800
16100,400,100,"sd","10:59:47",772800
16100,400,1000,"sd","10:59:36",772700
16100,400,100,"sd","10:58:13",771700
16100,400,900,"sd","10:58:07",771600
16100,400,200,"sd","10:57:27",770700
16100,400,4300,"sd","10:57:16",770500
16100,400,200,"bu","10:56:56",766200
16100,400,500,"sd","10:56:49",766000
16100,400,1500,"sd","10:56:04",765500
16100,400,3800,"sd","10:55:42",764000
16100,400,1000,"bu","10:54:38",760200
16100,400,100,"bu","10:54:29",759200
16100,400,100,"bu","10:54:22",759100
16000,300,2000,"sd","10:54:21",759000
16100,400,3000,"bu","10:54:09",757000
16000,300,200,"sd","10:49:49",754000
16100,400,2000,"bu","10:49:35",753800
16000,300,200,"sd","10:49:19",751800
16000,300,100,"sd","10:45:08",751600
16000,300,3000,"sd","10:43:22",751500
16000,300,1000,"sd","10:41:36",748500
16000,300,1500,"sd","10:39:35",747500
16100,400,1000,"bu","10:39:32",746000
16100,400,1300,"bu","10:37:27",745000
16100,400,100,"bu","10:35:35",743700
16100,400,100,"bu","10:35:21",743600
16100,400,100,"bu","10:34:27",743500
16100,400,7300,"sd","10:33:46",743400
16100,400,5200,"sd","10:33:33",736100
16200,500,200,"bu","10:32:58",730900
16200,500,4000,"bu","10:32:08",730700
16200,500,2000,"bu","10:31:56",726700
16100,400,100,"sd","10:31:14",724700
16100,400,2000,"sd","10:30:31",724600
16100,400,4500,"sd","10:30:16",722600
16100,400,10000,"sd","10:29:05",718100
16100,400,4300,"sd","10:28:58",708100
16100,400,500,"sd","10:27:12",703800
16100,400,300,"sd","10:27:06",703300
16100,400,3500,"bu","10:26:19",703000
16100,400,2000,"bu","10:26:05",699500
16100,400,1000,"bu","10:23:43",697500
16100,400,1000,"bu","10:23:28",696500
16100,400,600,"unknown","10:21:11",695500
16100,400,900,"bu","10:20:52",694900
16100,400,500,"sd","10:20:49",694000
16100,400,1000,"sd","10:20:18",693500
16100,400,200,"sd","10:19:42",692500
16100,400,2000,"sd","10:18:58",692300
16100,400,3000,"sd","10:18:43",690300
16100,400,3000,"sd","10:18:35",687300
16100,400,2400,"sd","10:18:19",684300
16100,400,500,"sd","10:18:11",681900
16100,400,9000,"sd","10:18:02",681400
16100,400,500,"sd","10:17:50",672400
16100,400,100,"sd","10:17:40",671900
16100,400,2000,"sd","10:17:37",671800
16100,400,2000,"sd","10:17:17",669800
16100,400,1000,"sd","10:17:02",667800
16100,400,1000,"sd","10:16:46",666800
16100,400,3000,"sd","10:16:29",665800
16100,400,500,"sd","10:13:13",662800
16100,400,1000,"sd","10:11:34",662300
16100,400,10000,"sd","10:11:33",661300
16100,400,200,"sd","10:10:49",651300
16100,400,10000,"sd","10:10:47",651100
16200,500,2400,"bu","10:09:10",641100
16200,500,5000,"bu","10:07:36",638700
16200,500,300,"bu","10:07:12",633700
16200,500,23500,"bu","10:06:33",633400
16200,500,600,"sd","10:06:30",609900
16200,500,10000,"sd","10:06:27",609300
16200,500,5400,"sd","10:06:19",599300
16200,500,1500,"sd","10:06:09",593900
16200,500,100,"sd","10:05:48",592400
16200,500,10000,"sd","10:05:17",592300
16200,500,1500,"sd","10:04:44",582300
16200,500,1200,"sd","10:04:41",580800
16200,500,500,"sd","10:04:39",579600
16200,500,5000,"sd","10:04:26",579100
16200,500,3000,"sd","10:04:22",574100
16200,500,2000,"sd","10:03:45",571100
16200,500,300,"sd","10:03:29",569100
16200,500,100,"sd","10:03:25",568800
16200,500,500,"sd","10:03:19",568700
16200,500,1000,"sd","10:03:16",568200
16200,500,5000,"sd","10:02:55",567200
16200,500,100,"sd","10:02:24",562200
16200,500,200,"sd","10:01:38",562100
16200,500,500,"sd","10:01:08",561900
16200,500,5000,"sd","10:00:22",561400
16200,500,100,"sd","09:59:03",556400
16200,500,1000,"sd","09:58:59",556300
16200,500,200,"sd","09:58:52",555300
16200,500,100,"sd","09:57:58",555100
16200,500,3500,"sd","09:57:14",555000
16300,600,2500,"bu","09:56:47",551500
16200,500,100,"sd","09:56:36",549000
16200,500,1000,"sd","09:56:12",548900
16200,500,500,"sd","09:56:05",547900
16200,500,300,"bu","09:55:57",547400
16200,500,200,"bu","09:55:43",547100
16200,500,300,"sd","09:55:37",546900
16200,500,5000,"sd","09:55:17",546600
16200,500,12300,"sd","09:55:00",541600
16200,500,100,"sd","09:54:52",529300
16200,500,500,"sd","09:54:47",529200
16200,500,2800,"sd","09:53:55",528700
16200,500,200,"sd","09:53:21",525900
16200,500,43700,"bu","09:53:02",525700
16100,400,2000,"sd","09:51:59",482000
16100,400,1000,"sd","09:51:15",480000
16100,400,500,"sd","09:51:11",479000
16200,500,2000,"bu","09:50:56",478500
16200,500,100,"bu","09:50:25",476500
16100,400,400,"sd","09:50:04",476400
16100,400,1000,"sd","09:47:40",476000
16100,400,3200,"sd","09:47:32",475000
16200,500,100,"bu","09:47:18",471800
16100,400,1000,"sd","09:46:32",471700
16100,400,1200,"sd","09:46:10",470700
16100,400,900,"sd","09:45:54",469500
16100,400,2000,"sd","09:45:31",468600
16100,400,300,"sd","09:45:03",466600
16100,400,500,"sd","09:44:58",466300
16100,400,2000,"sd","09:44:53",465800
16100,400,1000,"sd","09:44:39",463800
16100,400,100,"sd","09:44:17",462800
16100,400,1500,"sd","09:43:42",462700
16100,400,1000,"sd","09:41:42",461200
16100,400,1000,"sd","09:41:10",460200
16100,400,4000,"sd","09:39:25",459200
16200,500,20000,"bu","09:39:01",455200
16100,400,1000,"sd","09:38:33",435200
16100,400,300,"sd","09:38:16",434200
16100,400,1000,"sd","09:37:32",433900
16100,400,2500,"sd","09:36:26",432900
16100,400,100,"sd","09:35:56",430400
16100,400,3000,"sd","09:35:48",430300
16100,400,5000,"sd","09:35:23",427300
16100,400,1000,"sd","09:34:51",422300
16100,400,2200,"sd","09:34:24",421300
16100,400,200,"bu","09:34:20",419100
16100,400,500,"bu","09:34:16",418900
16100,400,2000,"bu","09:34:10",418400
16100,400,9000,"bu","09:34:08",416400
16100,400,1000,"bu","09:33:49",407400
16000,300,1000,"sd","09:33:35",406400
16100,400,100,"bu","09:33:04",405400
16100,400,200,"bu","09:32:45",405300
16000,300,1500,"sd","09:31:02",405100
16100,400,3000,"bu","09:30:55",403600
16100,400,600,"bu","09:29:40",400600
16100,400,100,"bu","09:29:12",400000
16100,400,1500,"bu","09:28:41",399900
16100,400,1400,"bu","09:28:14",398400
16100,400,800,"bu","09:28:06",397000
16100,400,2000,"bu","09:27:53",396200
16100,400,3500,"sd","09:27:51",394200
16100,400,2500,"bu","09:27:36",390700
16100,400,8000,"sd","09:27:23",388200
16100,400,1900,"bu","09:27:15",380200
16100,400,300,"bu","09:27:07",378300
16000,300,1000,"sd","09:26:34",378000
16000,300,800,"sd","09:25:00",377000
16100,400,1000,"bu","09:24:59",376200
16100,400,10000,"unknown","09:24:15",375200
16100,400,100,"sd","09:24:10",365200
16100,400,5000,"sd","09:24:06",365100
16200,500,100,"bu","09:23:53",360100
16100,400,100,"sd","09:23:46",360000
16100,400,100,"sd","09:23:09",359900
16100,400,500,"sd","09:23:02",359800
16100,400,400,"sd","09:23:01",359300
16100,400,200,"sd","09:22:38",358900
16100,400,200,"sd","09:22:10",358700
16100,400,10000,"sd","09:22:01",358500
16100,400,2000,"sd","09:21:18",348500
16100,400,2500,"sd","09:21:01",346500
16200,500,100,"bu","09:20:55",344000
16100,400,5200,"sd","09:20:08",343900
16100,400,4000,"sd","09:20:00",338700
16100,400,200,"bu","09:19:58",334700
16100,400,100,"bu","09:18:56",334500
16100,400,200,"sd","09:18:52",334400
16100,400,1000,"sd","09:18:46",334200
16100,400,300,"sd","09:18:39",333200
16100,400,1000,"sd","09:18:38",332900
16100,400,15000,"sd","09:18:16",331900
16100,400,2000,"sd","09:18:14",316900
16100,400,200,"sd","09:17:51",314900
16100,400,200,"sd","09:17:17",314700
16100,400,1200,"sd","09:17:10",314500
16200,500,1000,"bu","09:17:08",313300
16100,400,100,"sd","09:16:53",312300
16200,500,300,"bu","09:16:41",312200
16200,500,45400,"bu","09:16:23",311900
16200,500,100,"sd","09:16:06",266500
16300,600,500,"bu","09:16:04",266400
16200,500,100,"sd","09:16:03",265900
16300,600,100,"bu","09:15:48",265800
16200,500,100,"sd","09:15:47",265700
16300,600,3000,"bu","09:15:39",265600
16200,500,600,"sd","09:15:35",262600
16200,500,100,"sd","09:15:23",262000
16200,500,100,"sd","09:15:06",261900
16300,600,1100,"bu","09:15:05",261800
16300,600,100,"bu","09:15:01",260700
16300,600,11000,"bu","09:14:44",260600
16300,600,11900,"bu","09:14:30",249600
16300,600,2000,"sd","09:14:17",237700
16300,600,100,"sd","09:14:14",235700
16300,600,3500,"sd","09:14:11",235600
16300,600,3000,"bu","09:14:08",232100
16300,600,3000,"bu","09:14:02",229100
16300,600,10100,"bu","09:13:58",226100
16300,600,100,"bu","09:13:56",216000
16300,600,200,"bu","09:13:51",215900
16300,600,3000,"bu","09:13:49",215700
16200,500,1000,"sd","09:13:48",212700
16300,600,10000,"bu","09:13:41",211700
16300,600,3000,"bu","09:13:38",201700
16300,600,100,"bu","09:13:34",198700
16300,600,400,"bu","09:13:22",198600
16300,600,1500,"bu","09:12:45",198200
16300,600,1000,"bu","09:12:42",196700
16200,500,29800,"bu","09:12:04",195700
16100,400,11000,"bu","09:11:40",165900
16100,400,500,"bu","09:11:38",154900
16100,400,2200,"bu","09:11:26",154400
16100,400,6000,"bu","09:11:16",152200
16100,400,2000,"bu","09:11:05",146200
16000,300,100,"sd","09:11:01",144200
16000,300,1000,"sd","09:10:58",144100
16100,400,1000,"bu","09:10:52",143100
16000,300,19100,"bu","09:10:36",142100
16000,300,1000,"bu","09:10:26",123000
16000,300,25000,"bu","09:10:24",122000
16000,300,900,"bu","09:10:23",97000
16000,300,10000,"bu","09:10:22",96100
16000,300,10000,"bu","09:10:13",86100
16000,300,1000,"bu","09:10:10",76100
16000,300,100,"bu","09:10:09",75100
16000,300,100,"bu","09:10:00",75000
15900,200,5900,"sd","09:09:20",74900
15900,200,1000,"sd","09:08:58",69000
15900,200,2200,"bu","09:08:07",68000
15900,200,100,"sd","09:06:49",65800
15900,200,500,"sd","09:06:47",65700
15900,200,300,"sd","09:06:27",65200
15900,200,2000,"sd","09:06:20",64900
15900,200,2000,"sd","09:06:05",62900
16000,300,20000,"bu","09:06:01",60900
16000,300,300,"bu","09:05:13",40900
16000,300,300,"bu","09:04:36",40600
16000,300,1000,"bu","09:03:57",40300
15900,200,200,"sd","09:03:56",39300
15900,200,100,"sd","09:02:56",39100
16000,300,3000,"bu","09:02:24",39000
15900,200,2800,"unknown","09:02:16",36000
15900,200,3300,"sd","09:01:52",33200
15900,200,26700,"sd","09:01:04",29900
15800,100,100,"bu","09:00:59",3200
15700,0,800,"bu","09:00:33",3100
15700,0,300,"bu","09:00:25",2300
15700,0,200,"bu","09:00:22",2000
15700,0,100,"bu","09:00:20",1800
15700,0,300,"bu","09:00:19",1700
15700,0,100,"bu","09:00:16",1400
15700,0,100,"bu","09:00:15",1300
15700,0,500,"bu","09:00:10",1200
15700,0,100,"bu","09:00:06",700
15700,0,600,"sd","09:00:04",600
