"price","change","match_qtty","side","time","total_vol"
16650,300,74700,"sd","14:45:01",4054800
16650,300,100,"sd","14:29:48",3980100
16650,300,1000,"sd","14:29:39",3980000
16700,350,1000,"bu","14:28:13",3979000
16700,350,5000,"bu","14:28:13",3978000
16700,350,1000,"bu","14:28:13",3973000
16700,350,500,"bu","14:28:13",3972000
16700,350,2500,"bu","14:28:13",3971500
16700,350,400,"bu","14:28:11",3969000
16700,350,2100,"sd","14:28:07",3968600
16700,350,400,"sd","14:28:06",3966500
16700,350,5000,"sd","14:28:06",3966100
16700,350,6500,"sd","14:28:03",3961100
16700,350,900,"sd","14:28:03",3954600
16700,350,500,"sd","14:28:03",3953700
16700,350,500,"sd","14:28:03",3953200
16700,350,1000,"sd","14:28:03",3952700
16700,350,4000,"bu","14:28:03",3951700
16700,350,4100,"bu","14:28:03",3947700
16700,350,400,"sd","14:27:44",3943600
16700,350,2800,"sd","14:27:44",3943200
16700,350,1000,"sd","14:27:44",3940400
16700,350,500,"sd","14:27:44",3939400
16700,350,200,"sd","14:27:44",3938900
16700,350,1000,"sd","14:27:44",3938700
16700,350,10000,"sd","14:27:44",3937700
16700,350,100,"sd","14:27:42",3927700
16700,350,300,"sd","14:27:41",3927600
16700,350,1800,"sd","14:27:36",3927300
16700,350,3200,"sd","14:27:36",3925500
16700,350,500,"sd","14:27:33",3922300
16750,400,100,"bu","14:27:27",3921800
16750,400,400,"bu","14:27:27",3921700
16700,350,800,"sd","14:27:24",3921300
16700,350,1000,"sd","14:27:13",3920500
16700,350,1500,"sd","14:27:13",3919500
16700,350,500,"sd","14:27:13",3918000
16750,400,2000,"bu","14:26:50",3917500
16700,350,18000,"sd","14:26:48",3915500
16700,350,17500,"sd","14:26:46",3897500
16700,350,200,"sd","14:26:46",3880000
16700,350,2300,"sd","14:26:46",3879800
16700,350,500,"sd","14:26:45",3877500
16700,350,200,"bu","14:26:37",3877000
16700,350,400,"bu","14:26:36",3876800
16700,350,300,"bu","14:26:36",3876400
16700,350,300,"bu","14:26:36",3876100
16700,350,1300,"sd","14:26:29",3875800
16750,400,25100,"bu","14:26:25",3874500
16750,400,800,"bu","14:26:25",3849400
16750,400,1000,"bu","14:26:25",3848600
16750,400,700,"bu","14:26:25",3847600
16750,400,1000,"bu","14:26:25",3846900
16750,400,400,"bu","14:26:25",3845900
16750,400,100,"bu","14:26:25",3845500
16750,400,600,"bu","14:26:25",3845400
16750,400,600,"bu","14:26:25",3844800
16750,400,9700,"bu","14:26:25",3844200
16700,350,200,"bu","14:26:22",3834500
16700,350,10000,"bu","14:26:22",3834300
16700,350,2000,"bu","14:26:22",3824300
16700,350,1000,"bu","14:26:22",3822300
16700,350,100,"bu","14:26:22",3821300
16700,350,400,"bu","14:26:22",3821200
16700,350,600,"bu","14:26:20",3820800
16700,350,900,"bu","14:26:20",3820200
16700,350,100,"bu","14:26:20",3819300
16700,350,1400,"bu","14:26:20",3819200
16700,350,600,"bu","14:26:11",3817800
16700,350,100,"bu","14:26:11",3817200
16700,350,900,"bu","14:25:40",3817100
16700,350,100,"bu","14:25:40",3816200
16700,350,10000,"bu","14:25:39",3816100
16700,350,100,"bu","14:25:35",3806100
16700,350,500,"bu","14:25:35",3806000
16700,350,500,"bu","14:25:35",3805500
16700,350,4400,"bu","14:25:35",3805000
16700,350,500,"bu","14:25:34",3800600
16700,350,1000,"bu","14:25:32",3800100
16700,350,800,"bu","14:25:32",3799100
16700,350,100,"bu","14:25:28",3798300
16700,350,600,"bu","14:25:14",3798200
16700,350,1000,"bu","14:25:14",3797600
16700,350,1000,"bu","14:25:14",3796600
16700,350,100,"bu","14:25:14",3795600
16700,350,1500,"bu","14:25:14",3795500
16700,350,100,"bu","14:25:14",3794000
16700,350,2000,"bu","14:25:14",3793900
16700,350,100,"bu","14:25:14",3791900
16700,350,1900,"bu","14:25:14",3791800
16700,350,3000,"bu","14:25:14",3789900
16650,300,4000,"bu","14:25:14",3786900
16700,350,5000,"bu","14:25:14",3782900
16650,300,500,"bu","14:25:14",3777900
16700,350,3000,"bu","14:25:14",3777400
16650,300,500,"bu","14:25:14",3774400
16700,350,100,"bu","14:25:14",3773900
16650,300,100,"bu","14:25:14",3773800
16700,350,600,"bu","14:25:14",3773700
16650,300,1000,"bu","14:25:14",3773100
16650,300,1700,"bu","14:25:14",3772100
16650,300,1300,"bu","14:25:10",3770400
16650,300,3700,"bu","14:25:10",3769100
16650,300,500,"bu","14:25:04",3765400
16650,300,6300,"bu","14:25:02",3764900
16650,300,2000,"bu","14:25:02",3758600
16650,300,700,"bu","14:25:02",3756600
16650,300,1300,"bu","14:24:55",3755900
16650,300,2000,"bu","14:24:55",3754600
16650,300,500,"bu","14:24:55",3752600
16650,300,16200,"bu","14:24:55",3752100
16650,300,5000,"bu","14:24:55",3735900
16650,300,8800,"bu","14:24:51",3730900
16650,300,2000,"bu","14:24:51",3722100
16650,300,3000,"bu","14:24:51",3720100
16650,300,5000,"bu","14:24:51",3717100
16650,300,200,"bu","14:24:51",3712100
16650,300,4600,"bu","14:24:43",3711900
16650,300,14000,"bu","14:24:42",3707300
16650,300,100,"bu","14:24:41",3693300
16650,300,2000,"bu","14:24:33",3693200
16650,300,10000,"bu","14:24:31",3691200
16600,250,200,"sd","14:24:26",3681200
16600,250,400,"sd","14:24:09",3681000
16600,250,11400,"bu","14:23:44",3680600
16600,250,500,"bu","14:23:39",3669200
16600,250,10000,"bu","14:23:39",3668700
16600,250,100,"bu","14:23:39",3658700
16600,250,5000,"bu","14:23:39",3658600
16600,250,600,"bu","14:23:39",3653600
16600,250,2000,"bu","14:23:39",3653000
16600,250,500,"unknown","14:23:39",3651000
16600,250,5000,"sd","14:23:39",3650500
16600,250,600,"sd","14:23:39",3645500
16600,250,100,"sd","14:23:39",3644900
16600,250,100,"sd","14:23:39",3644800
16600,250,300,"sd","14:23:39",3644700
16600,250,200,"sd","14:23:39",3644400
16600,250,7700,"sd","14:23:39",3644200
16600,250,2000,"sd","14:23:39",3636500
16600,250,3900,"sd","14:23:39",3634500
16600,250,700,"sd","14:23:36",3630600
16600,250,400,"sd","14:23:24",3629900
16600,250,1600,"sd","14:23:24",3629500
16650,300,100,"bu","14:23:14",3627900
16600,250,1000,"sd","14:23:09",3627800
16600,250,500,"sd","14:22:45",3626800
16600,250,500,"sd","14:22:17",3626300
16600,250,500,"sd","14:21:53",3625800
16600,250,500,"sd","14:21:47",3625300
16600,250,2000,"sd","14:21:32",3624800
16600,250,100,"sd","14:21:32",3622800
16600,250,2000,"sd","14:21:16",3622700
16600,250,1200,"bu","14:21:10",3620700
16600,250,100,"bu","14:21:10",3619500
16600,250,2000,"bu","14:21:10",3619400
16600,250,1000,"bu","14:21:10",3617400
16600,250,10000,"bu","14:21:10",3616400
16600,250,200,"bu","14:21:10",3606400
16600,250,16800,"bu","14:21:10",3606200
16550,200,700,"sd","14:21:05",3589400
16550,200,100,"sd","14:21:05",3588700
16550,200,100,"sd","14:20:35",3588600
16600,250,2000,"bu","14:20:30",3588500
16600,250,300,"bu","14:20:29",3586500
16600,250,300,"bu","14:20:24",3586200
16600,250,600,"bu","14:20:19",3585900
16600,250,1400,"bu","14:20:19",3585300
16600,250,100,"bu","14:20:15",3583900
16600,250,500,"bu","14:19:59",3583800
16600,250,2000,"bu","14:19:59",3583300
16600,250,1300,"bu","14:19:59",3581300
16600,250,500,"bu","14:19:59",3580000
16600,250,100,"bu","14:19:59",3579500
16600,250,600,"bu","14:19:59",3579400
16550,200,200,"sd","14:19:34",3578800
16550,200,1800,"sd","14:19:34",3578600
16550,200,200,"sd","14:19:20",3576800
16550,200,300,"sd","14:19:20",3576600
16550,200,2500,"sd","14:19:20",3576300
16550,200,500,"sd","14:19:16",3573800
16550,200,100,"sd","14:18:11",3573300
16600,250,200,"bu","14:17:54",3573200
16600,250,100,"bu","14:17:54",3573000
16600,250,300,"bu","14:17:30",3572900
16600,250,100,"bu","14:17:15",3572600
16600,250,500,"bu","14:17:02",3572500
16600,250,900,"sd","14:16:47",3572000
16600,250,100,"sd","14:16:47",3571100
16600,250,100,"sd","14:16:44",3571000
16600,250,500,"sd","14:16:39",3570900
16600,250,800,"sd","14:16:39",3570400
16600,250,200,"sd","14:16:39",3569600
16600,250,2000,"sd","14:16:23",3569400
16600,250,1000,"sd","14:16:20",3567400
16600,250,200,"sd","14:16:15",3566400
16600,250,2000,"sd","14:16:04",3566200
16600,250,1100,"bu","14:15:58",3564200
16600,250,900,"bu","14:15:58",3563100
16600,250,4100,"bu","14:15:58",3562200
16600,250,100,"sd","14:15:57",3558100
16600,250,800,"sd","14:15:57",3558000
16600,250,3200,"sd","14:15:54",3557200
16600,250,100,"sd","14:15:54",3554000
16600,250,600,"sd","14:15:54",3553900
16600,250,800,"sd","14:15:54",3553300
16600,250,300,"sd","14:15:54",3552500
16600,250,2000,"sd","14:15:54",3552200
16600,250,500,"sd","14:15:53",3550200
16600,250,500,"sd","14:15:49",3549700
16600,250,1000,"sd","14:15:49",3549200
16600,250,200,"sd","14:15:49",3548200
16600,250,2000,"sd","14:15:49",3548000
16600,250,500,"sd","14:15:49",3546000
16600,250,200,"sd","14:15:49",3545500
16600,250,500,"sd","14:15:49",3545300
16600,250,1000,"sd","14:15:49",3544800
16600,250,6000,"sd","14:15:49",3543800
16600,250,300,"sd","14:15:49",3537800
16600,250,5000,"sd","14:15:49",3537500
16600,250,4000,"sd","14:15:49",3532500
16600,250,600,"sd","14:15:49",3528500
16600,250,500,"sd","14:15:49",3527900
16600,250,300,"sd","14:15:49",3527400
16600,250,600,"sd","14:15:49",3527100
16600,250,1000,"sd","14:15:49",3526500
16600,250,100,"sd","14:15:49",3525500
16600,250,5700,"sd","14:15:49",3525400
16600,250,500,"sd","14:15:42",3519700
16600,250,5000,"sd","14:15:37",3519200
16600,250,2100,"sd","14:15:22",3514200
16600,250,2900,"sd","14:15:22",3512100
16600,250,6000,"sd","14:15:11",3509200
16600,250,3000,"sd","14:15:03",3503200
16600,250,900,"sd","14:15:02",3500200
16600,250,2500,"sd","14:14:57",3499300
16600,250,5000,"sd","14:14:48",3496800
16600,250,100,"sd","14:14:40",3491800
16600,250,2000,"sd","14:14:40",3491700
16600,250,3000,"sd","14:14:40",3489700
16600,250,1000,"sd","14:14:40",3486700
16600,250,100,"sd","14:14:40",3485700
16600,250,200,"sd","14:14:40",3485600
16600,250,500,"sd","14:14:40",3485400
16600,250,500,"sd","14:14:40",3484900
16600,250,100,"sd","14:14:40",3484400
16600,250,4700,"sd","14:14:40",3484300
16600,250,200,"sd","14:14:40",3479600
16600,250,1000,"sd","14:14:40",3479400
16600,250,100,"sd","14:14:40",3478400
16600,250,200,"sd","14:14:40",3478300
16600,250,400,"sd","14:14:40",3478100
16600,250,500,"sd","14:14:40",3477700
16600,250,500,"sd","14:14:40",3477200
16600,250,700,"sd","14:14:40",3476700
16600,250,400,"sd","14:14:40",3476000
16600,250,100,"sd","14:14:40",3475600
16600,250,3000,"sd","14:14:40",3475500
16600,250,200,"sd","14:14:40",3472500
16600,250,1000,"sd","14:14:40",3472300
16600,250,1000,"sd","14:14:40",3471300
16600,250,2000,"sd","14:14:40",3470300
16600,250,200,"sd","14:14:40",3468300
16600,250,10000,"sd","14:14:40",3468100
16600,250,17600,"sd","14:14:40",3458100
16600,250,200,"sd","14:14:40",3440500
16600,250,500,"sd","14:14:40",3440300
16600,250,100,"sd","14:14:33",3439800
16600,250,500,"sd","14:14:10",3439700
16600,250,100,"sd","14:13:34",3439200
16600,250,1000,"sd","14:13:14",3439100
16600,250,700,"sd","14:13:11",3438100
16600,250,100,"sd","14:13:11",3437400
16600,250,400,"sd","14:13:02",3437300
16600,250,100,"sd","14:13:02",3436900
16600,250,200,"sd","14:13:02",3436800
16600,250,4300,"sd","14:13:02",3436600
16600,250,5000,"sd","14:12:47",3432300
16650,300,4000,"bu","14:12:37",3427300
16600,250,700,"sd","14:12:25",3423300
16650,300,4000,"bu","14:12:21",3422600
16650,300,1000,"bu","14:12:12",3418600
16650,300,3200,"bu","14:12:12",3417600
16650,300,1000,"sd","14:12:02",3414400
16650,300,300,"sd","14:12:02",3413400
16650,300,1000,"sd","14:12:02",3413100
16650,300,3300,"sd","14:12:02",3412100
16650,300,5000,"sd","14:12:02",3408800
16650,300,100,"sd","14:12:02",3403800
16650,300,500,"sd","14:12:02",3403700
16650,300,100,"sd","14:12:02",3403200
16650,300,200,"sd","14:12:02",3403100
16650,300,300,"sd","14:12:02",3402900
16650,300,100,"sd","14:12:01",3402600
16650,300,100,"sd","14:12:01",3402500
16650,300,500,"sd","14:12:01",3402400
16650,300,3700,"sd","14:12:01",3401900
16650,300,400,"sd","14:12:01",3398200
16650,300,200,"sd","14:12:00",3397800
16700,350,2800,"bu","14:11:55",3397600
16700,350,1000,"bu","14:11:55",3394800
16650,300,1000,"sd","14:11:54",3393800
16650,300,100,"sd","14:11:53",3392800
16650,300,900,"sd","14:11:52",3392700
16650,300,600,"sd","14:11:42",3391800
16650,300,500,"sd","14:11:42",3391200
16650,300,900,"sd","14:11:42",3390700
16650,300,100,"sd","14:11:42",3389800
16650,300,100,"sd","14:11:42",3389700
16650,300,500,"sd","14:11:42",3389600
16650,300,300,"sd","14:11:42",3389100
16650,300,400,"sd","14:11:39",3388800
16650,300,300,"sd","14:11:26",3388400
16650,300,800,"sd","14:11:26",3388100
16650,300,100,"sd","14:11:26",3387300
16650,300,200,"sd","14:11:26",3387200
16650,300,100,"sd","14:11:26",3387000
16650,300,200,"sd","14:11:26",3386900
16650,300,100,"sd","14:11:26",3386700
16650,300,500,"sd","14:11:26",3386600
16650,300,300,"sd","14:11:26",3386100
16650,300,2000,"sd","14:11:26",3385800
16650,300,200,"sd","14:11:26",3383800
16650,300,100,"sd","14:11:26",3383600
16650,300,100,"sd","14:11:26",3383500
16650,300,100,"sd","14:11:26",3383400
16650,300,300,"sd","14:11:26",3383300
16650,300,200,"sd","14:11:26",3383000
16650,300,100,"sd","14:11:24",3382800
16650,300,1000,"sd","14:11:24",3382700
16650,300,1000,"sd","14:11:24",3381700
16650,300,100,"sd","14:11:24",3380700
16650,300,300,"sd","14:11:24",3380600
16650,300,400,"sd","14:11:24",3380300
16650,300,2000,"sd","14:11:24",3379900
16650,300,100,"sd","14:11:24",3377900
16650,300,9900,"sd","14:11:23",3377800
16650,300,1000,"sd","14:11:23",3367900
16650,300,500,"sd","14:11:23",3366900
16650,300,500,"sd","14:11:23",3366400
16650,300,1000,"sd","14:11:23",3365900
16650,300,300,"sd","14:11:23",3364900
16650,300,200,"sd","14:11:23",3364600
16650,300,900,"sd","14:11:23",3364400
16650,300,11700,"sd","14:11:23",3363500
16650,300,1700,"sd","14:11:07",3351800
16650,300,5700,"sd","14:10:28",3350100
16650,300,1000,"sd","14:09:58",3344400
16700,350,1000,"bu","14:09:56",3343400
16700,350,200,"bu","14:09:56",3342400
16700,350,1000,"bu","14:09:04",3342200
16700,350,200,"bu","14:08:30",3341200
16700,350,100,"bu","14:08:30",3341000
16700,350,2600,"bu","14:08:24",3340900
16700,350,900,"bu","14:08:24",3338300
16700,350,5000,"bu","14:08:24",3337400
16700,350,100,"bu","14:08:24",3332400
16700,350,500,"bu","14:08:24",3332300
16700,350,2000,"bu","14:08:24",3331800
16700,350,900,"bu","14:08:24",3329800
16700,350,1000,"bu","14:08:10",3328900
16650,300,100,"sd","14:08:08",3327900
16700,350,3100,"bu","14:08:02",3327800
16700,350,1900,"bu","14:08:02",3324700
16700,350,3000,"bu","14:08:01",3322800
16700,350,100,"bu","14:07:40",3319800
16700,350,100,"bu","14:07:40",3319700
16700,350,900,"bu","14:07:40",3319600
16700,350,100,"bu","14:07:30",3318700
16700,350,500,"sd","14:07:29",3318600
16700,350,200,"sd","14:07:29",3318100
16700,350,4000,"sd","14:07:25",3317900
16700,350,1000,"sd","14:07:25",3313900
16700,350,4000,"sd","14:07:22",3312900
16700,350,500,"sd","14:07:19",3308900
16700,350,500,"sd","14:07:19",3308400
16700,350,200,"sd","14:07:19",3307900
16700,350,300,"sd","14:07:19",3307700
16700,350,1000,"sd","14:07:16",3307400
16700,350,500,"sd","14:07:15",3306400
16700,350,200,"sd","14:07:10",3305900
16700,350,200,"sd","14:07:10",3305700
16700,350,1000,"sd","14:07:10",3305500
16700,350,3000,"sd","14:07:10",3304500
16700,350,600,"sd","14:07:10",3301500
16700,350,3000,"sd","14:07:00",3300900
16700,350,100,"sd","14:07:00",3297900
16700,350,400,"sd","14:06:57",3297800
16700,350,500,"sd","14:06:57",3297400
16700,350,100,"sd","14:06:57",3296900
16700,350,100,"sd","14:06:56",3296800
16700,350,9500,"sd","14:06:54",3296700
16700,350,10500,"sd","14:06:54",3287200
16700,350,400,"sd","14:06:50",3276700
16700,350,500,"sd","14:06:48",3276300
16700,350,6100,"sd","14:06:46",3275800
16700,350,200,"sd","14:06:44",3269700
16700,350,8300,"sd","14:06:42",3269500
16700,350,1700,"sd","14:06:42",3261200
16700,350,1000,"sd","14:06:39",3259500
16700,350,500,"sd","14:06:39",3258500
16700,350,800,"sd","14:06:33",3258000
16700,350,300,"sd","14:06:33",3257200
16700,350,1900,"sd","14:06:33",3256900
16700,350,1100,"sd","14:06:25",3255000
16700,350,1000,"sd","14:06:25",3253900
16700,350,400,"sd","14:06:25",3252900
16700,350,900,"sd","14:06:19",3252500
16700,350,1000,"sd","14:06:19",3251600
16700,350,100,"sd","14:06:19",3250600
16700,350,500,"sd","14:06:09",3250500
16700,350,400,"sd","14:06:06",3250000
16700,350,100,"sd","14:06:06",3249600
16700,350,500,"sd","14:06:06",3249500
16700,350,200,"sd","14:06:00",3249000
16700,350,2800,"sd","14:06:00",3248800
16700,350,1000,"sd","14:05:55",3246000
16700,350,1200,"sd","14:05:39",3245000
16700,350,1700,"sd","14:05:39",3243800
16700,350,900,"sd","14:05:39",3242100
16700,350,1200,"sd","14:05:39",3241200
16750,400,300,"bu","14:05:33",3240000
16750,400,1700,"bu","14:05:33",3239700
16700,350,100,"sd","14:05:32",3238000
16700,350,1700,"sd","14:05:15",3237900
16700,350,300,"sd","14:05:15",3236200
16700,350,100,"sd","14:05:15",3235900
16700,350,1900,"sd","14:05:15",3235800
16700,350,300,"sd","14:05:15",3233900
16700,350,3800,"sd","14:05:15",3233600
16700,350,10000,"sd","14:05:15",3229800
16700,350,500,"sd","14:05:15",3219800
16700,350,400,"sd","14:05:15",3219300
16750,400,800,"bu","14:05:06",3218900
16750,400,100,"bu","14:05:06",3218100
16750,400,200,"bu","14:05:06",3218000
16750,400,3000,"bu","14:05:06",3217800
16750,400,2900,"bu","14:05:06",3214800
16750,400,700,"bu","14:05:03",3211900
16750,400,1000,"bu","14:05:03",3211200
16750,400,100,"bu","14:05:03",3210200
16750,400,30000,"bu","14:05:03",3210100
16750,400,500,"bu","14:05:03",3180100
16750,400,1000,"bu","14:05:03",3179600
16750,400,100,"bu","14:05:03",3178600
16750,400,5000,"bu","14:05:03",3178500
16750,400,2300,"bu","14:05:03",3173500
16750,400,1000,"bu","14:05:03",3171200
16750,400,100,"bu","14:05:03",3170200
16750,400,5000,"bu","14:05:03",3170100
16750,400,2000,"bu","14:05:03",3165100
16750,400,9000,"bu","14:05:03",3163100
16750,400,700,"bu","14:05:03",3154100
16750,400,1000,"bu","14:05:03",3153400
16750,400,500,"bu","14:05:03",3152400
16750,400,1200,"bu","14:04:55",3151900
16750,400,100,"bu","14:04:55",3150700
16750,400,1000,"bu","14:04:55",3150600
16750,400,7700,"bu","14:04:55",3149600
16750,400,2300,"bu","14:04:08",3141900
16750,400,2700,"bu","14:04:08",3139600
16700,350,100,"sd","14:04:05",3136900
16700,350,1000,"sd","14:04:03",3136800
16700,350,2000,"sd","14:03:59",3135800
16700,350,600,"sd","14:03:43",3133800
16750,400,3000,"bu","14:03:25",3133200
16700,350,100,"bu","14:03:06",3130200
16700,350,1200,"bu","14:03:06",3130100
16700,350,4600,"bu","14:03:06",3128900
16700,350,500,"bu","14:03:06",3124300
16700,350,500,"bu","14:02:52",3123800
16700,350,500,"bu","14:02:47",3123300
16700,350,500,"sd","14:02:44",3122800
16700,350,3000,"sd","14:02:44",3122300
16700,350,400,"sd","14:02:44",3119300
16750,400,100,"bu","14:02:41",3118900
16700,350,100,"sd","14:02:38",3118800
16700,350,100,"sd","14:02:38",3118700
16700,350,100,"sd","14:02:38",3118600
16700,350,700,"sd","14:02:38",3118500
16700,350,100,"sd","14:02:35",3117800
16750,400,300,"bu","14:02:32",3117700
16750,400,600,"bu","14:02:32",3117400
16750,400,500,"bu","14:02:32",3116800
16700,350,700,"sd","14:02:25",3116300
16700,350,300,"sd","14:02:21",3115600
16700,350,1200,"sd","14:02:21",3115300
16700,350,1000,"sd","14:02:20",3114100
16700,350,2000,"sd","14:02:19",3113100
16700,350,100,"bu","14:02:17",3111100
16700,350,300,"bu","14:02:17",3111000
16700,350,500,"bu","14:02:17",3110700
16700,350,500,"bu","14:02:17",3110200
16700,350,7300,"bu","14:02:17",3109700
16700,350,5000,"bu","14:02:17",3102400
16700,350,1000,"bu","14:02:17",3097400
16700,350,500,"bu","14:02:17",3096400
16700,350,500,"bu","14:02:17",3095900
16700,350,100,"bu","14:02:17",3095400
16700,350,300,"bu","14:02:15",3095300
16700,350,900,"bu","14:02:12",3095000
16700,350,1500,"bu","14:02:11",3094100
16700,350,500,"bu","14:02:11",3092600
16700,350,2500,"bu","14:02:09",3092100
16700,350,1000,"bu","14:02:09",3089600
16700,350,300,"bu","14:02:09",3088600
16700,350,100,"bu","14:02:09",3088300
16700,350,1100,"bu","14:02:09",3088200
16700,350,900,"bu","14:02:07",3087100
16700,350,300,"bu","14:02:07",3086200
16700,350,200,"bu","14:02:06",3085900
16700,350,100,"bu","14:02:06",3085700
16700,350,3700,"bu","14:02:06",3085600
16700,350,10000,"bu","14:02:03",3081900
16700,350,6300,"bu","14:02:01",3071900
16700,350,1000,"bu","14:02:01",3065600
16700,350,1000,"bu","14:02:01",3064600
16700,350,11700,"bu","14:02:01",3063600
16700,350,2000,"bu","14:02:00",3051900
16700,350,5000,"bu","14:01:59",3049900
16700,350,1300,"bu","14:01:58",3044900
16700,350,100,"bu","14:01:58",3043600
16700,350,100,"bu","14:01:58",3043500
16700,350,1000,"bu","14:01:58",3043400
16700,350,500,"bu","14:01:58",3042400
16700,350,2000,"bu","14:01:58",3041900
16700,350,100,"bu","14:01:58",3039900
16700,350,2900,"bu","14:01:58",3039800
16700,350,3100,"bu","14:01:58",3036900
16700,350,1000,"bu","14:01:57",3033800
16700,350,3200,"bu","14:01:54",3032800
16700,350,400,"bu","14:01:53",3029600
16700,350,18800,"bu","14:01:53",3029200
16700,350,1200,"bu","14:01:53",3010400
16700,350,1000,"bu","14:01:49",3009200
16700,350,2800,"bu","14:01:47",3008200
16700,350,3000,"bu","14:01:47",3005400
16700,350,100,"bu","14:01:47",3002400
16700,350,2000,"bu","14:01:47",3002300
16700,350,1000,"bu","14:01:47",3000300
16700,350,300,"bu","14:01:47",2999300
16700,350,800,"bu","14:01:47",2999000
16700,350,1200,"bu","14:01:46",2998200
16700,350,1800,"bu","14:01:46",2997000
16700,350,1000,"bu","14:01:45",2995200
16700,350,100,"bu","14:01:42",2994200
16700,350,9000,"bu","14:01:42",2994100
16700,350,100,"bu","14:01:40",2985100
16700,350,700,"bu","14:01:39",2985000
16700,350,200,"bu","14:01:39",2984300
16700,350,600,"bu","14:01:39",2984100
16700,350,200,"bu","14:01:33",2983500
16700,350,500,"bu","14:01:32",2983300
16700,350,1700,"bu","14:01:31",2982800
16700,350,600,"bu","14:01:31",2981100
16700,350,400,"bu","14:01:31",2980500
16700,350,300,"bu","14:01:31",2980100
16700,350,200,"bu","14:01:28",2979800
16650,300,700,"sd","14:01:25",2979600
16700,350,500,"bu","14:01:24",2978900
16700,350,400,"bu","14:01:24",2978400
16700,350,4000,"bu","14:01:24",2978000
16700,350,400,"bu","14:01:24",2974000
16700,350,1300,"bu","14:01:24",2973600
16700,350,100,"bu","14:01:24",2972300
16700,350,100,"bu","14:01:23",2972200
16700,350,100,"bu","14:01:23",2972100
16700,350,500,"bu","14:01:23",2972000
16700,350,300,"bu","14:01:23",2971500
16700,350,300,"bu","14:01:17",2971200
16700,350,100,"bu","14:01:06",2970900
16700,350,300,"bu","14:00:59",2970800
16700,350,500,"bu","14:00:59",2970500
16700,350,1200,"bu","14:00:59",2970000
16700,350,300,"bu","14:00:55",2968800
16650,300,1000,"sd","14:00:43",2968500
16650,300,100,"sd","14:00:23",2967500
16700,350,1000,"bu","14:00:20",2967400
16650,300,6000,"sd","14:00:14",2966400
16650,300,1000,"sd","14:00:08",2960400
16650,300,3000,"sd","14:00:05",2959400
16700,350,1500,"bu","13:59:59",2956400
16700,350,1000,"bu","13:59:59",2954900
16700,350,1000,"bu","13:59:59",2953900
16700,350,11800,"bu","13:59:59",2952900
16650,300,100,"sd","13:59:56",2941100
16650,300,1000,"sd","13:59:49",2941000
16650,300,1000,"sd","13:59:32",2940000
16650,300,1000,"sd","13:59:29",2939000
16700,350,500,"bu","13:59:25",2938000
16650,300,100,"sd","13:59:04",2937500
16650,300,5000,"sd","13:59:01",2937400
16650,300,5000,"sd","13:58:40",2932400
16650,300,100,"sd","13:58:33",2927400
16650,300,500,"sd","13:58:23",2927300
16650,300,1000,"sd","13:58:22",2926800
16650,300,500,"sd","13:58:22",2925800
16650,300,2000,"sd","13:58:18",2925300
16650,300,700,"bu","13:58:16",2923300
16650,300,300,"bu","13:58:16",2922600
16650,300,700,"bu","13:58:16",2922300
16650,300,500,"bu","13:58:11",2921600
16650,300,3000,"bu","13:58:11",2921100
16650,300,100,"bu","13:58:11",2918100
16650,300,500,"bu","13:58:11",2918000
16650,300,600,"bu","13:58:11",2917500
16650,300,400,"sd","13:58:03",2916900
16700,350,2600,"bu","13:57:47",2916500
16650,300,200,"sd","13:57:30",2913900
16650,300,2000,"bu","13:57:25",2913700
16650,300,100,"bu","13:57:17",2911700
16650,300,500,"bu","13:57:16",2911600
16650,300,1000,"sd","13:57:13",2911100
16650,300,200,"sd","13:57:13",2910100
16650,300,100,"sd","13:57:13",2909900
16650,300,100,"sd","13:57:13",2909800
16650,300,300,"sd","13:57:11",2909700
16650,300,200,"sd","13:57:11",2909400
16650,300,500,"sd","13:57:11",2909200
16650,300,100,"sd","13:57:11",2908700
16650,300,900,"sd","13:57:11",2908600
16650,300,1200,"sd","13:57:09",2907700
16650,300,1000,"sd","13:57:04",2906500
16650,300,6900,"sd","13:57:00",2905500
16650,300,1500,"sd","13:57:00",2898600
16650,300,100,"sd","13:57:00",2897100
16650,300,3000,"sd","13:57:00",2897000
16650,300,500,"sd","13:57:00",2894000
16650,300,10000,"sd","13:57:00",2893500
16650,300,200,"sd","13:57:00",2883500
16650,300,100,"sd","13:57:00",2883300
16650,300,200,"sd","13:57:00",2883200
16650,300,100,"sd","13:57:00",2883000
16650,300,7400,"sd","13:57:00",2882900
16700,350,500,"bu","13:56:51",2875500
16700,350,400,"bu","13:56:41",2875000
16650,300,100,"sd","13:56:36",2874600
16700,350,200,"bu","13:56:32",2874500
16700,350,1000,"bu","13:56:32",2874300
16700,350,6800,"bu","13:56:32",2873300
16700,350,10900,"bu","13:56:27",2866500
16700,350,3000,"bu","13:56:26",2855600
16700,350,500,"bu","13:56:23",2852600
16700,350,10000,"bu","13:56:17",2852100
16700,350,3000,"sd","13:55:47",2842100
16700,350,300,"sd","13:55:47",2839100
16700,350,600,"sd","13:55:46",2838800
16700,350,2000,"sd","13:55:46",2838200
16700,350,7200,"sd","13:55:46",2836200
16700,350,1000,"sd","13:55:46",2829000
16700,350,300,"sd","13:55:46",2828000
16700,350,1500,"sd","13:55:46",2827700
16700,350,1000,"sd","13:55:46",2826200
16700,350,100,"sd","13:55:46",2825200
16700,350,900,"sd","13:55:46",2825100
16700,350,100,"sd","13:55:46",2824200
16700,350,1700,"sd","13:55:46",2824100
16700,350,500,"sd","13:55:46",2822400
16700,350,500,"sd","13:55:46",2821900
16700,350,400,"sd","13:55:46",2821400
16700,350,700,"sd","13:55:46",2821000
16700,350,1600,"sd","13:55:46",2820300
16700,350,2500,"sd","13:55:46",2818700
16700,350,500,"sd","13:55:46",2816200
16700,350,100,"sd","13:55:46",2815700
16700,350,500,"sd","13:55:46",2815600
16700,350,1100,"sd","13:55:46",2815100
16700,350,1700,"sd","13:55:46",2814000
16700,350,300,"sd","13:55:46",2812300
16700,350,200,"sd","13:55:46",2812000
16700,350,1000,"sd","13:55:46",2811800
16700,350,2000,"sd","13:55:46",2810800
16700,350,200,"sd","13:55:45",2808800
16700,350,100,"sd","13:55:45",2808600
16700,350,4000,"sd","13:55:45",2808500
16700,350,2500,"sd","13:55:45",2804500
16700,350,200,"sd","13:55:45",2802000
16700,350,1700,"sd","13:55:45",2801800
16700,350,1300,"sd","13:55:45",2800100
16700,350,4000,"sd","13:55:44",2798800
16700,350,200,"sd","13:55:41",2794800
16700,350,5000,"sd","13:55:39",2794600
16700,350,2000,"sd","13:55:36",2789600
16750,400,100,"bu","13:55:30",2787600
16700,350,100,"sd","13:55:30",2787500
16700,350,500,"sd","13:55:29",2787400
16700,350,500,"sd","13:55:27",2786900
16700,350,3700,"sd","13:55:22",2786400
16700,350,1000,"sd","13:55:22",2782700
16700,350,200,"sd","13:55:22",2781700
16700,350,500,"sd","13:55:22",2781500
16700,350,4600,"sd","13:55:22",2781000
16700,350,100,"sd","13:55:22",2776400
16700,350,2000,"sd","13:55:22",2776300
16750,400,300,"bu","13:55:15",2774300
16700,350,3300,"sd","13:55:11",2774000
16700,350,1500,"sd","13:55:11",2770700
16700,350,3000,"sd","13:55:11",2769200
16700,350,500,"sd","13:55:11",2766200
16700,350,100,"sd","13:55:09",2765700
16750,400,700,"bu","13:55:07",2765600
16700,350,1000,"sd","13:55:02",2764900
16750,400,3600,"bu","13:55:02",2763900
16750,400,1000,"bu","13:55:02",2760300
16750,400,5000,"bu","13:55:02",2759300
16750,400,1000,"bu","13:55:02",2754300
16750,400,100,"bu","13:55:02",2753300
16750,400,1000,"bu","13:55:02",2753200
16750,400,200,"bu","13:55:02",2752200
16750,400,8100,"bu","13:55:02",2752000
16700,350,5000,"sd","13:54:57",2743900
16700,350,400,"sd","13:54:57",2738900
16700,350,100,"sd","13:54:57",2738500
16700,350,1900,"sd","13:54:55",2738400
16700,350,8100,"sd","13:54:55",2736500
16700,350,500,"sd","13:54:55",2728400
16750,400,1000,"bu","13:54:46",2727900
16700,350,5000,"sd","13:54:41",2726900
16750,400,500,"bu","13:54:38",2721900
16750,400,400,"bu","13:54:33",2721400
16750,400,1600,"bu","13:54:33",2721000
16750,400,200,"bu","13:54:21",2719400
16750,400,800,"bu","13:54:21",2719200
16750,400,200,"bu","13:54:20",2718400
16750,400,800,"bu","13:54:20",2718200
16750,400,2200,"bu","13:54:15",2717400
16750,400,300,"bu","13:54:15",2715200
16750,400,2500,"bu","13:54:15",2714900
16750,400,300,"bu","13:54:14",2712400
16750,400,1200,"bu","13:54:11",2712100
16750,400,200,"bu","13:54:11",2710900
16750,400,500,"bu","13:54:11",2710700
16750,400,100,"bu","13:54:11",2710200
16750,400,1000,"bu","13:54:11",2710100
16750,400,500,"bu","13:54:07",2709100
16750,400,500,"bu","13:54:04",2708600
16750,400,500,"bu","13:54:04",2708100
16750,400,100,"bu","13:54:03",2707600
16750,400,6000,"bu","13:53:48",2707500
16750,400,100,"bu","13:53:47",2701500
16750,400,600,"sd","13:53:46",2701400
16750,400,1700,"sd","13:53:46",2700800
16750,400,1000,"sd","13:53:46",2699100
16750,400,2000,"sd","13:53:44",2698100
16750,400,1000,"sd","13:53:43",2696100
16750,400,5000,"bu","13:53:42",2695100
16750,400,2000,"bu","13:53:42",2690100
16750,400,3000,"bu","13:53:41",2688100
16750,400,100,"bu","13:53:41",2685100
16750,400,5300,"bu","13:53:41",2685000
16750,400,700,"bu","13:53:38",2679700
16750,400,100,"bu","13:53:36",2679000
16750,400,5000,"bu","13:53:34",2678900
16750,400,100,"bu","13:53:34",2673900
16750,400,100,"bu","13:53:34",2673800
16750,400,2000,"bu","13:53:34",2673700
16750,400,1000,"bu","13:53:34",2671700
16750,400,200,"bu","13:53:34",2670700
16750,400,500,"bu","13:53:34",2670500
16750,400,500,"sd","13:53:33",2670000
16750,400,2000,"sd","13:53:33",2669500
16750,400,6100,"sd","13:53:33",2667500
16800,450,600,"bu","13:53:31",2661400
16800,450,500,"bu","13:53:25",2660800
16750,400,800,"sd","13:53:24",2660300
16750,400,100,"sd","13:53:22",2659500
16750,400,2000,"sd","13:53:21",2659400
16750,400,1000,"sd","13:53:19",2657400
16750,400,4000,"sd","13:53:19",2656400
16750,400,2000,"bu","13:53:17",2652400
16750,400,200,"bu","13:53:17",2650400
16750,400,300,"bu","13:53:17",2650200
16750,400,11700,"bu","13:53:17",2649900
16750,400,1000,"bu","13:53:16",2638200
16750,400,2000,"bu","13:53:16",2637200
16750,400,100,"bu","13:53:14",2635200
16750,400,5000,"sd","13:53:14",2635100
16750,400,5000,"sd","13:53:14",2630100
16750,400,1100,"sd","13:53:14",2625100
16750,400,900,"sd","13:53:14",2624000
16750,400,200,"sd","13:53:14",2623100
16750,400,3000,"sd","13:53:14",2622900
16750,400,5000,"sd","13:53:14",2619900
16750,400,2000,"sd","13:53:13",2614900
16750,400,38900,"sd","13:53:13",2612900
16750,400,100,"sd","13:53:13",2574000
16750,400,1000,"bu","13:53:11",2573900
16750,400,1000,"bu","13:53:10",2572900
16750,400,100,"bu","13:53:10",2571900
16750,400,300,"bu","13:53:10",2571800
16750,400,800,"bu","13:53:10",2571500
16750,400,100,"bu","13:53:10",2570700
16750,400,400,"bu","13:53:10",2570600
16750,400,100,"bu","13:53:10",2570200
16750,400,400,"bu","13:53:09",2570100
16750,400,3600,"bu","13:53:09",2569700
16750,400,26400,"bu","13:53:09",2566100
16750,400,1000,"bu","13:53:09",2539700
16750,400,200,"bu","13:53:09",2538700
16750,400,400,"bu","13:53:09",2538500
16750,400,600,"bu","13:53:08",2538100
16750,400,2100,"bu","13:53:08",2537500
16750,400,5700,"bu","13:53:08",2535400
16750,400,4300,"bu","13:53:08",2529700
16750,400,1000,"bu","13:53:07",2525400
16750,400,30000,"bu","13:53:04",2524400
16750,400,2000,"bu","13:53:03",2494400
16750,400,500,"bu","13:53:02",2492400
16700,350,1000,"sd","13:52:59",2491900
16750,400,4000,"bu","13:52:59",2490900
16750,400,8200,"bu","13:52:58",2486900
16750,400,1000,"bu","13:52:58",2478700
16750,400,500,"bu","13:52:58",2477700
16750,400,300,"bu","13:52:58",2477200
16750,400,500,"bu","13:52:57",2476900
16750,400,100,"bu","13:52:57",2476400
16750,400,300,"bu","13:52:57",2476300
16750,400,400,"bu","13:52:55",2476000
16750,400,6500,"bu","13:52:51",2475600
16750,400,1000,"bu","13:52:50",2469100
16750,400,7400,"bu","13:52:50",2468100
16750,400,800,"bu","13:52:50",2460700
16750,400,500,"bu","13:52:50",2459900
16750,400,100,"bu","13:52:50",2459400
16750,400,300,"bu","13:52:50",2459300
16750,400,300,"bu","13:52:50",2459000
16750,400,300,"bu","13:52:50",2458700
16750,400,1000,"bu","13:52:50",2458400
16750,400,1500,"bu","13:52:50",2457400
16750,400,300,"bu","13:52:50",2455900
16750,400,3700,"bu","13:52:49",2455600
16750,400,300,"bu","13:52:49",2451900
16700,350,100,"sd","13:52:41",2451600
16700,350,400,"sd","13:52:39",2451500
16700,350,5000,"sd","13:52:20",2451100
16700,350,1000,"sd","13:52:20",2446100
16700,350,100,"sd","13:52:20",2445100
16700,350,600,"sd","13:52:20",2445000
16700,350,1000,"sd","13:52:20",2444400
16700,350,500,"sd","13:52:20",2443400
16700,350,400,"sd","13:52:20",2442900
16700,350,5000,"sd","13:52:20",2442500
16700,350,200,"bu","13:52:20",2437500
16700,350,8000,"bu","13:52:19",2437300
16700,350,200,"bu","13:52:19",2429300
16700,350,100,"bu","13:52:19",2429100
16700,350,2600,"bu","13:52:19",2429000
16700,350,1400,"bu","13:52:19",2426400
16700,350,2000,"bu","13:52:19",2425000
16700,350,500,"bu","13:52:19",2423000
16700,350,1000,"bu","13:52:19",2422500
16700,350,1000,"bu","13:52:19",2421500
16700,350,300,"bu","13:52:19",2420500
16700,350,500,"bu","13:52:19",2420200
16700,350,500,"bu","13:52:19",2419700
16700,350,8800,"bu","13:52:19",2419200
16700,350,200,"bu","13:52:18",2410400
16700,350,5800,"bu","13:52:18",2410200
16700,350,200,"bu","13:52:18",2404400
16700,350,10000,"bu","13:52:17",2404200
16700,350,200,"bu","13:52:16",2394200
16700,350,500,"bu","13:52:16",2394000
16700,350,6000,"bu","13:52:16",2393500
16700,350,17900,"bu","13:52:15",2387500
16700,350,400,"bu","13:52:13",2369600
16700,350,1000,"bu","13:52:13",2369200
16700,350,3000,"bu","13:52:13",2368200
16700,350,1500,"bu","13:52:13",2365200
16700,350,100,"bu","13:52:11",2363700
16700,350,500,"bu","13:52:09",2363600
16700,350,20000,"bu","13:52:09",2363100
16700,350,6000,"bu","13:52:09",2343100
16700,350,2000,"bu","13:52:09",2337100
16700,350,2000,"bu","13:52:09",2335100
16700,350,600,"bu","13:52:09",2333100
16700,350,5500,"bu","13:52:09",2332500
16700,350,3400,"bu","13:52:09",2327000
16700,350,1500,"bu","13:52:09",2323600
16700,350,500,"bu","13:52:09",2322100
16700,350,4500,"bu","13:52:08",2321600
16700,350,100,"bu","13:52:08",2317100
16700,350,400,"bu","13:52:08",2317000
16700,350,600,"bu","13:52:06",2316600
16700,350,400,"bu","13:52:06",2316000
16700,350,1000,"bu","13:52:04",2315600
16700,350,500,"bu","13:52:04",2314600
16700,350,900,"bu","13:52:04",2314100
16700,350,200,"bu","13:52:04",2313200
16700,350,300,"bu","13:52:04",2313000
16700,350,500,"bu","13:52:03",2312700
16700,350,500,"bu","13:51:57",2312200
16650,300,700,"sd","13:51:56",2311700
16650,300,100,"sd","13:51:50",2311000
16700,350,1700,"bu","13:51:49",2310900
16700,350,300,"bu","13:51:49",2309200
16650,300,500,"sd","13:51:45",2308900
16650,300,100,"sd","13:51:44",2308400
16650,300,500,"bu","13:51:39",2308300
16650,300,200,"bu","13:51:39",2307800
16650,300,4800,"bu","13:51:39",2307600
16650,300,100,"bu","13:51:39",2302800
16650,300,100,"bu","13:51:39",2302700
16650,300,1000,"bu","13:51:38",2302600
16650,300,100,"bu","13:51:38",2301600
16650,300,900,"bu","13:51:38",2301500
16650,300,100,"bu","13:51:37",2300600
16650,300,800,"bu","13:51:37",2300500
16650,300,23100,"bu","13:51:37",2299700
16650,300,200,"bu","13:51:37",2276600
16650,300,6000,"bu","13:51:36",2276400
16650,300,700,"bu","13:51:35",2270400
16650,300,1400,"bu","13:51:35",2269700
16650,300,200,"bu","13:51:35",2268300
16650,300,300,"bu","13:51:35",2268100
16650,300,500,"bu","13:51:35",2267800
16650,300,100,"bu","13:51:35",2267300
16650,300,9900,"bu","13:51:35",2267200
16650,300,3000,"bu","13:51:35",2257300
16650,300,200,"bu","13:51:33",2254300
16650,300,100,"bu","13:51:32",2254100
16650,300,6700,"bu","13:51:29",2254000
16650,300,300,"bu","13:51:29",2247300
16650,300,3000,"bu","13:51:29",2247000
16600,250,3000,"bu","13:51:21",2244000
16600,250,100,"bu","13:51:21",2241000
16600,250,800,"bu","13:51:21",2240900
16600,250,500,"bu","13:51:21",2240100
16600,250,500,"bu","13:51:19",2239600
16600,250,300,"bu","13:51:19",2239100
16600,250,2900,"bu","13:51:18",2238800
16600,250,1000,"bu","13:51:17",2235900
16600,250,300,"bu","13:51:15",2234900
16600,250,2000,"bu","13:51:15",2234600
16600,250,1700,"bu","13:51:14",2232600
16600,250,700,"bu","13:51:14",2230900
16600,250,100,"bu","13:51:14",2230200
16600,250,300,"bu","13:51:14",2230100
16600,250,1200,"bu","13:51:14",2229800
16600,250,200,"bu","13:51:14",2228600
16600,250,1400,"bu","13:51:13",2228400
16600,250,100,"bu","13:51:13",2227000
16600,250,100,"bu","13:51:13",2226900
16600,250,1000,"bu","13:51:13",2226800
16600,250,100,"bu","13:51:13",2225800
16600,250,30000,"bu","13:51:13",2225700
16600,250,600,"bu","13:51:13",2195700
16600,250,500,"bu","13:51:13",2195100
16600,250,300,"bu","13:51:13",2194600
16600,250,500,"bu","13:51:13",2194300
16600,250,3000,"bu","13:51:13",2193800
16600,250,3300,"bu","13:51:13",2190800
16600,250,500,"bu","13:51:13",2187500
16600,250,600,"bu","13:51:13",2187000
16600,250,100,"bu","13:51:13",2186400
16600,250,2000,"bu","13:51:13",2186300
16600,250,3000,"bu","13:51:13",2184300
16600,250,1000,"bu","13:51:13",2181300
16600,250,1900,"bu","13:51:13",2180300
16600,250,100,"bu","13:51:13",2178400
16600,250,300,"bu","13:51:13",2178300
16600,250,200,"bu","13:51:12",2178000
16600,250,100,"bu","13:51:12",2177800
16600,250,500,"bu","13:51:12",2177700
16600,250,100,"bu","13:51:12",2177200
16600,250,500,"bu","13:51:12",2177100
16600,250,500,"bu","13:51:12",2176600
16600,250,500,"bu","13:51:12",2176100
16600,250,400,"bu","13:51:12",2175600
16600,250,2200,"bu","13:51:12",2175200
16600,250,17000,"bu","13:51:11",2173000
16600,250,5000,"bu","13:51:11",2156000
16600,250,800,"bu","13:51:09",2151000
16600,250,1200,"bu","13:51:09",2150200
16600,250,800,"bu","13:51:08",2149000
16600,250,100,"bu","13:51:08",2148200
16600,250,100,"bu","13:51:08",2148100
16600,250,1000,"bu","13:51:06",2148000
16600,250,10000,"bu","13:51:03",2147000
16550,200,1000,"sd","13:51:03",2137000
16600,250,18900,"bu","13:51:03",2136000
16600,250,100,"bu","13:51:03",2117100
16600,250,1700,"bu","13:51:03",2117000
16600,250,2000,"bu","13:51:03",2115300
16600,250,700,"bu","13:51:03",2113300
16600,250,3000,"bu","13:51:03",2112600
16600,250,500,"bu","13:51:03",2109600
16600,250,2000,"bu","13:51:03",2109100
16600,250,200,"bu","13:51:03",2107100
16600,250,100,"bu","13:51:03",2106900
16600,250,5000,"bu","13:51:03",2106800
16600,250,100,"bu","13:51:03",2101800
16600,250,1400,"bu","13:51:03",2101700
16600,250,1200,"bu","13:51:02",2100300
16600,250,300,"bu","13:51:00",2099100
16600,250,1400,"bu","13:50:54",2098800
16600,250,600,"bu","13:50:54",2097400
16600,250,3000,"bu","13:50:54",2096800
16600,250,10000,"bu","13:50:54",2093800
16600,250,100,"bu","13:50:54",2083800
16600,250,600,"bu","13:50:54",2083700
16600,250,100,"bu","13:50:54",2083100
16600,250,200,"bu","13:50:54",2083000
16600,250,3000,"bu","13:50:54",2082800
16600,250,1000,"bu","13:50:54",2079800
16600,250,500,"bu","13:50:46",2078800
16600,250,1500,"bu","13:50:44",2078300
16550,200,10000,"sd","13:50:37",2076800
16550,200,100,"bu","13:50:27",2066800
16550,200,1000,"bu","13:50:27",2066700
16550,200,200,"bu","13:50:27",2065700
16550,200,5000,"bu","13:50:27",2065500
16550,200,4600,"bu","13:50:27",2060500
16550,200,400,"bu","13:50:26",2055900
16550,200,2000,"bu","13:50:26",2055500
16550,200,100,"bu","13:50:26",2053500
16550,200,100,"bu","13:50:26",2053400
16550,200,2400,"bu","13:50:26",2053300
16550,200,2900,"bu","13:50:25",2050900
16550,200,2100,"bu","13:50:25",2048000
16550,200,1000,"bu","13:50:22",2045900
16550,200,11600,"bu","13:50:22",2044900
16550,200,1000,"bu","13:50:22",2033300
16550,200,1500,"bu","13:50:22",2032300
16550,200,600,"bu","13:50:22",2030800
16550,200,100,"bu","13:50:22",2030200
16550,200,1000,"bu","13:50:22",2030100
16550,200,5000,"bu","13:50:22",2029100
16550,200,2000,"bu","13:50:22",2024100
16550,200,300,"bu","13:50:22",2022100
16550,200,1800,"bu","13:50:22",2021800
16550,200,1000,"bu","13:50:22",2020000
16550,200,4100,"bu","13:50:22",2019000
16550,200,800,"bu","13:50:21",2014900
16550,200,100,"bu","13:50:21",2014100
16550,200,500,"bu","13:50:21",2014000
16550,200,500,"bu","13:50:21",2013500
16550,200,2000,"bu","13:50:21",2013000
16550,200,700,"bu","13:50:21",2011000
16550,200,1000,"bu","13:50:21",2010300
16550,200,100,"bu","13:50:21",2009300
16550,200,5100,"bu","13:50:21",2009200
16550,200,900,"bu","13:50:18",2004100
16550,200,100,"bu","13:50:18",2003200
16550,200,300,"bu","13:50:18",2003100
16550,200,800,"bu","13:50:18",2002800
16550,200,100,"bu","13:50:18",2002000
16550,200,100,"bu","13:50:18",2001900
16550,200,100,"bu","13:50:18",2001800
16550,200,100,"bu","13:50:18",2001700
16550,200,700,"bu","13:50:18",2001600
16550,200,100,"bu","13:50:18",2000900
16550,200,1200,"bu","13:50:16",2000800
16550,200,1100,"bu","13:50:16",1999600
16550,200,700,"bu","13:50:16",1998500
16550,200,4300,"bu","13:50:15",1997800
16550,200,700,"bu","13:50:15",1993500
16550,200,400,"bu","13:50:14",1992800
16550,200,5000,"bu","13:50:14",1992400
16550,200,11000,"bu","13:50:13",1987400
16550,200,2000,"bu","13:50:07",1976400
16550,200,1000,"bu","13:50:03",1974400
16550,200,200,"bu","13:49:56",1973400
16550,200,9700,"bu","13:49:53",1973200
16550,200,800,"bu","13:49:53",1963500
16550,200,4000,"bu","13:49:53",1962700
16550,200,500,"bu","13:49:53",1958700
16550,200,100,"bu","13:49:53",1958200
16550,200,200,"bu","13:49:53",1958100
16550,200,100,"bu","13:49:53",1957900
16550,200,600,"bu","13:49:53",1957800
16550,200,200,"bu","13:49:47",1957200
16550,200,200,"bu","13:49:39",1957000
16500,150,500,"sd","13:49:32",1956800
16550,200,1000,"bu","13:49:16",1956300
16500,150,500,"bu","13:49:16",1955300
16500,150,1500,"bu","13:49:16",1954800
16500,150,300,"bu","13:49:16",1953300
16500,150,800,"bu","13:49:15",1953000
16500,150,1000,"bu","13:49:15",1952200
16500,150,500,"bu","13:49:15",1951200
16500,150,100,"bu","13:49:15",1950700
16500,150,100,"bu","13:49:15",1950600
16500,150,400,"bu","13:49:15",1950500
16500,150,200,"bu","13:49:13",1950100
16500,150,1600,"bu","13:49:12",1949900
16500,150,500,"bu","13:49:12",1948300
16500,150,2900,"bu","13:49:12",1947800
16500,150,2000,"bu","13:49:11",1944900
16500,150,1000,"bu","13:49:10",1942900
16500,150,3000,"bu","13:49:06",1941900
16500,150,300,"bu","13:49:02",1938900
16500,150,800,"bu","13:49:01",1938600
16500,150,300,"bu","13:49:01",1937800
16500,150,3900,"bu","13:49:01",1937500
16500,150,3000,"bu","13:49:00",1933600
16500,150,200,"bu","13:48:59",1930600
16500,150,700,"bu","13:48:58",1930400
16500,150,1000,"bu","13:48:56",1929700
16500,150,2800,"bu","13:48:48",1928700
16500,150,1000,"bu","13:48:41",1925900
16500,150,3000,"bu","13:48:39",1924900
16500,150,300,"bu","13:48:36",1921900
16500,150,200,"bu","13:48:36",1921600
16500,150,1500,"bu","13:48:35",1921400
16500,150,2000,"bu","13:48:34",1919900
16500,150,400,"bu","13:48:33",1917900
16500,150,600,"bu","13:48:33",1917500
16500,150,3600,"bu","13:48:27",1916900
16500,150,800,"bu","13:48:13",1913300
16500,150,700,"bu","13:48:13",1912500
16500,150,500,"bu","13:48:06",1911800
16500,150,100,"bu","13:48:04",1911300
16500,150,1000,"bu","13:47:58",1911200
16450,100,10000,"sd","13:47:34",1910200
16500,150,200,"bu","13:47:29",1900200
16500,150,500,"bu","13:47:28",1900000
16500,150,2000,"bu","13:47:16",1899500
16500,150,600,"bu","13:47:06",1897500
16500,150,1000,"bu","13:47:06",1896900
16500,150,100,"bu","13:47:06",1895900
16500,150,500,"bu","13:47:06",1895800
16500,150,500,"bu","13:47:06",1895300
16500,150,20000,"bu","13:47:06",1894800
16500,150,5000,"bu","13:47:06",1874800
16500,150,200,"bu","13:47:06",1869800
16500,150,200,"bu","13:47:06",1869600
16500,150,400,"bu","13:47:06",1869400
16500,150,500,"bu","13:47:06",1869000
16500,150,1000,"bu","13:47:06",1868500
16500,150,1400,"bu","13:47:06",1867500
16500,150,10600,"bu","13:47:06",1866100
16500,150,600,"bu","13:47:06",1855500
16500,150,1000,"bu","13:47:06",1854900
16500,150,400,"bu","13:47:06",1853900
16500,150,5000,"bu","13:47:06",1853500
16500,150,100,"bu","13:47:06",1848500
16500,150,700,"bu","13:47:06",1848400
16500,150,3000,"bu","13:47:06",1847700
16500,150,200,"bu","13:47:06",1844700
16500,150,1000,"bu","13:47:06",1844500
16500,150,1000,"bu","13:47:06",1843500
16500,150,500,"bu","13:47:06",1842500
16500,150,2100,"bu","13:47:06",1842000
16500,150,300,"bu","13:47:06",1839900
16500,150,1000,"bu","13:47:06",1839600
16500,150,500,"bu","13:47:06",1838600
16500,150,5000,"bu","13:47:06",1838100
16500,150,5000,"bu","13:47:06",1833100
16500,150,200,"bu","13:47:06",1828100
16500,150,500,"bu","13:47:06",1827900
16500,150,200,"bu","13:47:06",1827400
16500,150,800,"bu","13:47:06",1827200
16500,150,1000,"bu","13:47:06",1826400
16500,150,1000,"bu","13:47:06",1825400
16500,150,2000,"bu","13:47:06",1824400
16500,150,300,"bu","13:47:06",1822400
16500,150,4800,"bu","13:47:06",1822100
16500,150,100,"bu","13:47:06",1817300
16500,150,700,"bu","13:47:06",1817200
16500,150,3000,"bu","13:47:06",1816500
16500,150,1000,"bu","13:47:06",1813500
16500,150,200,"bu","13:47:06",1812500
16500,150,200,"bu","13:47:06",1812300
16500,150,1000,"bu","13:47:06",1812100
16500,150,1000,"bu","13:47:06",1811100
16500,150,10000,"bu","13:47:06",1810100
16500,150,1600,"bu","13:47:06",1800100
16500,150,1000,"bu","13:47:06",1798500
16450,100,5900,"sd","13:46:48",1797500
16450,100,200,"sd","13:46:48",1791600
16450,100,500,"sd","13:46:40",1791400
16450,100,500,"bu","13:46:27",1790900
16450,100,100,"bu","13:46:27",1790400
16450,100,600,"bu","13:46:27",1790300
16450,100,500,"bu","13:46:23",1789700
16450,100,800,"sd","13:46:12",1789200
16450,100,6000,"sd","13:46:12",1788400
16450,100,500,"sd","13:46:12",1782400
16450,100,200,"sd","13:46:12",1781900
16450,100,4800,"sd","13:46:11",1781700
16450,100,2000,"sd","13:46:11",1776900
16450,100,300,"sd","13:46:11",1774900
16450,100,5200,"sd","13:46:11",1774600
16450,100,10000,"sd","13:46:07",1769400
16450,100,34800,"sd","13:45:40",1759400
16450,100,5000,"sd","13:45:40",1724600
16450,100,500,"sd","13:45:40",1719600
16450,100,100,"sd","13:45:40",1719100
16450,100,2000,"sd","13:45:40",1719000
16450,100,5000,"sd","13:45:40",1717000
16450,100,400,"sd","13:45:38",1712000
16450,100,600,"sd","13:45:38",1711600
16450,100,800,"sd","13:45:36",1711000
16450,100,1600,"sd","13:45:24",1710200
16450,100,2400,"sd","13:45:24",1708600
16450,100,500,"sd","13:45:06",1706200
16450,100,1000,"sd","13:44:52",1705700
16450,100,1600,"bu","13:44:43",1704700
16450,100,100,"bu","13:44:43",1703100
16450,100,100,"bu","13:44:43",1703000
16450,100,3800,"bu","13:44:43",1702900
16450,100,900,"bu","13:44:43",1699100
16450,100,200,"bu","13:44:43",1698200
16450,100,2000,"bu","13:44:43",1698000
16450,100,20000,"bu","13:44:43",1696000
16450,100,3200,"bu","13:44:43",1676000
16450,100,14200,"bu","13:44:43",1672800
16400,50,100,"sd","13:44:26",1658600
16400,50,1600,"sd","13:44:26",1658500
16400,50,6500,"sd","13:44:26",1656900
16400,50,1800,"sd","13:44:26",1650400
16400,50,300,"sd","13:44:20",1648600
16400,50,500,"sd","13:44:08",1648300
16400,50,10000,"sd","13:43:57",1647800
16450,100,1000,"bu","13:43:55",1637800
16400,50,2700,"sd","13:43:17",1636800
16400,50,500,"sd","13:43:17",1634100
16400,50,100,"sd","13:43:10",1633600
16400,50,2300,"sd","13:42:15",1633500
16400,50,1000,"sd","13:42:06",1631200
16400,50,500,"sd","13:40:30",1630200
16400,50,300,"sd","13:40:01",1629700
16400,50,2500,"sd","13:39:18",1629400
16400,50,100,"sd","13:39:18",1626900
16400,50,5000,"sd","13:38:59",1626800
16400,50,5000,"sd","13:38:51",1621800
16400,50,7700,"sd","13:38:41",1616800
16400,50,300,"sd","13:38:41",1609100
16400,50,1000,"sd","13:38:41",1608800
16400,50,1000,"sd","13:38:41",1607800
16450,100,3500,"bu","13:38:39",1606800
16450,100,1000,"bu","13:38:27",1603300
16450,100,100,"bu","13:38:20",1602300
16450,100,1400,"bu","13:37:43",1602200
16450,100,200,"sd","13:37:34",1600800
16450,100,1000,"sd","13:37:34",1600600
16450,100,500,"sd","13:37:34",1599600
16450,100,1200,"sd","13:37:34",1599100
16450,100,5000,"sd","13:37:34",1597900
16450,100,500,"sd","13:37:34",1592900
16450,100,5000,"sd","13:37:34",1592400
16450,100,500,"sd","13:37:34",1587400
16450,100,200,"sd","13:37:34",1586900
16450,100,500,"sd","13:37:34",1586700
16450,100,400,"sd","13:37:34",1586200
16450,100,2000,"sd","13:37:34",1585800
16450,100,100,"sd","13:37:34",1583800
16450,100,100,"sd","13:37:34",1583700
16450,100,18500,"sd","13:37:34",1583600
16450,100,26700,"sd","13:37:24",1565100
16450,100,100,"sd","13:37:17",1538400
16450,100,500,"sd","13:37:14",1538300
16500,150,200,"bu","13:36:02",1537800
16500,150,800,"bu","13:36:02",1537600
16500,150,2000,"bu","13:36:02",1536800
16450,100,200,"sd","13:35:52",1534800
16450,100,500,"sd","13:35:40",1534600
16500,150,100,"bu","13:35:03",1534100
16500,150,100,"bu","13:35:03",1534000
16500,150,800,"bu","13:35:03",1533900
16450,100,100,"sd","13:34:47",1533100
16450,100,300,"sd","13:34:15",1533000
16500,150,2000,"bu","13:33:47",1532700
16500,150,200,"bu","13:32:51",1530700
16500,150,1000,"bu","13:32:51",1530500
16500,150,200,"bu","13:32:51",1529500
16500,150,1000,"bu","13:32:51",1529300
16500,150,300,"bu","13:32:51",1528300
16500,150,1300,"bu","13:32:51",1528000
16500,150,200,"bu","13:32:51",1526700
16500,150,800,"bu","13:32:51",1526500
16500,150,200,"bu","13:32:33",1525700
16450,100,1300,"bu","13:32:23",1525500
16450,100,800,"bu","13:32:23",1524200
16450,100,1000,"bu","13:32:23",1523400
16450,100,2000,"bu","13:32:19",1522400
16450,100,300,"bu","13:32:17",1520400
16450,100,1900,"bu","13:32:17",1520100
16450,100,10000,"bu","13:32:17",1518200
16450,100,1000,"bu","13:32:17",1508200
16450,100,5100,"bu","13:32:17",1507200
16450,100,900,"bu","13:32:09",1502100
16400,50,200,"sd","13:32:05",1501200
16400,50,100,"sd","13:32:05",1501000
16450,100,3800,"bu","13:32:02",1500900
16450,100,200,"bu","13:32:02",1497100
16450,100,500,"bu","13:32:02",1496900
16450,100,200,"bu","13:32:02",1496400
16450,100,2900,"bu","13:32:02",1496200
16450,100,100,"bu","13:32:00",1493300
16450,100,2000,"bu","13:32:00",1493200
16450,100,400,"bu","13:32:00",1491200
16450,100,200,"bu","13:32:00",1490800
16450,100,500,"bu","13:32:00",1490600
16450,100,300,"bu","13:32:00",1490100
16450,100,3700,"bu","13:31:53",1489800
16450,100,2000,"bu","13:31:53",1486100
16450,100,200,"bu","13:31:53",1484100
16450,100,44100,"bu","13:31:53",1483900
16450,100,3600,"bu","13:30:53",1439800
16400,50,300,"sd","13:30:45",1436200
16400,50,200,"sd","13:30:45",1435900
16400,50,300,"sd","13:30:38",1435700
16400,50,100,"sd","13:30:32",1435400
16400,50,300,"sd","13:28:43",1435300
16400,50,200,"sd","13:28:43",1435000
16400,50,100,"sd","13:27:38",1434800
16400,50,100,"sd","13:27:22",1434700
16400,50,2600,"sd","13:26:46",1434600
16400,50,500,"sd","13:26:46",1432000
16400,50,100,"sd","13:26:46",1431500
16400,50,1700,"sd","13:25:22",1431400
16400,50,100,"sd","13:24:36",1429700
16400,50,500,"sd","13:24:36",1429600
16400,50,1000,"sd","13:24:36",1429100
16400,50,1300,"sd","13:24:36",1428100
16400,50,3700,"sd","13:24:36",1426800
16400,50,1000,"sd","13:24:36",1423100
16400,50,500,"sd","13:24:36",1422100
16400,50,500,"sd","13:24:36",1421600
16400,50,2000,"sd","13:24:36",1421100
16400,50,100,"sd","13:24:36",1419100
16400,50,1000,"sd","13:24:36",1419000
16400,50,100,"sd","13:24:36",1418000
16400,50,7000,"sd","13:24:36",1417900
16400,50,200,"sd","13:24:36",1410900
16400,50,1000,"sd","13:24:36",1410700
16400,50,1300,"sd","13:24:15",1409700
16400,50,300,"sd","13:24:15",1408400
16400,50,200,"sd","13:24:15",1408100
16400,50,400,"sd","13:24:15",1407900
16400,50,1400,"sd","13:24:15",1407500
16400,50,1000,"sd","13:24:15",1406100
16400,50,600,"sd","13:24:15",1405100
16400,50,200,"sd","13:24:15",1404500
16400,50,1800,"sd","13:23:18",1404300
16400,50,100,"sd","13:23:18",1402500
16400,50,1000,"sd","13:23:18",1402400
16400,50,1000,"sd","13:23:18",1401400
16400,50,300,"sd","13:23:18",1400400
16450,100,1000,"bu","13:23:00",1400100
16450,100,100,"bu","13:22:37",1399100
16450,100,500,"bu","13:22:13",1399000
16450,100,700,"bu","13:22:06",1398500
16450,100,1300,"bu","13:22:06",1397800
16450,100,200,"bu","13:21:50",1396500
16450,100,100,"bu","13:21:48",1396300
16400,50,700,"sd","13:20:56",1396200
16400,50,300,"sd","13:20:56",1395500
16400,50,700,"bu","13:20:33",1395200
16400,50,100,"bu","13:20:20",1394500
16400,50,1000,"sd","13:20:13",1394400
16400,50,1500,"sd","13:20:13",1393400
16400,50,2100,"sd","13:20:13",1391900
16400,50,500,"sd","13:20:13",1389800
16400,50,1000,"sd","13:20:13",1389300
16400,50,1000,"sd","13:20:13",1388300
16400,50,1000,"sd","13:20:13",1387300
16400,50,500,"sd","13:20:13",1386300
16400,50,400,"sd","13:20:13",1385800
16400,50,100,"sd","13:20:13",1385400
16400,50,100,"sd","13:20:13",1385300
16400,50,400,"bu","13:18:58",1385200
16400,50,2500,"bu","13:18:47",1384800
16400,50,1000,"bu","13:18:47",1382300
16400,50,5000,"bu","13:18:45",1381300
16400,50,11100,"bu","13:18:45",1376300
16400,50,8900,"bu","13:18:45",1365200
16400,50,5000,"bu","13:18:41",1356300
16400,50,4800,"bu","13:18:29",1351300
16400,50,5000,"bu","13:18:23",1346500
16400,50,300,"bu","13:18:16",1341500
16400,50,2000,"bu","13:18:07",1341200
16400,50,2200,"bu","13:18:01",1339200
16400,50,100,"bu","13:17:53",1337000
16400,50,1400,"bu","13:17:14",1336900
16400,50,900,"bu","13:16:48",1335500
16400,50,600,"sd","13:16:47",1334600
16400,50,1800,"sd","13:16:47",1334000
16400,50,1000,"sd","13:16:44",1332200
16400,50,2200,"bu","13:16:21",1331200
16400,50,1000,"bu","13:16:11",1329000
16400,50,300,"bu","13:16:07",1328000
16350,0,100,"sd","13:15:57",1327700
16400,50,500,"bu","13:15:37",1327600
16350,0,3000,"sd","13:15:12",1327100
16400,50,500,"bu","13:15:02",1324100
16400,50,3000,"bu","13:14:34",1323600
16400,50,200,"bu","13:14:25",1320600
16350,0,8600,"sd","13:14:14",1320400
16350,0,300,"sd","13:14:14",1311800
16350,0,1000,"sd","13:14:14",1311500
16350,0,100,"sd","13:14:14",1310500
16400,50,100,"bu","13:13:42",1310400
16400,50,100,"bu","13:13:42",1310300
16400,50,7000,"bu","13:13:24",1310200
16400,50,8700,"bu","13:13:17",1303200
16400,50,1000,"bu","13:13:03",1294500
16400,50,400,"sd","13:12:38",1293500
16400,50,100,"sd","13:12:38",1293100
16400,50,100,"sd","13:12:38",1293000
16400,50,4800,"sd","13:12:38",1292900
16400,50,500,"sd","13:12:26",1288100
16400,50,500,"sd","13:12:12",1287600
16400,50,200,"bu","13:12:04",1287100
16400,50,5000,"sd","13:11:50",1286900
16400,50,4700,"sd","13:11:50",1281900
16400,50,1500,"sd","13:11:50",1277200
16400,50,4400,"sd","13:11:50",1275700
16400,50,800,"sd","13:11:50",1271300
16400,50,100,"sd","13:11:50",1270500
16400,50,5000,"sd","13:11:50",1270400
16400,50,300,"sd","13:11:50",1265400
16400,50,100,"sd","13:11:50",1265100
16400,50,1000,"sd","13:11:50",1265000
16400,50,100,"sd","13:11:50",1264000
16400,50,2700,"sd","13:11:50",1263900
16400,50,500,"sd","13:11:50",1261200
16400,50,4600,"sd","13:11:50",1260700
16400,50,400,"bu","13:10:37",1256100
16400,50,500,"bu","13:10:36",1255700
16400,50,1000,"bu","13:10:36",1255200
16400,50,1000,"bu","13:10:33",1254200
16400,50,1000,"bu","13:10:32",1253200
16400,50,1000,"bu","13:10:25",1252200
16400,50,800,"bu","13:10:21",1251200
16400,50,1000,"bu","13:10:16",1250400
16400,50,100,"bu","13:10:16",1249400
16400,50,1000,"bu","13:10:15",1249300
16400,50,300,"bu","13:10:14",1248300
16400,50,5000,"bu","13:10:14",1248000
16400,50,5000,"bu","13:10:12",1243000
16400,50,500,"bu","13:10:07",1238000
16400,50,500,"bu","13:10:04",1237500
16400,50,500,"bu","13:10:03",1237000
16400,50,400,"bu","13:10:01",1236500
16400,50,100,"bu","13:10:01",1236100
16400,50,100,"bu","13:10:01",1236000
16400,50,100,"bu","13:10:01",1235900
16400,50,1900,"bu","13:10:01",1235800
16400,50,900,"bu","13:10:01",1233900
16400,50,1400,"bu","13:10:01",1233000
16400,50,100,"bu","13:10:01",1231600
16400,50,800,"bu","13:10:01",1231500
16400,50,500,"bu","13:09:52",1230700
16400,50,300,"bu","13:09:50",1230200
16400,50,100,"bu","13:09:50",1229900
16400,50,200,"bu","13:09:50",1229800
16400,50,4800,"bu","13:09:50",1229600
16400,50,2000,"bu","13:09:50",1224800
16400,50,2000,"bu","13:09:50",1222800
16400,50,1200,"bu","13:09:50",1220800
16400,50,500,"bu","13:09:45",1219600
16400,50,800,"bu","13:09:40",1219100
16400,50,700,"bu","13:09:40",1218300
16400,50,400,"bu","13:09:38",1217600
16400,50,100,"bu","13:09:29",1217200
16400,50,1100,"bu","13:09:28",1217100
16400,50,8900,"bu","13:09:28",1216000
16400,50,900,"bu","13:09:10",1207100
16350,0,100,"sd","13:08:56",1206200
16400,50,200,"bu","13:08:27",1206100
16400,50,500,"bu","13:08:27",1205900
16400,50,100,"bu","13:08:27",1205400
16400,50,900,"bu","13:08:27",1205300
16400,50,3300,"bu","13:08:27",1204400
16350,0,200,"sd","13:07:43",1201100
16400,50,700,"bu","13:07:40",1200900
16400,50,200,"bu","13:07:40",1200200
16400,50,900,"bu","13:07:40",1200000
16400,50,3100,"bu","13:07:35",1199100
16400,50,6200,"bu","13:07:35",1196000
16400,50,200,"bu","13:07:16",1189800
16400,50,4000,"bu","13:07:09",1189600
16400,50,3600,"bu","13:07:09",1185600
16400,50,300,"bu","13:06:58",1182000
16400,50,1800,"bu","13:06:36",1181700
16350,0,500,"sd","13:05:56",1179900
16350,0,1000,"sd","13:05:53",1179400
16350,0,3100,"sd","13:05:49",1178400
16350,0,700,"sd","13:05:49",1175300
16400,50,1000,"bu","13:05:47",1174600
16350,0,100,"sd","13:05:21",1173600
16350,0,100,"sd","13:05:21",1173500
16350,0,300,"sd","13:05:21",1173400
16350,0,300,"sd","13:05:18",1173100
16350,0,400,"sd","13:03:55",1172800
16350,0,200,"sd","13:03:55",1172400
16350,0,100,"sd","13:03:55",1172200
16350,0,100,"sd","13:03:55",1172100
16350,0,100,"sd","13:03:55",1172000
16350,0,100,"sd","13:03:55",1171900
16400,50,100,"bu","13:03:55",1171800
16350,0,1000,"sd","13:03:19",1171700
16350,0,500,"sd","13:02:56",1170700
16350,0,500,"sd","13:01:36",1170200
16350,0,1000,"sd","13:01:36",1169700
16350,0,300,"sd","13:01:36",1168700
16350,0,1000,"sd","13:01:36",1168400
16350,0,500,"sd","13:01:36",1167400
16350,0,900,"sd","13:01:36",1166900
16350,0,300,"sd","13:01:28",1166000
16400,50,400,"bu","13:00:23",1165700
16350,0,600,"sd","13:00:18",1165300
16350,0,1900,"sd","13:00:18",1164700
16400,50,400,"bu","13:00:12",1162800
16350,0,3000,"sd","13:00:04",1162400
16350,0,100,"sd","13:00:04",1159400
16350,0,1000,"sd","13:00:04",1159300
16400,50,100,"bu","13:00:04",1158300
16350,0,500,"sd","13:00:04",1158200
16350,0,3700,"sd","13:00:04",1157700
16350,0,1100,"sd","13:00:03",1154000
16350,0,200,"sd","13:00:03",1152900
16350,0,2500,"sd","13:00:03",1152700
16350,0,1000,"sd","13:00:03",1150200
16400,50,200,"bu","13:00:01",1149200
16400,50,2000,"bu","13:00:01",1149000
16400,50,500,"bu","13:00:00",1147000
16400,50,1300,"bu","13:00:00",1146500
16350,0,400,"sd","12:59:59",1145200
16400,50,100,"bu","11:29:46",1144800
16350,0,5000,"sd","11:24:15",1144700
16350,0,300,"sd","11:23:43",1139700
16350,0,200,"sd","11:23:43",1139400
16350,0,100,"sd","11:23:43",1139200
16350,0,1000,"sd","11:23:43",1139100
16350,0,100,"sd","11:23:43",1138100
16350,0,200,"sd","11:23:43",1138000
16350,0,1000,"sd","11:23:43",1137800
16350,0,200,"sd","11:23:43",1136800
16350,0,1000,"sd","11:23:43",1136600
16350,0,3000,"sd","11:23:43",1135600
16350,0,100,"sd","11:23:43",1132600
16350,0,2000,"sd","11:23:43",1132500
16350,0,3000,"sd","11:23:43",1130500
16350,0,100,"sd","11:23:43",1127500
16350,0,2000,"sd","11:23:43",1127400
16350,0,1500,"sd","11:23:43",1125400
16350,0,300,"sd","11:23:43",1123900
16350,0,2000,"sd","11:23:43",1123600
16350,0,500,"sd","11:23:43",1121600
16350,0,100,"sd","11:23:43",1121100
16350,0,1000,"sd","11:23:43",1121000
16350,0,1000,"sd","11:23:43",1120000
16350,0,200,"sd","11:23:43",1119000
16350,0,1000,"sd","11:23:43",1118800
16350,0,100,"sd","11:23:43",1117800
16350,0,700,"sd","11:22:42",1117700
16350,0,300,"sd","11:22:42",1117000
16350,0,500,"sd","11:21:57",1116700
16350,0,500,"sd","11:21:57",1116200
16350,0,500,"sd","11:20:32",1115700
16350,0,1400,"sd","11:20:32",1115200
16350,0,1000,"sd","11:20:32",1113800
16350,0,1000,"sd","11:20:32",1112800
16350,0,1000,"sd","11:20:32",1111800
16350,0,100,"sd","11:20:32",1110800
16350,0,27000,"sd","11:20:32",1110700
16350,0,1000,"sd","11:20:32",1083700
16350,0,12000,"sd","11:20:32",1082700
16350,0,200,"sd","11:20:10",1070700
16350,0,7800,"sd","11:20:00",1070500
16350,0,12200,"sd","11:20:00",1062700
16350,0,1000,"sd","11:17:08",1050500
16350,0,4500,"sd","11:16:09",1049500
16400,50,500,"bu","11:15:28",1045000
16400,50,100,"bu","11:15:24",1044500
16400,50,100,"bu","11:13:51",1044400
16400,50,600,"bu","11:13:36",1044300
16350,0,100,"sd","11:12:36",1043700
16400,50,1000,"bu","11:12:25",1043600
16400,50,200,"bu","11:11:54",1042600
16400,50,1000,"bu","11:11:43",1042400
16400,50,5000,"bu","11:10:26",1041400
16350,0,1000,"sd","11:09:31",1036400
16350,0,500,"sd","11:08:33",1035400
16350,0,700,"sd","11:07:45",1034900
16350,0,1000,"sd","11:07:45",1034200
16350,0,300,"sd","11:07:45",1033200
16350,0,5700,"sd","11:06:15",1032900
16350,0,100,"sd","11:06:15",1027200
16350,0,300,"sd","11:06:15",1027100
16350,0,100,"sd","11:06:15",1026800
16350,0,1000,"sd","11:06:15",1026700
16350,0,1500,"sd","11:06:15",1025700
16350,0,5000,"sd","11:06:15",1024200
16350,0,500,"sd","11:06:15",1019200
16350,0,200,"sd","11:06:15",1018700
16350,0,300,"sd","11:06:15",1018500
16350,0,500,"sd","11:06:15",1018200
16350,0,500,"sd","11:06:15",1017700
16350,0,800,"sd","11:06:15",1017200
16350,0,1000,"sd","11:06:15",1016400
16350,0,3000,"sd","11:06:15",1015400
16350,0,100,"sd","11:06:15",1012400
16350,0,1000,"sd","11:06:15",1012300
16350,0,5900,"sd","11:06:15",1011300
16350,0,1000,"sd","11:06:15",1005400
16350,0,500,"sd","11:06:15",1004400
16350,0,1000,"sd","11:06:15",1003900
16350,0,5000,"sd","11:06:15",1002900
16350,0,2000,"sd","11:06:15",997900
16350,0,2500,"sd","11:06:15",995900
16350,0,100,"sd","11:06:15",993400
16350,0,3000,"sd","11:06:15",993300
16350,0,100,"sd","11:06:15",990300
16350,0,400,"sd","11:06:15",990200
16350,0,3000,"sd","11:06:15",989800
16350,0,1000,"sd","11:06:15",986800
16350,0,1000,"sd","11:06:15",985800
16350,0,1900,"sd","11:06:15",984800
16350,0,500,"sd","11:05:59",982900
16400,50,600,"bu","11:05:42",982400
16400,50,1000,"bu","11:04:55",981800
16350,0,500,"sd","11:04:00",980800
16350,0,1000,"sd","11:03:01",980300
16350,0,600,"sd","11:00:31",979300
16350,0,300,"sd","10:58:57",978700
16400,50,300,"bu","10:53:44",978400
16400,50,100,"bu","10:53:09",978100
16400,50,200,"bu","10:51:06",978000
16350,0,500,"sd","10:51:04",977800
16400,50,200,"bu","10:49:51",977300
16400,50,100,"bu","10:49:50",977100
16400,50,100,"bu","10:48:48",977000
16400,50,500,"bu","10:48:12",976900
16400,50,1000,"bu","10:46:39",976400
16400,50,1800,"bu","10:45:15",975400
16400,50,1000,"bu","10:43:30",973600
16400,50,1000,"bu","10:43:22",972600
16400,50,2000,"bu","10:42:59",971600
16400,50,1500,"bu","10:42:52",969600
16400,50,1000,"bu","10:42:36",968100
16400,50,100,"bu","10:41:22",967100
16400,50,300,"bu","10:41:00",967000
16400,50,200,"bu","10:40:37",966700
16400,50,100,"bu","10:40:36",966500
16400,50,1500,"bu","10:38:35",966400
16400,50,100,"bu","10:38:35",964900
16400,50,200,"bu","10:38:35",964800
16400,50,500,"bu","10:37:04",964600
16400,50,100,"bu","10:36:36",964100
16400,50,100,"bu","10:36:36",964000
16400,50,200,"bu","10:36:21",963900
16350,0,500,"sd","10:36:16",963700
16400,50,100,"bu","10:36:09",963200
16400,50,1500,"bu","10:35:41",963100
16400,50,1000,"bu","10:35:16",961600
16400,50,1000,"bu","10:34:42",960600
16400,50,100,"bu","10:34:30",959600
16400,50,200,"bu","10:33:14",959500
16400,50,700,"bu","10:33:14",959300
16400,50,1100,"bu","10:33:14",958600
16350,0,2000,"sd","10:32:55",957500
16350,0,100,"sd","10:32:21",955500
16400,50,2900,"bu","10:32:19",955400
16400,50,1000,"bu","10:32:19",952500
16400,50,400,"bu","10:32:19",951500
16400,50,700,"bu","10:32:19",951100
16350,0,3100,"sd","10:31:47",950400
16400,50,100,"bu","10:31:28",947300
16400,50,200,"bu","10:31:28",947200
16400,50,1700,"bu","10:31:28",947000
16400,50,900,"bu","10:31:14",945300
16350,0,2000,"sd","10:30:54",944400
16350,0,100,"sd","10:30:06",942400
16350,0,100,"sd","10:29:38",942300
16350,0,500,"sd","10:29:27",942200
16400,50,2000,"bu","10:29:04",941700
16400,50,100,"bu","10:28:53",939700
16400,50,400,"bu","10:28:53",939600
16400,50,100,"bu","10:28:49",939200
16400,50,2000,"bu","10:28:49",939100
16400,50,500,"bu","10:28:49",937100
16400,50,400,"bu","10:28:49",936600
16350,0,1000,"sd","10:28:46",936200
16400,50,100,"bu","10:28:41",935200
16400,50,500,"bu","10:28:38",935100
16400,50,1000,"bu","10:28:19",934600
16350,0,500,"sd","10:28:11",933600
16350,0,1700,"sd","10:27:28",933100
16350,0,3000,"sd","10:27:24",931400
16400,50,100,"bu","10:27:13",928400
16400,50,100,"bu","10:26:49",928300
16400,50,1000,"bu","10:26:39",928200
16400,50,100,"bu","10:25:54",927200
16400,50,7000,"bu","10:25:22",927100
16400,50,3100,"bu","10:24:40",920100
16400,50,1500,"bu","10:24:23",917000
16400,50,500,"bu","10:24:19",915500
16400,50,500,"bu","10:23:08",915000
16350,0,3200,"sd","10:22:53",914500
16400,50,500,"bu","10:22:33",911300
16400,50,500,"bu","10:21:04",910800
16400,50,100,"bu","10:20:58",910300
16400,50,100,"bu","10:20:23",910200
16400,50,200,"bu","10:20:13",910100
16400,50,300,"bu","10:20:11",909900
16400,50,5000,"sd","10:19:55",909600
16400,50,100,"sd","10:19:55",904600
16400,50,2000,"sd","10:19:55",904500
16400,50,1000,"sd","10:19:55",902500
16400,50,500,"sd","10:19:55",901500
16400,50,200,"sd","10:19:55",901000
16400,50,4500,"sd","10:19:55",900800
16400,50,2000,"sd","10:19:55",896300
16400,50,200,"sd","10:19:55",894300
16400,50,100,"sd","10:19:55",894100
16400,50,300,"sd","10:19:55",894000
16400,50,500,"sd","10:19:55",893700
16400,50,1000,"sd","10:19:55",893200
16400,50,500,"sd","10:19:55",892200
16400,50,1000,"sd","10:19:55",891700
16400,50,500,"sd","10:19:55",890700
16400,50,1000,"sd","10:19:55",890200
16400,50,1500,"sd","10:19:55",889200
16400,50,1000,"sd","10:19:55",887700
16400,50,300,"sd","10:19:55",886700
16400,50,100,"sd","10:19:55",886400
16400,50,300,"sd","10:19:55",886300
16400,50,3000,"sd","10:19:55",886000
16400,50,2000,"sd","10:19:55",883000
16400,50,500,"sd","10:19:55",881000
16400,50,300,"sd","10:19:55",880500
16400,50,3000,"sd","10:19:55",880200
16400,50,500,"sd","10:19:43",877200
16400,50,100,"sd","10:19:43",876700
16400,50,1000,"sd","10:19:43",876600
16400,50,1000,"sd","10:19:43",875600
16400,50,1000,"sd","10:19:43",874600
16400,50,1000,"sd","10:19:43",873600
16400,50,400,"sd","10:19:43",872600
16400,50,100,"sd","10:19:43",872200
16400,50,400,"sd","10:19:43",872100
16400,50,600,"sd","10:19:33",871700
16400,50,100,"sd","10:19:33",871100
16400,50,100,"sd","10:19:33",871000
16450,100,1000,"bu","10:19:29",870900
16450,100,1000,"bu","10:19:25",869900
16450,100,500,"bu","10:18:06",868900
16400,50,200,"sd","10:17:35",868400
16400,50,1600,"sd","10:17:35",868200
16400,50,500,"sd","10:17:35",866600
16400,50,100,"sd","10:17:35",866100
16400,50,5500,"sd","10:17:35",866000
16400,50,100,"sd","10:17:35",860500
16400,50,400,"sd","10:17:35",860400
16400,50,200,"sd","10:17:35",860000
16400,50,2400,"sd","10:17:35",859800
16450,100,1000,"bu","10:17:21",857400
16400,50,600,"sd","10:17:04",856400
16400,50,1000,"sd","10:17:04",855800
16400,50,1000,"sd","10:17:04",854800
16400,50,3400,"sd","10:17:04",853800
16400,50,1600,"sd","10:16:14",850400
16400,50,8400,"sd","10:16:14",848800
16400,50,1000,"sd","10:15:21",840400
16450,100,100,"bu","10:15:19",839400
16400,50,500,"sd","10:15:13",839300
16450,100,300,"bu","10:15:10",838800
16450,100,1000,"bu","10:14:47",838500
16450,100,500,"sd","10:13:54",837500
16450,100,2000,"bu","10:13:26",837000
16450,100,100,"bu","10:13:26",835000
16450,100,2900,"bu","10:13:26",834900
16400,50,100,"sd","10:12:49",832000
16400,50,400,"sd","10:12:49",831900
16450,100,1000,"bu","10:12:34",831500
16450,100,1000,"bu","10:12:33",830500
16450,100,900,"bu","10:12:31",829500
16450,100,500,"bu","10:12:18",828600
16450,100,500,"bu","10:12:11",828100
16450,100,300,"sd","10:12:05",827600
16450,100,8000,"sd","10:12:05",827300
16450,100,1000,"sd","10:12:05",819300
16450,100,100,"sd","10:12:05",818300
16450,100,1000,"sd","10:12:05",818200
16450,100,500,"sd","10:12:05",817200
16450,100,100,"sd","10:12:05",816700
16450,100,1000,"sd","10:12:05",816600
16450,100,1200,"sd","10:12:05",815600
16450,100,4000,"sd","10:10:51",814400
16450,100,1300,"sd","10:10:15",810400
16450,100,100,"sd","10:10:15",809100
16450,100,100,"sd","10:10:15",809000
16450,100,200,"sd","10:10:15",808900
16450,100,300,"sd","10:10:15",808700
16450,100,7700,"sd","10:09:55",808400
16450,100,300,"sd","10:09:55",800700
16450,100,1000,"sd","10:09:38",800400
16450,100,500,"sd","10:09:38",799400
16450,100,500,"sd","10:09:38",798900
16450,100,1000,"sd","10:09:38",798400
16450,100,900,"sd","10:09:28",797400
16450,100,3500,"sd","10:09:28",796500
16450,100,5000,"sd","10:09:27",793000
16450,100,6600,"sd","10:09:26",788000
16450,100,10000,"sd","10:09:03",781400
16450,100,6900,"sd","10:07:48",771400
16450,100,1300,"sd","10:07:48",764500
16450,100,100,"sd","10:07:48",763200
16450,100,200,"sd","10:07:48",763100
16450,100,100,"sd","10:07:48",762900
16450,100,1800,"sd","10:07:48",762800
16450,100,300,"sd","10:07:48",761000
16450,100,300,"sd","10:07:48",760700
16450,100,200,"sd","10:07:48",760400
16450,100,3800,"sd","10:07:48",760200
16450,100,6200,"sd","10:07:46",756400
16450,100,2500,"sd","10:07:46",750200
16450,100,100,"sd","10:07:46",747700
16450,100,300,"sd","10:07:46",747600
16450,100,200,"sd","10:07:46",747300
16450,100,100,"sd","10:07:46",747100
16450,100,500,"sd","10:07:46",747000
16450,100,500,"sd","10:07:46",746500
16450,100,3000,"sd","10:07:46",746000
16450,100,500,"sd","10:07:46",743000
16450,100,100,"sd","10:07:46",742500
16450,100,200,"sd","10:07:46",742400
16450,100,500,"sd","10:07:46",742200
16450,100,1700,"sd","10:07:46",741700
16500,150,400,"bu","10:07:40",740000
16500,150,600,"bu","10:07:40",739600
16450,100,18300,"sd","10:06:40",739000
16450,100,200,"sd","10:06:40",720700
16450,100,100,"sd","10:06:40",720500
16450,100,100,"sd","10:06:40",720400
16450,100,1000,"sd","10:06:40",720300
16450,100,300,"sd","10:06:40",719300
16450,100,4700,"sd","10:06:13",719000
16450,100,100,"sd","10:06:13",714300
16450,100,100,"sd","10:06:13",714200
16450,100,100,"sd","10:06:13",714100
16500,150,400,"bu","10:05:59",714000
16500,150,1000,"bu","10:05:59",713600
16500,150,100,"bu","10:05:59",712600
16500,150,1000,"bu","10:04:52",712500
16500,150,1000,"bu","10:03:49",711500
16500,150,100,"bu","10:03:09",710500
16500,150,300,"bu","10:02:23",710400
16500,150,4700,"bu","10:02:23",710100
16500,150,200,"bu","10:01:55",705400
16500,150,100,"bu","10:01:33",705200
16500,150,1000,"bu","10:01:33",705100
16500,150,1700,"bu","10:01:33",704100
16500,150,700,"bu","10:01:29",702400
16450,100,1000,"sd","10:00:25",701700
16450,100,200,"sd","10:00:25",700700
16450,100,100,"sd","10:00:04",700500
16450,100,300,"sd","10:00:04",700400
16450,100,300,"sd","10:00:04",700100
16450,100,300,"sd","10:00:04",699800
16500,150,200,"bu","09:59:12",699500
16500,150,400,"bu","09:59:02",699300
16500,150,600,"bu","09:59:02",698900
16500,150,1000,"bu","09:58:57",698300
16500,150,100,"bu","09:58:37",697300
16500,150,700,"bu","09:58:28",697200
16500,150,3300,"bu","09:58:28",696500
16500,150,2000,"bu","09:58:28",693200
16500,150,100,"bu","09:58:28",691200
16500,150,100,"bu","09:58:23",691100
16500,150,1200,"bu","09:58:09",691000
16500,150,800,"bu","09:58:09",689800
16500,150,300,"bu","09:58:04",689000
16500,150,900,"bu","09:57:53",688700
16500,150,400,"bu","09:57:53",687800
16500,150,200,"bu","09:57:53",687400
16500,150,100,"bu","09:57:53",687200
16500,150,200,"bu","09:57:53",687100
16500,150,200,"bu","09:57:53",686900
16500,150,400,"bu","09:57:53",686700
16500,150,100,"bu","09:57:53",686300
16500,150,1900,"bu","09:57:51",686200
16500,150,2600,"bu","09:57:51",684300
16500,150,500,"bu","09:57:49",681700
16500,150,100,"bu","09:57:33",681200
16500,150,100,"bu","09:57:26",681100
16500,150,200,"sd","09:57:08",681000
16500,150,500,"sd","09:57:08",680800
16500,150,500,"sd","09:57:08",680300
16500,150,1000,"sd","09:57:06",679800
16500,150,100,"sd","09:57:04",678800
16500,150,400,"sd","09:56:56",678700
16500,150,2100,"sd","09:56:56",678300
16500,150,1000,"sd","09:56:56",676200
16500,150,500,"sd","09:56:56",675200
16500,150,500,"sd","09:56:53",674700
16500,150,14500,"sd","09:56:53",674200
16500,150,200,"sd","09:56:46",659700
16500,150,500,"sd","09:56:43",659500
16500,150,500,"sd","09:56:38",659000
16500,150,500,"sd","09:56:32",658500
16500,150,1000,"sd","09:55:48",658000
16500,150,2800,"sd","09:55:48",657000
16500,150,1200,"bu","09:55:40",654200
16500,150,3800,"bu","09:55:40",653000
16500,150,1000,"bu","09:55:30",649200
16500,150,1000,"bu","09:55:29",648200
16500,150,2000,"bu","09:55:24",647200
16500,150,500,"bu","09:55:19",645200
16500,150,3500,"bu","09:55:15",644700
16500,150,1000,"bu","09:55:07",641200
16500,150,5000,"bu","09:55:04",640200
16500,150,1000,"bu","09:54:58",635200
16500,150,500,"bu","09:54:58",634200
16500,150,200,"bu","09:54:56",633700
16500,150,500,"bu","09:54:50",633500
16500,150,400,"bu","09:54:50",633000
16500,150,700,"bu","09:54:48",632600
16500,150,500,"bu","09:54:48",631900
16500,150,1900,"bu","09:54:48",631400
16500,150,100,"bu","09:54:48",629500
16500,150,2000,"bu","09:54:48",629400
16500,150,300,"bu","09:54:48",627400
16500,150,500,"bu","09:54:48",627100
16500,150,5000,"bu","09:54:48",626600
16500,150,700,"bu","09:54:48",621600
16500,150,5000,"bu","09:54:48",620900
16500,150,3000,"bu","09:54:48",615900
16500,150,200,"bu","09:54:48",612900
16500,150,100,"bu","09:54:48",612700
16500,150,100,"bu","09:54:42",612600
16500,150,100,"bu","09:54:42",612500
16500,150,2000,"bu","09:54:37",612400
16500,150,49400,"bu","09:54:30",610400
16500,150,100,"bu","09:54:30",561000
16500,150,100,"bu","09:54:30",560900
16500,150,400,"bu","09:54:30",560800
16500,150,100,"bu","09:54:08",560400
16500,150,300,"bu","09:53:56",560300
16500,150,300,"bu","09:53:56",560000
16500,150,800,"bu","09:53:56",559700
16500,150,500,"bu","09:53:56",558900
16500,150,1100,"bu","09:53:56",558400
16500,150,100,"bu","09:53:38",557300
16500,150,500,"bu","09:53:38",557200
16500,150,500,"bu","09:53:38",556700
16500,150,1000,"bu","09:53:38",556200
16500,150,1000,"bu","09:53:38",555200
16500,150,2400,"bu","09:53:38",554200
16450,100,1000,"sd","09:53:26",551800
16500,150,1200,"bu","09:53:21",550800
16500,150,2000,"bu","09:53:21",549600
16500,150,1800,"bu","09:53:21",547600
16500,150,1000,"bu","09:52:54",545800
16500,150,1000,"bu","09:52:52",544800
16500,150,500,"bu","09:52:35",543800
16500,150,300,"bu","09:52:34",543300
16450,100,1900,"sd","09:52:33",543000
16450,100,1000,"sd","09:52:33",541100
16450,100,100,"sd","09:52:33",540100
16450,100,100,"sd","09:52:33",540000
16450,100,1000,"sd","09:52:33",539900
16450,100,1000,"sd","09:52:33",538900
16450,100,2000,"sd","09:52:33",537900
16450,100,400,"sd","09:52:33",535900
16450,100,200,"sd","09:52:33",535500
16450,100,2300,"sd","09:52:33",535300
16500,150,700,"bu","09:52:15",533000
16500,150,15500,"bu","09:52:15",532300
16500,150,3000,"bu","09:51:50",516800
16500,150,8000,"bu","09:51:27",513800
16500,150,1000,"bu","09:51:23",505800
16500,150,1500,"bu","09:51:22",504800
16500,150,100,"bu","09:51:22",503300
16500,150,600,"bu","09:51:22",503200
16500,150,2000,"bu","09:51:22",502600
16500,150,800,"bu","09:51:22",500600
16450,100,500,"sd","09:51:22",499800
16500,150,2000,"bu","09:51:04",499300
16500,150,200,"bu","09:51:03",497300
16500,150,300,"bu","09:51:03",497100
16500,150,500,"bu","09:50:45",496800
16500,150,1200,"bu","09:50:45",496300
16500,150,200,"bu","09:50:22",495100
16500,150,400,"bu","09:49:49",494900
16500,150,2000,"bu","09:49:48",494500
16500,150,200,"bu","09:49:43",492500
16500,150,800,"bu","09:49:38",492300
16500,150,2400,"bu","09:49:38",491500
16500,150,200,"bu","09:49:38",489100
16500,150,1200,"bu","09:49:38",488900
16500,150,2800,"bu","09:49:38",487700
16450,100,500,"sd","09:49:35",484900
16500,150,100,"bu","09:49:33",484400
16500,150,2000,"bu","09:49:29",484300
16500,150,100,"bu","09:49:15",482300
16500,150,900,"bu","09:49:15",482200
16500,150,2000,"bu","09:48:58",481300
16500,150,5000,"bu","09:48:55",479300
16500,150,2000,"bu","09:48:43",474300
16500,150,100,"bu","09:48:41",472300
16500,150,1800,"bu","09:48:17",472200
16450,100,100,"sd","09:47:51",470400
16450,100,4300,"sd","09:47:51",470300
16500,150,5000,"bu","09:47:50",466000
16500,150,100,"bu","09:47:44",461000
16450,100,200,"sd","09:46:01",460900
16450,100,300,"sd","09:45:47",460700
16450,100,500,"sd","09:45:26",460400
16450,100,400,"sd","09:45:03",459900
16450,100,500,"sd","09:44:39",459500
16450,100,100,"sd","09:44:21",459000
16450,100,100,"sd","09:44:11",458900
16450,100,200,"sd","09:43:32",458800
16450,100,300,"sd","09:43:32",458600
16450,100,1000,"sd","09:43:32",458300
16450,100,600,"sd","09:43:32",457300
16450,100,300,"sd","09:43:32",456700
16450,100,1200,"sd","09:43:23",456400
16450,100,1800,"sd","09:43:23",455200
16450,100,7000,"sd","09:43:23",453400
16450,100,2000,"sd","09:42:38",446400
16450,100,1000,"bu","09:42:23",444400
16450,100,1000,"bu","09:42:23",443400
16450,100,2000,"bu","09:42:23",442400
16450,100,2000,"bu","09:42:23",440400
16450,100,5000,"bu","09:42:23",438400
16450,100,800,"bu","09:42:23",433400
16450,100,10000,"bu","09:42:23",432600
16450,100,19200,"bu","09:42:23",422600
16450,100,800,"bu","09:42:22",403400
16450,100,4200,"bu","09:42:22",402600
16450,100,5000,"bu","09:42:13",398400
16450,100,5500,"bu","09:42:01",393400
16450,100,600,"bu","09:40:30",387900
16450,100,7200,"bu","09:40:01",387300
16400,50,1500,"sd","09:39:35",380100
16400,50,16800,"sd","09:38:40",378600
16400,50,500,"sd","09:37:14",361800
16400,50,200,"sd","09:37:12",361300
16450,100,700,"bu","09:37:02",361100
16400,50,1000,"sd","09:36:52",360400
16400,50,700,"sd","09:35:37",359400
16400,50,100,"sd","09:35:26",358700
16400,50,13000,"sd","09:34:33",358600
16400,50,1500,"sd","09:34:33",345600
16400,50,15500,"sd","09:34:33",344100
16450,100,500,"bu","09:34:12",328600
16400,50,300,"bu","09:32:51",328100
16400,50,100,"bu","09:32:51",327800
16400,50,1000,"bu","09:32:51",327700
16400,50,400,"bu","09:32:51",326700
16400,50,500,"bu","09:32:51",326300
16400,50,5000,"bu","09:32:51",325800
16400,50,8000,"bu","09:32:51",320800
16400,50,5000,"bu","09:32:51",312800
16400,50,4200,"bu","09:32:51",307800
16400,50,1500,"bu","09:32:46",303600
16400,50,5000,"bu","09:32:45",302100
16400,50,2000,"bu","09:32:45",297100
16400,50,1300,"bu","09:32:29",295100
16400,50,1000,"bu","09:32:19",293800
16350,0,500,"sd","09:32:00",292800
16400,50,500,"bu","09:31:56",292300
16350,0,200,"sd","09:31:19",291800
16350,0,400,"sd","09:30:52",291600
16350,0,300,"sd","09:30:21",291200
16350,0,1600,"sd","09:29:19",290900
16350,0,3900,"sd","09:29:00",289300
16350,0,10000,"sd","09:29:00",285400
16350,0,1100,"sd","09:29:00",275400
16350,0,100,"sd","09:28:51",274300
16400,50,2000,"bu","09:27:27",274200
16350,0,1000,"sd","09:27:12",272200
16350,0,100,"sd","09:27:12",271200
16350,0,100,"sd","09:27:12",271100
16350,0,200,"sd","09:27:12",271000
16350,0,3000,"sd","09:27:12",270800
16350,0,800,"sd","09:27:12",267800
16350,0,2500,"sd","09:27:12",267000
16350,0,300,"sd","09:27:12",264500
16350,0,100,"sd","09:27:12",264200
16350,0,100,"sd","09:27:12",264100
16350,0,200,"sd","09:27:12",264000
16350,0,10000,"sd","09:27:12",263800
16350,0,200,"sd","09:27:12",253800
16350,0,3000,"sd","09:27:12",253600
16350,0,300,"sd","09:27:12",250600
16350,0,300,"sd","09:27:12",250300
16350,0,1500,"sd","09:27:12",250000
16350,0,12300,"sd","09:27:12",248500
16400,50,500,"bu","09:27:11",236200
16400,50,1000,"bu","09:25:53",235700
16400,50,1000,"bu","09:25:34",234700
16400,50,4000,"bu","09:25:34",233700
16400,50,900,"bu","09:25:09",229700
16350,0,400,"sd","09:24:39",228800
16400,50,300,"bu","09:24:17",228400
16400,50,1000,"bu","09:24:08",228100
16350,0,3400,"sd","09:24:06",227100
16400,50,1000,"bu","09:23:58",223700
16400,50,300,"bu","09:23:56",222700
16400,50,1000,"bu","09:23:33",222400
16400,50,300,"sd","09:23:20",221400
16400,50,300,"sd","09:23:20",221100
16400,50,500,"sd","09:23:20",220800
16400,50,3000,"sd","09:23:20",220300
16400,50,200,"sd","09:23:20",217300
16400,50,4000,"sd","09:23:20",217100
16400,50,100,"sd","09:23:20",213100
16400,50,1000,"sd","09:23:20",213000
16400,50,1000,"sd","09:23:20",212000
16400,50,500,"sd","09:23:20",211000
16400,50,600,"sd","09:23:20",210500
16450,100,2000,"bu","09:23:07",209900
16450,100,1000,"bu","09:22:30",207900
16450,100,300,"bu","09:22:25",206900
16450,100,100,"bu","09:22:15",206600
16450,100,500,"bu","09:22:10",206500
16450,100,100,"bu","09:22:10",206000
16450,100,100,"bu","09:22:10",205900
16450,100,400,"sd","09:22:10",205800
16450,100,500,"sd","09:22:10",205400
16450,100,200,"sd","09:22:10",204900
16450,100,10000,"sd","09:22:10",204700
16450,100,1000,"sd","09:22:10",194700
16450,100,16900,"sd","09:22:10",193700
16450,100,1000,"sd","09:22:10",176800
16450,100,1000,"sd","09:22:10",175800
16450,100,10000,"sd","09:22:10",174800
16450,100,600,"sd","09:22:10",164800
16450,100,600,"sd","09:22:10",164200
16500,150,3000,"bu","09:22:08",163600
16500,150,400,"bu","09:22:08",160600
16500,150,6600,"bu","09:22:08",160200
16500,150,1000,"bu","09:22:05",153600
16500,150,800,"bu","09:21:59",152600
16500,150,500,"bu","09:21:46",151800
16500,150,4800,"sd","09:21:34",151300
16500,150,1000,"bu","09:21:24",146500
16500,150,100,"bu","09:21:24",145500
16500,150,500,"bu","09:21:24",145400
16500,150,200,"bu","09:21:24",144900
16500,150,2000,"bu","09:21:24",144700
16500,150,1000,"bu","09:21:24",142700
16500,150,400,"bu","09:21:24",141700
16500,150,1000,"bu","09:21:22",141300
16500,150,1000,"bu","09:21:15",140300
16500,150,600,"bu","09:21:09",139300
16500,150,4400,"bu","09:21:09",138700
16500,150,700,"bu","09:20:57",134300
16500,150,4900,"bu","09:20:39",133600
16500,150,200,"bu","09:20:39",128700
16500,150,1000,"bu","09:20:39",128500
16500,150,3900,"bu","09:20:39",127500
16500,150,300,"bu","09:20:29",123600
16500,150,2300,"bu","09:20:21",123300
16500,150,1000,"bu","09:20:18",121000
16500,150,2500,"bu","09:19:11",120000
16500,150,1500,"bu","09:19:11",117500
16500,150,100,"bu","09:19:04",116000
16500,150,100,"bu","09:19:02",115900
16500,150,500,"sd","09:18:53",115800
16500,150,400,"sd","09:18:53",115300
16550,200,1000,"bu","09:18:53",114900
16500,150,1000,"sd","09:18:47",113900
16500,150,8600,"sd","09:18:38",112900
16500,150,11400,"sd","09:18:38",104300
16500,150,2000,"sd","09:18:30",92900
16550,200,100,"bu","09:18:22",90900
16500,150,200,"bu","09:18:17",90800
16500,150,100,"bu","09:18:17",90600
16500,150,1000,"bu","09:18:17",90500
16500,150,700,"bu","09:18:17",89500
16500,150,600,"bu","09:18:17",88800
16500,150,3000,"bu","09:18:17",88200
16500,150,500,"bu","09:18:17",85200
16500,150,100,"bu","09:18:17",84700
16500,150,400,"bu","09:18:17",84600
16500,150,500,"bu","09:17:32",84200
16500,150,500,"bu","09:17:23",83700
16500,150,1000,"bu","09:17:09",83200
16500,150,600,"bu","09:17:04",82200
16450,100,400,"sd","09:16:50",81600
16450,100,1600,"sd","09:16:50",81200
16500,150,100,"sd","09:16:50",79600
16500,150,1900,"sd","09:16:50",79500
16500,150,600,"sd","09:16:42",77600
16500,150,400,"sd","09:16:36",77000
16500,150,10000,"sd","09:16:36",76600
16500,150,1000,"sd","09:16:36",66600
16500,150,100,"sd","09:16:36",65600
16500,150,2000,"sd","09:16:36",65500
16500,150,500,"sd","09:16:36",63500
16500,150,1300,"sd","09:16:36",63000
16500,150,1000,"sd","09:16:36",61700
16500,150,200,"sd","09:16:36",60700
16500,150,2000,"sd","09:16:36",60500
16500,150,19000,"sd","09:16:36",58500
16500,150,1000,"bu","09:16:26",39500
16500,150,10000,"bu","09:16:21",38500
16450,100,800,"sd","09:15:23",28500
16450,100,1000,"bu","09:15:22",27700
16450,100,100,"bu","09:15:22",26700
16450,100,26600,"bu","09:15:00",26600
