"price","change","match_qtty","side","time","total_vol"
11300,200,100,"bu","14:45:02",229200
11200,100,200,"bu","14:26:57",229100
11100,0,200,"sd","14:26:45",228900
11200,100,100,"bu","14:25:22",228700
11100,0,2000,"sd","14:24:29",228600
11100,0,3700,"sd","14:20:59",226600
11200,100,900,"bu","14:18:53",222900
11200,100,3000,"sd","14:17:01",222000
11200,100,300,"sd","14:13:00",219000
11200,100,7200,"sd","14:05:20",218700
11300,200,500,"bu","13:58:00",211500
11300,200,500,"bu","13:57:39",211000
11200,100,100,"sd","13:55:39",210500
11200,100,200,"sd","13:55:16",210400
11200,100,2000,"sd","13:53:32",210200
11300,200,100,"bu","13:50:20",208200
11300,200,100,"bu","13:43:12",208100
11200,100,1000,"sd","13:39:20",208000
11300,200,100,"bu","13:35:10",207000
11200,100,1000,"sd","13:34:58",206900
11200,100,2000,"sd","13:28:30",205900
11300,200,500,"bu","13:24:57",203900
11200,100,10000,"sd","13:24:22",203400
11300,200,1000,"bu","13:24:15",193400
11300,200,500,"bu","13:16:59",192400
11300,200,1000,"bu","13:15:43",191900
11200,100,500,"sd","13:14:44",190900
11300,200,2500,"bu","13:14:37",190400
11300,200,100,"bu","13:14:33",187900
11300,200,2000,"bu","13:13:34",187800
11200,100,2300,"sd","13:13:20",185800
11300,200,3000,"bu","13:13:02",183500
11300,200,300,"bu","13:08:18",180500
11300,200,3500,"bu","13:00:09",180200
11300,200,13000,"bu","13:00:08",176700
11400,300,1000,"bu","13:00:04",163700
11400,300,100,"bu","11:27:49",162700
11300,200,1000,"sd","11:22:23",162600
11300,200,800,"bu","11:20:14",161600
11300,200,100,"bu","11:13:56",160800
11300,200,1700,"bu","11:12:46",160700
11300,200,1600,"sd","11:11:02",159000
11300,200,1400,"sd","11:10:22",157400
11400,300,200,"bu","11:07:36",156000
11300,200,1000,"sd","11:07:05",155800
11300,200,300,"sd","10:58:59",154800
11400,300,10000,"bu","10:54:31",154500
11300,200,5100,"sd","10:47:48",144500
11300,200,7000,"sd","10:46:26",139400
11300,200,1000,"sd","10:44:34",132400
11300,200,2000,"sd","10:42:38",131400
11400,300,2300,"bu","10:24:03",129400
11400,300,300,"bu","10:23:13",127100
11400,300,300,"bu","10:22:51",126800
11300,200,600,"sd","10:20:40",126500
11300,200,1000,"sd","10:20:23",125900
11400,300,200,"bu","10:20:04",124900
11400,300,500,"sd","10:14:38",124700
11400,300,1000,"sd","10:14:35",124200
11400,300,3700,"bu","10:13:18",123200
11400,300,100,"bu","10:11:20",119500
11400,300,2400,"sd","10:08:04",119400
11500,400,200,"bu","10:02:42",117000
11500,400,100,"bu","10:02:18",116800
11400,300,10000,"sd","09:58:55",116700
11400,300,100,"sd","09:57:32",106700
11500,400,600,"bu","09:49:08",106600
11500,400,11000,"bu","09:39:49",106000
11400,300,300,"bu","09:38:54",95000
11400,300,1000,"bu","09:38:08",94700
11400,300,700,"bu","09:37:06",93700
11400,300,1500,"sd","09:36:58",93000
11400,300,1700,"sd","09:36:41",91500
11400,300,8000,"bu","09:36:32",89800
11400,300,2000,"bu","09:35:53",81800
11400,300,2000,"bu","09:35:24",79800
11400,300,1600,"bu","09:33:41",77800
11300,200,900,"sd","09:30:35",76200
11400,300,2500,"bu","09:30:22",75300
11400,300,100,"bu","09:26:38",72800
11400,300,1000,"bu","09:24:36",72700
11300,200,200,"sd","09:24:24",71700
11300,200,1000,"sd","09:23:46",71500
11400,300,1000,"bu","09:23:33",70500
11300,200,400,"sd","09:22:59",69500
11400,300,1000,"bu","09:22:23",69100
11400,300,200,"bu","09:21:34",68100
11400,300,100,"sd","09:21:30",67900
11400,300,1400,"sd","09:21:18",67800
11400,300,200,"sd","09:21:07",66400
11400,300,10000,"sd","09:20:55",66200
11500,400,100,"bu","09:20:33",56200
11400,300,1000,"sd","09:20:28",56100
11500,400,1300,"sd","09:18:41",55100
11500,400,2000,"sd","09:18:32",53800
11500,400,100,"sd","09:18:23",51800
11500,400,1200,"sd","09:17:38",51700
11500,400,2000,"sd","09:17:08",50500
11500,400,500,"sd","09:16:59",48500
11500,400,3000,"sd","09:16:33",48000
11500,400,400,"sd","09:14:18",45000
11500,400,3000,"sd","09:13:32",44600
11600,500,4000,"bu","09:13:31",41600
11600,500,1800,"sd","09:13:16",37600
11600,500,400,"sd","09:13:14",35800
11600,500,200,"sd","09:12:58",35400
11600,500,400,"sd","09:12:55",35200
11600,500,400,"sd","09:12:40",34800
11600,500,600,"sd","09:12:24",34400
11600,500,8200,"bu","09:12:06",33800
11600,500,1000,"sd","09:07:41",25600
11600,500,6100,"bu","09:07:28",24600
11600,500,800,"unknown","09:06:07",18500
11600,500,200,"sd","09:05:58",17700
11600,500,2000,"sd","09:04:50",17500
11700,600,100,"bu","09:04:36",15500
11600,500,100,"sd","09:04:33",15400
11700,600,3000,"bu","09:04:22",15300
11600,500,2900,"unknown","09:04:14",12300
11500,400,2000,"sd","09:04:03",9400
11500,400,3200,"bu","09:03:37",7400
11300,200,3300,"sd","09:03:06",4200
11300,200,100,"sd","09:02:58",900
11300,200,200,"bu","09:02:25",800
11300,200,400,"bu","09:02:16",600
11200,100,200,"sd","09:00:58",200
