"price","change","match_qtty","side","time","total_vol"
96800,0,36000,"unknown","14:45:01",604000
96800,0,2000,"bu","14:29:48",568000
96800,0,1000,"bu","14:29:48",566000
96800,0,100,"sd","14:29:41",565000
96800,0,900,"sd","14:29:41",564900
96800,0,2100,"bu","14:29:40",564000
96800,0,2900,"bu","14:29:25",561900
96800,0,2100,"bu","14:29:25",559000
96800,0,2900,"bu","14:28:47",556900
96800,0,2100,"bu","14:28:47",554000
96800,0,2900,"sd","14:28:42",551900
96800,0,2100,"bu","14:28:41",549000
96800,0,2900,"bu","14:28:36",546900
96800,0,800,"bu","14:28:36",544000
96700,-100,300,"bu","14:28:36",543200
96700,-100,900,"bu","14:28:36",542900
96700,-100,100,"bu","14:28:36",542000
96600,-200,300,"bu","14:27:30",541900
96500,-300,300,"sd","14:27:21",541600
96500,-300,100,"sd","14:27:21",541300
96500,-300,100,"sd","14:27:21",541200
96500,-300,100,"sd","14:27:06",541100
96500,-300,200,"sd","14:27:06",541000
96500,-300,100,"sd","14:27:06",540800
96500,-300,100,"sd","14:27:06",540700
96600,-200,100,"sd","14:26:52",540600
96500,-300,100,"sd","14:26:41",540500
96500,-300,1000,"sd","14:26:41",540400
96500,-300,100,"sd","14:26:41",539400
96500,-300,100,"sd","14:26:41",539300
96500,-300,200,"sd","14:26:41",539200
96500,-300,100,"sd","14:26:41",539000
96500,-300,100,"sd","14:26:41",538900
96500,-300,400,"sd","14:26:41",538800
96500,-300,100,"sd","14:26:37",538400
96500,-300,500,"sd","14:26:32",538300
96500,-300,200,"sd","14:26:05",537800
96500,-300,100,"sd","14:26:05",537600
96500,-300,200,"sd","14:26:05",537500
96500,-300,100,"sd","14:24:45",537300
96600,-200,100,"sd","14:24:45",537200
96500,-300,200,"sd","14:23:42",537100
96500,-300,100,"sd","14:23:42",536900
96500,-300,200,"sd","14:23:42",536800
96500,-300,500,"sd","14:23:24",536600
96500,-300,600,"sd","14:22:46",536100
96500,-300,200,"sd","14:22:46",535500
96500,-300,100,"sd","14:22:46",535300
96600,-200,100,"sd","14:22:46",535200
96600,-200,100,"sd","14:22:09",535100
96600,-200,200,"sd","14:22:09",535000
96600,-200,100,"sd","14:22:09",534800
96600,-200,200,"sd","14:22:09",534700
96600,-200,100,"sd","14:22:09",534500
96600,-200,100,"sd","14:22:09",534400
96600,-200,100,"sd","14:22:09",534300
96600,-200,100,"sd","14:22:09",534200
96700,-100,200,"bu","14:21:34",534100
96700,-100,100,"bu","14:21:21",533900
96700,-100,500,"bu","14:20:25",533800
96700,-100,300,"sd","14:18:34",533300
96700,-100,700,"sd","14:18:34",533000
96700,-100,200,"sd","14:18:34",532300
96800,0,900,"bu","14:17:30",532100
96800,0,300,"bu","14:17:27",531200
96800,0,800,"bu","14:17:27",530900
96800,0,700,"bu","14:17:14",530100
96800,0,300,"bu","14:17:08",529400
96800,0,100,"bu","14:17:08",529100
96800,0,500,"bu","14:17:08",529000
96800,0,400,"bu","14:16:59",528500
96800,0,500,"bu","14:16:56",528100
96800,0,500,"bu","14:16:20",527600
96800,0,200,"bu","14:15:45",527100
96800,0,100,"bu","14:15:28",526900
96800,0,800,"bu","14:15:03",526800
96800,0,200,"bu","14:15:03",526000
96800,0,100,"bu","14:14:40",525800
96800,0,300,"bu","14:13:55",525700
96800,0,200,"bu","14:13:55",525400
96800,0,400,"bu","14:13:51",525200
96800,0,100,"bu","14:13:48",524800
96800,0,1000,"bu","14:13:40",524700
96800,0,300,"bu","14:13:36",523700
96800,0,1200,"bu","14:13:08",523400
96800,0,3000,"bu","14:12:46",522200
96800,0,3000,"bu","14:12:39",519200
96800,0,2000,"bu","14:12:35",516200
96800,0,2000,"bu","14:12:29",514200
96800,0,3000,"bu","14:12:24",512200
96800,0,3000,"bu","14:12:18",509200
96800,0,3000,"bu","14:12:14",506200
96800,0,4000,"bu","14:12:08",503200
97000,200,300,"bu","14:11:30",499200
97000,200,100,"bu","14:11:08",498900
97000,200,5000,"bu","14:11:06",498800
97000,200,4600,"bu","14:11:03",493800
97000,200,400,"bu","14:11:03",489200
97000,200,5000,"bu","14:10:43",488800
97000,200,4600,"bu","14:10:30",483800
97000,200,100,"bu","14:10:30",479200
97000,200,300,"bu","14:10:30",479100
97000,200,300,"bu","14:10:30",478800
96900,100,1000,"bu","14:10:30",478500
96900,100,1700,"bu","14:10:30",477500
96800,0,500,"bu","14:10:30",475800
96800,0,500,"bu","14:10:30",475300
96800,0,300,"bu","14:10:30",474800
96800,0,700,"bu","14:10:30",474500
96700,-100,300,"bu","14:08:50",473800
96700,-100,200,"bu","14:08:50",473500
96600,-200,400,"sd","14:07:26",473300
96700,-100,500,"bu","14:06:23",472900
96600,-200,100,"bu","14:05:55",472400
96600,-200,100,"sd","14:05:43",472300
96600,-200,100,"sd","14:05:43",472200
96700,-100,200,"bu","14:05:38",472100
96700,-100,100,"sd","14:05:35",471900
96800,0,100,"bu","14:03:59",471800
96700,-100,10000,"bu","14:03:49",471700
96800,0,100,"bu","14:03:08",461700
96700,-100,40000,"bu","14:03:08",461600
96600,-200,5000,"sd","14:02:40",421600
96600,-200,45000,"bu","14:02:28",416600
96600,-200,4000,"sd","14:02:25",371600
96600,-200,300,"sd","14:02:25",367600
96700,-100,700,"sd","14:02:25",367300
96800,0,100,"bu","14:01:53",366600
96800,0,200,"bu","14:00:23",366500
96600,-200,100,"sd","13:58:35",366300
96600,-200,100,"sd","13:58:35",366200
96600,-200,100,"sd","13:58:35",366100
96600,-200,700,"sd","13:58:35",366000
96700,-100,100,"sd","13:58:27",365300
96700,-100,500,"sd","13:58:27",365200
96700,-100,200,"sd","13:58:27",364700
96700,-100,200,"sd","13:58:27",364500
96900,100,100,"bu","13:52:28",364300
96900,100,1500,"bu","13:51:01",364200
96900,100,300,"bu","13:51:01",362700
96900,100,1600,"bu","13:50:52",362400
96900,100,1300,"bu","13:50:47",360800
96900,100,100,"bu","13:50:47",359500
96900,100,1300,"bu","13:50:39",359400
96900,100,200,"bu","13:50:31",358100
96900,100,1500,"bu","13:50:31",357900
96900,100,100,"bu","13:50:31",356400
96900,100,1500,"bu","13:50:25",356300
96900,100,1200,"bu","13:50:21",354800
96900,100,100,"bu","13:50:21",353600
96900,100,1100,"bu","13:50:05",353500
96900,100,1300,"bu","13:49:58",352400
96900,100,300,"bu","13:49:58",351100
96900,100,1400,"bu","13:49:50",350800
97000,200,1300,"bu","13:46:51",349400
97000,200,1200,"bu","13:44:51",348100
97000,200,100,"bu","13:43:57",346900
97000,200,300,"bu","13:43:57",346800
97000,200,400,"bu","13:43:57",346500
96900,100,300,"bu","13:43:57",346100
96900,100,1500,"bu","13:43:39",345800
96900,100,1200,"bu","13:43:35",344300
96900,100,100,"bu","13:43:35",343100
96900,100,100,"bu","13:43:35",343000
96800,0,1300,"bu","13:43:27",342900
96800,0,1600,"bu","13:43:18",341600
96800,0,300,"bu","13:43:15",340000
96800,0,300,"bu","13:43:15",339700
96800,0,800,"bu","13:43:15",339400
96800,0,1300,"bu","13:42:53",338600
96800,0,1000,"bu","13:42:50",337300
96800,0,600,"bu","13:42:50",336300
96800,0,1400,"bu","13:42:44",335700
96800,0,1000,"bu","13:42:18",334300
96800,0,400,"bu","13:42:18",333300
96800,0,1300,"bu","13:42:09",332900
96800,0,1200,"bu","13:42:04",331600
96800,0,500,"bu","13:42:03",330400
96800,0,1600,"bu","13:41:57",329900
96800,0,600,"sd","13:41:09",328300
96800,0,1300,"bu","13:41:07",327700
96800,0,1300,"bu","13:41:03",326400
96800,0,400,"bu","13:41:03",325100
96800,0,1500,"bu","13:40:30",324700
96800,0,500,"bu","13:40:27",323200
96800,0,900,"bu","13:40:27",322700
96800,0,1400,"bu","13:39:49",321800
96900,100,900,"bu","13:39:34",320400
96900,100,300,"bu","13:39:34",319500
96900,100,100,"bu","13:39:34",318700
96900,100,500,"bu","13:39:34",319200
96800,0,200,"bu","13:39:34",318600
96800,0,2000,"bu","13:39:20",318400
96800,0,1300,"bu","13:39:17",316400
96800,0,500,"bu","13:39:13",315100
96800,0,1000,"bu","13:39:13",314600
96800,0,1400,"bu","13:39:02",313600
96800,0,1100,"bu","13:38:58",312200
96800,0,100,"bu","13:38:55",311100
96800,0,600,"bu","13:38:55",311000
96800,0,1400,"bu","13:38:03",310400
96800,0,1500,"bu","13:37:42",309000
96800,0,100,"sd","13:37:38",307500
96800,0,1300,"bu","13:37:30",307400
96800,0,1300,"bu","13:37:24",306100
96600,-200,1300,"sd","13:36:51",304800
96800,0,900,"bu","13:36:18",303500
96800,0,300,"bu","13:36:18",302600
96800,0,1000,"bu","13:36:04",302300
96800,0,1400,"bu","13:35:31",301300
96800,0,1000,"bu","13:35:27",299900
96800,0,300,"bu","13:35:27",298900
96800,0,1000,"bu","13:35:02",298600
96800,0,1400,"bu","13:34:56",297600
96800,0,500,"bu","13:34:50",296200
96700,-100,300,"bu","13:34:50",295700
96700,-100,200,"bu","13:34:50",295400
96600,-200,200,"bu","13:34:50",295200
96500,-300,100,"sd","13:34:21",295000
96500,-300,100,"sd","13:34:21",294900
96500,-300,100,"sd","13:34:21",294800
96500,-300,100,"sd","13:34:21",294700
96500,-300,100,"sd","13:34:21",294600
96600,-200,100,"sd","13:33:51",294500
96600,-200,100,"sd","13:33:51",294400
96600,-200,100,"sd","13:33:51",294300
96600,-200,100,"sd","13:33:51",294200
96600,-200,100,"sd","13:33:51",294100
96600,-200,300,"sd","13:33:51",294000
96700,-100,100,"sd","13:33:34",293700
96700,-100,100,"sd","13:33:34",293600
96800,0,400,"sd","13:33:25",293500
96800,0,800,"bu","13:33:24",293100
96800,0,100,"bu","13:33:23",292300
96800,0,1700,"bu","13:33:17",292200
96800,0,1000,"bu","13:33:06",290500
96800,0,600,"bu","13:33:06",289500
96700,-100,100,"sd","13:32:51",288900
96700,-100,600,"sd","13:32:51",288800
96800,0,1500,"bu","13:32:40",288200
96800,0,1300,"bu","13:32:27",286700
96800,0,100,"sd","13:32:21",285400
96800,0,1000,"bu","13:32:17",285300
96800,0,4000,"sd","13:31:47",284300
96800,0,1200,"bu","13:31:18",280300
96800,0,1600,"bu","13:30:25",279100
96800,0,600,"bu","13:30:22",277500
96800,0,800,"bu","13:30:22",276900
96800,0,100,"bu","13:30:18",276100
96800,0,1300,"bu","13:30:04",276000
96800,0,1100,"bu","13:29:58",274700
96800,0,400,"bu","13:29:58",273600
96800,0,1600,"bu","13:29:40",273200
96800,0,200,"bu","13:29:27",271600
96800,0,900,"bu","13:29:08",271400
96800,0,600,"bu","13:29:08",270500
96800,0,100,"bu","13:29:02",269900
96800,0,1300,"bu","13:28:59",269800
96800,0,1000,"bu","13:28:55",268500
96800,0,600,"bu","13:28:55",267500
96800,0,100,"bu","13:28:27",266900
96800,0,1500,"bu","13:28:15",266800
96800,0,600,"bu","13:28:08",265300
96800,0,300,"bu","13:28:08",264700
96800,0,500,"bu","13:28:08",264400
96800,0,1300,"bu","13:28:00",263900
96800,0,900,"bu","13:27:56",262600
96800,0,300,"bu","13:27:56",261700
96800,0,1100,"bu","13:27:50",261400
96800,0,900,"bu","13:27:36",260300
96800,0,400,"bu","13:27:36",259400
96800,0,1200,"bu","13:27:29",259000
96800,0,400,"sd","13:27:24",257800
96800,0,600,"bu","13:27:21",257400
96800,0,1200,"bu","13:27:17",256800
96800,0,100,"sd","13:27:12",255600
96800,0,100,"sd","13:27:05",255500
96800,0,1000,"bu","13:26:51",255400
96800,0,800,"bu","13:26:40",254400
96800,0,200,"bu","13:26:40",253600
96800,0,900,"bu","13:26:33",253400
96800,0,500,"bu","13:26:27",252500
96800,0,200,"bu","13:26:27",252000
96700,-100,100,"bu","13:25:55",251800
96700,-100,400,"bu","13:25:41",251700
96700,-100,1000,"bu","13:25:16",251300
96800,0,5000,"bu","13:22:41",250300
96800,0,300,"bu","13:20:29",245300
96700,-100,200,"bu","13:20:29",245000
96600,-200,100,"bu","13:20:29",244800
96600,-200,100,"bu","13:20:29",244700
96600,-200,300,"bu","13:20:29",244600
96400,-400,100,"sd","13:19:50",244300
96400,-400,900,"sd","13:19:28",244100
96400,-400,100,"sd","13:19:28",244200
96500,-300,100,"sd","13:19:28",243200
96500,-300,100,"sd","13:19:28",243100
96500,-300,100,"sd","13:19:09",243000
96500,-300,200,"sd","13:19:09",242900
96500,-300,100,"sd","13:19:09",242700
96500,-300,200,"sd","13:19:09",242600
96500,-300,100,"sd","13:19:09",242400
96500,-300,100,"sd","13:19:09",242300
96500,-300,300,"sd","13:19:09",242200
96500,-300,100,"sd","13:19:09",241900
96500,-300,100,"sd","13:19:09",241800
96500,-300,200,"sd","13:13:52",241700
96500,-300,100,"sd","13:13:52",241500
96500,-300,200,"sd","13:12:51",241400
96500,-300,100,"sd","13:12:51",241200
96500,-300,100,"sd","13:12:51",241100
96500,-300,500,"sd","13:12:51",241000
96500,-300,100,"sd","13:12:51",240500
96500,-300,100,"sd","13:12:51",240400
96500,-300,200,"sd","13:12:51",240300
96600,-200,100,"bu","13:12:28",240100
96600,-200,100,"bu","13:09:46",240000
96600,-200,500,"bu","13:08:58",239900
96600,-200,300,"bu","13:08:56",239400
96500,-300,100,"sd","13:07:50",239100
96500,-300,100,"sd","13:07:50",239000
96500,-300,100,"sd","13:07:50",238900
96500,-300,100,"sd","13:07:50",238800
96500,-300,300,"sd","13:07:50",238700
96500,-300,800,"sd","13:07:50",238200
96500,-300,100,"sd","13:07:50",238400
96500,-300,100,"sd","13:07:50",238300
96600,-200,100,"bu","13:07:39",237400
96600,-200,200,"bu","13:07:08",237300
96600,-200,100,"bu","13:05:34",237100
96600,-200,100,"bu","13:05:10",237000
96600,-200,100,"bu","13:05:05",236900
96600,-200,200,"sd","13:05:03",236800
96600,-200,100,"sd","13:05:03",236600
96600,-200,100,"sd","13:05:03",236500
96600,-200,100,"sd","13:04:07",236400
96600,-200,300,"sd","13:03:44",236300
96600,-200,900,"sd","13:03:44",236000
96600,-200,100,"sd","13:03:27",235100
96600,-200,100,"bu","13:02:11",235000
96600,-200,300,"bu","13:00:07",234900
96600,-200,1000,"bu","13:00:01",234600
96600,-200,100,"bu","12:59:59",233600
96500,-300,200,"bu","11:23:52",233500
96400,-400,1000,"sd","11:23:52",233300
96400,-400,100,"bu","11:23:48",232300
96400,-400,200,"sd","11:23:38",232200
96400,-400,200,"sd","11:23:38",232000
96400,-400,300,"sd","11:23:38",231800
96400,-400,100,"sd","11:23:38",231500
96400,-400,100,"sd","11:23:38",231400
96500,-300,100,"sd","11:23:12",231300
96500,-300,100,"sd","11:23:12",231200
96500,-300,100,"sd","11:23:12",231100
96500,-300,100,"sd","11:23:12",231000
96500,-300,400,"sd","11:23:12",230900
96600,-200,100,"sd","11:22:45",230500
96500,-300,100,"sd","11:22:37",230400
96500,-300,100,"sd","11:22:37",230300
96500,-300,200,"sd","11:22:37",230200
96500,-300,100,"sd","11:22:37",230000
96500,-300,100,"sd","11:22:37",229900
96500,-300,100,"sd","11:22:37",229800
96500,-300,100,"sd","11:22:37",229700
96500,-300,100,"sd","11:22:37",229600
96500,-300,100,"sd","11:22:37",229500
96500,-300,700,"sd","11:22:01",229400
96500,-300,300,"sd","11:22:01",228700
96500,-300,1000,"sd","11:21:46",228400
96700,-100,400,"bu","11:21:40",227400
96600,-200,200,"bu","11:21:40",227000
96600,-200,900,"bu","11:21:40",226800
96600,-200,200,"bu","11:21:39",225900
96600,-200,200,"bu","11:21:31",225700
96600,-200,200,"bu","11:20:51",225500
96600,-200,100,"sd","11:20:35",225300
96700,-100,200,"bu","11:20:12",225200
96700,-100,800,"bu","11:20:12",225000
96600,-200,1000,"bu","11:20:12",224200
96600,-200,500,"bu","11:20:02",223200
96500,-300,300,"sd","11:18:06",222700
96500,-300,100,"sd","11:18:06",222400
96500,-300,100,"sd","11:18:06",222300
96500,-300,100,"sd","11:18:06",222200
96500,-300,200,"sd","11:18:06",222100
96500,-300,200,"sd","11:18:06",221900
96500,-300,800,"sd","11:17:56",221700
96500,-300,100,"sd","11:17:56",220900
96500,-300,100,"sd","11:17:56",220800
96600,-200,500,"bu","11:17:48",220700
96600,-200,100,"sd","11:17:41",220200
96600,-200,400,"sd","11:17:41",220100
96700,-100,500,"bu","11:17:33",219700
96600,-200,600,"sd","11:17:26",219200
96600,-200,600,"sd","11:17:26",218600
96600,-200,400,"sd","11:17:19",218000
96600,-200,500,"sd","11:17:19",217600
96600,-200,100,"sd","11:17:19",217100
96600,-200,100,"sd","11:17:19",217000
96600,-200,100,"sd","11:17:19",216900
96600,-200,400,"sd","11:17:19",216800
96600,-200,100,"sd","11:17:05",216400
96600,-200,100,"sd","11:17:04",216300
96600,-200,500,"sd","11:17:04",216200
96600,-200,100,"sd","11:17:04",215700
96600,-200,100,"sd","11:17:04",215600
96600,-200,100,"sd","11:17:04",215500
96600,-200,100,"sd","11:17:04",215400
96600,-200,100,"sd","11:17:04",215300
96700,-100,100,"sd","11:16:54",215200
96700,-100,500,"sd","11:16:54",215100
96700,-100,100,"sd","11:16:54",214600
96700,-100,900,"sd","11:16:54",214500
96700,-100,500,"sd","11:16:54",213600
96700,-100,100,"sd","11:16:51",213100
96700,-100,200,"sd","11:16:51",213000
96700,-100,300,"sd","11:16:51",212800
96700,-100,100,"sd","11:16:51",212500
96700,-100,300,"sd","11:16:51",212400
96700,-100,400,"sd","11:16:51",212100
96700,-100,100,"sd","11:16:51",211700
96700,-100,100,"sd","11:15:28",211600
96700,-100,200,"sd","11:15:28",211500
96700,-100,100,"sd","11:15:28",211300
96700,-100,100,"sd","11:15:28",211200
96700,-100,800,"sd","11:14:54",211100
96700,-100,200,"sd","11:14:54",210300
96700,-100,100,"sd","11:13:51",210100
96700,-100,100,"sd","11:13:51",210000
96700,-100,100,"sd","11:13:51",209900
96700,-100,500,"sd","11:13:51",209800
96700,-100,100,"sd","11:13:51",209300
96800,0,100,"bu","11:13:51",209200
96800,0,200,"bu","11:13:37",209100
96700,-100,500,"sd","11:08:03",208900
96700,-100,500,"sd","11:06:35",208400
96700,-100,500,"sd","11:05:30",207900
96800,0,100,"bu","11:05:13",207400
96800,0,100,"bu","11:05:09",207300
96700,-100,500,"sd","11:03:28",207200
96800,0,200,"bu","11:01:56",206700
96800,0,300,"bu","11:01:15",206500
96800,0,200,"bu","11:01:15",206200
96800,0,500,"sd","11:00:07",206000
96800,0,200,"sd","11:00:07",205500
96800,0,200,"sd","11:00:07",205300
96800,0,300,"sd","11:00:07",205100
96800,0,100,"sd","11:00:07",204800
96800,0,100,"sd","10:59:36",204700
96800,0,300,"sd","10:59:36",204600
96800,0,100,"sd","10:59:36",204300
96800,0,100,"sd","10:58:39",204200
96800,0,100,"sd","10:58:39",204100
96800,0,300,"sd","10:58:39",204000
96800,0,500,"sd","10:56:45",203700
96800,0,500,"sd","10:54:53",203200
96800,0,500,"sd","10:53:47",202700
96800,0,100,"sd","10:52:45",202200
96800,0,100,"sd","10:52:45",202100
96900,100,100,"bu","10:51:19",202000
96900,100,300,"bu","10:51:19",201900
96900,100,100,"bu","10:50:23",201600
96900,100,100,"sd","10:49:53",201500
96800,0,400,"sd","10:48:01",201400
96800,0,100,"sd","10:48:01",201000
96800,0,100,"sd","10:46:34",200900
96800,0,100,"sd","10:46:34",200800
96800,0,300,"sd","10:46:34",200700
97000,200,300,"bu","10:46:28",200400
97000,200,800,"bu","10:46:17",200100
96900,100,700,"bu","10:46:17",199300
96900,100,200,"bu","10:46:15",198600
96900,100,100,"bu","10:45:53",198400
96900,100,1000,"sd","10:45:43",198300
96900,100,5000,"bu","10:45:39",197300
97000,200,200,"bu","10:45:05",192300
97000,200,200,"bu","10:45:05",192100
97000,200,100,"bu","10:45:05",191900
96800,0,500,"sd","10:45:04",191800
96800,0,200,"sd","10:38:43",191300
96800,0,300,"sd","10:38:43",191100
97000,200,1000,"bu","10:37:42",190800
97000,200,500,"bu","10:37:42",189800
96900,100,500,"bu","10:37:42",189300
96900,100,500,"bu","10:37:42",188800
96900,100,300,"bu","10:37:42",188300
96900,100,100,"bu","10:37:20",188000
96900,100,100,"bu","10:37:05",187900
96900,100,400,"bu","10:37:05",187800
96900,100,100,"bu","10:34:41",187400
96900,100,200,"bu","10:34:41",187300
96900,100,300,"bu","10:33:53",187100
96900,100,500,"bu","10:33:53",186800
96900,100,200,"bu","10:33:53",186300
96800,0,200,"sd","10:33:41",186100
96800,0,300,"sd","10:33:41",185900
96800,0,200,"sd","10:32:36",185600
96800,0,100,"sd","10:32:36",185400
96800,0,200,"sd","10:32:36",185300
96800,0,500,"sd","10:31:31",185100
96800,0,300,"sd","10:30:06",184600
96800,0,100,"sd","10:30:06",184300
96800,0,200,"sd","10:30:06",184200
96800,0,200,"sd","10:30:06",184000
96800,0,100,"sd","10:30:06",183800
96800,0,200,"sd","10:29:49",183700
96800,0,200,"sd","10:29:14",183500
96800,0,100,"sd","10:29:14",183300
96800,0,100,"sd","10:29:14",183200
96800,0,100,"sd","10:29:14",183100
96800,0,100,"sd","10:29:14",183000
96800,0,300,"sd","10:29:14",182900
96800,0,100,"sd","10:29:14",182600
96800,0,100,"sd","10:28:50",182500
96800,0,100,"sd","10:28:50",182400
96800,0,300,"sd","10:28:50",182300
96800,0,200,"sd","10:28:22",182000
96800,0,100,"sd","10:28:22",181800
96800,0,700,"sd","10:28:22",181700
96800,0,300,"sd","10:27:55",181000
96800,0,200,"sd","10:27:55",180700
97000,200,100,"bu","10:27:01",180500
97000,200,200,"bu","10:27:01",180400
97000,200,200,"bu","10:27:01",180200
97000,200,100,"bu","10:27:01",180000
96900,100,400,"bu","10:27:01",179900
96900,100,100,"sd","10:26:51",179500
97000,200,500,"bu","10:26:28",179400
97000,200,100,"bu","10:26:19",178900
96900,100,500,"sd","10:25:51",178800
97000,200,400,"bu","10:25:34",178300
97000,200,100,"bu","10:25:34",177900
96800,0,300,"sd","10:24:51",177800
96800,0,200,"sd","10:24:51",177500
96800,0,500,"sd","10:24:07",177300
96800,0,500,"sd","10:22:57",176800
96800,0,500,"sd","10:21:42",176300
96900,100,100,"sd","10:21:15",175800
96900,100,200,"unknown","10:20:46",175700
96900,100,200,"sd","10:20:25",175500
97000,200,100,"bu","10:20:10",175300
96800,0,300,"sd","10:20:05",175200
96800,0,100,"sd","10:20:05",174900
96800,0,100,"sd","10:20:05",174800
96900,100,100,"sd","10:19:09",174700
96900,100,500,"sd","10:18:54",174600
96900,100,100,"sd","10:18:35",174100
96900,100,300,"sd","10:18:35",174000
96900,100,1000,"sd","10:18:35",173700
96900,100,300,"sd","10:18:35",172700
96900,100,100,"sd","10:18:35",172400
96900,100,100,"sd","10:18:35",172300
96900,100,500,"sd","10:18:35",172200
96900,100,500,"sd","10:18:32",171700
96900,100,500,"sd","10:16:49",171200
97000,200,100,"bu","10:16:10",170700
96900,100,500,"sd","10:16:06",170600
97000,200,500,"sd","10:14:33",170100
97000,200,500,"sd","10:14:31",169600
97000,200,100,"sd","10:13:56",169100
97000,200,500,"bu","10:13:54",169000
97000,200,400,"bu","10:13:54",168500
97000,200,100,"sd","10:12:57",168100
96900,100,500,"sd","10:12:15",168000
97000,200,100,"bu","10:11:11",167500
97000,200,100,"sd","10:11:05",167400
97000,200,100,"sd","10:11:05",167300
97000,200,200,"sd","10:11:05",167200
97000,200,100,"sd","10:10:57",167000
97000,200,100,"sd","10:10:57",166900
97000,200,100,"sd","10:10:57",166800
97000,200,100,"sd","10:10:57",166700
97000,200,100,"sd","10:10:57",166600
97000,200,100,"sd","10:10:57",166500
97000,200,500,"sd","10:10:57",166400
97000,200,300,"sd","10:10:57",165900
97000,200,500,"sd","10:10:02",165600
97000,200,500,"sd","10:09:06",165100
97000,200,100,"sd","10:08:12",164600
97100,300,100,"sd","10:06:40",164500
97100,300,200,"sd","10:06:08",164400
97100,300,700,"bu","10:06:06",164200
97100,300,4800,"bu","10:05:56",163500
97100,300,200,"bu","10:05:56",158700
97100,300,100,"sd","10:05:27",158500
97100,300,300,"sd","10:05:27",158400
97100,300,200,"sd","10:05:27",158100
97100,300,300,"sd","10:05:27",157900
97100,300,4600,"sd","10:05:27",157600
97100,300,200,"sd","10:04:49",153000
97100,300,200,"sd","10:04:46",152800
97100,300,500,"sd","10:03:56",152600
97100,300,500,"sd","10:02:45",152100
97200,400,200,"bu","10:02:33",151600
97100,300,500,"sd","10:02:04",151400
97100,300,200,"sd","10:01:41",150900
97100,300,100,"sd","10:01:38",150700
97100,300,500,"bu","10:01:17",150600
97100,300,500,"bu","10:01:17",150100
97100,300,200,"bu","10:01:17",149600
97100,300,300,"sd","09:59:27",149400
97100,300,9000,"bu","09:59:09",149100
97100,300,700,"bu","09:59:09",140100
97100,300,200,"bu","09:58:57",139400
97100,300,100,"bu","09:58:51",139200
97100,300,3000,"sd","09:58:48",139100
97100,300,2000,"bu","09:58:45",136100
97100,300,4000,"sd","09:58:31",134100
97100,300,6000,"bu","09:58:29",130100
97000,200,500,"sd","09:58:12",124100
97000,200,200,"sd","09:57:57",123600
97000,200,100,"sd","09:57:57",123400
97000,200,100,"sd","09:57:57",123300
97000,200,100,"sd","09:57:57",123200
97000,200,100,"sd","09:57:57",123100
97000,200,400,"sd","09:57:57",123000
97100,300,200,"bu","09:57:55",122600
97000,200,100,"sd","09:57:37",122400
97000,200,100,"sd","09:57:37",122300
97000,200,100,"sd","09:57:37",122200
97000,200,100,"sd","09:57:37",122100
97000,200,1000,"sd","09:57:37",122000
97000,200,100,"sd","09:57:37",121000
97000,200,100,"sd","09:57:37",120900
97000,200,800,"sd","09:57:37",120800
97000,200,100,"sd","09:57:37",120000
97000,200,500,"sd","09:57:37",119900
97100,300,100,"sd","09:57:08",119400
97100,300,100,"sd","09:57:08",119300
97100,300,100,"sd","09:57:08",119200
97100,300,500,"sd","09:56:08",119100
97100,300,700,"sd","09:55:48",118600
97100,300,300,"sd","09:55:48",117900
97100,300,500,"sd","09:55:26",117600
97100,300,800,"sd","09:54:59",117100
97100,300,400,"sd","09:54:09",116300
97100,300,100,"sd","09:54:09",115900
97200,400,100,"bu","09:53:55",115800
97100,300,1100,"sd","09:53:32",115700
97100,300,100,"bu","09:53:25",114600
97100,300,400,"sd","09:53:12",114500
97100,300,700,"sd","09:52:56",114100
97100,300,200,"sd","09:52:56",113400
97100,300,100,"sd","09:52:56",113200
97100,300,100,"sd","09:52:56",113100
97100,300,500,"sd","09:52:23",113000
97100,300,100,"sd","09:51:20",112500
97100,300,400,"sd","09:51:20",112400
97200,400,100,"bu","09:50:53",112000
97100,300,900,"sd","09:50:41",111900
97100,300,100,"sd","09:50:41",111000
97100,300,500,"sd","09:50:36",110900
97100,300,500,"sd","09:50:34",110400
97100,300,100,"sd","09:50:34",109900
97100,300,800,"sd","09:50:34",109800
97200,400,100,"bu","09:50:20",109000
97200,400,200,"sd","09:49:55",108900
97100,300,200,"sd","09:48:56",108700
97100,300,100,"sd","09:48:56",108500
97100,300,200,"sd","09:48:56",108400
97200,400,100,"sd","09:48:11",108200
97200,400,100,"sd","09:48:11",108100
97200,400,300,"sd","09:48:11",108000
97200,400,1000,"sd","09:47:06",107700
97200,400,100,"sd","09:47:06",106700
97200,400,200,"sd","09:46:38",106600
97200,400,100,"sd","09:46:38",106400
97200,400,500,"sd","09:46:38",106300
97200,400,100,"sd","09:46:38",105800
97200,400,100,"sd","09:46:38",105700
97300,500,500,"sd","09:45:41",105600
97300,500,100,"sd","09:44:46",105100
97300,500,100,"sd","09:44:46",105000
97300,500,300,"sd","09:44:46",104900
97300,500,500,"sd","09:43:44",104600
97300,500,500,"bu","09:43:30",104100
97300,500,500,"bu","09:43:06",103600
97300,500,100,"bu","09:43:06",103100
97300,500,100,"bu","09:42:37",103000
97300,500,300,"bu","09:42:24",102900
97300,500,300,"bu","09:42:24",102600
97300,500,200,"bu","09:41:56",102300
97300,500,200,"bu","09:41:56",102100
97300,500,100,"bu","09:41:56",101900
97300,500,100,"bu","09:41:24",101800
97300,500,100,"bu","09:41:24",101700
97300,500,4000,"bu","09:37:23",101600
97300,500,900,"sd","09:37:10",97600
97300,500,1000,"bu","09:37:08",96700
97300,500,1000,"bu","09:37:08",95700
97300,500,100,"bu","09:37:08",94700
97300,500,4900,"bu","09:36:45",94600
97200,400,100,"bu","09:36:45",89700
97200,400,100,"sd","09:36:37",89600
97200,400,300,"sd","09:36:37",89500
97300,500,5000,"bu","09:36:34",89200
97400,600,100,"bu","09:35:50",84200
97400,600,1000,"bu","09:34:42",84100
97200,400,200,"bu","09:33:40",83100
97200,400,100,"sd","09:33:20",82900
97200,400,100,"sd","09:33:20",82800
97200,400,100,"sd","09:33:20",82700
97200,400,200,"sd","09:31:20",82600
97200,400,100,"sd","09:31:20",82400
97200,400,100,"sd","09:31:20",82300
97200,400,100,"sd","09:31:20",82200
97300,500,100,"bu","09:30:52",82100
97300,500,200,"bu","09:30:37",82000
97300,500,100,"bu","09:30:33",81800
97200,400,100,"sd","09:29:21",81700
97300,500,100,"bu","09:28:04",81600
97300,500,100,"bu","09:27:45",81500
97300,500,2000,"bu","09:26:44",81400
97300,500,900,"sd","09:26:31",79400
97300,500,1100,"bu","09:26:28",78500
97100,300,1400,"sd","09:26:26",77400
97300,500,900,"sd","09:26:13",76000
97300,500,1100,"bu","09:26:11",75100
97300,500,4900,"bu","09:25:58",74000
97200,400,100,"bu","09:25:58",69100
97200,400,500,"sd","09:25:54",69000
97200,400,100,"sd","09:25:54",68500
97200,400,200,"sd","09:25:54",68400
97200,400,100,"sd","09:25:54",68200
97500,700,500,"sd","09:25:21",68100
97500,700,2000,"bu","09:25:13",67600
97400,600,1500,"bu","09:25:13",65600
97500,700,1000,"sd","09:25:05",64100
97500,700,1000,"bu","09:25:02",63100
97500,700,2000,"sd","09:24:51",62100
97500,700,3000,"bu","09:24:49",60100
97100,300,500,"sd","09:24:38",57100
97500,700,1000,"sd","09:24:36",56600
97500,700,2000,"bu","09:24:30",55600
97500,700,5000,"bu","09:24:11",53600
97100,300,200,"sd","09:23:42",48600
97100,300,200,"sd","09:23:42",48400
97100,300,100,"sd","09:23:42",48200
97800,1000,200,"bu","09:23:17",48100
97400,600,500,"bu","09:22:53",47900
97000,200,1300,"sd","09:22:37",47400
97000,200,100,"sd","09:22:37",46100
97000,200,100,"sd","09:22:37",46000
97000,200,100,"sd","09:22:05",45900
97000,200,1400,"sd","09:22:05",45800
97000,200,600,"sd","09:22:04",44400
97100,300,300,"sd","09:22:04",43800
97000,200,100,"sd","09:21:40",43400
97000,200,100,"sd","09:21:40",43500
97100,300,100,"sd","09:21:40",43300
97100,300,100,"sd","09:21:40",43100
97100,300,100,"sd","09:21:40",43200
97300,500,100,"sd","09:21:40",43000
97500,700,300,"sd","09:21:40",42900
97500,700,1000,"sd","09:21:30",42600
97500,700,700,"sd","09:21:17",41600
97500,700,100,"sd","09:21:17",40900
97900,1100,1100,"sd","09:20:34",40800
97900,1100,900,"sd","09:19:51",39700
98000,1200,100,"sd","09:19:51",38800
98000,1200,100,"sd","09:19:51",38700
98000,1200,400,"sd","09:19:51",38600
98000,1200,100,"sd","09:19:14",38200
98000,1200,100,"sd","09:19:12",38100
98000,1200,200,"sd","09:18:43",38000
98000,1200,200,"sd","09:18:40",37800
98000,1200,500,"sd","09:18:39",37600
98000,1200,100,"sd","09:18:39",37100
98000,1200,200,"sd","09:18:33",37000
98000,1200,200,"sd","09:16:46",36800
98000,1200,100,"sd","09:16:44",36600
98000,1200,100,"sd","09:16:44",36500
98100,1300,100,"sd","09:16:43",36400
98500,1700,200,"bu","09:15:47",36300
99000,2200,400,"bu","09:15:01",36100
99000,2200,100,"bu","09:15:01",35700
99000,2200,100,"bu","09:15:01",35600
98900,2100,200,"bu","09:15:01",35500
98900,2100,100,"bu","09:15:01",35300
98900,2100,1200,"bu","09:15:01",35200
98900,2100,100,"bu","09:15:01",34000
98900,2100,400,"bu","09:15:01",33900
98900,2100,200,"bu","09:15:01",33500
98900,2100,1000,"bu","09:15:01",33300
98800,2000,100,"bu","09:15:01",32300
98800,2000,2000,"bu","09:15:01",32200
98800,2000,2100,"bu","09:15:01",30200
98800,2000,100,"bu","09:15:01",28100
98700,1900,2000,"bu","09:15:01",28000
98600,1800,1000,"bu","09:15:01",26000
98500,1700,100,"bu","09:15:01",24900
98500,1700,100,"bu","09:15:01",25000
98400,1600,100,"bu","09:15:01",24800
98300,1500,100,"bu","09:15:01",24700
98000,1200,2600,"bu","09:15:01",24600
98000,1200,500,"bu","09:15:01",22000
98000,1200,300,"bu","09:15:01",21500
98000,1200,21200,"bu","09:15:01",21200
