"price","change","match_qtty","side","time","total_vol"
95000,0,3900,"unknown","14:45:00",131100
95000,0,300,"bu","14:29:59",127200
95000,0,200,"bu","14:29:59",126900
95000,0,100,"bu","14:29:56",126700
95000,0,100,"bu","14:29:37",126600
95000,0,500,"bu","14:29:26",126500
95000,0,100,"bu","14:29:05",126000
95000,0,400,"bu","14:29:05",125900
94900,-100,200,"bu","14:28:35",125500
94900,-100,100,"bu","14:28:35",125300
94900,-100,400,"bu","14:28:35",125200
94900,-100,500,"sd","14:28:27",124800
94900,-100,300,"sd","14:28:27",124300
94900,-100,200,"bu","14:26:55",124000
94900,-100,100,"bu","14:26:55",123800
94900,-100,500,"sd","14:26:26",123700
94900,-100,1400,"bu","14:24:28",123200
94900,-100,100,"bu","14:24:28",121800
94800,-200,500,"sd","14:24:05",121700
94800,-200,500,"sd","14:23:31",121200
94800,-200,400,"sd","14:23:17",120700
94800,-200,100,"sd","14:23:17",120300
94800,-200,200,"sd","14:22:56",120200
94800,-200,500,"sd","14:22:53",120000
94800,-200,100,"sd","14:22:51",119500
94800,-200,100,"sd","14:22:32",119400
94800,-200,100,"sd","14:22:21",119300
94800,-200,300,"sd","14:22:21",119200
94700,-300,100,"sd","14:18:49",118900
94700,-300,800,"sd","14:18:49",118800
94800,-200,100,"sd","14:17:44",118000
94800,-200,400,"bu","14:17:41",117900
94800,-200,100,"bu","14:17:30",117500
94800,-200,400,"bu","14:17:03",117400
94800,-200,100,"sd","14:14:47",117000
94800,-200,400,"sd","14:14:47",116900
94800,-200,100,"sd","14:13:13",116500
94800,-200,400,"bu","14:12:36",116400
94900,-100,100,"bu","14:12:00",116000
94900,-100,100,"bu","14:12:00",115900
94900,-100,600,"bu","14:11:39",115800
94900,-100,300,"bu","14:11:30",115200
94800,-200,600,"bu","14:10:23",114900
94800,-200,500,"sd","14:09:28",114300
94900,-100,200,"bu","14:08:34",113800
94900,-100,100,"bu","14:08:34",113600
94900,-100,100,"bu","14:08:09",113500
94900,-100,300,"bu","14:05:30",113400
94900,-100,100,"bu","14:05:30",113100
94800,-200,400,"sd","14:03:25",113000
94800,-200,600,"sd","14:03:20",112600
94800,-200,100,"sd","14:03:20",112000
94800,-200,100,"sd","14:02:54",111900
94700,-300,100,"sd","13:58:17",111800
94700,-300,700,"sd","13:57:25",111700
94700,-300,100,"sd","13:56:39",111000
94700,-300,100,"bu","13:56:35",110900
94700,-300,700,"bu","13:56:35",110800
94700,-300,500,"bu","13:54:42",110100
94700,-300,200,"bu","13:54:42",109600
94700,-300,300,"bu","13:54:42",109400
94700,-300,1000,"bu","13:54:01",109100
94700,-300,300,"bu","13:53:08",108100
94700,-300,1200,"bu","13:53:08",107800
94700,-300,1800,"bu","13:51:48",106600
94700,-300,100,"bu","13:51:48",104800
94700,-300,100,"bu","13:51:48",104700
94700,-300,400,"bu","13:50:53",104600
94600,-400,400,"sd","13:50:45",104200
94600,-400,400,"sd","13:50:45",103800
94600,-400,200,"sd","13:50:45",103400
94700,-300,500,"sd","13:49:46",103200
94700,-300,200,"sd","13:49:39",102700
94700,-300,800,"sd","13:48:37",102500
94900,-100,100,"bu","13:44:03",101700
94900,-100,1000,"bu","13:44:03",101600
94900,-100,500,"bu","13:42:53",100600
94900,-100,100,"bu","13:42:14",100100
94900,-100,300,"bu","13:41:58",100000
94900,-100,500,"bu","13:33:17",99700
94900,-100,200,"bu","13:31:42",99200
94900,-100,200,"bu","13:30:48",99000
94900,-100,2000,"bu","13:26:33",98800
94800,-200,500,"bu","13:26:33",96800
94600,-400,1000,"sd","13:22:42",96300
94600,-400,300,"sd","13:22:25",95300
94600,-400,600,"sd","13:22:25",95000
94600,-400,1000,"sd","13:22:25",94400
94600,-400,400,"sd","13:22:25",93400
94600,-400,1000,"sd","13:22:25",93000
94600,-400,100,"sd","13:22:25",92000
94600,-400,600,"sd","13:22:25",91900
94600,-400,1400,"bu","13:16:58",91300
94600,-400,2500,"bu","13:16:58",89900
94600,-400,600,"bu","13:16:58",87400
94600,-400,200,"bu","13:16:58",86800
94600,-400,200,"bu","13:16:58",86600
94500,-500,400,"sd","13:12:37",86400
94500,-500,1000,"sd","13:12:37",86000
94500,-500,100,"sd","13:12:37",85000
94500,-500,300,"sd","13:09:04",84900
94500,-500,700,"sd","13:09:04",84600
94600,-400,900,"bu","13:09:02",83900
94600,-400,600,"bu","13:09:02",83000
94600,-400,1500,"bu","13:09:02",82400
94500,-500,500,"sd","13:08:17",80900
94500,-500,300,"sd","13:08:17",80400
94500,-500,100,"sd","13:08:17",80100
94500,-500,300,"sd","13:08:17",80000
94500,-500,100,"sd","13:08:17",79700
94500,-500,200,"sd","13:08:17",79600
94600,-400,600,"sd","13:06:05",79400
94600,-400,1000,"sd","13:06:05",78800
94600,-400,200,"sd","13:06:04",77800
94600,-400,200,"bu","13:05:56",77600
94600,-400,300,"bu","13:05:53",77400
94600,-400,500,"bu","13:05:53",77100
94600,-400,200,"bu","13:05:53",76600
94600,-400,300,"sd","13:04:50",76400
94600,-400,200,"sd","13:04:50",76100
94600,-400,500,"sd","13:04:50",75900
94600,-400,200,"sd","13:04:50",75400
94600,-400,600,"sd","13:04:50",75200
94600,-400,1000,"sd","13:04:50",74600
94600,-400,400,"sd","13:04:50",73600
94600,-400,600,"sd","13:04:50",73200
94900,-100,100,"bu","13:04:46",72600
94600,-400,300,"sd","13:04:33",72500
94900,-100,200,"sd","13:00:01",72200
95000,0,200,"bu","13:00:00",72000
95000,0,400,"bu","13:00:00",71800
95000,0,400,"bu","13:00:00",71400
94900,-100,200,"bu","11:29:21",71000
94900,-100,300,"sd","11:29:17",70800
94900,-100,200,"bu","11:26:32",70500
94900,-100,100,"bu","11:25:55",70300
94900,-100,500,"bu","11:25:48",70200
94900,-100,100,"bu","11:22:53",69700
94800,-200,100,"bu","11:19:36",69600
94800,-200,200,"sd","11:16:22",69500
94800,-200,200,"bu","11:15:55",69300
94800,-200,100,"bu","11:15:55",69100
94600,-400,100,"bu","11:11:43",69000
94600,-400,500,"sd","11:10:02",68900
94500,-500,100,"sd","10:59:13",68400
94500,-500,300,"sd","10:56:19",68300
94500,-500,400,"sd","10:56:19",68000
94600,-400,500,"sd","10:56:19",67600
94500,-500,1000,"sd","10:56:19",67100
94500,-500,600,"sd","10:56:19",66100
94500,-500,1000,"sd","10:56:19",65500
94500,-500,400,"sd","10:56:19",64500
94500,-500,100,"sd","10:56:19",64100
94500,-500,100,"sd","10:56:19",64000
94500,-500,600,"sd","10:56:19",63900
94600,-400,500,"sd","10:55:03",63300
94600,-400,400,"sd","10:55:03",62800
94600,-400,100,"sd","10:55:03",62400
94600,-400,500,"sd","10:52:02",62300
94600,-400,1000,"sd","10:52:02",61800
94600,-400,400,"sd","10:52:02",60800
94600,-400,100,"sd","10:52:02",60400
94600,-400,500,"sd","10:50:37",60300
94600,-400,1000,"sd","10:50:37",59800
94600,-400,400,"sd","10:50:36",58800
94600,-400,100,"sd","10:50:36",58400
94500,-500,500,"sd","10:43:51",58300
94500,-500,100,"sd","10:40:43",57800
94800,-200,400,"bu","10:38:01",57700
94700,-300,200,"bu","10:38:01",57300
94500,-500,400,"sd","10:36:21",57100
94500,-500,200,"sd","10:36:21",56700
94500,-500,200,"sd","10:36:09",56500
94500,-500,200,"sd","10:36:09",56300
94500,-500,200,"sd","10:36:09",56100
94500,-500,200,"sd","10:36:09",55900
94500,-500,200,"sd","10:36:09",55700
94500,-500,200,"sd","10:36:09",55500
94500,-500,400,"sd","10:36:09",55300
94500,-500,300,"sd","10:36:09",54900
94500,-500,300,"sd","10:36:09",54600
94500,-500,200,"sd","10:36:09",54300
94500,-500,100,"sd","10:36:09",54100
94500,-500,300,"sd","10:34:38",54000
94500,-500,200,"sd","10:34:38",53700
94500,-500,400,"sd","10:34:38",53500
94500,-500,1500,"sd","10:34:38",53100
94500,-500,800,"sd","10:34:38",51600
94500,-500,200,"sd","10:34:38",50800
94500,-500,400,"sd","10:34:38",50600
94500,-500,100,"sd","10:34:38",50200
94600,-400,300,"sd","10:34:38",50100
94600,-400,500,"sd","10:34:38",49800
94600,-400,200,"sd","10:34:38",49300
94600,-400,100,"sd","10:34:38",49100
94600,-400,1300,"sd","10:32:56",49000
94600,-400,500,"sd","10:32:56",47700
94700,-300,200,"unknown","10:32:56",47200
94700,-300,3000,"sd","10:27:48",47000
94600,-400,4000,"sd","10:24:32",44000
94600,-400,600,"sd","10:24:32",40000
94600,-400,1000,"sd","10:24:32",39400
94600,-400,600,"sd","10:24:32",38400
94600,-400,400,"sd","10:24:32",37800
94600,-400,1000,"sd","10:24:32",37400
94600,-400,2300,"sd","10:24:32",36400
94600,-400,500,"sd","10:24:32",34100
94600,-400,400,"sd","10:24:32",33600
94600,-400,4200,"sd","10:24:32",33200
94600,-400,100,"sd","10:20:13",29000
94600,-400,2000,"sd","10:19:59",28900
94700,-300,300,"sd","10:16:33",26900
94700,-300,500,"sd","10:16:33",26600
94700,-300,200,"sd","10:16:33",26100
94600,-400,300,"sd","10:13:33",25900
94700,-300,200,"sd","10:13:33",25600
94700,-300,100,"sd","10:11:59",25400
94700,-300,100,"sd","10:11:59",25300
94700,-300,500,"sd","10:11:59",25200
94700,-300,200,"sd","10:11:59",24700
94700,-300,100,"sd","10:11:59",24500
94800,-200,300,"sd","10:09:44",24400
94800,-200,500,"sd","10:09:44",24100
94800,-200,200,"sd","10:09:44",23600
94800,-200,100,"sd","10:08:17",23400
94800,-200,300,"sd","09:58:09",23300
94800,-200,100,"sd","09:57:42",23000
94800,-200,1900,"sd","09:57:42",22900
94900,-100,500,"sd","09:50:49",21000
95000,0,500,"bu","09:47:16",20500
95000,0,100,"bu","09:47:16",20000
95000,0,1000,"bu","09:43:24",19900
95000,0,200,"bu","09:42:46",18900
94900,-100,100,"sd","09:40:33",18700
94900,-100,500,"bu","09:40:31",18600
94700,-300,100,"sd","09:37:58",18100
94700,-300,200,"sd","09:37:16",18000
94600,-400,100,"sd","09:35:20",17800
94600,-400,200,"sd","09:34:03",17700
94600,-400,3100,"bu","09:33:18",17500
94600,-400,500,"bu","09:33:14",14400
94600,-400,300,"bu","09:33:01",13900
94600,-400,200,"bu","09:32:53",13600
94500,-500,300,"sd","09:32:17",13400
94500,-500,300,"sd","09:31:48",13100
94500,-500,100,"sd","09:31:07",12800
94500,-500,100,"sd","09:31:07",12700
94600,-400,400,"bu","09:29:14",12600
94600,-400,500,"bu","09:28:23",12200
94600,-400,2500,"sd","09:27:57",11700
94600,-400,500,"sd","09:27:57",9200
94700,-300,400,"sd","09:25:24",8700
94700,-300,100,"sd","09:24:16",8300
94800,-200,200,"bu","09:22:49",8200
94600,-400,500,"sd","09:21:16",8000
94800,-200,200,"sd","09:21:16",7500
94800,-200,200,"sd","09:21:16",7300
94800,-200,100,"sd","09:21:16",7100
95000,0,500,"bu","09:19:35",7000
95000,0,700,"bu","09:17:51",6500
95000,0,800,"sd","09:17:35",5800
95000,0,200,"sd","09:17:18",5000
95000,0,100,"sd","09:16:47",4800
95000,0,400,"sd","09:16:47",4700
95000,0,100,"sd","09:16:43",4300
95000,0,100,"sd","09:16:43",4200
95000,0,300,"sd","09:16:43",4100
95000,0,800,"sd","09:15:19",3800
95000,0,3000,"sd","09:15:00",3000
