"price","change","match_qtty","side","time","total_vol"
13800,150,2000,"sd","14:45:01",135200
13950,300,300,"sd","14:29:59",133200
13950,300,100,"sd","14:29:38",132900
13950,300,500,"sd","14:29:37",132800
13950,300,100,"sd","14:29:12",132300
13950,300,1000,"sd","14:29:09",132200
13950,300,1100,"bu","14:28:46",131200
13950,300,1900,"bu","14:28:46",130100
13950,300,6500,"bu","14:28:45",128200
13950,300,200,"bu","14:28:45",121700
13900,250,400,"bu","14:28:45",121500
13900,250,1000,"bu","14:28:45",121100
13900,250,1900,"bu","14:28:45",120100
13800,150,1000,"sd","14:28:01",118200
13900,250,100,"bu","14:26:59",117200
13900,250,100,"bu","14:26:59",117100
13900,250,200,"bu","14:26:59",117000
13900,250,5000,"bu","14:26:59",116800
13900,250,100,"bu","14:26:59",111800
13900,250,300,"bu","14:26:59",111700
13850,200,400,"bu","14:26:59",111400
13850,200,200,"bu","14:26:59",111000
13850,200,100,"bu","14:26:59",110800
13850,200,1000,"bu","14:26:59",110700
13850,200,200,"bu","14:26:59",109700
13850,200,1200,"bu","14:26:59",109500
13850,200,2300,"bu","14:26:59",108300
13800,150,100,"bu","14:26:59",106000
13800,150,1000,"bu","14:26:59",105900
13800,150,2000,"bu","14:26:59",104900
13800,150,200,"bu","14:26:59",102900
13800,150,2000,"bu","14:26:59",102700
13800,150,2500,"bu","14:26:59",100700
13800,150,1500,"bu","14:24:41",98200
13800,150,2000,"bu","14:24:41",96700
13800,150,2000,"bu","14:24:41",94700
13800,150,100,"bu","14:24:41",92700
13750,100,1000,"bu","14:24:41",92600
13700,50,1000,"bu","14:21:11",91600
13700,50,100,"bu","14:20:38",90600
13700,50,300,"bu","14:20:16",90500
13700,50,700,"bu","14:19:25",90200
13700,50,1000,"bu","14:19:25",89500
13700,50,300,"bu","14:19:25",88500
13700,50,500,"bu","14:15:36",88200
13700,50,1200,"bu","14:10:54",87700
13700,50,200,"bu","14:10:54",86500
13700,50,100,"sd","13:56:28",86300
13700,50,2000,"sd","13:56:28",86200
13700,50,200,"sd","13:56:28",84200
13750,100,500,"bu","13:55:43",84000
13750,100,500,"bu","13:55:43",83500
13750,100,500,"sd","13:52:18",83000
13800,150,100,"bu","13:42:22",82500
13800,150,100,"bu","13:35:27",82400
13800,150,100,"bu","13:34:10",82300
13800,150,600,"bu","13:28:21",82200
13800,150,400,"bu","13:28:21",81600
13800,150,600,"bu","13:26:42",81200
13800,150,1000,"bu","13:26:42",80600
13800,150,100,"bu","13:26:42",79600
13800,150,2000,"bu","13:26:42",79500
13800,150,300,"bu","13:26:42",77500
13800,150,100,"bu","13:23:20",77200
13800,150,9600,"bu","13:23:20",77100
13800,150,1000,"bu","13:23:20",67500
13800,150,900,"bu","13:23:20",66500
13750,100,100,"bu","13:23:20",65600
13750,100,12000,"bu","13:23:20",62500
13750,100,3000,"bu","13:23:20",65500
13700,50,2000,"bu","13:23:20",50500
13700,50,2000,"bu","13:23:20",48500
13700,50,9000,"bu","13:23:20",46500
13700,50,400,"bu","13:23:20",37500
13650,0,100,"sd","13:21:49",37100
13650,0,500,"sd","13:21:49",37000
13650,0,500,"sd","13:21:49",36500
13650,0,1900,"sd","13:21:49",36000
13650,0,100,"sd","13:21:09",34100
13650,0,300,"sd","13:21:09",34000
13700,50,200,"bu","13:14:57",33700
13650,0,100,"sd","13:03:10",33500
13650,0,600,"sd","13:00:25",33400
13650,0,400,"sd","13:00:25",32800
13700,50,100,"bu","13:00:01",31900
13700,50,400,"bu","13:00:01",32400
13700,50,100,"bu","13:00:01",31800
13700,50,100,"bu","13:00:01",32000
13700,50,300,"bu","13:00:01",31700
13700,50,500,"bu","10:59:49",31400
13700,50,200,"bu","10:59:24",30900
13700,50,300,"bu","10:59:24",30700
13700,50,500,"bu","10:56:21",30400
13700,50,100,"bu","10:51:51",29900
13700,50,100,"sd","10:38:00",29800
13700,50,2900,"sd","10:37:50",29700
13700,50,200,"sd","10:37:50",26800
13700,50,500,"sd","10:34:57",26600
13700,50,300,"sd","10:31:10",26100
13700,50,500,"sd","10:30:44",25800
13700,50,1500,"sd","10:30:44",25300
13750,100,200,"sd","10:27:27",23800
13750,100,400,"bu","10:10:30",23600
13750,100,100,"bu","10:06:05",23200
13750,100,200,"bu","10:06:05",23100
13750,100,200,"bu","10:06:05",22900
13750,100,500,"bu","10:00:48",22700
13750,100,200,"bu","09:54:22",22200
13750,100,100,"bu","09:53:47",22000
13800,150,100,"bu","09:43:19",21900
13800,150,400,"bu","09:43:19",21800
13800,150,500,"bu","09:43:19",21400
13850,200,700,"bu","09:38:28",20900
13800,150,800,"bu","09:38:28",20200
13800,150,200,"bu","09:35:51",19400
13800,150,1000,"bu","09:35:51",19200
13800,150,1000,"bu","09:35:51",18200
13800,150,900,"bu","09:35:51",17200
13800,150,1000,"bu","09:35:51",16300
13800,150,200,"bu","09:35:51",15300
13750,100,800,"bu","09:35:51",15100
13750,100,200,"sd","09:28:52",14300
13800,150,9800,"bu","09:28:45",14100
13800,150,200,"bu","09:28:45",4300
13800,150,300,"bu","09:27:16",4100
13800,150,100,"bu","09:27:16",3800
13800,150,1000,"bu","09:27:16",3700
13800,150,100,"bu","09:27:16",2700
13800,150,300,"bu","09:27:16",2600
13800,150,100,"bu","09:27:16",2300
13750,100,500,"bu","09:24:34",2200
13750,100,600,"bu","09:24:34",1700
13700,50,400,"bu","09:24:34",1100
13700,50,100,"sd","09:19:07",700
13750,100,100,"bu","09:17:48",600
13750,100,200,"sd","09:16:10",500
13750,100,100,"sd","09:16:10",300
13750,100,100,"sd","09:15:33",200
13800,150,100,"bu","09:15:00",100
