"price","change","match_qtty","side","time","total_vol"
14500,500,37300,"unknown","14:45:02",333000
14500,500,7000,"bu","14:29:56",295700
14500,500,5000,"bu","14:29:49",288700
14500,500,5000,"bu","14:29:43",283700
14500,500,5000,"bu","14:29:31",278700
14500,500,5000,"bu","14:29:23",273700
14400,400,200,"sd","14:29:00",268700
14400,400,1800,"sd","14:28:53",268500
14400,400,100,"sd","14:28:35",266700
14400,400,500,"sd","14:28:16",266600
14400,400,200,"sd","14:28:09",266100
14400,400,200,"sd","14:27:44",265900
14400,400,200,"sd","14:27:19",265700
14400,400,500,"sd","14:27:18",265500
14400,400,200,"sd","14:26:54",265000
14400,400,200,"sd","14:26:28",264800
14400,400,200,"sd","14:26:02",264600
14400,400,200,"sd","14:25:37",264400
14400,400,200,"sd","14:25:11",264200
14400,400,200,"sd","14:24:46",264000
14400,400,200,"sd","14:24:21",263800
14400,400,200,"sd","14:23:55",263600
14400,400,200,"sd","14:23:30",263400
14400,400,800,"sd","14:23:04",263200
14400,400,200,"sd","14:22:39",262400
14400,400,400,"bu","14:22:23",262200
14300,300,200,"sd","14:22:13",261800
14400,400,600,"sd","14:22:00",261600
14400,400,100,"sd","14:21:48",261000
14400,400,100,"sd","14:21:28",260900
14400,400,100,"sd","14:20:55",260800
14400,400,300,"sd","14:20:50",260700
14400,400,200,"sd","14:20:47",260400
14400,400,200,"sd","14:20:26",260200
14400,400,200,"sd","14:20:07",260000
14400,400,100,"sd","14:19:25",259800
14400,400,1000,"sd","14:19:20",259700
14400,400,5000,"sd","14:18:58",258700
14400,400,200,"sd","14:18:46",253700
14400,400,200,"sd","14:18:04",253500
14400,400,100,"sd","14:17:23",253300
14400,400,200,"sd","14:16:42",253200
14400,400,200,"sd","14:16:00",253000
14400,400,100,"sd","14:15:19",252800
14400,400,100,"sd","14:15:15",252700
14400,400,200,"sd","14:14:38",252600
14400,400,200,"sd","14:13:57",252400
14400,400,100,"sd","14:13:16",252200
14400,400,200,"sd","14:12:35",252100
14400,400,200,"sd","14:11:54",251900
14400,400,200,"sd","14:11:31",251700
14400,400,200,"sd","14:11:13",251500
14400,400,700,"bu","14:10:48",251300
14400,400,300,"bu","14:10:23",250600
14400,400,100,"unknown","14:07:42",250300
14400,400,3000,"sd","14:07:14",250200
14400,400,200,"sd","14:07:06",247200
14400,400,400,"sd","14:06:59",247000
14400,400,3000,"sd","14:06:57",246600
14400,400,100,"sd","14:06:25",243600
14400,400,200,"sd","14:05:44",243500
14400,400,200,"sd","14:05:02",243300
14400,400,100,"sd","14:04:21",243100
14400,400,200,"sd","14:03:40",243000
14400,400,200,"sd","14:02:59",242800
14400,400,200,"sd","14:02:46",242600
14400,400,1300,"sd","14:02:45",242400
14400,400,100,"sd","14:02:18",241100
14400,400,200,"sd","14:01:54",241000
14400,400,200,"sd","14:01:37",240800
14400,400,100,"sd","14:01:33",240600
14400,400,2800,"sd","14:01:18",240500
14400,400,300,"sd","14:00:57",237700
14400,400,200,"sd","14:00:56",237400
14400,400,5900,"sd","14:00:44",237200
14400,400,9800,"bu","14:00:41",231300
14400,400,100,"bu","14:00:16",221500
14400,400,3000,"bu","13:51:27",221400
14400,400,2300,"bu","13:50:48",218400
14400,400,3000,"unknown","13:46:43",216100
14400,400,200,"sd","13:46:33",213100
14400,400,200,"sd","13:45:52",212900
14400,400,100,"sd","13:45:11",212700
14400,400,200,"sd","13:44:30",212600
14400,400,200,"sd","13:43:50",212400
14400,400,100,"sd","13:43:33",212200
14400,400,100,"sd","13:43:09",212100
14400,400,200,"sd","13:43:04",212000
14400,400,100,"sd","13:42:37",211800
14400,400,300,"sd","13:42:32",211700
14400,400,200,"sd","13:42:27",211400
14400,400,200,"sd","13:41:46",211200
14400,400,1000,"sd","13:41:37",211000
14400,400,100,"sd","13:41:26",210000
14400,400,300,"sd","13:41:21",209900
14400,400,20000,"sd","13:41:07",209600
14400,400,100,"sd","13:41:05",189600
14400,400,200,"sd","13:40:24",189500
14400,400,200,"sd","13:39:43",189300
14400,400,100,"sd","13:39:02",189100
14400,400,200,"sd","13:38:21",189000
14400,400,200,"sd","13:37:40",188800
14400,400,1000,"sd","13:37:18",188600
14400,400,100,"sd","13:36:59",187600
14400,400,200,"sd","13:36:18",187500
14400,400,200,"sd","13:35:37",187300
14400,400,200,"sd","13:34:56",187100
14400,400,100,"sd","13:34:15",186900
14400,400,200,"sd","13:33:34",186800
14400,400,200,"sd","13:32:52",186600
14400,400,200,"sd","13:32:25",186400
14400,400,100,"sd","13:32:11",186200
14400,400,200,"sd","13:31:30",186100
14400,400,100,"sd","13:30:57",185900
14400,400,200,"sd","13:30:49",185800
14400,400,100,"sd","13:30:08",185600
14400,400,200,"sd","13:29:27",185500
14400,400,2200,"sd","13:29:25",185300
14400,400,200,"sd","13:28:46",183100
14400,400,300,"sd","13:28:44",182900
14400,400,100,"unknown","13:28:05",182600
14400,400,100,"sd","13:27:24",182500
14400,400,200,"sd","13:27:23",182400
14400,400,3000,"sd","13:27:05",182200
14400,400,3000,"sd","13:26:52",179200
14400,400,2200,"sd","13:26:42",176200
14400,400,200,"sd","13:26:30",174000
14400,400,400,"sd","13:26:27",173800
14400,400,100,"sd","13:26:13",173400
14400,400,100,"sd","13:26:01",173300
14400,400,600,"sd","13:25:47",173200
14500,500,2000,"bu","13:25:05",172600
14500,500,2000,"bu","13:22:38",170600
14400,400,10000,"sd","13:22:35",168600
14500,500,2700,"bu","13:22:26",158600
14500,500,1000,"bu","13:20:13",155900
14400,400,100,"sd","13:19:51",154900
14400,400,400,"sd","13:19:46",154800
14400,400,200,"sd","13:19:42",154400
14400,400,200,"sd","13:19:10",154200
14400,400,1100,"sd","13:18:38",154000
14500,500,10000,"sd","13:18:31",152900
14500,500,200,"sd","13:18:29",142900
14500,500,500,"sd","13:18:16",142700
14500,500,200,"sd","13:17:48",142200
14500,500,100,"sd","13:17:07",142000
14500,500,1000,"sd","13:16:32",141900
14500,500,200,"sd","13:16:25",140900
14500,500,200,"sd","13:15:44",140700
14500,500,100,"sd","13:15:03",140500
14500,500,100,"sd","13:14:38",140400
14500,500,100,"sd","13:14:35",140300
14500,500,300,"sd","13:14:33",140200
14500,500,200,"sd","13:14:22",139900
14500,500,100,"sd","13:13:51",139700
14500,500,200,"sd","13:13:41",139600
14500,500,100,"sd","13:13:00",139400
14500,500,200,"sd","13:12:45",139300
14600,600,800,"bu","13:12:06",139100
14600,600,3300,"bu","13:11:56",138300
14500,500,100,"sd","13:11:53",135000
14500,500,200,"sd","13:11:38",134900
14500,500,3000,"sd","13:11:18",134700
14500,500,100,"sd","13:10:57",131700
14500,500,4400,"sd","13:10:35",131600
14500,500,100,"sd","13:10:25",127200
14500,500,200,"sd","13:10:16",127100
14500,500,1000,"sd","13:09:49",126900
14500,500,2300,"bu","13:09:41",125900
14500,500,2200,"bu","13:09:37",123600
14500,500,5000,"bu","13:09:35",121400
14500,500,1000,"bu","13:09:31",116400
14500,500,1000,"bu","13:09:26",115400
14500,500,1000,"bu","13:09:05",114400
14500,500,1000,"bu","13:08:59",113400
14500,500,500,"bu","13:08:54",112400
14500,500,2000,"bu","13:08:35",111900
14400,400,100,"sd","13:08:34",109900
14500,500,4000,"bu","13:08:33",109800
14500,500,300,"bu","13:08:15",105800
14400,400,200,"sd","13:08:14",105500
14400,400,200,"sd","13:07:51",105300
14400,400,200,"sd","13:07:32",105100
14400,400,100,"sd","13:06:50",104900
14400,400,100,"sd","13:06:48",104800
14500,500,400,"bu","13:05:28",104700
14500,500,400,"bu","13:05:12",104300
14500,500,1000,"bu","13:05:00",103900
14400,400,100,"sd","13:04:48",102900
14400,400,9500,"bu","13:04:31",102800
14400,400,3000,"bu","13:04:25",93300
14400,400,5700,"bu","13:03:55",90300
14300,300,800,"sd","13:03:42",84600
14300,300,200,"sd","13:03:26",83800
14300,300,100,"sd","13:03:01",83600
14400,400,1100,"bu","13:02:58",83500
14300,300,100,"sd","13:02:45",82400
14300,300,200,"sd","13:02:04",82300
14300,300,200,"sd","13:01:23",82100
14300,300,200,"sd","13:00:59",81900
14300,300,200,"sd","13:00:42",81700
14300,300,1600,"sd","13:00:09",81500
14300,300,400,"sd","13:00:05",79900
14300,300,200,"sd","11:29:18",79500
14300,300,100,"sd","11:29:13",79300
14300,300,1700,"sd","11:29:07",79200
14300,300,300,"bu","11:28:37",77500
14300,300,300,"unknown","11:25:53",77200
14300,300,3000,"bu","11:24:56",76900
14300,300,1700,"sd","11:22:45",73900
14300,300,100,"sd","11:22:28",72200
14300,300,100,"sd","11:22:23",72100
14300,300,2900,"sd","11:22:12",72000
14300,300,5700,"bu","11:22:00",69100
14200,200,200,"sd","11:21:47",63400
14200,200,1100,"sd","11:21:39",63200
14200,200,500,"bu","11:20:45",62100
14200,200,1300,"bu","11:19:26",61600
14200,200,500,"bu","11:18:26",60300
14200,200,300,"bu","11:17:28",59800
14200,200,2600,"bu","11:16:49",59500
14200,200,500,"bu","11:15:57",56900
14200,200,300,"bu","11:15:42",56400
14200,200,700,"bu","11:14:32",56100
14200,200,200,"bu","11:14:16",55400
14200,200,500,"bu","11:13:13",55200
14200,200,200,"bu","11:13:05",54700
14200,200,100,"bu","11:07:08",54500
14100,100,200,"sd","11:06:43",54400
14100,100,100,"sd","11:06:02",54200
14100,100,200,"sd","11:05:21",54100
14100,100,200,"sd","11:04:40",53900
14100,100,100,"sd","11:03:59",53700
14100,100,200,"sd","11:03:17",53600
14100,100,200,"sd","11:02:36",53400
14100,100,100,"sd","11:01:55",53200
14100,100,200,"sd","11:01:14",53100
14100,100,200,"sd","11:00:33",52900
14100,100,100,"sd","10:59:52",52700
14100,100,3500,"sd","10:59:26",52600
14100,100,200,"sd","10:59:11",49100
14100,100,200,"sd","10:58:30",48900
14100,100,100,"sd","10:57:49",48700
14100,100,200,"sd","10:57:08",48600
14100,100,200,"sd","10:56:27",48400
14100,100,100,"sd","10:55:46",48200
14100,100,1000,"sd","10:55:37",48100
14100,100,200,"sd","10:55:04",47100
14100,100,200,"sd","10:54:23",46900
14100,100,100,"sd","10:53:42",46700
14100,100,200,"sd","10:53:01",46600
14100,100,200,"sd","10:52:20",46400
14100,100,100,"sd","10:51:39",46200
14100,100,200,"sd","10:50:58",46100
14100,100,200,"sd","10:50:17",45900
14100,100,100,"sd","10:49:36",45700
14100,100,200,"sd","10:48:55",45600
14100,100,200,"sd","10:48:14",45400
14100,100,100,"sd","10:47:33",45200
14100,100,200,"sd","10:46:52",45100
14100,100,200,"sd","10:46:10",44900
14100,100,100,"sd","10:45:29",44700
14100,100,200,"sd","10:44:48",44600
14100,100,200,"sd","10:44:07",44400
14100,100,100,"sd","10:43:26",44200
14100,100,200,"sd","10:42:45",44100
14100,100,200,"sd","10:42:04",43900
14100,100,100,"sd","10:41:23",43700
14100,100,200,"sd","10:40:42",43600
14100,100,200,"sd","10:40:01",43400
14100,100,100,"sd","10:39:20",43200
14100,100,200,"sd","10:38:39",43100
14100,100,300,"sd","10:38:11",42900
14200,200,600,"bu","10:33:02",42600
14200,200,1400,"bu","10:23:57",42000
14200,200,200,"bu","10:17:55",40600
14200,200,1800,"bu","10:16:45",40400
14200,200,100,"bu","10:15:00",38600
14200,200,100,"bu","10:12:38",38500
14100,100,100,"sd","10:12:37",38400
14100,100,14300,"sd","10:12:16",38300
14200,200,100,"bu","10:11:40",24000
14200,200,100,"bu","10:08:25",23900
14200,200,100,"bu","10:08:04",23800
14200,200,1000,"bu","10:07:37",23700
14200,200,100,"bu","10:07:34",22700
14200,200,400,"bu","10:07:32",22600
14200,200,300,"bu","10:06:56",22200
14200,200,500,"bu","10:05:47",21900
14200,200,200,"bu","10:05:34",21400
14200,200,100,"bu","10:05:10",21200
14200,200,2700,"bu","10:05:08",21100
14200,200,700,"bu","10:04:54",18400
14200,200,500,"bu","10:01:54",17700
14200,200,700,"bu","09:57:07",17200
14100,100,200,"sd","09:56:53",16500
14100,100,100,"sd","09:56:13",16300
14100,100,200,"sd","09:55:31",16200
14100,100,100,"sd","09:55:21",16000
14200,200,100,"bu","09:55:14",15900
14100,100,200,"sd","09:54:50",15800
14100,100,100,"sd","09:54:09",15600
14100,100,500,"bu","09:53:47",15500
14100,100,4700,"unknown","09:51:58",15000
14100,100,200,"sd","09:51:25",10300
14100,100,200,"sd","09:50:44",10100
14100,100,3000,"sd","09:50:12",9900
14200,200,200,"bu","09:44:53",6900
14200,200,1000,"bu","09:41:09",6700
14100,100,200,"sd","09:41:08",5700
14100,100,200,"sd","09:40:27",5500
14100,100,100,"sd","09:39:46",5300
14100,100,200,"sd","09:39:05",5200
14100,100,500,"sd","09:38:32",5000
14100,100,200,"sd","09:38:23",4500
14100,100,100,"sd","09:37:42",4300
14100,100,200,"sd","09:37:01",4200
14100,100,200,"sd","09:36:20",4000
14100,100,100,"sd","09:35:39",3800
14100,100,500,"sd","09:35:38",3700
14200,200,500,"bu","09:29:21",3200
14200,200,100,"bu","09:28:57",2700
14300,300,2000,"bu","09:15:22",2600
14300,300,400,"bu","09:05:12",600
14100,100,200,"unknown","09:02:25",200
