"price","change","match_qtty","side","time","total_vol"
36800,-750,203000,"sd","14:45:04",1908700
37350,-200,200,"bu","14:29:57",1705700
37300,-250,400,"sd","14:29:54",1705500
37350,-200,200,"sd","14:29:54",1705100
37350,-200,1000,"sd","14:29:54",1704900
37350,-200,100,"sd","14:29:54",1703900
37350,-200,200,"sd","14:29:54",1703800
37350,-200,100,"sd","14:29:54",1703600
37400,-150,200,"sd","14:29:38",1703500
37400,-150,100,"sd","14:29:38",1703300
37400,-150,500,"sd","14:29:32",1703200
37400,-150,400,"sd","14:29:31",1702700
37400,-150,3100,"sd","14:29:31",1702300
37400,-150,2000,"sd","14:29:31",1699200
37400,-150,100,"sd","14:29:28",1697200
37400,-150,1900,"sd","14:29:26",1697100
37400,-150,1000,"sd","14:29:24",1695200
37400,-150,1900,"sd","14:29:19",1694200
37400,-150,100,"sd","14:29:19",1692300
37400,-150,200,"sd","14:29:19",1692200
37450,-100,100,"bu","14:29:15",1692000
37450,-100,500,"bu","14:29:07",1691900
37450,-100,1000,"bu","14:29:00",1691400
37400,-150,500,"sd","14:28:57",1690400
37450,-100,600,"sd","14:28:54",1689900
37450,-100,100,"bu","14:28:52",1689300
37450,-100,1000,"bu","14:28:52",1689200
37450,-100,300,"bu","14:28:52",1688200
37400,-150,500,"sd","14:28:51",1687900
37400,-150,500,"sd","14:28:51",1687400
37400,-150,100,"sd","14:28:50",1686900
37450,-100,700,"bu","14:28:47",1686800
37450,-100,1000,"bu","14:28:46",1686100
37450,-100,300,"sd","14:28:43",1685100
37450,-100,500,"sd","14:28:43",1684800
37450,-100,200,"sd","14:28:43",1684300
37450,-100,100,"sd","14:28:37",1684100
37450,-100,1000,"sd","14:28:36",1684000
37450,-100,700,"sd","14:28:25",1683000
37450,-100,300,"sd","14:28:25",1682300
37500,-50,900,"bu","14:28:13",1682000
37500,-50,1000,"sd","14:28:13",1681100
37500,-50,1100,"sd","14:28:11",1680100
37500,-50,1000,"sd","14:28:11",1679000
37500,-50,5900,"sd","14:28:11",1678000
37500,-50,3000,"sd","14:28:09",1672100
37500,-50,1100,"sd","14:28:03",1669100
37500,-50,100,"sd","14:28:03",1668000
37500,-50,200,"sd","14:28:03",1667900
37500,-50,500,"sd","14:28:03",1667700
37500,-50,200,"sd","14:28:03",1667200
37500,-50,500,"sd","14:28:03",1667000
37500,-50,86400,"sd","14:28:03",1666500
37500,-50,10000,"sd","14:28:01",1580100
37500,-50,700,"sd","14:28:00",1570100
37500,-50,2900,"sd","14:27:52",1569400
37500,-50,500,"sd","14:27:52",1566500
37500,-50,500,"sd","14:27:52",1566000
37500,-50,400,"sd","14:27:52",1565500
37550,0,100,"sd","14:27:52",1565100
37600,50,3000,"bu","14:27:46",1565000
37550,0,1000,"unknown","14:27:46",1562000
37500,-50,100,"sd","14:27:43",1561000
37500,-50,200,"sd","14:27:43",1560900
37550,0,1000,"sd","14:27:41",1560700
37550,0,200,"sd","14:27:41",1559700
37550,0,100,"sd","14:27:41",1559500
37550,0,500,"sd","14:27:41",1559400
37550,0,100,"sd","14:27:41",1558900
37550,0,900,"sd","14:27:41",1558800
37550,0,500,"sd","14:27:35",1557900
37550,0,200,"sd","14:27:28",1557400
37550,0,2200,"sd","14:27:27",1557200
37550,0,1600,"sd","14:27:22",1555000
37600,50,100,"bu","14:27:05",1553400
37600,50,1200,"bu","14:27:03",1553300
37550,0,500,"sd","14:27:03",1552100
37550,0,300,"sd","14:27:03",1551600
37550,0,700,"sd","14:27:03",1551300
37600,50,300,"sd","14:26:53",1550600
37600,50,500,"sd","14:26:53",1550300
37650,100,400,"bu","14:26:52",1549800
37650,100,100,"bu","14:26:52",1549400
37600,50,100,"sd","14:26:52",1549300
37600,50,4400,"sd","14:26:48",1549200
37600,50,100,"sd","14:26:48",1544800
37600,50,200,"sd","14:26:48",1544700
37600,50,100,"sd","14:26:48",1544500
37600,50,200,"sd","14:26:48",1544400
37600,50,300,"sd","14:26:38",1544200
37600,50,200,"sd","14:26:38",1543900
37600,50,500,"sd","14:26:38",1543700
37650,100,500,"bu","14:26:35",1543200
37600,50,1000,"sd","14:26:34",1542700
37650,100,1000,"bu","14:26:21",1541700
37650,100,300,"bu","14:26:18",1540700
37600,50,200,"sd","14:26:12",1540400
37650,100,500,"bu","14:26:00",1540200
37600,50,100,"sd","14:25:44",1539700
37600,50,200,"sd","14:25:33",1539600
37600,50,300,"sd","14:25:33",1539400
37600,50,200,"sd","14:25:24",1539100
37600,50,300,"sd","14:25:24",1538900
37600,50,500,"sd","14:25:24",1538600
37600,50,200,"sd","14:25:12",1538100
37600,50,100,"sd","14:25:06",1537900
37600,50,200,"sd","14:24:59",1537800
37600,50,100,"sd","14:24:59",1537600
37600,50,300,"sd","14:24:48",1537500
37600,50,900,"sd","14:24:43",1537200
37600,50,100,"sd","14:24:15",1536300
37600,50,1800,"sd","14:24:15",1536200
37600,50,1900,"sd","14:24:14",1534400
37600,50,1000,"sd","14:24:14",1532500
37600,50,100,"sd","14:24:14",1531500
37650,100,1000,"sd","14:23:45",1531400
37700,150,100,"bu","14:23:37",1530400
37700,150,100,"sd","14:23:26",1530300
37700,150,1900,"sd","14:23:12",1530200
37700,150,100,"sd","14:23:12",1528300
37700,150,100,"sd","14:22:30",1528200
37700,150,200,"sd","14:22:30",1528100
37700,150,100,"sd","14:22:30",1527900
37800,250,1000,"sd","14:21:27",1527800
37800,250,300,"sd","14:21:27",1526800
37800,250,100,"sd","14:21:27",1526500
37800,250,200,"sd","14:21:12",1526400
37800,250,300,"sd","14:21:12",1526200
37800,250,1600,"sd","14:21:09",1525900
37800,250,5000,"sd","14:20:57",1524300
37850,300,200,"bu","14:20:51",1519300
37850,300,100,"bu","14:20:51",1519100
37850,300,600,"bu","14:20:21",1519000
37850,300,200,"bu","14:20:13",1518400
37850,300,300,"bu","14:20:13",1518200
37800,250,3000,"sd","14:20:11",1517900
37850,300,700,"bu","14:19:39",1514900
37850,300,700,"bu","14:19:39",1514200
37850,300,600,"bu","14:19:39",1513500
37850,300,700,"bu","14:19:08",1512900
37850,300,200,"bu","14:19:08",1512200
37850,300,300,"bu","14:18:54",1512000
37850,300,500,"bu","14:18:54",1511700
37850,300,200,"bu","14:18:25",1511200
37850,300,100,"bu","14:18:25",1511000
37850,300,400,"bu","14:18:04",1510900
37900,350,2300,"bu","14:17:14",1510500
37900,350,100,"bu","14:17:14",1508200
37800,250,500,"sd","14:17:08",1508100
37800,250,100,"sd","14:16:41",1507600
37800,250,8300,"sd","14:16:20",1507500
37800,250,500,"sd","14:16:20",1499200
37900,350,500,"sd","14:16:20",1498700
37900,350,500,"sd","14:16:20",1498200
37900,350,5000,"sd","14:16:09",1497700
37950,400,100,"bu","14:16:04",1492700
37900,350,100,"sd","14:15:39",1492600
37950,400,1000,"bu","14:15:34",1492500
37950,400,100,"bu","14:15:32",1491500
37950,400,100,"bu","14:15:32",1491400
37950,400,100,"bu","14:15:32",1491300
37950,400,400,"bu","14:15:32",1491200
37900,350,2000,"sd","14:15:12",1490800
37800,250,200,"sd","14:14:52",1488800
37800,250,300,"sd","14:14:18",1488600
37800,250,700,"sd","14:14:18",1488300
37800,250,1000,"sd","14:14:18",1487600
37800,250,500,"sd","14:14:18",1486600
37800,250,200,"bu","14:14:18",1486100
37700,150,400,"sd","14:14:04",1485900
37750,200,100,"sd","14:14:04",1485500
37800,250,200,"bu","14:13:59",1485400
37800,250,800,"bu","14:13:55",1485200
37800,250,4000,"bu","14:13:43",1484400
37800,250,100,"sd","14:13:22",1480400
37800,250,500,"sd","14:13:18",1480300
37800,250,500,"sd","14:13:13",1479800
37800,250,1200,"sd","14:13:13",1479300
38000,450,100,"sd","14:12:49",1478100
38000,450,200,"sd","14:12:46",1478000
38000,450,1800,"sd","14:12:46",1477800
38000,450,1000,"sd","14:12:45",1476000
38000,450,900,"sd","14:12:42",1475000
38000,450,100,"sd","14:12:40",1474100
38000,450,10000,"sd","14:12:38",1474000
38000,450,500,"sd","14:12:32",1464000
38000,450,2000,"sd","14:12:31",1463500
38050,500,1800,"sd","14:12:20",1461500
38050,500,100,"sd","14:12:19",1459700
38050,500,500,"sd","14:12:19",1459600
38050,500,400,"sd","14:12:14",1459100
38050,500,100,"sd","14:12:11",1458700
38050,500,500,"sd","14:12:10",1458600
38050,500,200,"sd","14:12:09",1458100
38050,500,200,"bu","14:11:50",1457900
38050,500,1000,"bu","14:11:50",1457700
38050,500,100,"bu","14:11:50",1456700
38050,500,100,"bu","14:11:50",1456600
38000,450,500,"sd","14:11:44",1456500
38000,450,20000,"sd","14:11:40",1456000
38000,450,1000,"sd","14:11:35",1436000
38050,500,100,"bu","14:11:34",1435000
38050,500,100,"bu","14:11:34",1434900
38050,500,500,"bu","14:11:34",1434800
38050,500,200,"bu","14:11:34",1434300
38050,500,100,"bu","14:11:34",1434100
38000,450,2000,"sd","14:11:34",1434000
38000,450,100,"sd","14:11:32",1432000
38000,450,300,"sd","14:11:32",1431900
38000,450,700,"sd","14:11:28",1431600
38000,450,2900,"sd","14:11:28",1430900
38000,450,3900,"sd","14:11:28",1428000
38000,450,300,"bu","14:11:28",1424100
38000,450,500,"bu","14:11:28",1423800
38000,450,500,"bu","14:11:28",1423300
38000,450,1000,"bu","14:11:28",1422800
38000,450,500,"bu","14:11:16",1421800
38000,450,400,"bu","14:11:16",1421300
38000,450,1100,"bu","14:11:16",1420900
38000,450,100,"sd","14:11:00",1419800
38000,450,200,"sd","14:11:00",1419700
38000,450,400,"bu","14:10:58",1419500
38000,450,600,"sd","14:10:57",1419100
38000,450,500,"sd","14:10:51",1418500
38000,450,900,"bu","14:10:47",1418000
38000,450,100,"sd","14:10:45",1417100
38000,450,1000,"sd","14:10:40",1417000
38050,500,200,"bu","14:10:21",1416000
38050,500,400,"bu","14:10:21",1415800
38050,500,400,"bu","14:10:21",1415400
38000,450,600,"sd","14:10:10",1415000
38000,450,400,"sd","14:10:10",1414400
38050,500,100,"bu","14:10:04",1414000
38050,500,1000,"bu","14:10:04",1413900
38000,450,100,"sd","14:10:01",1412900
38000,450,100,"sd","14:09:44",1412800
38000,450,100,"sd","14:09:42",1412700
38000,450,100,"sd","14:09:28",1412600
38000,450,1000,"sd","14:09:24",1412500
38000,450,2000,"sd","14:09:24",1411500
38000,450,100,"sd","14:09:24",1409500
38000,450,2000,"sd","14:09:24",1409400
38000,450,800,"sd","14:09:24",1407400
38000,450,1000,"bu","14:09:24",1406600
38000,450,100,"bu","14:09:24",1405600
38000,450,200,"bu","14:09:24",1405500
38000,450,1000,"bu","14:09:22",1405300
38000,450,1000,"bu","14:09:05",1404300
38000,450,200,"bu","14:09:03",1403300
38000,450,100,"bu","14:08:58",1403100
38000,450,200,"bu","14:08:44",1403000
38000,450,200,"bu","14:08:32",1402800
38000,450,100,"bu","14:08:32",1402600
38000,450,100,"bu","14:08:22",1402500
38000,450,100,"bu","14:08:18",1402400
38000,450,100,"bu","14:08:18",1402300
38000,450,300,"sd","14:08:09",1402200
38000,450,100,"sd","14:08:09",1401900
38000,450,200,"sd","14:08:03",1401800
38000,450,1300,"sd","14:08:03",1401600
38000,450,200,"sd","14:07:56",1400300
38000,450,100,"sd","14:07:44",1400100
38050,500,100,"bu","14:07:40",1400000
38000,450,500,"sd","14:07:38",1399900
38000,450,2000,"sd","14:07:26",1399400
38000,450,500,"sd","14:07:24",1397400
38000,450,500,"sd","14:07:24",1396900
38000,450,200,"bu","14:07:23",1396400
38000,450,10000,"bu","14:07:23",1396200
38000,450,100,"bu","14:07:23",1386200
38000,450,100,"bu","14:07:23",1386100
38000,450,4000,"bu","14:07:23",1386000
38000,450,200,"bu","14:07:23",1382000
38000,450,500,"bu","14:07:23",1381800
38000,450,100,"bu","14:07:23",1381300
38000,450,100,"bu","14:07:23",1381200
38000,450,400,"bu","14:07:23",1381100
38000,450,2000,"bu","14:07:23",1380700
38000,450,100,"bu","14:07:23",1378700
38000,450,500,"bu","14:07:23",1378600
38000,450,500,"bu","14:07:23",1378100
38000,450,500,"bu","14:07:23",1377600
38000,450,1500,"bu","14:07:23",1377100
38000,450,500,"bu","14:07:23",1375600
38000,450,100,"bu","14:07:23",1375100
38000,450,100,"bu","14:07:23",1375000
37950,400,1000,"bu","14:07:23",1374900
38000,450,100,"bu","14:07:23",1373900
38000,450,500,"bu","14:07:23",1373800
38000,450,1000,"bu","14:07:23",1373300
38000,450,100,"bu","14:07:23",1372300
37950,400,400,"bu","14:07:23",1372200
38000,450,500,"bu","14:07:23",1371800
37950,400,1000,"bu","14:07:23",1371300
38000,450,700,"bu","14:07:23",1370300
38000,450,2000,"bu","14:07:23",1369600
38000,450,400,"bu","14:07:23",1367600
38000,450,500,"bu","14:07:23",1367200
37950,400,1400,"bu","14:07:23",1366700
37950,400,900,"bu","14:07:23",1365300
38000,450,200,"bu","14:07:23",1364400
38000,450,10000,"bu","14:07:23",1364200
37950,400,2000,"bu","14:07:23",1354200
38000,450,200,"bu","14:07:23",1352200
37950,400,500,"bu","14:07:23",1352000
38000,450,1000,"bu","14:07:23",1351500
37950,400,1000,"bu","14:07:23",1350500
38000,450,10000,"bu","14:07:23",1349500
38000,450,300,"bu","14:07:23",1339500
37950,400,1000,"bu","14:07:23",1339200
38000,450,100,"bu","14:07:23",1338200
38000,450,1000,"bu","14:07:23",1338100
38000,450,300,"bu","14:07:23",1337100
37950,400,200,"bu","14:07:23",1336800
37900,350,300,"bu","14:07:23",1336600
37950,400,100,"bu","14:07:22",1336300
38000,450,200,"bu","14:07:22",1336200
38000,450,2000,"bu","14:07:22",1336000
38000,450,100,"bu","14:07:22",1334000
37950,400,500,"bu","14:07:22",1333900
38000,450,500,"bu","14:07:22",1333400
38000,450,100,"bu","14:07:22",1332900
37950,400,100,"bu","14:07:22",1332800
37900,350,200,"bu","14:07:22",1332700
37900,350,100,"bu","14:07:22",1332500
37900,350,200,"bu","14:07:22",1332400
37900,350,200,"bu","14:07:18",1332200
37900,350,100,"bu","14:07:18",1332000
37900,350,200,"bu","14:07:18",1331900
37900,350,300,"bu","14:07:14",1331700
37900,350,100,"bu","14:07:14",1331400
37900,350,100,"bu","14:07:07",1331300
37900,350,100,"bu","14:07:02",1331200
37900,350,200,"bu","14:06:42",1331100
37900,350,2000,"bu","14:06:41",1330900
37900,350,1000,"bu","14:06:41",1328900
37900,350,500,"bu","14:06:41",1327900
37900,350,100,"bu","14:06:41",1327400
37900,350,100,"bu","14:06:41",1327300
37900,350,300,"bu","14:06:41",1327200
37900,350,500,"bu","14:06:41",1326900
37900,350,500,"bu","14:06:41",1326400
37900,350,100,"bu","14:06:30",1325900
37900,350,1000,"bu","14:06:30",1325800
37900,350,500,"bu","14:06:30",1324800
37900,350,500,"bu","14:06:30",1324300
37900,350,100,"bu","14:06:30",1323800
37850,300,2300,"bu","14:06:30",1323700
37850,300,7700,"bu","14:06:29",1321400
37850,300,100,"bu","14:06:29",1313700
37850,300,1000,"bu","14:06:29",1313600
37850,300,1200,"bu","14:06:29",1312600
37850,300,300,"bu","14:06:25",1311400
37850,300,500,"bu","14:06:25",1311100
37850,300,200,"bu","14:06:25",1310600
37800,250,300,"sd","14:05:58",1310400
37800,250,200,"sd","14:05:17",1310100
37800,250,300,"sd","14:04:51",1309900
37800,250,200,"sd","14:04:51",1309600
37800,250,100,"sd","14:04:24",1309400
37850,300,100,"bu","14:04:19",1309300
37850,300,1000,"bu","14:04:19",1309200
37850,300,500,"bu","14:04:19",1308200
37850,300,100,"bu","14:04:19",1307700
37850,300,500,"bu","14:04:19",1307600
37850,300,1000,"bu","14:04:19",1307100
37850,300,500,"bu","14:04:19",1306100
37850,300,7100,"bu","14:04:19",1305600
37800,250,300,"sd","14:04:03",1298500
37850,300,200,"bu","14:03:42",1298200
37800,250,1000,"sd","14:03:36",1298000
37800,250,700,"sd","14:03:32",1297000
37800,250,1000,"sd","14:03:32",1296300
37800,250,1300,"sd","14:03:32",1295300
37800,250,200,"sd","14:03:27",1294000
37800,250,500,"sd","14:03:17",1293800
37800,250,500,"sd","14:02:56",1293300
37850,300,1000,"bu","14:02:48",1292800
37850,300,300,"bu","14:02:39",1291800
37850,300,1000,"bu","14:02:37",1291500
37850,300,200,"bu","14:02:30",1290500
37850,300,200,"bu","14:02:30",1290300
37900,350,100,"bu","14:02:23",1290100
37900,350,100,"bu","14:02:23",1290000
37900,350,200,"bu","14:02:23",1289900
37900,350,200,"bu","14:02:23",1289700
37900,350,600,"bu","14:02:23",1289500
37850,300,300,"sd","14:02:19",1288900
37850,300,200,"sd","14:02:19",1288600
37850,300,300,"sd","14:02:18",1288400
37850,300,100,"bu","14:02:10",1288100
37850,300,200,"bu","14:02:10",1288000
37850,300,200,"bu","14:02:10",1287800
37850,300,300,"bu","14:02:04",1287600
37800,250,100,"bu","14:01:58",1287300
37800,250,200,"bu","14:01:58",1287200
37800,250,1000,"bu","14:01:58",1287000
37800,250,1000,"bu","14:01:58",1286000
37800,250,400,"bu","14:01:58",1285000
37800,250,1000,"bu","14:01:58",1284600
37800,250,1000,"bu","14:01:58",1283600
37800,250,100,"bu","14:01:58",1282600
37800,250,300,"bu","14:01:58",1282500
37800,250,700,"bu","14:01:51",1282200
37800,250,100,"bu","14:01:51",1281500
37800,250,3000,"bu","14:01:51",1281400
37800,250,4000,"bu","14:01:51",1278400
37800,250,100,"bu","14:01:51",1274400
37800,250,100,"bu","14:01:51",1274300
37800,250,1000,"bu","14:01:51",1274200
37750,200,1000,"bu","14:01:45",1273200
37700,150,100,"sd","14:01:43",1272200
37750,200,2700,"bu","14:01:43",1272100
37750,200,300,"bu","14:01:40",1269400
37750,200,500,"bu","14:01:40",1269100
37750,200,100,"bu","14:01:40",1268600
37750,200,500,"bu","14:01:40",1268500
37700,150,1000,"bu","14:01:34",1268000
37700,150,1000,"bu","14:01:34",1267000
37700,150,200,"bu","14:01:34",1266000
37700,150,5000,"bu","14:01:34",1265800
37700,150,500,"bu","14:01:34",1260800
37700,150,100,"bu","14:01:34",1260300
37700,150,200,"bu","14:01:34",1260200
37700,150,1500,"bu","14:01:34",1260000
37700,150,1100,"bu","14:01:34",1258500
37600,50,100,"sd","14:01:32",1257400
37700,150,200,"bu","14:01:09",1257300
37650,100,100,"bu","14:01:09",1257100
37700,150,300,"sd","14:00:39",1257000
37700,150,400,"sd","14:00:39",1256700
37700,150,2000,"sd","14:00:33",1256300
37700,150,100,"sd","14:00:28",1254300
37700,150,100,"sd","14:00:03",1254200
37700,150,500,"sd","14:00:00",1254100
37700,150,400,"sd","13:59:58",1253600
37700,150,200,"sd","13:59:58",1253200
37700,150,400,"sd","13:59:58",1253000
37700,150,500,"sd","13:59:49",1252600
37700,150,100,"sd","13:59:39",1252100
37700,150,1500,"sd","13:59:33",1252000
37700,150,200,"sd","13:59:30",1250500
37700,150,700,"bu","13:59:09",1250300
37700,150,2000,"bu","13:59:08",1249600
37700,150,300,"bu","13:58:51",1247600
37700,150,200,"bu","13:58:51",1247300
37650,100,500,"unknown","13:58:50",1247100
37600,50,500,"bu","13:58:45",1246600
37600,50,100,"bu","13:58:45",1246100
37600,50,400,"bu","13:58:44",1246000
37600,50,400,"bu","13:58:42",1245600
37600,50,100,"bu","13:58:34",1245200
37550,0,2000,"bu","13:58:07",1245100
37500,-50,300,"bu","13:57:17",1243100
37500,-50,100,"bu","13:57:17",1242800
37500,-50,100,"bu","13:57:17",1242700
37500,-50,300,"bu","13:57:17",1242600
37500,-50,1500,"bu","13:57:17",1242300
37500,-50,100,"bu","13:56:52",1240800
37500,-50,100,"bu","13:56:50",1240700
37500,-50,300,"bu","13:56:18",1240600
37350,-200,2400,"sd","13:54:38",1240300
37400,-150,100,"unknown","13:54:15",1237900
37350,-200,100,"sd","13:54:15",1237800
37350,-200,2300,"sd","13:53:31",1237700
37350,-200,100,"sd","13:53:31",1235400
37350,-200,100,"sd","13:53:31",1235300
37400,-150,100,"bu","13:53:21",1235200
37400,-150,500,"bu","13:53:13",1235100
37400,-150,400,"bu","13:53:13",1234600
37400,-150,1000,"bu","13:53:06",1234200
37400,-150,700,"sd","13:53:05",1233200
37400,-150,500,"sd","13:53:05",1232500
37400,-150,300,"sd","13:53:05",1232000
37400,-150,2100,"sd","13:53:05",1231700
37400,-150,2900,"sd","13:52:56",1229600
37400,-150,100,"sd","13:52:56",1226700
37450,-100,100,"sd","13:52:06",1226600
37450,-100,300,"sd","13:51:47",1226500
37500,-50,1000,"sd","13:51:47",1226200
37500,-50,200,"sd","13:51:47",1225200
37500,-50,300,"sd","13:51:47",1225000
37500,-50,3000,"sd","13:51:47",1224700
37500,-50,200,"sd","13:51:47",1221700
37500,-50,3000,"sd","13:51:47",1221500
37500,-50,2000,"sd","13:51:47",1218500
37500,-50,200,"sd","13:51:46",1216500
37550,0,500,"sd","13:51:18",1216300
37550,0,2000,"sd","13:51:18",1215800
37550,0,2000,"sd","13:51:18",1213800
37550,0,400,"sd","13:51:18",1211800
37550,0,500,"sd","13:51:17",1211400
37550,0,3000,"sd","13:51:17",1210900
37550,0,100,"sd","13:51:17",1207900
37550,0,100,"sd","13:51:17",1207800
37550,0,200,"sd","13:51:07",1207700
37600,50,3000,"bu","13:51:00",1207500
37600,50,1000,"bu","13:51:00",1204500
37600,50,1000,"sd","13:50:56",1203500
37600,50,1000,"sd","13:50:56",1202500
37600,50,500,"sd","13:50:50",1201500
37600,50,500,"sd","13:50:42",1201000
37600,50,1600,"bu","13:49:56",1200500
37600,50,700,"bu","13:49:48",1198900
37600,50,1000,"sd","13:49:43",1198200
37600,50,1000,"sd","13:49:43",1197200
37600,50,1300,"sd","13:49:43",1196200
37600,50,300,"sd","13:49:24",1194900
37800,250,500,"bu","13:49:15",1194600
37800,250,300,"bu","13:49:15",1194100
37750,200,1200,"bu","13:49:15",1193800
37750,200,500,"bu","13:49:15",1192600
37750,200,1000,"bu","13:49:15",1192100
37750,200,500,"bu","13:49:15",1191100
37750,200,100,"bu","13:49:13",1190600
37600,50,400,"sd","13:49:04",1190500
37600,50,100,"sd","13:49:04",1190100
37600,50,500,"sd","13:49:04",1190000
37700,150,1800,"sd","13:48:55",1189500
37700,150,200,"sd","13:48:47",1187700
37700,150,200,"sd","13:48:40",1187500
37750,200,300,"bu","13:48:30",1187300
37750,200,1100,"sd","13:48:27",1187000
37750,200,100,"sd","13:48:26",1185900
37750,200,1000,"sd","13:48:11",1185800
37800,250,200,"bu","13:48:08",1184800
37750,200,2000,"sd","13:48:05",1184600
37750,200,100,"sd","13:48:03",1182600
37750,200,700,"sd","13:47:54",1182500
37750,200,2300,"sd","13:47:54",1181800
37750,200,100,"sd","13:47:43",1179500
37750,200,1000,"sd","13:47:40",1179400
37750,200,300,"sd","13:47:29",1178400
37800,250,200,"sd","13:47:29",1178100
37800,250,400,"sd","13:47:28",1177900
37800,250,500,"sd","13:47:28",1177500
37800,250,300,"sd","13:47:28",1177000
37800,250,1700,"sd","13:47:20",1176700
37800,250,300,"sd","13:47:20",1175000
37850,300,200,"bu","13:47:14",1174700
37850,300,800,"bu","13:47:13",1174500
37850,300,200,"sd","13:47:10",1173700
37850,300,500,"sd","13:47:05",1173500
37850,300,200,"bu","13:47:04",1173000
37850,300,1100,"bu","13:47:04",1172800
37850,300,100,"bu","13:47:02",1171700
37850,300,200,"bu","13:47:02",1171600
37850,300,200,"sd","13:46:55",1171400
37850,300,500,"sd","13:46:55",1171200
37850,300,900,"sd","13:46:55",1170700
37850,300,100,"sd","13:46:55",1169800
37850,300,600,"sd","13:46:52",1169700
37850,300,100,"sd","13:46:47",1169100
37900,350,1000,"sd","13:46:42",1169000
37900,350,300,"sd","13:46:42",1168000
37900,350,1000,"sd","13:46:41",1167700
37900,350,3700,"sd","13:46:40",1166700
37900,350,1300,"sd","13:46:40",1163000
37900,350,200,"sd","13:46:31",1161700
37900,350,100,"sd","13:46:31",1161500
37900,350,1000,"sd","13:46:25",1161400
37900,350,300,"sd","13:46:23",1160400
37950,400,100,"bu","13:46:20",1160100
37950,400,600,"bu","13:46:08",1160000
37900,350,1100,"sd","13:46:08",1159400
37900,350,1000,"sd","13:46:08",1158300
37900,350,900,"sd","13:46:08",1157300
37950,400,1000,"sd","13:46:00",1156400
37950,400,2700,"sd","13:46:00",1155400
37950,400,300,"sd","13:46:00",1152700
37950,400,600,"sd","13:46:00",1152400
37950,400,1100,"sd","13:45:59",1151800
37950,400,100,"sd","13:45:59",1150700
37950,400,400,"sd","13:45:59",1150600
37950,400,200,"sd","13:45:59",1150200
37950,400,200,"sd","13:45:59",1150000
37950,400,100,"sd","13:45:44",1149800
37950,400,500,"sd","13:45:41",1149700
37950,400,500,"sd","13:45:41",1149200
37950,400,100,"sd","13:45:37",1148700
37950,400,600,"sd","13:45:29",1148600
37950,400,400,"sd","13:45:29",1148000
37950,400,600,"bu","13:45:27",1147600
37950,400,400,"bu","13:45:24",1147000
37950,400,700,"bu","13:45:24",1146600
37950,400,200,"bu","13:45:24",1145900
37950,400,700,"bu","13:45:24",1145700
37950,400,100,"bu","13:45:24",1145000
37950,400,100,"bu","13:45:24",1144900
37950,400,800,"bu","13:45:24",1144800
37950,400,100,"bu","13:45:23",1144000
37950,400,100,"bu","13:45:18",1143900
37900,350,1100,"sd","13:45:15",1143800
37900,350,600,"bu","13:45:13",1142700
37900,350,1300,"bu","13:45:11",1142100
37900,350,1800,"bu","13:45:11",1140800
37900,350,300,"bu","13:45:08",1139000
37900,350,2000,"bu","13:45:04",1138700
37900,350,900,"bu","13:45:03",1136700
37900,350,100,"bu","13:45:03",1135800
37900,350,200,"bu","13:45:03",1135700
37850,300,1000,"sd","13:44:53",1135500
37850,300,2000,"unknown","13:44:50",1134500
37850,300,300,"unknown","13:44:50",1132500
37800,250,100,"bu","13:44:36",1132200
37800,250,2000,"bu","13:44:36",1132100
37800,250,1900,"bu","13:44:36",1130100
37800,250,200,"bu","13:44:36",1128200
37750,200,2000,"bu","13:44:23",1128000
37750,200,300,"bu","13:44:23",1126000
37750,200,200,"bu","13:44:23",1125700
37750,200,100,"bu","13:44:23",1125500
37700,150,3700,"bu","13:44:23",1125400
37700,150,1000,"bu","13:44:21",1121700
37700,150,300,"bu","13:44:19",1120700
37700,150,100,"bu","13:44:19",1120400
37700,150,100,"bu","13:44:19",1120300
37700,150,900,"bu","13:44:18",1120200
37700,150,100,"bu","13:44:18",1119300
37700,150,200,"bu","13:44:08",1119200
37650,100,300,"bu","13:44:08",1119000
37650,100,200,"bu","13:44:01",1118700
37600,50,1300,"bu","13:44:01",1118500
37600,50,200,"bu","13:44:00",1117200
37600,50,500,"bu","13:43:59",1117000
37600,50,500,"bu","13:43:59",1116500
37600,50,500,"bu","13:43:59",1116000
37600,50,500,"bu","13:43:59",1115500
37600,50,500,"bu","13:43:56",1115000
37600,50,500,"bu","13:43:56",1114500
37600,50,200,"bu","13:43:54",1114000
37600,50,300,"bu","13:43:52",1113800
37600,50,300,"bu","13:43:52",1113500
37600,50,200,"bu","13:43:51",1113200
37600,50,800,"bu","13:43:51",1113000
37600,50,4200,"bu","13:43:41",1112200
37600,50,100,"bu","13:43:41",1108000
37600,50,200,"bu","13:43:41",1107900
37600,50,300,"bu","13:43:41",1107700
37600,50,100,"bu","13:43:41",1107400
37600,50,400,"bu","13:43:41",1107300
37550,0,100,"sd","13:43:40",1106900
37550,0,100,"bu","13:43:30",1106800
37550,0,100,"bu","13:43:29",1106700
37550,0,5800,"bu","13:43:29",1106600
37550,0,800,"bu","13:43:29",1100800
37550,0,100,"bu","13:43:29",1100000
37550,0,400,"bu","13:43:29",1099900
37550,0,100,"bu","13:43:29",1099500
37550,0,300,"bu","13:43:29",1099400
37550,0,100,"bu","13:43:29",1099100
37550,0,1000,"bu","13:43:29",1099000
37550,0,300,"bu","13:43:29",1098000
37550,0,1000,"bu","13:43:29",1097700
37550,0,300,"bu","13:43:26",1096700
37550,0,300,"bu","13:43:26",1096400
37550,0,100,"bu","13:43:25",1096100
37550,0,400,"bu","13:43:25",1096000
37550,0,100,"bu","13:43:24",1095600
37500,-50,500,"sd","13:43:18",1095500
37500,-50,100,"sd","13:43:11",1095000
37500,-50,1000,"bu","13:43:09",1094900
37500,-50,200,"bu","13:43:09",1093900
37500,-50,2700,"bu","13:43:09",1093700
37500,-50,100,"bu","13:43:09",1091000
37500,-50,2000,"bu","13:43:09",1090900
37500,-50,500,"bu","13:43:09",1088900
37500,-50,100,"bu","13:43:05",1088400
37500,-50,300,"bu","13:43:05",1088300
37500,-50,100,"bu","13:43:05",1088000
37500,-50,100,"bu","13:43:05",1087900
37500,-50,200,"bu","13:43:05",1087800
37500,-50,500,"bu","13:43:05",1087600
37500,-50,100,"bu","13:43:05",1087100
37500,-50,800,"bu","13:43:05",1087000
37500,-50,800,"bu","13:43:05",1086200
37450,-100,5000,"sd","13:42:46",1085400
37450,-100,500,"bu","13:42:46",1080400
37450,-100,1500,"bu","13:42:46",1079900
37450,-100,5000,"bu","13:42:46",1078400
37450,-100,1100,"bu","13:42:46",1073400
37450,-100,300,"bu","13:42:46",1072300
37400,-150,1000,"bu","13:42:35",1072000
37400,-150,100,"bu","13:42:35",1071000
37400,-150,200,"bu","13:42:35",1070900
37400,-150,2500,"bu","13:42:35",1070700
37400,-150,200,"bu","13:42:35",1068200
37400,-150,200,"bu","13:42:35",1068000
37400,-150,500,"bu","13:42:35",1067800
37400,-150,200,"bu","13:42:35",1067300
37400,-150,6800,"bu","13:42:32",1067100
37400,-150,100,"bu","13:42:32",1060300
37400,-150,100,"bu","13:42:32",1060200
37350,-200,500,"sd","13:41:54",1060100
37350,-200,100,"bu","13:41:52",1059600
37350,-200,1400,"bu","13:41:52",1059500
37350,-200,1900,"bu","13:41:52",1058100
37350,-200,2500,"bu","13:41:51",1056200
37350,-200,1000,"bu","13:41:45",1053700
37300,-250,500,"bu","13:41:30",1052700
37300,-250,300,"bu","13:41:30",1052200
37300,-250,300,"bu","13:41:30",1051900
37300,-250,200,"bu","13:41:30",1051600
37300,-250,5000,"bu","13:41:30",1051400
37300,-250,200,"bu","13:41:29",1046400
37300,-250,400,"bu","13:41:23",1046200
37300,-250,1000,"bu","13:41:21",1045800
37300,-250,300,"bu","13:41:21",1044800
37300,-250,100,"bu","13:41:21",1044500
37300,-250,100,"bu","13:41:21",1044400
37300,-250,500,"bu","13:41:21",1044300
37300,-250,1400,"bu","13:41:21",1043800
37250,-300,500,"bu","13:40:59",1042400
37250,-300,100,"bu","13:40:59",1041900
37250,-300,900,"bu","13:40:59",1041800
37250,-300,700,"bu","13:40:59",1040900
37250,-300,400,"bu","13:40:59",1040200
37250,-300,600,"bu","13:40:54",1039800
37250,-300,1000,"bu","13:40:36",1039200
37200,-350,300,"sd","13:40:18",1038200
37200,-350,500,"sd","13:40:12",1037900
37200,-350,300,"bu","13:39:50",1037400
37200,-350,200,"bu","13:39:43",1037100
37200,-350,2000,"bu","13:39:43",1036900
37200,-350,800,"bu","13:39:43",1034900
37200,-350,300,"bu","13:39:39",1034100
37200,-350,500,"bu","13:39:38",1033800
37200,-350,100,"bu","13:39:34",1033300
37200,-350,400,"bu","13:39:34",1033200
37200,-350,100,"bu","13:39:28",1032800
37200,-350,100,"bu","13:39:26",1032700
37200,-350,600,"bu","13:39:23",1032600
37200,-350,500,"bu","13:39:23",1032000
37200,-350,500,"bu","13:39:23",1031500
37200,-350,300,"bu","13:39:23",1031000
37200,-350,100,"bu","13:39:18",1030700
37200,-350,500,"bu","13:39:16",1030600
37200,-350,3800,"bu","13:39:11",1030100
37200,-350,2000,"bu","13:39:08",1026300
37200,-350,2000,"bu","13:39:07",1024300
37200,-350,1700,"bu","13:38:52",1022300
37200,-350,700,"bu","13:38:52",1020600
37200,-350,300,"bu","13:38:50",1019900
37200,-350,200,"bu","13:38:50",1019600
37200,-350,200,"bu","13:38:50",1019400
37200,-350,100,"bu","13:38:50",1019200
37150,-400,100,"sd","13:38:40",1019100
37200,-350,200,"bu","13:38:33",1019000
37150,-400,400,"sd","13:38:26",1018800
37150,-400,1000,"sd","13:38:26",1018400
37150,-400,600,"sd","13:38:26",1017400
37150,-400,2400,"sd","13:38:07",1016800
37150,-400,600,"sd","13:38:07",1014400
37150,-400,4000,"sd","13:38:07",1013800
37150,-400,500,"bu","13:37:36",1009800
37150,-400,500,"bu","13:37:36",1009300
37150,-400,500,"bu","13:37:31",1008800
37150,-400,1200,"bu","13:37:17",1008300
37150,-400,1000,"bu","13:37:17",1007100
37150,-400,800,"bu","13:37:17",1006100
37150,-400,200,"bu","13:37:08",1005300
37150,-400,100,"bu","13:37:08",1005100
37150,-400,1700,"bu","13:37:08",1005000
37150,-400,2000,"bu","13:36:58",1003300
37100,-450,200,"sd","13:36:57",1001300
37150,-400,1400,"bu","13:36:51",1001100
37150,-400,100,"bu","13:36:28",999700
37150,-400,100,"bu","13:36:16",999600
37150,-400,300,"bu","13:36:05",999500
37150,-400,100,"bu","13:35:57",999200
37150,-400,500,"bu","13:35:45",999100
37150,-400,200,"bu","13:34:33",998600
37100,-450,1000,"sd","13:34:24",998400
37100,-450,500,"bu","13:34:17",997400
37100,-450,1600,"bu","13:34:17",996900
37100,-450,100,"bu","13:34:06",995300
37100,-450,100,"bu","13:33:58",995200
37100,-450,1000,"bu","13:33:49",995100
37100,-450,200,"bu","13:33:49",994100
37100,-450,200,"bu","13:33:49",993900
37100,-450,1400,"bu","13:33:37",993700
37100,-450,400,"bu","13:33:27",992300
37100,-450,1100,"bu","13:33:06",991900
37100,-450,100,"bu","13:33:06",990800
37100,-450,1800,"bu","13:33:06",990700
37100,-450,500,"bu","13:32:44",988900
37100,-450,400,"bu","13:32:25",988400
37100,-450,200,"bu","13:32:25",988000
37100,-450,400,"bu","13:32:25",987800
37100,-450,200,"sd","13:31:22",987400
37100,-450,400,"sd","13:31:22",987200
37100,-450,300,"sd","13:31:22",986800
37100,-450,100,"sd","13:31:20",986500
37100,-450,300,"sd","13:31:03",986400
37150,-400,200,"bu","13:30:53",986100
37100,-450,100,"sd","13:30:38",985900
37100,-450,200,"sd","13:30:38",985800
37100,-450,200,"bu","13:29:51",985600
37100,-450,100,"bu","13:29:15",985400
37100,-450,100,"bu","13:28:53",985300
37100,-450,300,"bu","13:28:45",985200
37100,-450,600,"bu","13:28:45",984900
37100,-450,100,"bu","13:28:45",984300
37100,-450,3000,"bu","13:28:45",984200
37100,-450,1000,"sd","13:28:45",981200
37100,-450,200,"sd","13:28:45",980200
37100,-450,300,"sd","13:28:45",980000
37100,-450,100,"sd","13:28:45",979700
37100,-450,500,"sd","13:28:45",979600
37100,-450,500,"sd","13:28:45",979100
37150,-400,200,"bu","13:28:43",978600
37100,-450,1000,"sd","13:28:23",978400
37150,-400,300,"bu","13:28:18",977400
37100,-450,2700,"sd","13:27:40",977100
37100,-450,100,"sd","13:26:49",974400
37150,-400,300,"bu","13:25:49",974300
37100,-450,1500,"sd","13:25:24",974000
37150,-400,500,"sd","13:24:38",972500
37150,-400,2000,"sd","13:24:38",972000
37150,-400,100,"sd","13:24:38",970000
37150,-400,100,"sd","13:24:37",969900
37150,-400,100,"sd","13:24:37",969800
37150,-400,300,"sd","13:24:20",969700
37150,-400,300,"sd","13:24:18",969400
37150,-400,100,"sd","13:24:18",969100
37150,-400,200,"sd","13:23:55",969000
37150,-400,100,"sd","13:23:42",968800
37150,-400,100,"sd","13:23:36",968700
37150,-400,100,"sd","13:23:28",968600
37150,-400,200,"sd","13:23:25",968500
37200,-350,100,"bu","13:23:18",968300
37150,-400,800,"sd","13:22:10",968200
37150,-400,300,"bu","13:21:47",967400
37150,-400,400,"bu","13:21:47",967100
37150,-400,900,"bu","13:21:26",966700
37150,-400,100,"bu","13:21:26",965800
37100,-450,100,"sd","13:21:20",965700
37100,-450,500,"sd","13:20:56",965600
37150,-400,700,"bu","13:20:38",965100
37150,-400,200,"bu","13:20:38",964400
37150,-400,300,"sd","13:20:28",964200
37150,-400,100,"sd","13:20:26",963900
37150,-400,1600,"sd","13:20:23",963800
37150,-400,400,"sd","13:20:23",962200
37150,-400,100,"sd","13:20:16",961800
37150,-400,400,"sd","13:20:16",961700
37150,-400,1200,"sd","13:20:12",961300
37200,-350,500,"bu","13:20:07",960100
37150,-400,3000,"sd","13:20:05",959600
37200,-350,100,"bu","13:19:37",956600
37150,-400,400,"sd","13:19:12",956500
37150,-400,100,"sd","13:19:12",956100
37150,-400,300,"sd","13:18:40",956000
37150,-400,100,"bu","13:18:30",955700
37150,-400,100,"bu","13:18:14",955600
37150,-400,100,"bu","13:18:11",955500
37150,-400,200,"bu","13:18:11",955400
37150,-400,200,"sd","13:18:08",955200
37150,-400,600,"sd","13:18:00",955000
37150,-400,400,"sd","13:18:00",954400
37150,-400,500,"bu","13:17:07",954000
37150,-400,100,"bu","13:17:07",953500
37150,-400,100,"bu","13:17:07",953400
37150,-400,100,"bu","13:17:07",953300
37150,-400,100,"bu","13:17:04",953200
37150,-400,100,"bu","13:16:46",953100
37100,-450,3600,"sd","13:16:40",953000
37100,-450,100,"sd","13:16:40",949400
37100,-450,1300,"sd","13:16:40",949300
37100,-450,700,"bu","13:16:01",948000
37100,-450,300,"bu","13:15:46",947300
37100,-450,800,"bu","13:15:46",947000
37100,-450,100,"bu","13:15:43",946200
37100,-450,1100,"bu","13:15:38",946100
37100,-450,200,"bu","13:15:38",945000
37100,-450,500,"bu","13:15:38",944800
37100,-450,100,"bu","13:15:38",944300
37100,-450,100,"bu","13:15:38",944200
37100,-450,200,"bu","13:15:38",944100
37100,-450,300,"bu","13:15:38",943900
37100,-450,400,"bu","13:15:37",943600
37000,-550,200,"sd","13:15:28",943200
37000,-550,500,"sd","13:14:56",943000
37000,-550,500,"sd","13:14:38",942500
37100,-450,100,"bu","13:14:28",942000
37100,-450,200,"bu","13:14:20",941900
37100,-450,100,"bu","13:14:17",941700
37100,-450,200,"bu","13:13:42",941600
37100,-450,100,"bu","13:13:42",941400
37000,-550,2400,"sd","13:13:38",941300
37100,-450,100,"bu","13:13:37",938900
37000,-550,1000,"bu","13:13:28",938800
37000,-550,500,"sd","13:12:49",937800
37000,-550,500,"sd","13:12:46",937300
37000,-550,100,"sd","13:12:30",936800
37000,-550,100,"sd","13:12:30",936700
37000,-550,1900,"sd","13:12:29",936600
37000,-550,2000,"sd","13:12:29",934700
37000,-550,5000,"sd","13:12:18",932700
37000,-550,100,"sd","13:11:57",927700
37000,-550,300,"sd","13:11:57",927600
37000,-550,100,"sd","13:11:57",927300
37000,-550,200,"sd","13:11:57",927200
37000,-550,800,"sd","13:11:48",927000
37000,-550,100,"sd","13:11:10",926200
37000,-550,1400,"bu","13:10:21",926100
37000,-550,500,"bu","13:10:21",924700
37000,-550,400,"sd","13:10:19",924200
37000,-550,500,"sd","13:10:19",923800
37000,-550,100,"bu","13:10:16",923300
37000,-550,900,"bu","13:10:07",923200
37000,-550,100,"bu","13:10:07",922300
37000,-550,1000,"bu","13:10:07",922200
37000,-550,400,"bu","13:10:07",921200
37000,-550,1600,"bu","13:10:07",920800
37000,-550,2700,"bu","13:10:03",919200
37000,-550,300,"bu","13:10:03",916500
37000,-550,100,"bu","13:09:54",916200
37000,-550,100,"bu","13:09:44",916100
36900,-650,2500,"sd","13:09:16",916000
36900,-650,1000,"sd","13:09:16",913500
36900,-650,200,"sd","13:09:16",912500
36900,-650,900,"bu","13:09:16",912300
36850,-700,700,"sd","13:09:13",911400
36850,-700,200,"sd","13:09:13",910700
36850,-700,100,"sd","13:09:13",910500
36850,-700,500,"sd","13:09:13",910400
36850,-700,1000,"sd","13:09:13",909900
36900,-650,400,"bu","13:09:10",908900
36900,-650,100,"bu","13:09:05",908500
36900,-650,300,"bu","13:09:01",908400
36900,-650,300,"bu","13:08:54",908100
36900,-650,100,"bu","13:08:50",907800
36850,-700,200,"sd","13:08:50",907700
36900,-650,200,"bu","13:08:48",907500
36900,-650,2000,"bu","13:08:43",907300
36850,-700,300,"sd","13:08:38",905300
36900,-650,100,"bu","13:08:37",905000
36900,-650,100,"bu","13:08:33",904900
36900,-650,100,"bu","13:08:27",904800
36850,-700,300,"sd","13:08:26",904700
36900,-650,200,"bu","13:08:26",904400
36850,-700,1000,"sd","13:08:25",904200
36900,-650,100,"bu","13:08:22",903200
36900,-650,100,"bu","13:08:20",903100
36900,-650,100,"bu","13:08:10",903000
36900,-650,100,"bu","13:08:07",902900
36900,-650,200,"bu","13:07:51",902800
36900,-650,1000,"bu","13:07:40",902600
36850,-700,200,"sd","13:07:40",901600
36850,-700,100,"sd","13:07:40",901400
36900,-650,100,"bu","13:07:35",901300
36900,-650,200,"sd","13:07:28",901200
36900,-650,100,"sd","13:07:28",901000
36900,-650,100,"sd","13:07:28",900900
36900,-650,500,"sd","13:07:28",900800
36900,-650,200,"sd","13:07:28",900300
36900,-650,200,"sd","13:07:28",900100
36900,-650,500,"sd","13:07:28",899900
36900,-650,100,"sd","13:07:28",899400
36900,-650,100,"sd","13:07:28",899300
36900,-650,100,"sd","13:07:28",899200
36900,-650,1400,"sd","13:07:28",899100
37000,-550,1000,"bu","13:06:49",897700
37000,-550,200,"bu","13:06:09",896700
37000,-550,200,"bu","13:06:09",896500
37000,-550,100,"bu","13:06:04",896300
37000,-550,900,"bu","13:06:00",896200
37000,-550,100,"bu","13:05:51",895300
37000,-550,1000,"bu","13:05:51",895200
37000,-550,400,"bu","13:05:51",894200
36900,-650,100,"bu","13:05:38",893800
36850,-700,100,"sd","13:05:37",893700
36850,-700,100,"sd","13:05:37",893600
36850,-700,200,"sd","13:05:37",893500
36900,-650,1000,"bu","13:05:28",893300
36850,-700,100,"sd","13:04:50",892300
36850,-700,100,"sd","13:04:46",892200
36850,-700,1000,"sd","13:04:46",892100
36850,-700,500,"sd","13:04:26",891100
36850,-700,100,"sd","13:04:13",890600
36900,-650,100,"bu","13:04:01",890500
36900,-650,500,"bu","13:03:55",890400
36900,-650,100,"bu","13:03:52",889900
36900,-650,100,"bu","13:03:52",889800
36900,-650,100,"bu","13:03:52",889700
36900,-650,100,"bu","13:03:52",889600
36900,-650,900,"sd","13:03:51",889500
36900,-650,200,"sd","13:03:51",888600
36900,-650,100,"sd","13:03:35",888400
36900,-650,200,"sd","13:03:35",888300
36900,-650,700,"sd","13:03:35",888100
36900,-650,300,"sd","13:03:27",887400
36900,-650,900,"sd","13:03:27",887100
36900,-650,500,"sd","13:03:27",886200
36900,-650,100,"sd","13:03:27",885700
36900,-650,200,"sd","13:03:27",885600
36900,-650,100,"sd","13:03:22",885400
36900,-650,100,"sd","13:03:22",885300
36900,-650,1000,"sd","13:03:22",885200
36900,-650,500,"sd","13:03:22",884200
36900,-650,400,"sd","13:03:22",883700
36900,-650,100,"sd","13:03:01",883300
37000,-550,1300,"bu","13:02:31",883200
36900,-650,500,"sd","13:02:03",881900
36900,-650,2000,"sd","13:02:03",881400
36900,-650,100,"sd","13:02:03",879400
36900,-650,300,"sd","13:02:03",879300
36900,-650,100,"sd","13:02:03",879000
36900,-650,500,"sd","13:02:03",878900
36900,-650,100,"sd","13:02:03",878400
36900,-650,100,"sd","13:02:03",878300
36900,-650,400,"sd","13:02:03",878200
36950,-600,1300,"sd","13:02:03",877800
36950,-600,100,"sd","13:02:03",876500
36950,-600,500,"sd","13:02:03",876400
37000,-550,300,"sd","13:01:40",875900
37000,-550,700,"sd","13:01:30",875600
37000,-550,300,"sd","13:01:30",874900
37000,-550,1000,"sd","13:01:23",874600
37000,-550,700,"sd","13:01:18",873600
37000,-550,100,"sd","13:01:18",872900
37000,-550,1000,"sd","13:01:18",872800
37000,-550,1000,"sd","13:01:18",871800
37000,-550,200,"sd","13:01:18",870800
37000,-550,200,"sd","13:01:18",870600
37000,-550,500,"sd","13:01:18",870400
37000,-550,200,"sd","13:01:18",869900
37000,-550,300,"sd","13:01:18",869700
37000,-550,4000,"sd","13:01:18",869400
37000,-550,200,"sd","13:01:18",865400
37000,-550,100,"sd","13:01:18",865200
37000,-550,300,"sd","13:01:18",865100
37000,-550,500,"sd","13:01:18",864800
37000,-550,200,"sd","13:01:18",864300
37000,-550,100,"sd","13:01:18",864100
37000,-550,100,"sd","13:01:18",864000
37000,-550,100,"sd","13:01:18",863900
37000,-550,100,"sd","13:01:18",863800
37000,-550,100,"sd","13:01:18",863700
37000,-550,300,"sd","13:01:15",863600
37000,-550,200,"sd","13:01:15",863300
37000,-550,100,"sd","13:01:15",863100
37000,-550,400,"sd","13:01:15",863000
37000,-550,100,"sd","13:01:12",862600
37000,-550,300,"sd","13:01:12",862500
37000,-550,100,"sd","13:01:12",862200
37000,-550,200,"sd","13:01:11",862100
37000,-550,100,"sd","13:01:11",861900
37000,-550,200,"sd","13:01:11",861800
37000,-550,300,"sd","13:01:11",861600
37000,-550,3800,"sd","13:00:50",861300
37000,-550,100,"sd","13:00:50",857500
37000,-550,200,"sd","13:00:50",857400
37000,-550,100,"sd","13:00:50",857200
37000,-550,300,"sd","13:00:49",857100
37000,-550,1300,"sd","13:00:49",856800
37000,-550,600,"sd","13:00:49",855500
37000,-550,100,"sd","13:00:49",854900
37000,-550,300,"sd","13:00:49",854800
37000,-550,500,"sd","13:00:48",854500
37000,-550,100,"sd","13:00:48",854000
37000,-550,100,"sd","13:00:47",853900
37000,-550,500,"sd","13:00:46",853800
37000,-550,600,"sd","13:00:46",853300
37000,-550,1000,"sd","13:00:46",852700
37000,-550,3500,"sd","13:00:46",851700
37000,-550,100,"sd","13:00:45",848200
37000,-550,700,"sd","13:00:45",848100
37000,-550,3000,"sd","13:00:45",847400
37050,-500,1200,"bu","13:00:44",844400
37000,-550,2100,"sd","13:00:44",843200
37050,-500,500,"bu","13:00:43",841100
37050,-500,5000,"bu","13:00:43",840600
37050,-500,2000,"bu","13:00:43",835600
37050,-500,100,"bu","13:00:43",833600
37000,-550,2400,"sd","13:00:40",833500
37000,-550,1000,"sd","13:00:39",831100
37000,-550,300,"sd","13:00:39",830100
37000,-550,100,"sd","13:00:38",829800
37000,-550,1000,"sd","13:00:38",829700
37000,-550,1000,"sd","13:00:38",828700
37000,-550,1000,"sd","13:00:38",827700
37000,-550,100,"sd","13:00:38",826700
37000,-550,200,"sd","13:00:38",826600
37000,-550,2100,"sd","13:00:36",826400
37000,-550,1000,"sd","13:00:35",824300
37000,-550,500,"sd","13:00:35",823300
37000,-550,400,"sd","13:00:35",822800
37050,-500,100,"sd","13:00:34",822400
37050,-500,200,"sd","13:00:34",822300
37050,-500,2000,"sd","13:00:33",822100
37000,-550,500,"sd","13:00:32",820100
37000,-550,1000,"sd","13:00:31",819600
37050,-500,400,"sd","13:00:31",818600
37000,-550,100,"sd","13:00:30",818200
37000,-550,600,"sd","13:00:30",818100
37000,-550,600,"sd","13:00:29",817500
37050,-500,5500,"sd","13:00:27",816900
37000,-550,4200,"sd","13:00:26",811400
37000,-550,3000,"sd","13:00:26",807200
37000,-550,100,"sd","13:00:26",804200
37000,-550,3000,"sd","13:00:26",804100
37000,-550,400,"sd","13:00:25",801100
37050,-500,100,"sd","13:00:25",800700
37050,-500,1000,"sd","13:00:24",800600
37050,-500,400,"sd","13:00:24",799600
37100,-450,1000,"bu","13:00:24",799200
37000,-550,2000,"sd","13:00:23",798200
37000,-550,700,"sd","13:00:22",796200
37100,-450,3100,"bu","13:00:22",795500
37100,-450,3200,"bu","13:00:21",792400
37100,-450,600,"bu","13:00:20",789200
37000,-550,100,"sd","13:00:19",788600
37000,-550,1000,"sd","13:00:19",788500
37100,-450,200,"bu","13:00:19",787500
37100,-450,100,"bu","13:00:19",787300
37100,-450,1500,"bu","13:00:18",787200
37000,-550,100,"sd","13:00:17",785700
37000,-550,5000,"sd","13:00:17",785600
37100,-450,200,"bu","13:00:16",780600
37050,-500,700,"unknown","13:00:16",780400
37050,-500,500,"unknown","13:00:16",779700
37050,-500,1200,"bu","13:00:16",779200
37100,-450,100,"bu","13:00:15",778000
37050,-500,300,"bu","13:00:15",777900
37000,-550,300,"sd","13:00:13",777600
37000,-550,100,"sd","13:00:12",777300
37000,-550,100,"sd","13:00:12",777200
37000,-550,2500,"sd","13:00:12",777100
37000,-550,1300,"sd","13:00:11",774600
37000,-550,400,"sd","13:00:09",773300
37050,-500,700,"unknown","13:00:09",772900
37000,-550,400,"sd","13:00:08",772200
37050,-500,100,"unknown","13:00:07",771800
37050,-500,100,"unknown","13:00:07",771700
37100,-450,500,"unknown","13:00:07",771600
37000,-550,1000,"sd","13:00:07",771100
37000,-550,600,"sd","13:00:07",770100
37000,-550,200,"sd","13:00:06",769500
37000,-550,200,"sd","13:00:05",769300
37000,-550,5100,"sd","13:00:05",769100
37050,-500,300,"sd","13:00:03",764000
37100,-450,100,"sd","13:00:03",763700
37100,-450,100,"sd","13:00:02",763600
37100,-450,500,"sd","13:00:01",763500
37100,-450,100,"sd","11:29:37",763000
37100,-450,500,"sd","11:29:22",762900
37150,-400,200,"bu","11:29:11",762400
37150,-400,500,"bu","11:29:10",762200
37150,-400,100,"bu","11:28:44",761700
37100,-450,400,"sd","11:28:01",761600
37100,-450,100,"sd","11:28:01",761200
37100,-450,500,"sd","11:27:55",761100
37100,-450,800,"sd","11:27:53",760600
37100,-450,100,"sd","11:26:58",759800
37100,-450,600,"sd","11:26:27",759700
37100,-450,1000,"sd","11:26:27",759100
37100,-450,1000,"sd","11:26:27",758100
37100,-450,800,"sd","11:26:27",757100
37100,-450,100,"sd","11:26:27",756300
37150,-400,200,"bu","11:26:23",756200
37150,-400,300,"bu","11:26:00",756000
37150,-400,100,"bu","11:25:07",755700
37150,-400,500,"bu","11:25:07",755600
37150,-400,200,"bu","11:25:07",755100
37150,-400,1000,"bu","11:25:07",754900
37200,-350,5000,"bu","11:23:31",753900
37200,-350,4100,"bu","11:23:31",748900
37200,-350,100,"bu","11:22:35",744800
37200,-350,500,"bu","11:22:31",744700
37200,-350,300,"bu","11:22:20",744200
37200,-350,100,"bu","11:22:20",743900
37200,-350,900,"bu","11:22:00",743800
37200,-350,1000,"bu","11:22:00",742900
37200,-350,100,"bu","11:22:00",741900
37100,-450,100,"sd","11:21:24",741800
37200,-350,200,"bu","11:20:36",741700
37200,-350,100,"bu","11:20:36",741500
37200,-350,500,"bu","11:20:36",741400
37200,-350,500,"bu","11:20:14",740900
37150,-400,100,"sd","11:19:32",740400
37150,-400,200,"sd","11:19:28",740300
37150,-400,500,"sd","11:19:28",740100
37150,-400,200,"sd","11:19:09",739600
37150,-400,200,"bu","11:18:10",739400
37150,-400,100,"bu","11:18:10",739200
37150,-400,1000,"bu","11:18:03",739100
37150,-400,200,"bu","11:17:51",738100
37150,-400,3000,"bu","11:17:34",737900
37100,-450,1600,"sd","11:16:18",734900
37100,-450,100,"sd","11:16:18",733300
37100,-450,100,"sd","11:16:18",733200
37100,-450,200,"sd","11:16:18",733100
37100,-450,100,"sd","11:16:18",732900
37100,-450,500,"sd","11:16:18",732800
37100,-450,2000,"sd","11:16:18",732300
37100,-450,400,"sd","11:16:18",730300
37150,-400,200,"bu","11:16:17",729900
37150,-400,1000,"bu","11:16:17",729700
37100,-450,400,"bu","11:13:55",728700
37100,-450,300,"sd","11:13:54",728300
37100,-450,100,"bu","11:13:48",728000
37100,-450,600,"bu","11:13:48",727900
37100,-450,500,"bu","11:13:38",727300
37100,-450,100,"bu","11:13:22",726800
37100,-450,1700,"bu","11:13:16",726700
37100,-450,300,"bu","11:13:16",725000
37100,-450,1000,"bu","11:13:14",724700
37100,-450,2000,"bu","11:12:39",723700
37100,-450,2000,"bu","11:12:36",721700
37100,-450,500,"bu","11:12:13",719700
37100,-450,1000,"bu","11:11:51",719200
37100,-450,3000,"bu","11:11:40",718200
37100,-450,100,"bu","11:11:07",715200
37100,-450,100,"bu","11:10:58",715100
37100,-450,100,"bu","11:10:56",715000
37100,-450,100,"bu","11:10:43",714900
37100,-450,3000,"bu","11:10:17",714800
37100,-450,100,"bu","11:10:09",711800
37100,-450,100,"sd","11:09:48",711700
37100,-450,500,"sd","11:09:48",711600
37100,-450,100,"sd","11:09:48",711100
37100,-450,200,"sd","11:09:03",711000
37100,-450,500,"sd","11:08:58",710800
37100,-450,600,"bu","11:08:42",710300
37100,-450,200,"sd","11:08:36",709700
37100,-450,200,"sd","11:08:36",709500
37100,-450,100,"sd","11:08:36",709300
37100,-450,400,"sd","11:08:36",709200
37100,-450,100,"sd","11:08:11",708800
37150,-400,100,"bu","11:08:10",708700
37100,-450,500,"sd","11:07:57",708600
37100,-450,100,"sd","11:07:57",708100
37100,-450,400,"sd","11:07:57",708000
37100,-450,500,"sd","11:07:48",707600
37100,-450,500,"sd","11:06:45",707100
37150,-400,500,"bu","11:06:36",706600
37100,-450,300,"sd","11:06:34",706100
37100,-450,300,"sd","11:06:12",705800
37100,-450,400,"sd","11:06:12",705500
37100,-450,500,"sd","11:06:12",705100
37100,-450,100,"sd","11:06:12",704600
37100,-450,2000,"sd","11:06:12",704500
37100,-450,1000,"sd","11:06:12",702500
37100,-450,700,"sd","11:06:12",701500
37100,-450,2000,"sd","11:06:10",700800
37100,-450,2300,"sd","11:05:51",698800
37100,-450,200,"sd","11:05:51",696500
37100,-450,1000,"sd","11:05:05",696300
37100,-450,500,"sd","11:04:48",695300
37100,-450,1000,"sd","11:04:42",694800
37100,-450,1000,"sd","11:03:13",693800
37100,-450,400,"sd","11:02:40",692800
37100,-450,700,"sd","11:02:33",692400
37100,-450,200,"sd","11:02:20",691700
37100,-450,100,"sd","11:02:20",691500
37100,-450,200,"sd","11:02:20",691400
37100,-450,500,"sd","11:02:20",691200
37100,-450,200,"sd","11:02:20",690700
37100,-450,800,"sd","11:02:20",690500
37100,-450,500,"sd","11:01:56",689700
37100,-450,1200,"sd","11:00:30",689200
37100,-450,300,"sd","11:00:30",688000
37100,-450,500,"sd","11:00:30",687700
37100,-450,500,"sd","11:00:30",687200
37100,-450,1000,"sd","11:00:30",686700
37100,-450,1000,"sd","11:00:30",685700
37100,-450,4500,"sd","11:00:30",684700
37150,-400,300,"bu","11:00:25",680200
37100,-450,300,"sd","10:59:59",679900
37100,-450,200,"sd","10:59:17",679600
37100,-450,500,"sd","10:56:55",679400
37100,-450,2300,"sd","10:56:43",678900
37100,-450,100,"sd","10:55:35",676600
37150,-400,100,"bu","10:55:29",676500
37150,-400,2100,"bu","10:55:24",676400
37150,-400,1500,"bu","10:55:24",674300
37100,-450,900,"sd","10:55:11",672800
37100,-450,1200,"sd","10:54:06",671900
37100,-450,100,"sd","10:54:06",670700
37100,-450,400,"sd","10:54:06",670600
37100,-450,200,"sd","10:53:51",670200
37100,-450,800,"sd","10:53:15",670000
37100,-450,600,"sd","10:52:37",669200
37100,-450,400,"sd","10:52:37",668600
37150,-400,200,"bu","10:52:30",668200
37100,-450,200,"sd","10:52:18",668000
37100,-450,3000,"sd","10:52:14",667800
37100,-450,3000,"sd","10:51:44",664800
37150,-400,100,"bu","10:51:11",661800
37150,-400,200,"bu","10:50:39",661700
37150,-400,100,"bu","10:50:39",661500
37150,-400,200,"bu","10:50:39",661400
37100,-450,2000,"sd","10:50:21",661200
37100,-450,300,"sd","10:50:13",659200
37100,-450,1100,"bu","10:49:25",658900
37100,-450,100,"bu","10:49:20",657800
37100,-450,100,"bu","10:49:09",657700
37100,-450,1000,"bu","10:49:09",657600
37100,-450,500,"bu","10:49:05",656600
37100,-450,200,"bu","10:49:03",656100
37100,-450,100,"bu","10:49:03",655900
37100,-450,100,"bu","10:48:52",655800
37100,-450,3200,"bu","10:48:52",655700
37100,-450,500,"bu","10:48:52",652500
37100,-450,1200,"bu","10:48:52",652000
37050,-500,900,"sd","10:48:36",650800
37050,-500,500,"sd","10:48:36",649900
37050,-500,1600,"sd","10:48:36",649400
37050,-500,300,"sd","10:48:31",647800
37050,-500,100,"sd","10:47:04",647500
37050,-500,300,"sd","10:47:04",647400
37100,-450,1300,"bu","10:46:49",647100
37100,-450,500,"bu","10:46:49",645800
37100,-450,200,"bu","10:46:49",645300
37100,-450,100,"bu","10:46:35",645100
37100,-450,1300,"sd","10:46:07",645000
37100,-450,1300,"sd","10:45:58",643700
37100,-450,200,"sd","10:45:58",642400
37100,-450,800,"sd","10:45:43",642200
37100,-450,2000,"sd","10:45:43",641400
37100,-450,200,"sd","10:45:42",639400
37100,-450,800,"sd","10:45:35",639200
37100,-450,200,"sd","10:45:35",638400
37100,-450,1000,"sd","10:45:22",638200
37100,-450,100,"sd","10:45:14",637200
37100,-450,200,"sd","10:45:14",637100
37100,-450,1700,"sd","10:45:14",636900
37100,-450,2000,"sd","10:45:13",635200
37100,-450,300,"sd","10:45:12",633200
37100,-450,100,"sd","10:45:12",632900
37100,-450,300,"sd","10:45:12",632800
37100,-450,700,"sd","10:45:12",632500
37100,-450,200,"sd","10:45:06",631800
37100,-450,300,"sd","10:44:59",631600
37100,-450,300,"sd","10:44:57",631300
37100,-450,500,"sd","10:44:51",631000
37100,-450,1300,"sd","10:44:50",630500
37100,-450,900,"sd","10:44:50",629200
37100,-450,500,"sd","10:44:50",628300
37100,-450,300,"sd","10:44:50",627800
37100,-450,400,"sd","10:44:40",627500
37100,-450,300,"sd","10:44:35",627100
37100,-450,700,"sd","10:44:35",626800
37100,-450,300,"sd","10:44:32",626100
37100,-450,100,"sd","10:44:32",625800
37100,-450,300,"sd","10:44:32",625700
37100,-450,1300,"sd","10:44:32",625400
37100,-450,100,"sd","10:44:28",624100
37100,-450,200,"sd","10:44:27",624000
37100,-450,1000,"sd","10:44:23",623800
37100,-450,400,"sd","10:44:09",622800
37100,-450,200,"sd","10:44:09",622400
37100,-450,500,"sd","10:43:59",622200
37100,-450,500,"sd","10:43:54",621700
37150,-400,100,"bu","10:43:54",621200
37150,-400,600,"bu","10:43:27",621100
37100,-450,100,"sd","10:43:16",620500
37100,-450,500,"sd","10:42:52",620400
37100,-450,200,"sd","10:42:29",619900
37100,-450,200,"sd","10:42:29",619700
37150,-400,100,"bu","10:40:49",619500
37150,-400,100,"bu","10:40:49",619400
37100,-450,100,"sd","10:40:44",619300
37100,-450,6900,"sd","10:40:44",619200
37150,-400,100,"bu","10:40:29",612300
37150,-400,100,"sd","10:40:21",612200
37150,-400,200,"sd","10:40:00",612100
37150,-400,800,"sd","10:40:00",611900
37150,-400,100,"bu","10:39:37",611100
37150,-400,1100,"bu","10:39:37",611000
37150,-400,500,"bu","10:39:37",609900
37150,-400,100,"bu","10:39:34",609400
37100,-450,3700,"sd","10:39:32",609300
37100,-450,5700,"sd","10:39:32",605600
37100,-450,500,"sd","10:39:32",599900
37100,-450,100,"sd","10:39:32",599400
37150,-400,300,"bu","10:39:23",599300
37150,-400,1000,"bu","10:39:23",599000
37150,-400,700,"bu","10:39:23",598000
37100,-450,800,"sd","10:39:17",597300
37100,-450,200,"sd","10:39:17",596500
37150,-400,500,"bu","10:39:16",596300
37150,-400,700,"bu","10:39:16",595800
37150,-400,800,"bu","10:39:16",595100
37100,-450,300,"sd","10:37:54",594300
37100,-450,200,"sd","10:37:54",594000
37100,-450,600,"sd","10:37:54",593800
37150,-400,100,"bu","10:37:32",593200
37100,-450,200,"sd","10:37:29",593100
37100,-450,200,"sd","10:36:59",592900
37100,-450,1000,"sd","10:36:59",592700
37100,-450,100,"sd","10:36:59",591700
37100,-450,100,"sd","10:36:59",591600
37100,-450,600,"sd","10:36:59",591500
37150,-400,2000,"bu","10:36:58",590900
37100,-450,600,"sd","10:36:46",588900
37100,-450,100,"sd","10:36:46",588300
37100,-450,500,"sd","10:36:46",588200
37100,-450,100,"sd","10:36:46",587700
37100,-450,500,"sd","10:36:46",587600
37100,-450,100,"sd","10:36:46",587100
37100,-450,2000,"sd","10:36:46",587000
37100,-450,100,"sd","10:36:46",585000
37100,-450,1400,"sd","10:36:46",584900
37100,-450,1500,"sd","10:36:46",583500
37100,-450,100,"sd","10:36:46",582000
37150,-400,500,"bu","10:36:36",581900
37150,-400,100,"bu","10:36:31",581400
37150,-400,1000,"bu","10:36:18",581300
37150,-400,600,"sd","10:36:12",580300
37150,-400,4400,"sd","10:36:03",579700
37150,-400,100,"sd","10:36:03",575300
37150,-400,2000,"sd","10:36:03",575200
37150,-400,500,"sd","10:36:03",573200
37150,-400,1200,"sd","10:36:03",572700
37150,-400,2800,"sd","10:35:57",571500
37150,-400,200,"sd","10:35:57",568700
37150,-400,100,"sd","10:35:57",568500
37150,-400,1300,"sd","10:35:20",568400
37150,-400,1700,"sd","10:34:43",567100
37150,-400,1900,"sd","10:34:09",565400
37150,-400,1000,"sd","10:34:09",563500
37150,-400,100,"sd","10:34:09",562500
37150,-400,100,"sd","10:34:09",562400
37150,-400,200,"sd","10:34:09",562300
37200,-350,200,"bu","10:34:03",562100
37150,-400,100,"sd","10:34:02",561900
37150,-400,100,"sd","10:34:02",561800
37150,-400,300,"sd","10:34:02",561700
37150,-400,100,"sd","10:34:02",561400
37150,-400,100,"sd","10:34:02",561300
37150,-400,100,"sd","10:34:02",561200
37150,-400,200,"sd","10:34:02",561100
37150,-400,100,"sd","10:34:02",560900
37150,-400,1900,"sd","10:34:02",560800
37150,-400,100,"sd","10:34:01",558900
37150,-400,2000,"sd","10:32:18",558800
37150,-400,100,"sd","10:31:45",556800
37150,-400,900,"sd","10:30:47",556700
37150,-400,1000,"sd","10:30:47",555800
37150,-400,3100,"sd","10:30:47",554800
37200,-350,800,"bu","10:30:44",551700
37200,-350,200,"bu","10:30:44",550900
37150,-400,400,"sd","10:30:05",550700
37150,-400,100,"sd","10:30:05",550300
37150,-400,500,"sd","10:29:49",550200
37150,-400,700,"sd","10:29:49",549700
37150,-400,300,"sd","10:29:26",549000
37150,-400,100,"sd","10:29:26",548700
37150,-400,900,"sd","10:27:19",548600
37150,-400,500,"sd","10:27:19",547700
37150,-400,500,"sd","10:27:19",547200
37150,-400,200,"sd","10:27:19",546700
37150,-400,2900,"sd","10:27:19",546500
37150,-400,500,"sd","10:27:02",543600
37150,-400,1600,"sd","10:26:51",543100
37150,-400,500,"sd","10:26:51",541500
37150,-400,200,"sd","10:26:51",541000
37150,-400,200,"sd","10:26:51",540800
37200,-350,700,"sd","10:26:51",540600
37150,-400,500,"sd","10:26:51",539900
37150,-400,1000,"sd","10:26:51",539400
37150,-400,100,"sd","10:26:51",538400
37150,-400,200,"sd","10:26:51",538300
37200,-350,1000,"sd","10:26:51",538100
37200,-350,1000,"sd","10:26:51",537100
37200,-350,1000,"sd","10:26:51",536100
37200,-350,400,"sd","10:26:51",535100
37200,-350,200,"sd","10:26:51",534700
37200,-350,100,"sd","10:26:51",534500
37200,-350,300,"sd","10:26:51",534400
37200,-350,500,"sd","10:26:51",534100
37200,-350,500,"sd","10:26:51",533600
37200,-350,300,"sd","10:25:37",533100
37200,-350,100,"sd","10:25:37",532800
37200,-350,100,"sd","10:25:37",532700
37300,-250,100,"bu","10:25:33",532600
37200,-350,300,"sd","10:25:15",532500
37200,-350,600,"sd","10:25:07",532200
37200,-350,200,"sd","10:25:07",531600
37200,-350,200,"sd","10:25:07",531400
37200,-350,200,"sd","10:25:07",531200
37200,-350,100,"sd","10:24:46",531000
37200,-350,100,"sd","10:24:41",530900
37200,-350,400,"sd","10:24:28",530800
37250,-300,300,"bu","10:24:27",530400
37250,-300,100,"bu","10:24:09",530100
37250,-300,100,"sd","10:23:56",530000
37250,-300,200,"sd","10:23:44",529900
37250,-300,400,"sd","10:23:42",529700
37250,-300,200,"sd","10:23:36",529300
37250,-300,3200,"sd","10:23:34",529100
37250,-300,300,"sd","10:23:27",525900
37250,-300,600,"sd","10:23:24",525600
37250,-300,400,"sd","10:23:24",525000
37250,-300,3400,"sd","10:23:24",524600
37250,-300,300,"sd","10:23:17",521200
37250,-300,300,"sd","10:23:07",520900
37250,-300,1000,"sd","10:23:05",520600
37250,-300,400,"sd","10:23:05",519600
37250,-300,2900,"sd","10:23:05",519200
37250,-300,3100,"sd","10:23:05",516300
37250,-300,1100,"sd","10:23:05",513200
37300,-250,100,"bu","10:23:02",512100
37300,-250,100,"bu","10:21:09",512000
37300,-250,500,"bu","10:21:08",511900
37300,-250,300,"bu","10:20:32",511400
37250,-300,400,"sd","10:20:04",511100
37250,-300,100,"sd","10:20:04",510700
37250,-300,100,"sd","10:20:04",510600
37250,-300,100,"sd","10:20:04",510500
37300,-250,200,"bu","10:19:48",510400
37300,-250,500,"bu","10:19:41",510200
37300,-250,1000,"bu","10:19:41",509700
37300,-250,100,"bu","10:19:41",508700
37300,-250,10000,"bu","10:19:41",508600
37300,-250,6600,"bu","10:19:41",498600
37300,-250,3400,"sd","10:19:19",492000
37300,-250,100,"sd","10:19:19",488600
37300,-250,1000,"sd","10:19:19",488500
37300,-250,500,"sd","10:19:19",487500
37350,-200,1000,"sd","10:18:58",487000
37350,-200,200,"sd","10:18:58",486000
37350,-200,3400,"sd","10:18:58",485800
37350,-200,800,"sd","10:18:50",482400
37350,-200,200,"sd","10:18:32",481600
37350,-200,300,"sd","10:18:29",481400
37400,-150,3900,"bu","10:17:51",481100
37400,-150,1000,"bu","10:17:51",477200
37400,-150,1000,"bu","10:17:51",476200
37400,-150,1000,"bu","10:17:51",475200
37400,-150,100,"bu","10:17:51",474200
37350,-200,300,"sd","10:17:30",474100
37350,-200,100,"sd","10:17:30",473800
37350,-200,500,"sd","10:17:30",473700
37350,-200,100,"sd","10:17:30",473200
37350,-200,4900,"sd","10:16:17",473100
37350,-200,3000,"sd","10:16:17",468200
37350,-200,1000,"sd","10:16:17",465200
37350,-200,5000,"sd","10:16:17",464200
37350,-200,100,"sd","10:16:17",459200
37400,-150,300,"sd","10:15:32",459100
37400,-150,100,"sd","10:15:32",458800
37400,-150,4500,"sd","10:15:32",458700
37450,-100,100,"sd","10:14:23",454200
37450,-100,200,"sd","10:14:18",454100
37400,-150,500,"sd","10:13:35",453900
37400,-150,100,"sd","10:13:35",453400
37400,-150,100,"sd","10:13:35",453300
37450,-100,100,"sd","10:12:40",453200
37500,-50,200,"bu","10:12:36",453100
37500,-50,1000,"bu","10:12:36",452900
37500,-50,3800,"bu","10:12:36",451900
37500,-50,200,"bu","10:12:26",448100
37450,-100,100,"bu","10:12:25",447900
37450,-100,600,"bu","10:12:25",447800
37400,-150,400,"bu","10:11:38",447200
37400,-150,100,"unknown","10:10:50",446800
37450,-100,100,"sd","10:09:46",446700
37450,-100,3000,"sd","10:09:46",446600
37450,-100,300,"sd","10:09:46",443600
37450,-100,100,"sd","10:09:46",443300
37450,-100,900,"sd","10:09:46",443200
37450,-100,2700,"sd","10:09:24",442300
37450,-100,300,"sd","10:09:24",439600
37500,-50,700,"bu","10:08:58",439300
37500,-50,300,"bu","10:08:36",438600
37500,-50,500,"bu","10:08:23",438300
37500,-50,100,"bu","10:08:23",437800
37500,-50,1000,"bu","10:08:23",437700
37500,-50,1100,"bu","10:08:23",436700
37500,-50,3900,"bu","10:08:13",435600
37500,-50,200,"bu","10:08:13",431700
37500,-50,900,"bu","10:08:13",431500
37500,-50,100,"bu","10:08:09",430600
37500,-50,100,"bu","10:07:34",430500
37500,-50,300,"bu","10:06:54",430400
37500,-50,1700,"bu","10:06:48",430100
37500,-50,100,"bu","10:06:34",428400
37500,-50,200,"bu","10:06:30",428300
37500,-50,100,"bu","10:06:29",428100
37500,-50,500,"bu","10:06:20",428000
37500,-50,100,"bu","10:06:13",427500
37500,-50,100,"bu","10:05:55",427400
37500,-50,100,"bu","10:05:44",427300
37500,-50,700,"bu","10:05:33",427200
37500,-50,100,"bu","10:05:33",426500
37500,-50,300,"bu","10:05:12",426400
37500,-50,100,"sd","10:04:20",426100
37500,-50,100,"sd","10:04:11",426000
37500,-50,100,"sd","10:04:11",425900
37500,-50,300,"sd","10:04:11",425800
37500,-50,1900,"sd","10:04:11",425500
37500,-50,400,"bu","10:04:11",423600
37500,-50,100,"bu","10:04:11",423200
37500,-50,100,"bu","10:04:11",423100
37500,-50,900,"bu","10:04:11",423000
37500,-50,100,"bu","10:04:08",422100
37450,-100,100,"bu","10:04:08",422000
37450,-100,200,"bu","10:04:08",421900
37450,-100,500,"bu","10:04:00",421700
37450,-100,200,"bu","10:04:00",421200
37450,-100,100,"bu","10:04:00",421000
37450,-100,100,"bu","10:03:45",420900
37450,-100,100,"bu","10:03:44",420800
37400,-150,500,"unknown","10:02:50",420700
37400,-150,100,"bu","10:02:45",420200
37400,-150,1000,"bu","10:02:45",420100
37400,-150,300,"bu","10:02:45",419100
37350,-200,200,"sd","10:02:44",418800
37400,-150,100,"bu","10:02:43",418600
37350,-200,500,"bu","10:02:01",418500
37350,-200,500,"bu","10:02:01",418000
37350,-200,100,"bu","10:02:01",417500
37350,-200,700,"bu","10:02:01",417400
37350,-200,5000,"bu","10:02:01",416700
37350,-200,400,"bu","10:02:01",411700
37350,-200,700,"bu","10:02:01",411300
37350,-200,100,"bu","10:01:52",410600
37300,-250,500,"bu","10:01:25",410500
37300,-250,900,"bu","10:01:19",410000
37300,-250,3000,"bu","10:01:19",409100
37300,-250,300,"bu","10:01:19",406100
37300,-250,100,"bu","10:01:19",405800
37300,-250,1000,"bu","10:01:19",405700
37300,-250,200,"bu","10:01:19",404700
37300,-250,2000,"bu","10:01:19",404500
37300,-250,2500,"bu","10:01:19",402500
37250,-300,100,"bu","10:00:51",400000
37250,-300,200,"bu","10:00:51",399900
37250,-300,500,"bu","10:00:51",399700
37250,-300,200,"bu","10:00:49",399200
37250,-300,600,"bu","10:00:49",399000
37250,-300,3000,"bu","10:00:49",398400
37250,-300,2000,"bu","10:00:49",395400
37250,-300,1000,"bu","10:00:49",393400
37250,-300,1000,"bu","10:00:49",392400
37250,-300,1000,"bu","10:00:49",391400
37250,-300,200,"bu","10:00:49",390400
37250,-300,100,"bu","10:00:03",390200
37200,-350,100,"bu","09:59:45",390100
37150,-400,1000,"sd","09:59:31",390000
37150,-400,200,"unknown","09:58:52",389000
37150,-400,100,"unknown","09:58:52",388800
37150,-400,100,"unknown","09:58:52",388700
37150,-400,4700,"unknown","09:58:52",388600
37200,-350,500,"unknown","09:58:52",383900
37100,-450,900,"sd","09:58:52",383400
37100,-450,1000,"sd","09:58:52",382500
37100,-450,1000,"sd","09:58:52",381500
37150,-400,1000,"sd","09:58:52",380500
37150,-400,500,"sd","09:58:52",379500
37200,-350,500,"bu","09:58:46",379000
37200,-350,100,"sd","09:58:23",378500
37150,-400,300,"sd","09:57:58",378400
37150,-400,1000,"sd","09:57:58",378100
37150,-400,1500,"sd","09:57:53",377100
37150,-400,1000,"sd","09:57:53",375600
37150,-400,100,"sd","09:57:53",374600
37150,-400,6000,"sd","09:57:53",374500
37200,-350,200,"sd","09:57:42",368500
37200,-350,1900,"sd","09:57:42",368300
37250,-300,200,"bu","09:57:25",366400
37200,-350,3100,"sd","09:57:15",366200
37200,-350,200,"sd","09:57:15",363100
37200,-350,1000,"sd","09:57:15",362900
37200,-350,1500,"sd","09:57:15",361900
37200,-350,100,"sd","09:56:50",360400
37200,-350,600,"sd","09:56:39",360300
37200,-350,200,"sd","09:56:27",359700
37200,-350,100,"bu","09:56:26",359500
37200,-350,500,"bu","09:56:26",359400
37200,-350,2000,"bu","09:56:26",358900
37150,-400,1000,"sd","09:55:47",356900
37150,-400,3000,"sd","09:55:35",355900
37150,-400,1000,"sd","09:55:35",352900
37150,-400,100,"sd","09:55:35",351900
37150,-400,300,"sd","09:55:35",351800
37150,-400,1000,"sd","09:55:35",351500
37150,-400,200,"sd","09:55:35",350500
37200,-350,2400,"sd","09:55:35",350300
37200,-350,2500,"sd","09:55:34",347900
37200,-350,1000,"bu","09:55:30",345400
37200,-350,100,"bu","09:55:30",344400
37200,-350,1500,"bu","09:55:30",344300
37200,-350,700,"bu","09:55:30",342800
37200,-350,1800,"bu","09:55:29",342100
37150,-400,800,"sd","09:55:18",340300
37150,-400,1000,"sd","09:55:18",339500
37200,-350,100,"bu","09:54:40",338500
37200,-350,100,"bu","09:54:36",338400
37200,-350,200,"sd","09:54:24",338300
37200,-350,300,"sd","09:54:24",338100
37200,-350,700,"sd","09:54:08",337800
37200,-350,300,"sd","09:54:08",337100
37200,-350,200,"sd","09:53:35",336800
37200,-350,100,"sd","09:53:29",336600
37200,-350,100,"sd","09:53:29",336500
37200,-350,100,"sd","09:53:29",336400
37200,-350,400,"sd","09:53:29",336300
37200,-350,1000,"sd","09:53:29",335900
37200,-350,100,"sd","09:53:29",334900
37200,-350,500,"sd","09:53:29",334800
37200,-350,200,"sd","09:53:29",334300
37200,-350,500,"sd","09:53:29",334100
37200,-350,500,"sd","09:53:29",333600
37200,-350,200,"sd","09:53:29",333100
37200,-350,600,"sd","09:53:29",332900
37200,-350,1000,"sd","09:53:29",332300
37200,-350,1000,"sd","09:53:29",331300
37200,-350,400,"sd","09:53:29",330300
37200,-350,500,"sd","09:53:29",329900
37200,-350,1900,"sd","09:53:29",329400
37200,-350,600,"sd","09:53:29",327500
37200,-350,100,"sd","09:53:29",326900
37200,-350,100,"sd","09:53:29",326800
37200,-350,100,"sd","09:53:29",326700
37200,-350,100,"sd","09:53:28",326600
37200,-350,200,"sd","09:53:28",326500
37200,-350,100,"sd","09:53:14",326300
37200,-350,100,"sd","09:53:14",326200
37200,-350,100,"sd","09:53:14",326100
37200,-350,100,"sd","09:53:14",326000
37200,-350,1600,"sd","09:53:14",325900
37200,-350,400,"sd","09:53:12",324300
37200,-350,600,"sd","09:53:12",323900
37200,-350,400,"sd","09:52:22",323300
37200,-350,100,"sd","09:52:22",322900
37200,-350,100,"sd","09:52:09",322800
37250,-300,500,"bu","09:52:05",322700
37250,-300,1000,"bu","09:51:42",322200
37250,-300,200,"sd","09:50:47",321200
37250,-300,100,"sd","09:50:47",321000
37250,-300,1000,"sd","09:50:47",320900
37250,-300,900,"sd","09:50:47",319900
37250,-300,500,"sd","09:50:47",319000
37250,-300,3000,"sd","09:50:47",318500
37250,-300,1300,"sd","09:50:47",315500
37300,-250,200,"bu","09:49:54",314200
37300,-250,1000,"bu","09:49:41",314000
37300,-250,1000,"bu","09:49:41",313000
37300,-250,200,"bu","09:48:51",312000
37300,-250,1000,"bu","09:47:39",311800
37250,-300,1000,"sd","09:47:38",310800
37300,-250,200,"bu","09:47:38",309800
37300,-250,3000,"bu","09:47:34",309600
37300,-250,500,"bu","09:47:32",306600
37300,-250,100,"unknown","09:47:28",306100
37300,-250,100,"sd","09:47:22",306000
37300,-250,200,"sd","09:47:18",305900
37300,-250,700,"bu","09:46:18",305700
37300,-250,2000,"bu","09:46:17",305000
37300,-250,100,"bu","09:46:17",303000
37300,-250,100,"bu","09:46:14",302900
37300,-250,1200,"bu","09:45:43",302800
37250,-300,200,"sd","09:45:19",301600
37250,-300,200,"sd","09:45:19",301400
37300,-250,1000,"bu","09:45:12",301200
37300,-250,1000,"bu","09:45:12",300200
37300,-250,200,"bu","09:45:12",299200
37300,-250,100,"bu","09:45:12",299000
37300,-250,1400,"bu","09:45:12",298900
37300,-250,500,"bu","09:45:12",297500
37300,-250,200,"bu","09:45:12",297000
37300,-250,500,"bu","09:45:12",296800
37300,-250,100,"bu","09:45:12",296300
37250,-300,800,"sd","09:44:01",296200
37250,-300,200,"sd","09:44:01",295400
37250,-300,300,"bu","09:43:40",295200
37250,-300,100,"bu","09:43:38",294900
37250,-300,100,"bu","09:43:34",294800
37250,-300,800,"bu","09:43:15",294700
37250,-300,100,"bu","09:43:10",293900
37250,-300,100,"bu","09:43:05",293800
37250,-300,200,"bu","09:42:16",293700
37200,-350,300,"sd","09:42:09",293500
37200,-350,200,"sd","09:42:09",293200
37200,-350,200,"sd","09:42:09",293000
37200,-350,300,"sd","09:42:09",292800
37250,-300,5000,"bu","09:42:05",292500
37250,-300,100,"bu","09:42:03",287500
37250,-300,500,"bu","09:41:04",287400
37250,-300,300,"bu","09:41:01",286900
37250,-300,200,"bu","09:40:27",286600
37250,-300,500,"bu","09:40:25",286400
37250,-300,1000,"bu","09:39:44",285900
37250,-300,2200,"sd","09:39:44",284900
37250,-300,1500,"bu","09:39:29",282700
37250,-300,1300,"bu","09:39:29",281200
37250,-300,500,"bu","09:39:28",279900
37250,-300,200,"bu","09:39:02",279400
37250,-300,200,"bu","09:39:02",279200
37200,-350,100,"sd","09:39:00",279000
37250,-300,100,"bu","09:38:55",278900
37200,-350,100,"sd","09:38:51",278800
37250,-300,400,"bu","09:38:48",278700
37250,-300,100,"bu","09:38:48",278300
37250,-300,300,"bu","09:38:44",278200
37250,-300,100,"bu","09:38:41",277900
37250,-300,300,"bu","09:38:41",277800
37200,-350,100,"sd","09:38:34",277500
37250,-300,100,"bu","09:38:33",277400
37250,-300,500,"sd","09:38:20",277300
37250,-300,100,"sd","09:38:20",276800
37250,-300,100,"sd","09:38:11",276700
37250,-300,1800,"sd","09:37:54",276600
37250,-300,200,"sd","09:37:54",274800
37250,-300,500,"sd","09:37:54",274600
37250,-300,100,"sd","09:37:54",274100
37250,-300,2000,"sd","09:37:54",274000
37250,-300,300,"sd","09:37:54",272000
37250,-300,100,"sd","09:37:54",271700
37250,-300,500,"sd","09:37:54",271600
37250,-300,400,"sd","09:37:54",271100
37300,-250,100,"bu","09:37:09",270700
37300,-250,500,"bu","09:36:51",270600
37300,-250,300,"bu","09:36:45",270100
37300,-250,100,"bu","09:36:45",269800
37300,-250,100,"bu","09:36:45",269700
37300,-250,100,"bu","09:36:39",269600
37300,-250,500,"bu","09:36:19",269500
37300,-250,300,"bu","09:35:38",269000
37300,-250,1700,"bu","09:35:38",268700
37250,-300,600,"sd","09:35:17",267000
37250,-300,200,"sd","09:35:17",266400
37250,-300,200,"sd","09:35:16",266200
37250,-300,300,"sd","09:35:11",266000
37250,-300,100,"sd","09:35:09",265700
37250,-300,200,"sd","09:35:09",265600
37250,-300,500,"sd","09:35:09",265400
37250,-300,200,"sd","09:35:09",264900
37250,-300,100,"sd","09:34:27",264700
37250,-300,300,"sd","09:34:27",264600
37250,-300,200,"sd","09:34:27",264300
37250,-300,100,"sd","09:34:25",264100
37250,-300,300,"sd","09:34:25",264000
37250,-300,100,"sd","09:34:23",263700
37250,-300,300,"sd","09:34:15",263600
37250,-300,100,"sd","09:34:15",263300
37250,-300,100,"sd","09:34:09",263200
37250,-300,100,"sd","09:33:59",263100
37250,-300,100,"sd","09:33:21",263000
37250,-300,4100,"sd","09:33:21",262900
37300,-250,500,"bu","09:32:36",258800
37300,-250,100,"bu","09:32:35",258300
37300,-250,100,"sd","09:32:34",258200
37300,-250,100,"sd","09:32:34",258100
37300,-250,1000,"sd","09:32:12",258000
37300,-250,1900,"bu","09:32:05",257000
37300,-250,100,"bu","09:32:05",255100
37300,-250,400,"bu","09:32:05",255000
37300,-250,400,"bu","09:32:02",254600
37300,-250,200,"bu","09:31:45",254200
37300,-250,1800,"bu","09:31:45",254000
37300,-250,400,"bu","09:31:42",252200
37300,-250,200,"bu","09:31:40",251800
37300,-250,2000,"bu","09:31:33",251600
37300,-250,200,"bu","09:30:54",249600
37300,-250,100,"bu","09:30:50",249400
37300,-250,500,"bu","09:30:40",249300
37300,-250,700,"bu","09:30:36",248800
37300,-250,500,"sd","09:30:30",248100
37300,-250,100,"sd","09:30:30",247600
37300,-250,200,"sd","09:30:30",247500
37300,-250,700,"sd","09:30:30",247300
37300,-250,1000,"sd","09:30:30",246600
37300,-250,1600,"sd","09:30:30",245600
37300,-250,100,"sd","09:30:08",244000
37300,-250,200,"sd","09:30:07",243900
37300,-250,500,"bu","09:29:52",243700
37300,-250,600,"bu","09:29:52",243200
37300,-250,100,"bu","09:29:50",242600
37300,-250,200,"bu","09:29:49",242500
37250,-300,500,"sd","09:29:45",242300
37300,-250,900,"bu","09:29:45",241800
37300,-250,1000,"bu","09:29:42",240900
37300,-250,200,"bu","09:29:42",239900
37300,-250,400,"bu","09:29:39",239700
37300,-250,200,"bu","09:29:32",239300
37300,-250,100,"bu","09:29:28",239100
37300,-250,100,"sd","09:29:26",239000
37300,-250,400,"sd","09:29:26",238900
37300,-250,100,"sd","09:29:26",238500
37300,-250,3000,"sd","09:29:26",238400
37300,-250,2700,"sd","09:29:26",235400
37350,-200,200,"bu","09:29:22",232700
37300,-250,100,"sd","09:29:17",232500
37300,-250,500,"bu","09:28:41",232400
37300,-250,300,"bu","09:28:41",231900
37300,-250,400,"bu","09:28:41",231600
37300,-250,2000,"bu","09:28:37",231200
37250,-300,100,"bu","09:28:24",229200
37250,-300,300,"bu","09:28:24",229100
37250,-300,500,"bu","09:28:20",228800
37250,-300,400,"bu","09:28:10",228300
37250,-300,500,"bu","09:28:00",227900
37250,-300,4500,"bu","09:27:56",227400
37250,-300,300,"bu","09:27:51",222900
37250,-300,400,"bu","09:27:50",222600
37250,-300,400,"bu","09:27:41",222200
37250,-300,500,"bu","09:27:40",221800
37250,-300,1000,"bu","09:27:32",221300
37250,-300,200,"bu","09:27:30",220300
37250,-300,1000,"bu","09:27:14",220100
37200,-350,300,"sd","09:27:06",219100
37200,-350,200,"sd","09:27:06",218800
37200,-350,800,"sd","09:26:22",218600
37200,-350,300,"sd","09:26:11",217800
37200,-350,1000,"bu","09:25:51",217500
37200,-350,200,"bu","09:25:39",216500
37200,-350,1000,"unknown","09:25:39",216300
37200,-350,100,"sd","09:25:39",215300
37200,-350,1000,"sd","09:25:39",215200
37200,-350,1000,"sd","09:25:39",214200
37200,-350,200,"sd","09:25:39",213200
37250,-300,500,"sd","09:25:39",213000
37300,-250,600,"bu","09:25:30",212500
37300,-250,1000,"bu","09:25:24",211900
37200,-350,300,"sd","09:25:21",210900
37250,-300,200,"unknown","09:25:21",210600
37250,-300,800,"bu","09:25:19",210400
37250,-300,500,"bu","09:25:18",209600
37250,-300,1500,"bu","09:25:18",209100
37250,-300,500,"bu","09:25:18",207600
37200,-350,100,"bu","09:25:08",207100
37200,-350,500,"bu","09:25:05",207000
37200,-350,100,"bu","09:25:03",206500
37200,-350,200,"bu","09:24:59",206400
37200,-350,100,"bu","09:24:58",206200
37150,-400,200,"sd","09:24:57",206100
37150,-400,1000,"sd","09:24:56",205900
37200,-350,600,"bu","09:24:53",204900
37200,-350,400,"bu","09:24:53",204300
37200,-350,100,"bu","09:24:50",203900
37200,-350,200,"bu","09:24:50",203800
37200,-350,200,"bu","09:24:50",203600
37150,-400,700,"bu","09:24:40",203400
37150,-400,500,"bu","09:24:40",202700
37150,-400,1800,"bu","09:24:40",202200
37150,-400,1000,"bu","09:24:40",200400
37150,-400,1000,"bu","09:24:40",199400
37150,-400,300,"bu","09:24:40",198400
37100,-450,700,"bu","09:24:30",198100
37100,-450,2800,"bu","09:24:30",197400
37100,-450,100,"bu","09:24:30",194600
37100,-450,1200,"bu","09:24:30",194500
37100,-450,600,"bu","09:24:30",193300
37100,-450,300,"bu","09:24:30",192700
37100,-450,500,"bu","09:24:30",192400
37100,-450,1000,"bu","09:24:30",191900
37100,-450,1400,"bu","09:24:30",190900
37100,-450,10000,"bu","09:24:26",189500
37100,-450,1000,"bu","09:24:23",179500
37100,-450,7000,"bu","09:24:23",178500
37100,-450,500,"bu","09:24:16",171500
37050,-500,300,"sd","09:24:12",171000
37100,-450,8000,"bu","09:24:06",170700
37100,-450,400,"bu","09:24:06",162700
37100,-450,1600,"bu","09:24:06",162300
37100,-450,500,"bu","09:23:58",160700
37100,-450,100,"bu","09:23:51",160200
37100,-450,2000,"bu","09:23:47",160100
37100,-450,1000,"bu","09:23:46",158100
37100,-450,2000,"bu","09:23:43",157100
37100,-450,200,"bu","09:23:38",155100
37100,-450,100,"bu","09:23:37",154900
37050,-500,300,"sd","09:23:28",154800
37100,-450,500,"bu","09:23:24",154500
37100,-450,500,"bu","09:23:14",154000
37050,-500,1500,"sd","09:23:05",153500
37050,-500,100,"bu","09:23:02",152000
37050,-500,1000,"bu","09:23:02",151900
37050,-500,300,"bu","09:23:02",150900
37050,-500,4000,"bu","09:23:02",150600
37050,-500,600,"bu","09:23:01",146600
37050,-500,1000,"bu","09:22:51",146000
37050,-500,2000,"bu","09:22:48",145000
37000,-550,100,"sd","09:22:47",143000
37000,-550,100,"sd","09:22:46",142900
37000,-550,800,"sd","09:22:43",142800
37000,-550,500,"sd","09:22:43",142000
37000,-550,1000,"sd","09:22:43",141500
37000,-550,500,"sd","09:22:43",140500
37000,-550,2000,"sd","09:22:42",140000
37050,-500,1000,"bu","09:22:38",138000
37050,-500,300,"sd","09:22:37",137000
37050,-500,200,"sd","09:22:37",136700
37050,-500,300,"sd","09:22:37",136500
37050,-500,100,"sd","09:22:37",136200
37050,-500,500,"sd","09:22:37",136100
37050,-500,4500,"sd","09:22:31",135600
37050,-500,1000,"sd","09:22:31",131100
37050,-500,2000,"sd","09:22:31",130100
37050,-500,300,"sd","09:22:31",128100
37050,-500,200,"sd","09:22:31",127800
37100,-450,1500,"bu","09:22:29",127600
37100,-450,400,"bu","09:22:29",126100
37100,-450,100,"bu","09:22:29",125700
37050,-500,1800,"sd","09:22:11",125600
37050,-500,200,"sd","09:22:11",123800
37100,-450,200,"bu","09:22:11",123600
37100,-450,1700,"bu","09:22:05",123400
37050,-500,800,"sd","09:22:01",121700
37050,-500,600,"sd","09:22:01",120900
37050,-500,400,"sd","09:22:01",120300
37050,-500,1000,"sd","09:22:01",119900
37050,-500,5000,"sd","09:22:01",118900
37050,-500,2000,"sd","09:22:01",113900
37050,-500,100,"sd","09:22:01",111900
37050,-500,100,"sd","09:22:01",111800
37050,-500,4000,"sd","09:21:46",111700
37100,-450,500,"bu","09:21:41",107700
37100,-450,500,"bu","09:21:37",107200
37050,-500,900,"sd","09:21:34",106700
37100,-450,500,"sd","09:21:34",105800
37100,-450,1000,"sd","09:21:34",105300
37100,-450,200,"sd","09:21:34",104300
37100,-450,900,"sd","09:21:34",104100
37100,-450,500,"sd","09:21:28",103200
37100,-450,200,"sd","09:21:28",102700
37100,-450,700,"bu","09:21:23",102500
37100,-450,1000,"bu","09:21:23",101800
37100,-450,400,"bu","09:21:23",100800
37100,-450,500,"bu","09:21:23",100400
37100,-450,800,"bu","09:21:23",99900
37100,-450,500,"bu","09:21:08",99100
37050,-500,300,"unknown","09:21:08",98600
37050,-500,1000,"sd","09:21:06",98300
37050,-500,5000,"sd","09:21:06",97300
37050,-500,500,"sd","09:21:06",92300
37050,-500,200,"sd","09:21:06",91800
37050,-500,1800,"sd","09:20:57",91600
37050,-500,100,"sd","09:20:57",89800
37050,-500,100,"sd","09:20:57",89700
37050,-500,100,"sd","09:20:57",89600
37050,-500,2900,"sd","09:20:57",89500
37100,-450,500,"bu","09:20:53",86600
37050,-500,1500,"sd","09:20:49",86100
37050,-500,600,"sd","09:20:41",84600
37050,-500,100,"sd","09:20:41",84000
37050,-500,500,"sd","09:20:41",83900
37050,-500,300,"sd","09:20:41",83400
37050,-500,200,"sd","09:20:31",83100
37050,-500,300,"sd","09:20:31",82900
37050,-500,600,"sd","09:20:25",82600
37050,-500,100,"sd","09:20:23",82000
37050,-500,100,"sd","09:20:23",81900
37050,-500,300,"sd","09:20:23",81800
37050,-500,100,"sd","09:20:20",81500
37050,-500,500,"sd","09:20:20",81400
37050,-500,2000,"sd","09:20:10",80900
37050,-500,1000,"sd","09:20:10",78900
37050,-500,200,"bu","09:19:48",77900
37050,-500,100,"sd","09:19:41",77700
37050,-500,900,"bu","09:19:39",77600
37050,-500,100,"sd","09:19:22",76700
37050,-500,100,"sd","09:19:22",76600
37050,-500,1000,"sd","09:19:22",76500
37050,-500,500,"sd","09:19:22",75500
37050,-500,100,"sd","09:19:22",75000
37050,-500,100,"sd","09:19:22",74900
37050,-500,100,"sd","09:19:22",74800
37050,-500,1000,"sd","09:19:22",74700
37050,-500,500,"sd","09:19:22",73700
37050,-500,100,"sd","09:19:22",73200
37050,-500,300,"sd","09:19:02",73100
37050,-500,500,"sd","09:19:02",72800
37050,-500,1000,"sd","09:19:02",72300
37050,-500,2000,"sd","09:19:01",71300
37050,-500,1200,"sd","09:19:01",69300
37100,-450,100,"bu","09:19:00",68100
37100,-450,100,"bu","09:18:53",68000
37050,-500,200,"sd","09:18:47",67900
37050,-500,500,"sd","09:18:46",67700
37050,-500,500,"sd","09:18:43",67200
37050,-500,600,"sd","09:18:41",66700
37050,-500,100,"sd","09:18:41",66100
37050,-500,300,"sd","09:18:41",66000
37050,-500,1200,"sd","09:18:41",65700
37050,-500,100,"sd","09:18:34",64500
37100,-450,500,"bu","09:18:34",64400
37050,-500,500,"sd","09:18:26",63900
37050,-500,300,"sd","09:18:21",63400
37050,-500,1000,"sd","09:18:13",63100
37100,-450,2000,"bu","09:18:09",62100
37100,-450,800,"bu","09:18:06",60100
37050,-500,1900,"sd","09:18:02",59300
37050,-500,100,"sd","09:18:02",57400
37050,-500,3000,"sd","09:18:02",57300
37100,-450,300,"bu","09:17:55",54300
37050,-500,2000,"sd","09:17:53",54000
37050,-500,100,"sd","09:17:53",52000
37050,-500,900,"sd","09:17:53",51900
37100,-450,100,"bu","09:17:49",51000
37100,-450,100,"bu","09:17:49",50900
37100,-450,3000,"sd","09:17:43",50800
37100,-450,1000,"sd","09:17:43",47800
37100,-450,500,"sd","09:17:43",46800
37100,-450,200,"sd","09:17:43",46300
37100,-450,300,"sd","09:17:43",46100
37100,-450,500,"sd","09:17:43",45800
37100,-450,1300,"sd","09:17:43",45300
37100,-450,300,"sd","09:17:43",44000
37100,-450,1700,"sd","09:17:43",43700
37100,-450,300,"sd","09:17:43",42000
37100,-450,100,"sd","09:17:30",41700
37150,-400,100,"sd","09:17:23",41600
37150,-400,200,"sd","09:17:23",41500
37150,-400,100,"sd","09:17:23",41300
37150,-400,200,"sd","09:17:08",41200
37150,-400,200,"bu","09:16:58",41000
37150,-400,100,"bu","09:16:49",40800
37100,-450,100,"sd","09:16:33",40700
37100,-450,100,"sd","09:16:33",40600
37150,-400,100,"bu","09:16:31",40500
37100,-450,100,"bu","09:16:30",40400
37100,-450,400,"bu","09:16:23",40300
37100,-450,100,"bu","09:16:23",39900
37100,-450,100,"bu","09:16:12",39800
37100,-450,500,"bu","09:16:10",39700
37100,-450,100,"sd","09:16:09",39200
37100,-450,200,"sd","09:16:09",39100
37100,-450,500,"sd","09:16:08",38900
37200,-350,400,"bu","09:16:01",38400
37200,-350,300,"bu","09:16:01",38000
37200,-350,300,"bu","09:16:01",37700
37100,-450,300,"sd","09:16:00",37400
37050,-500,1000,"sd","09:15:41",37100
37050,-500,100,"sd","09:15:41",36100
37200,-350,200,"bu","09:15:36",36000
37200,-350,1000,"bu","09:15:25",35800
37000,-550,34800,"unknown","09:15:02",34800
