"price","change","match_qtty","side","time","total_vol"
10750,-150,87400,"sd","14:45:05",1022700
11000,100,1000,"bu","14:27:20",935300
11100,200,6600,"bu","14:27:20",934300
11050,150,3000,"bu","14:27:20",927700
11050,150,400,"bu","14:27:20",924700
11000,100,5000,"bu","14:27:20",924300
10950,50,100,"sd","14:26:52",919300
10950,50,100,"bu","14:26:35",919200
10950,50,100,"bu","14:26:31",919100
10950,50,3300,"bu","14:26:21",919000
10950,50,1000,"bu","14:25:41",915700
10950,50,5500,"sd","14:23:50",914700
10950,50,4500,"sd","14:23:35",909200
10950,50,100,"sd","14:23:35",904700
11000,100,400,"bu","14:22:12",904600
11000,100,600,"bu","14:21:40",904200
11000,100,500,"sd","14:21:07",903600
11000,100,500,"sd","14:21:07",903100
11000,100,200,"sd","14:21:07",902600
11000,100,200,"sd","14:21:07",902400
11000,100,800,"sd","14:19:47",902200
11000,100,600,"sd","14:19:47",901400
11000,100,300,"sd","14:17:12",900800
11000,100,100,"sd","14:17:11",900500
11050,150,1000,"sd","14:13:00",900400
11050,150,1100,"sd","14:13:00",899400
11050,150,3900,"sd","14:12:39",898300
11050,150,1100,"sd","14:12:39",894400
11050,150,500,"sd","14:12:36",893300
11050,150,3400,"sd","14:12:17",892800
11050,150,1600,"sd","14:12:17",889400
11050,150,100,"bu","14:10:48",887800
11050,150,300,"bu","14:10:48",887700
11050,150,18000,"bu","14:10:48",887400
11000,100,100,"sd","14:10:22",869400
11050,150,500,"bu","14:10:06",869300
11050,150,1000,"bu","14:09:20",868800
11050,150,1000,"bu","14:08:57",867800
11000,100,100,"bu","14:08:21",866800
11000,100,900,"bu","14:08:21",866700
11000,100,500,"bu","14:08:21",865800
11000,100,5200,"bu","14:08:21",865300
11000,100,200,"bu","14:08:15",860100
11000,100,1400,"bu","14:08:08",859900
10950,50,1000,"sd","14:07:53",858500
10900,0,1000,"sd","14:06:29",857500
10900,0,1000,"sd","14:06:29",856500
10900,0,30000,"bu","14:04:51",855500
10900,0,500,"bu","14:04:27",825500
10900,0,200,"bu","14:03:23",825000
10900,0,3500,"bu","14:01:48",824800
10900,0,1000,"bu","13:59:21",821300
10900,0,1000,"bu","13:57:10",820300
10900,0,500,"bu","13:55:08",819300
10900,0,200,"bu","13:49:53",818800
10900,0,100,"bu","13:49:48",818600
10900,0,4400,"sd","13:49:33",818500
10900,0,500,"sd","13:49:33",814100
10900,0,400,"sd","13:49:08",813600
10900,0,200,"sd","13:49:08",813200
10900,0,500,"sd","13:49:08",813000
10900,0,900,"sd","13:49:08",812500
10900,0,4300,"sd","13:48:45",811600
10900,0,500,"sd","13:48:45",807300
10900,0,500,"sd","13:48:45",806800
10900,0,300,"sd","13:48:45",806300
10900,0,500,"sd","13:48:45",806000
10900,0,200,"sd","13:48:45",805500
10900,0,200,"sd","13:48:45",805300
10900,0,8100,"sd","13:48:45",805100
10900,0,100,"sd","13:48:19",797000
10900,0,1800,"sd","13:45:48",796900
10900,0,1000,"sd","13:45:48",795100
10900,0,1000,"sd","13:45:48",794100
10900,0,100,"sd","13:45:48",793100
10900,0,100,"sd","13:45:48",793000
10900,0,1000,"sd","13:45:48",792900
10900,0,200,"sd","13:45:48",791900
10950,50,100,"sd","13:45:48",791700
10950,50,1000,"sd","13:45:48",791600
10950,50,400,"sd","13:45:48",790600
10950,50,4500,"sd","13:45:48",790200
10950,50,100,"sd","13:45:48",785700
10950,50,5000,"sd","13:45:48",785600
11000,100,300,"sd","13:45:48",780600
10950,50,2400,"sd","13:45:48",780300
11000,100,200,"sd","13:45:48",777900
11000,100,100,"sd","13:45:48",777700
11000,100,5000,"sd","13:45:48",777600
11000,100,500,"sd","13:45:48",772600
11000,100,200,"sd","13:45:48",772100
11050,150,500,"bu","13:41:55",771900
11000,100,100,"sd","13:41:55",771400
11000,100,100,"sd","13:41:46",771300
11000,100,300,"sd","13:41:36",771200
11000,100,100,"sd","13:40:58",770900
11000,100,100,"sd","13:39:24",770800
11050,150,2000,"bu","13:38:58",770700
11050,150,1000,"bu","13:38:37",768700
11000,100,500,"sd","13:37:30",767700
10950,50,2600,"sd","13:36:56",767200
10950,50,300,"sd","13:36:56",764600
10950,50,2000,"sd","13:36:56",764300
10950,50,200,"sd","13:36:56",762300
10950,50,800,"sd","13:33:03",762100
10950,50,100,"sd","13:33:03",761300
10950,50,100,"sd","13:33:03",761200
10950,50,500,"sd","13:32:25",761100
10950,50,5000,"sd","13:31:58",760600
10950,50,4000,"sd","13:31:47",755600
10950,50,1000,"sd","13:31:30",751600
10950,50,3000,"sd","13:31:09",750600
10950,50,25000,"sd","13:30:50",747600
10950,50,2000,"sd","13:30:37",722600
11000,100,1000,"sd","13:29:40",720600
11000,100,1000,"sd","13:29:40",719600
11000,100,2000,"sd","13:29:40",718600
11000,100,300,"sd","13:29:40",716600
11000,100,3000,"sd","13:29:40",716300
11000,100,800,"sd","13:29:40",713300
11000,100,4200,"sd","13:28:13",712500
11000,100,1000,"sd","13:28:13",708300
11000,100,2500,"sd","13:28:13",707300
11000,100,11800,"sd","13:28:13",704800
11000,100,100,"sd","13:28:13",693000
11000,100,400,"sd","13:28:13",692900
11000,100,1600,"sd","13:27:50",692500
11000,100,300,"sd","13:27:50",690900
11000,100,300,"sd","13:27:50",690600
11000,100,7800,"sd","13:27:50",690300
11000,100,1000,"sd","13:27:49",682500
11050,150,3000,"bu","13:26:50",681500
11050,150,5000,"bu","13:26:50",678500
11050,150,2000,"unknown","13:26:50",673500
11050,150,800,"unknown","13:26:50",671500
11050,150,10000,"sd","13:26:50",670700
11050,150,100,"sd","13:26:50",660700
11050,150,100,"sd","13:26:50",660600
11050,150,5000,"sd","13:26:50",660500
11100,200,2000,"bu","13:20:52",655500
11100,200,3000,"sd","13:20:35",653500
11100,200,8400,"sd","13:20:35",650500
11100,200,1600,"bu","13:19:31",642100
11100,200,3000,"bu","13:19:10",640500
11100,200,400,"sd","13:17:26",637500
11100,200,4000,"unknown","13:16:49",637100
11100,200,1000,"bu","13:15:34",633100
11100,200,100,"bu","13:15:26",632100
11100,200,200,"bu","13:14:27",632000
11100,200,300,"sd","13:13:57",631800
11100,200,100,"bu","13:13:53",631500
11100,200,100,"bu","13:13:53",631400
11100,200,400,"bu","13:13:18",631300
11100,200,100,"bu","13:13:04",630900
11100,200,800,"sd","13:12:30",630800
11100,200,2000,"sd","13:12:30",630000
11100,200,1600,"sd","13:12:30",628000
11100,200,2500,"bu","13:11:32",626400
11100,200,900,"bu","13:11:32",623900
11100,200,1000,"bu","13:10:48",623000
11100,200,3100,"bu","13:09:52",622000
11100,200,5000,"bu","13:09:34",618900
11100,200,1900,"bu","13:09:34",613900
11100,200,100,"bu","13:08:55",612000
11100,200,3000,"bu","13:07:15",611900
11100,200,1000,"bu","13:07:15",608900
11100,200,1000,"bu","13:07:15",607900
11000,100,500,"sd","13:06:04",606900
11000,100,6700,"sd","13:05:10",606400
11000,100,3700,"sd","13:05:10",599700
11000,100,4600,"sd","13:05:10",596000
11000,100,200,"sd","13:04:22",591400
11100,200,500,"bu","13:03:43",591200
11100,200,200,"bu","13:03:14",590700
11100,200,800,"bu","13:02:42",590500
11100,200,100,"unknown","13:01:29",589700
11150,250,200,"bu","13:00:44",589600
11000,100,18500,"sd","13:00:40",589400
11150,250,1400,"bu","13:00:38",570900
11150,250,500,"bu","13:00:24",569500
11000,100,5000,"sd","13:00:23",569000
11000,100,700,"sd","13:00:20",564000
11000,100,5000,"sd","13:00:17",563300
11100,200,6000,"sd","13:00:16",558300
11100,200,400,"unknown","13:00:14",552300
11100,200,5100,"unknown","13:00:14",551900
11100,200,10000,"unknown","13:00:12",546800
11100,200,400,"unknown","13:00:10",536800
11000,100,5000,"sd","13:00:03",536400
11000,100,200,"sd","13:00:03",531400
11000,100,100,"sd","13:00:02",531200
11200,300,100,"bu","11:29:30",531100
11200,300,400,"sd","11:28:50",531000
11200,300,2000,"sd","11:28:14",530600
11200,300,500,"sd","11:27:48",528600
11200,300,2000,"sd","11:26:12",528100
11200,300,100,"bu","11:26:03",526100
11200,300,100,"bu","11:24:44",526000
11200,300,1900,"bu","11:24:44",525900
11200,300,600,"sd","11:23:52",524000
11200,300,600,"sd","11:23:52",523400
11200,300,1900,"sd","11:23:52",522800
11200,300,200,"sd","11:23:46",520900
11200,300,800,"sd","11:23:46",520700
11200,300,500,"sd","11:23:36",519900
11200,300,1000,"sd","11:22:41",519400
11200,300,500,"sd","11:22:03",518400
11200,300,200,"sd","11:22:00",517900
11200,300,100,"sd","11:21:45",517700
11200,300,1200,"sd","11:21:36",517600
11200,300,1700,"sd","11:21:07",516400
11200,300,300,"sd","11:21:07",514700
11250,350,100,"bu","11:20:15",514400
11250,350,1000,"bu","11:19:21",514300
11200,300,100,"sd","11:19:21",513300
11200,300,100,"sd","11:18:59",513200
11250,350,400,"bu","11:18:45",513100
11250,350,1000,"bu","11:18:45",512700
11250,350,400,"bu","11:18:45",511700
11250,350,2000,"bu","11:18:45",511300
11250,350,1000,"bu","11:18:45",509300
11250,350,200,"bu","11:18:45",508300
11250,350,19800,"bu","11:18:35",508100
11250,350,18500,"bu","11:18:35",488300
11250,350,100,"bu","11:18:09",469800
11250,350,6400,"bu","11:15:59",469700
11250,350,1200,"bu","11:15:59",463300
11200,300,2400,"bu","11:15:59",462100
11200,300,2000,"bu","11:15:49",459700
11200,300,400,"bu","11:15:30",457700
11200,300,300,"sd","11:15:29",457300
11200,300,1700,"sd","11:15:29",457000
11200,300,500,"bu","11:14:33",455300
11200,300,100,"bu","11:14:33",454800
11200,300,600,"bu","11:14:20",454700
11200,300,1300,"bu","11:14:17",454100
11200,300,500,"bu","11:14:17",452800
11200,300,200,"bu","11:14:17",452300
11200,300,3000,"bu","11:14:17",452100
11200,300,7000,"bu","11:14:08",449100
11200,300,1000,"bu","11:14:08",442100
11200,300,500,"bu","11:13:26",441100
11200,300,1000,"sd","11:13:11",440600
11250,350,500,"bu","11:13:11",439600
11200,300,4000,"sd","11:12:55",439100
11200,300,4000,"sd","11:12:55",435100
11200,300,2000,"sd","11:12:55",431100
11200,300,200,"sd","11:12:54",429100
11200,300,200,"sd","11:12:18",428900
11250,350,5000,"bu","11:12:01",428700
11200,300,2900,"sd","11:11:55",423700
11250,350,200,"bu","11:11:45",420800
11250,350,400,"bu","11:11:36",420600
11250,350,1700,"sd","11:11:33",420200
11250,350,1000,"sd","11:11:33",418500
11300,400,2300,"bu","11:11:31",417500
11300,400,1000,"bu","11:11:31",415200
11300,400,500,"bu","11:11:31",414200
11300,400,200,"bu","11:11:31",413700
11300,400,1900,"bu","11:11:31",413500
11300,400,500,"bu","11:11:28",411600
11300,400,900,"bu","11:11:28",411100
11250,350,2600,"bu","11:11:19",410200
11250,350,500,"bu","11:11:19",407600
11250,350,5000,"bu","11:11:19",407100
11250,350,2000,"bu","11:11:18",402100
11250,350,1000,"bu","11:11:12",400100
11250,350,2000,"bu","11:11:08",399100
11250,350,5000,"bu","11:10:58",397100
11200,300,500,"bu","11:10:39",392100
11200,300,1000,"bu","11:10:39",391600
11200,300,3200,"bu","11:10:39",390600
11200,300,1800,"bu","11:10:37",387400
11200,300,900,"bu","11:10:37",385600
11200,300,1100,"bu","11:10:34",384700
11200,300,900,"bu","11:10:34",383600
11200,300,500,"bu","11:10:34",382700
11200,300,500,"bu","11:10:34",382200
11200,300,1000,"bu","11:10:34",381700
11200,300,300,"bu","11:10:34",380700
11150,250,100,"bu","11:10:29",380400
11150,250,1000,"bu","11:10:21",380300
11000,100,300,"sd","11:09:40",379300
11000,100,100,"bu","11:09:40",379000
11000,100,100,"bu","11:09:37",378900
11000,100,900,"bu","11:09:37",378800
11000,100,4100,"bu","11:09:35",377900
11000,100,500,"bu","11:09:35",373800
11000,100,400,"bu","11:09:35",373300
11000,100,100,"bu","11:09:33",372900
11000,100,500,"bu","11:09:28",372800
11000,100,500,"bu","11:09:28",372300
11000,100,100,"bu","11:09:26",371800
11000,100,100,"bu","11:09:19",371700
11000,100,1100,"bu","11:09:19",371600
11000,100,2000,"bu","11:09:19",370500
11000,100,500,"bu","11:09:19",368500
11000,100,500,"bu","11:09:19",368000
11000,100,100,"bu","11:09:19",367500
11000,100,5000,"bu","11:09:19",367400
11000,100,300,"bu","11:09:19",362400
11000,100,300,"bu","11:09:19",362000
11000,100,100,"bu","11:09:19",362100
10950,50,400,"sd","11:09:06",361700
10950,50,3800,"sd","11:08:32",361300
10950,50,10400,"sd","11:08:32",357500
10950,50,3600,"sd","11:08:32",347100
10950,50,1400,"sd","11:08:32",343500
10950,50,200,"sd","11:08:32",342100
10950,50,1900,"sd","11:08:32",341900
10950,50,1200,"sd","11:08:32",340000
10950,50,1400,"sd","11:08:32",338800
10950,50,600,"sd","11:08:32",337400
10950,50,1300,"sd","11:08:32",336800
10950,50,1300,"sd","11:08:32",335500
10900,0,100,"sd","11:07:02",334200
10900,0,100,"sd","11:07:02",334100
10900,0,300,"bu","11:04:58",334000
10900,0,600,"bu","11:04:58",333700
10900,0,1300,"bu","11:04:58",333100
10900,0,100,"bu","11:04:57",331800
10900,0,3600,"bu","11:04:55",331700
10900,0,1400,"bu","11:04:55",328100
10900,0,600,"bu","11:04:49",326700
10900,0,300,"bu","11:04:49",326100
10900,0,500,"bu","11:04:00",325800
10900,0,1000,"bu","11:03:43",325300
10900,0,200,"bu","11:02:37",324300
10900,0,1000,"bu","11:02:37",324100
10900,0,5800,"bu","11:02:37",323100
10850,-50,100,"sd","11:01:56",317300
10850,-50,100,"sd","11:01:45",317200
10850,-50,4400,"bu","11:00:19",317100
10850,-50,5000,"bu","11:00:13",312700
10850,-50,100,"bu","10:59:50",307700
10850,-50,1000,"bu","10:59:29",307600
10850,-50,100,"bu","10:59:09",306600
10850,-50,4400,"bu","10:57:51",306500
10850,-50,200,"bu","10:57:51",302100
10850,-50,400,"bu","10:57:51",301900
10850,-50,500,"bu","10:57:19",301500
10800,-100,500,"sd","10:56:59",301000
10850,-50,500,"bu","10:55:56",300500
10850,-50,100,"bu","10:54:00",300000
10850,-50,100,"bu","10:53:28",299900
10850,-50,300,"bu","10:52:59",299800
10850,-50,100,"bu","10:49:53",299500
10800,-100,2000,"sd","10:46:48",299400
10800,-100,1800,"bu","10:45:58",297400
10800,-100,200,"sd","10:45:22",295600
10800,-100,500,"sd","10:43:58",295400
10800,-100,500,"sd","10:43:06",294900
10800,-100,3500,"sd","10:43:06",294400
10800,-100,1500,"bu","10:41:57",290900
10800,-100,100,"sd","10:41:32",289400
10800,-100,1100,"sd","10:41:32",289300
10800,-100,400,"sd","10:41:24",288200
10800,-100,600,"sd","10:39:27",287800
10800,-100,1000,"sd","10:39:10",287200
10800,-100,1000,"sd","10:37:52",286200
10800,-100,11400,"sd","10:37:36",285200
10800,-100,200,"sd","10:37:09",273800
10800,-100,1100,"sd","10:37:09",273600
10800,-100,200,"sd","10:37:09",272500
10800,-100,1000,"sd","10:37:09",272300
10800,-100,5000,"sd","10:37:09",271300
10800,-100,3000,"sd","10:37:09",266300
10800,-100,5000,"sd","10:37:09",263300
10800,-100,4500,"sd","10:37:09",258300
10850,-50,500,"bu","10:35:57",253800
10850,-50,500,"sd","10:32:14",253300
10850,-50,100,"sd","10:32:14",252800
10850,-50,1000,"sd","10:32:14",252700
10850,-50,5000,"sd","10:32:14",251700
10850,-50,2000,"sd","10:32:14",246700
10850,-50,3000,"sd","10:30:52",244700
10850,-50,100,"sd","10:30:52",241700
10850,-50,1200,"sd","10:30:52",241600
10850,-50,2400,"sd","10:28:14",240400
10850,-50,100,"sd","10:28:14",238000
10850,-50,100,"unknown","10:25:37",237900
10850,-50,2100,"sd","10:23:54",237800
10850,-50,100,"sd","10:23:54",235700
10850,-50,500,"sd","10:23:54",235600
10850,-50,100,"sd","10:23:54",235100
10850,-50,1400,"sd","10:23:53",235000
10850,-50,2000,"sd","10:23:30",233600
10850,-50,1600,"sd","10:22:22",231600
10850,-50,100,"sd","10:22:22",230000
10850,-50,300,"sd","10:22:22",229900
10850,-50,2000,"sd","10:22:10",229600
10850,-50,2700,"sd","10:20:03",227600
10850,-50,800,"sd","10:20:03",224900
10850,-50,200,"sd","10:19:43",224100
10850,-50,5000,"sd","10:19:43",223900
10850,-50,5800,"sd","10:19:43",218900
10850,-50,1000,"sd","10:15:35",213100
10850,-50,1200,"sd","10:14:58",212100
10850,-50,600,"sd","10:14:58",210900
10850,-50,1000,"sd","10:14:58",210300
10850,-50,1200,"sd","10:14:58",209300
10850,-50,1000,"sd","10:14:01",208100
10900,0,5000,"bu","10:13:54",207100
10850,-50,100,"sd","10:12:44",202100
10900,0,1100,"bu","10:12:10",202000
10900,0,900,"bu","10:12:10",200900
10900,0,1000,"bu","10:11:38",200000
10900,0,1800,"bu","10:11:30",199000
10900,0,100,"bu","10:11:05",197200
10850,-50,2700,"sd","10:08:36",197100
10850,-50,200,"sd","10:08:36",194400
10850,-50,100,"sd","10:08:36",194200
10900,0,800,"bu","10:07:28",194100
10900,0,1800,"bu","10:07:28",193300
10900,0,2400,"bu","10:07:28",191500
10900,0,200,"bu","10:07:18",189100
10900,0,2400,"bu","10:07:18",188900
10900,0,900,"bu","10:07:18",186500
10900,0,2500,"bu","10:07:01",185600
10900,0,700,"bu","10:07:01",183100
10900,0,500,"bu","10:07:01",182400
10900,0,2000,"bu","10:07:01",181900
10900,0,1600,"bu","10:07:01",179900
10900,0,1000,"bu","10:07:01",178300
10900,0,400,"bu","10:07:01",177300
10900,0,100,"bu","10:07:01",176900
10900,0,3500,"bu","10:07:01",176800
10900,0,500,"bu","10:06:01",173300
10900,0,500,"bu","10:06:01",172800
10900,0,500,"bu","10:04:55",172300
10850,-50,600,"bu","10:03:58",171800
10850,-50,3000,"bu","10:03:53",171200
10850,-50,400,"bu","10:03:50",168200
10850,-50,500,"bu","10:03:50",167800
10850,-50,800,"bu","10:03:50",167300
10850,-50,500,"bu","10:03:50",166500
10850,-50,300,"bu","10:03:50",166000
10850,-50,1000,"bu","10:03:50",165700
10850,-50,1500,"bu","10:03:50",164700
10850,-50,100,"bu","10:03:50",163200
10850,-50,1700,"bu","10:03:50",163100
10850,-50,200,"bu","10:03:50",161400
10850,-50,700,"bu","10:03:50",161200
10850,-50,900,"bu","10:03:50",160500
10850,-50,200,"bu","10:03:50",159600
10850,-50,500,"bu","10:03:50",159400
10850,-50,400,"bu","10:03:50",158900
10850,-50,1000,"bu","10:03:50",158500
10850,-50,1600,"bu","10:03:50",157500
10850,-50,1600,"bu","10:03:50",155900
10850,-50,100,"bu","10:03:50",154300
10850,-50,3900,"bu","10:03:50",154200
10850,-50,3000,"bu","10:03:47",150300
10850,-50,3700,"bu","10:03:29",147300
10850,-50,500,"bu","10:03:29",143600
10850,-50,500,"bu","10:03:29",143100
10850,-50,300,"bu","10:03:29",142600
10850,-50,700,"bu","10:03:28",142300
10850,-50,1600,"bu","10:03:11",141600
10850,-50,400,"bu","10:03:11",140000
10850,-50,100,"bu","10:03:08",139600
10850,-50,4500,"bu","10:03:08",139500
10850,-50,400,"bu","10:03:08",135000
10850,-50,1000,"bu","10:02:59",134600
10850,-50,600,"bu","10:02:41",133600
10850,-50,400,"bu","10:02:41",133000
10800,-100,100,"sd","10:02:39",132600
10850,-50,1000,"bu","10:02:35",132500
10850,-50,600,"bu","10:02:05",131500
10850,-50,2000,"bu","10:02:05",130900
10850,-50,200,"bu","10:02:05",128900
10850,-50,200,"bu","10:02:05",128700
10850,-50,500,"bu","10:02:05",128500
10800,-100,2400,"bu","10:00:37",128000
10800,-100,600,"bu","10:00:35",125600
10800,-100,4000,"bu","10:00:35",125000
10800,-100,7400,"bu","10:00:35",121000
10800,-100,300,"bu","09:57:41",113600
10750,-150,100,"sd","09:57:32",113300
10800,-100,2000,"bu","09:53:53",113200
10800,-100,300,"sd","09:53:52",111200
10800,-100,3700,"bu","09:53:41",110900
10800,-100,500,"bu","09:53:35",107200
10800,-100,800,"sd","09:52:36",106700
10800,-100,300,"sd","09:51:50",105900
10800,-100,1000,"bu","09:51:49",105600
10800,-100,1000,"bu","09:51:49",104600
10800,-100,1000,"bu","09:51:49",103600
10800,-100,900,"bu","09:51:49",102600
10800,-100,3000,"bu","09:51:23",101700
10750,-150,400,"sd","09:50:55",98700
10750,-150,3000,"sd","09:50:55",98300
10750,-150,1600,"sd","09:50:55",95300
10750,-150,400,"sd","09:50:36",93700
10750,-150,300,"sd","09:50:36",93300
10750,-150,1000,"sd","09:50:12",93000
10750,-150,100,"sd","09:49:14",92000
10750,-150,200,"bu","09:48:53",91900
10750,-150,2300,"bu","09:48:53",91700
10750,-150,6100,"bu","09:48:53",89400
10750,-150,300,"bu","09:48:12",83300
10750,-150,100,"sd","09:47:55",83000
10750,-150,500,"sd","09:47:55",82900
10750,-150,100,"sd","09:47:55",82400
10750,-150,1800,"sd","09:47:55",82300
10750,-150,4000,"sd","09:47:55",80500
10750,-150,500,"sd","09:47:55",76500
10750,-150,500,"sd","09:47:55",76000
10750,-150,500,"sd","09:47:55",75500
10750,-150,100,"sd","09:47:55",75000
10750,-150,400,"sd","09:47:15",74900
10750,-150,500,"sd","09:45:50",74500
10750,-150,400,"sd","09:45:50",74000
10750,-150,2600,"sd","09:44:03",73600
10750,-150,1000,"sd","09:44:00",71000
10750,-150,1000,"sd","09:44:00",70000
10750,-150,500,"sd","09:41:53",69000
10750,-150,1500,"sd","09:41:53",68500
10750,-150,1000,"sd","09:41:53",67000
10750,-150,1000,"sd","09:41:11",66000
10800,-100,100,"bu","09:38:43",65000
10800,-100,1000,"bu","09:37:47",64900
10800,-100,1000,"bu","09:37:29",63900
10800,-100,1000,"bu","09:36:36",62900
10800,-100,500,"bu","09:36:13",61900
10750,-150,1000,"sd","09:36:09",61400
10750,-150,2000,"sd","09:35:52",60400
10750,-150,1000,"sd","09:34:54",58400
10750,-150,1000,"sd","09:34:48",57400
10800,-100,2000,"bu","09:33:59",56400
10800,-100,500,"bu","09:33:19",54400
10800,-100,200,"bu","09:33:19",53900
10800,-100,100,"sd","09:33:00",53700
10800,-100,200,"sd","09:33:00",53600
10800,-100,1000,"sd","09:32:39",53400
10800,-100,3300,"sd","09:32:13",52400
10800,-100,5500,"sd","09:31:31",49100
10800,-100,2000,"bu","09:31:20",43600
10800,-100,500,"bu","09:30:51",41600
10800,-100,1000,"bu","09:30:50",41100
10800,-100,800,"sd","09:30:40",40100
10800,-100,200,"sd","09:30:40",39300
10800,-100,1500,"bu","09:30:30",39100
10800,-100,100,"bu","09:30:30",37600
10800,-100,400,"bu","09:30:30",37500
10800,-100,300,"bu","09:30:30",37100
10800,-100,5300,"bu","09:29:44",36800
10800,-100,2700,"bu","09:29:44",31500
10700,-200,2000,"sd","09:27:42",28800
10700,-200,4800,"sd","09:27:09",26800
10700,-200,1000,"sd","09:27:09",22000
10700,-200,4000,"sd","09:27:09",21000
10700,-200,200,"sd","09:27:09",17000
10800,-100,200,"bu","09:26:12",16800
10800,-100,500,"bu","09:24:12",16600
10800,-100,4000,"sd","09:24:09",16100
10800,-100,300,"bu","09:22:54",12100
10800,-100,500,"bu","09:22:54",11800
10800,-100,200,"bu","09:22:54",11300
10800,-100,300,"bu","09:22:01",11100
10850,-50,1000,"bu","09:19:00",10800
10800,-100,1000,"bu","09:16:47",9800
10700,-200,100,"bu","09:16:47",8800
10900,0,1700,"bu","09:16:47",8700
10900,0,200,"bu","09:16:47",7000
10850,-50,1000,"bu","09:16:47",6800
10850,-50,1000,"bu","09:16:47",5800
10800,-100,100,"bu","09:16:10",4800
10800,-100,100,"bu","09:16:10",4700
10600,-300,500,"sd","09:16:09",4600
10600,-300,1000,"sd","09:16:00",4100
10600,-300,3100,"sd","09:15:03",3100
