"price","change","match_qtty","side","time","total_vol"
2.82,0.01,25200,"unknown","14:45:01",1872300
2.81,0,1000,"sd","14:29:52",1847100
2.81,0,6000,"sd","14:29:19",1846100
2.81,0,2100,"sd","14:29:19",1840100
2.81,0,900,"sd","14:29:19",1838000
2.81,0,2200,"sd","14:28:47",1837100
2.81,0,1700,"sd","14:28:43",1834900
2.81,0,2000,"sd","14:28:33",1833200
2.82,0.01,100,"bu","14:28:17",1831200
2.81,0,10900,"sd","14:28:13",1831100
2.81,0,100,"sd","14:28:13",1820200
2.81,0,5000,"sd","14:28:13",1820100
2.81,0,4400,"sd","14:28:13",1815100
2.81,0,100,"sd","14:28:13",1810700
2.81,0,100,"sd","14:28:13",1810600
2.81,0,1000,"sd","14:28:13",1810500
2.81,0,1000,"sd","14:28:13",1809500
2.81,0,100,"sd","14:28:13",1808500
2.81,0,4000,"sd","14:28:13",1808400
2.81,0,2600,"sd","14:28:13",1804400
2.82,0.01,200,"bu","14:27:28",1801800
2.82,0.01,4100,"bu","14:26:41",1801600
2.82,0.01,2300,"bu","14:26:41",1797500
2.82,0.01,500,"bu","14:26:41",1795200
2.82,0.01,6000,"bu","14:26:41",1794700
2.82,0.01,1000,"bu","14:26:28",1788700
2.82,0.01,400,"sd","14:26:24",1787700
2.82,0.01,200,"sd","14:26:24",1787300
2.82,0.01,5100,"sd","14:26:24",1787100
2.82,0.01,4900,"sd","14:26:14",1782000
2.82,0.01,100,"sd","14:26:14",1777100
2.82,0.01,100,"sd","14:26:07",1777000
2.82,0.01,2200,"sd","14:26:07",1776900
2.82,0.01,100,"sd","14:26:01",1774700
2.82,0.01,100,"sd","14:25:24",1774600
2.82,0.01,100,"sd","14:25:02",1774500
2.82,0.01,5500,"sd","14:23:19",1774400
2.82,0.01,2900,"sd","14:23:02",1768900
2.82,0.01,2100,"sd","14:23:02",1766000
2.83,0.02,400,"bu","14:22:16",1763900
2.83,0.02,500,"bu","14:22:16",1763500
2.83,0.02,600,"bu","14:22:16",1763000
2.83,0.02,400,"bu","14:21:36",1762400
2.83,0.02,100,"bu","14:21:36",1762000
2.83,0.02,1000,"bu","14:21:36",1761900
2.83,0.02,1000,"bu","14:21:36",1760900
2.83,0.02,400,"bu","14:21:36",1759900
2.83,0.02,100,"bu","14:21:36",1759500
2.83,0.02,10000,"bu","14:21:36",1759400
2.83,0.02,300,"bu","14:21:36",1749400
2.83,0.02,1000,"bu","14:21:36",1749100
2.83,0.02,5700,"bu","14:21:36",1748100
2.82,0.01,200,"sd","14:21:29",1742400
2.82,0.01,1000,"sd","14:21:24",1742200
2.83,0.02,100,"bu","14:21:18",1741200
2.82,0.01,2200,"sd","14:20:42",1741100
2.82,0.01,8200,"bu","14:20:14",1738900
2.82,0.01,1000,"sd","14:20:06",1730700
2.82,0.01,100,"sd","14:20:06",1729700
2.82,0.01,700,"sd","14:20:06",1729600
2.82,0.01,1800,"bu","14:19:42",1728900
2.82,0.01,3500,"bu","14:19:42",1727100
2.82,0.01,4000,"bu","14:19:42",1723600
2.82,0.01,100,"bu","14:19:10",1719600
2.82,0.01,900,"bu","14:18:48",1719500
2.82,0.01,300,"bu","14:18:48",1718600
2.81,0,200,"sd","14:18:38",1718300
2.81,0,100,"sd","14:18:28",1718100
2.81,0,2100,"sd","14:17:42",1718000
2.81,0,1000,"sd","14:17:42",1715900
2.81,0,1000,"sd","14:17:42",1714900
2.81,0,200,"sd","14:17:42",1713900
2.81,0,700,"sd","14:17:42",1713700
2.81,0,1300,"sd","14:17:32",1713000
2.81,0,700,"sd","14:17:32",1711700
2.81,0,100,"sd","14:16:50",1711000
2.82,0.01,700,"bu","14:16:21",1710900
2.82,0.01,300,"bu","14:16:21",1710200
2.82,0.01,100,"bu","14:16:15",1709900
2.82,0.01,100,"bu","14:16:10",1709800
2.82,0.01,200,"bu","14:16:10",1709700
2.82,0.01,200,"bu","14:15:57",1709500
2.82,0.01,3600,"bu","14:14:51",1709300
2.82,0.01,100,"bu","14:14:51",1705700
2.82,0.01,300,"bu","14:14:51",1705600
2.81,0,200,"sd","14:14:25",1705300
2.81,0,200,"sd","14:14:25",1705100
2.81,0,100,"sd","14:14:25",1704900
2.81,0,1500,"sd","14:14:25",1704800
2.82,0.01,500,"bu","14:13:38",1703300
2.82,0.01,500,"bu","14:13:38",1702800
2.82,0.01,100,"sd","14:13:25",1702300
2.82,0.01,100,"sd","14:13:25",1702200
2.82,0.01,100,"sd","14:13:17",1702100
2.82,0.01,100,"sd","14:13:17",1702000
2.82,0.01,100,"sd","14:12:56",1701900
2.82,0.01,1000,"sd","14:12:56",1701800
2.82,0.01,1800,"sd","14:12:56",1700800
2.82,0.01,100,"sd","14:12:56",1699000
2.82,0.01,600,"sd","14:12:29",1698900
2.82,0.01,100,"sd","14:11:29",1698300
2.83,0.02,2200,"bu","14:11:06",1698200
2.83,0.02,800,"bu","14:11:06",1696000
2.82,0.01,4600,"sd","14:11:03",1695200
2.82,0.01,100,"sd","14:11:03",1690600
2.82,0.01,1000,"sd","14:11:03",1690500
2.82,0.01,30000,"sd","14:11:03",1689500
2.82,0.01,1000,"sd","14:10:58",1659500
2.82,0.01,15000,"sd","14:10:45",1658500
2.82,0.01,5000,"sd","14:10:42",1643500
2.83,0.02,5000,"bu","14:09:48",1638500
2.83,0.02,200,"bu","14:08:33",1633500
2.82,0.01,100,"sd","14:08:01",1633300
2.82,0.01,1000,"sd","14:07:54",1633200
2.83,0.02,100,"bu","14:06:03",1632200
2.82,0.01,100,"sd","14:05:55",1632100
2.83,0.02,100,"bu","14:05:23",1632000
2.83,0.02,100,"bu","14:05:12",1631900
2.82,0.01,2000,"sd","14:04:42",1631800
2.83,0.02,2600,"sd","14:03:31",1629800
2.83,0.02,1100,"sd","14:03:31",1627200
2.83,0.02,7100,"sd","14:03:25",1626100
2.83,0.02,4000,"sd","14:03:25",1619000
2.83,0.02,8900,"sd","14:03:25",1615000
2.83,0.02,100,"sd","14:03:17",1606100
2.83,0.02,100,"sd","14:03:00",1606000
2.83,0.02,700,"sd","14:02:35",1605900
2.83,0.02,4000,"sd","14:02:35",1605200
2.83,0.02,200,"sd","14:00:52",1601200
2.83,0.02,1000,"sd","14:00:43",1601000
2.83,0.02,100,"sd","14:00:13",1600000
2.83,0.02,4900,"sd","14:00:11",1599900
2.84,0.03,200,"bu","14:00:01",1595000
2.84,0.03,5800,"bu","13:59:48",1594800
2.83,0.02,1000,"bu","13:59:48",1589000
2.83,0.02,200,"bu","13:59:48",1588000
2.83,0.02,1800,"sd","13:59:41",1587800
2.83,0.02,300,"sd","13:59:36",1586000
2.83,0.02,700,"sd","13:59:36",1585700
2.83,0.02,600,"sd","13:59:13",1585000
2.83,0.02,400,"sd","13:59:13",1584400
2.83,0.02,2300,"bu","13:58:30",1584000
2.83,0.02,500,"bu","13:58:30",1581700
2.83,0.02,500,"bu","13:58:30",1581200
2.83,0.02,100,"bu","13:58:30",1580700
2.83,0.02,9700,"bu","13:58:30",1580600
2.83,0.02,2800,"bu","13:58:25",1570900
2.83,0.02,5000,"bu","13:58:07",1568100
2.83,0.02,1000,"bu","13:57:54",1563100
2.82,0.01,4200,"sd","13:57:23",1562100
2.82,0.01,800,"sd","13:57:23",1557900
2.83,0.02,30500,"sd","13:57:12",1557100
2.83,0.02,1000,"sd","13:57:12",1526600
2.83,0.02,100,"sd","13:56:56",1525600
2.83,0.02,100,"sd","13:56:56",1525500
2.83,0.02,2900,"sd","13:56:42",1525400
2.83,0.02,100,"sd","13:56:42",1522500
2.83,0.02,100,"sd","13:55:14",1522400
2.83,0.02,1600,"sd","13:54:59",1522300
2.83,0.02,1000,"sd","13:54:59",1520700
2.83,0.02,400,"sd","13:54:59",1519700
2.84,0.03,100,"bu","13:54:39",1519300
2.84,0.03,1000,"bu","13:54:20",1519200
2.84,0.03,100,"bu","13:53:28",1518200
2.83,0.02,4000,"sd","13:53:20",1518100
2.83,0.02,1300,"bu","13:53:19",1514100
2.83,0.02,7500,"sd","13:53:15",1512800
2.83,0.02,100,"sd","13:53:05",1505300
2.83,0.02,2000,"bu","13:52:45",1505200
2.83,0.02,1000,"bu","13:52:45",1503200
2.83,0.02,300,"bu","13:52:45",1502200
2.83,0.02,1200,"bu","13:52:45",1501900
2.83,0.02,5000,"bu","13:52:45",1500700
2.83,0.02,300,"bu","13:52:45",1495700
2.83,0.02,2500,"bu","13:52:45",1495400
2.83,0.02,100,"bu","13:52:45",1492900
2.82,0.01,200,"sd","13:52:28",1492800
2.82,0.01,100,"sd","13:52:05",1492600
2.82,0.01,300,"sd","13:51:36",1492500
2.82,0.01,100,"sd","13:51:19",1492200
2.82,0.01,300,"sd","13:51:19",1492100
2.82,0.01,700,"bu","13:49:42",1491800
2.82,0.01,300,"bu","13:49:23",1491100
2.82,0.01,200,"bu","13:49:23",1490800
2.82,0.01,700,"bu","13:49:23",1490600
2.82,0.01,100,"bu","13:49:14",1489900
2.82,0.01,200,"bu","13:48:47",1489800
2.82,0.01,9000,"sd","13:48:01",1489600
2.82,0.01,1200,"sd","13:47:26",1480600
2.82,0.01,2400,"sd","13:47:06",1479400
2.82,0.01,100,"sd","13:46:10",1477000
2.82,0.01,300,"bu","13:46:02",1476900
2.82,0.01,400,"bu","13:46:02",1476600
2.82,0.01,7000,"bu","13:46:02",1476200
2.82,0.01,2000,"bu","13:46:02",1469200
2.82,0.01,100,"bu","13:46:02",1467200
2.82,0.01,15200,"bu","13:46:02",1467100
2.81,0,500,"sd","13:45:16",1451900
2.81,0,100,"sd","13:45:16",1451400
2.81,0,100,"sd","13:45:06",1451300
2.81,0,300,"sd","13:45:06",1451200
2.81,0,1000,"sd","13:45:05",1450900
2.81,0,200,"sd","13:45:05",1449900
2.81,0,400,"sd","13:45:05",1449700
2.81,0,200,"bu","13:43:50",1449300
2.81,0,200,"bu","13:43:50",1449100
2.81,0,200,"bu","13:43:50",1448900
2.81,0,200,"sd","13:43:05",1448700
2.81,0,200,"sd","13:43:05",1448500
2.81,0,1000,"sd","13:43:05",1448300
2.81,0,3400,"sd","13:43:05",1447300
2.81,0,300,"sd","13:43:04",1443900
2.81,0,400,"sd","13:42:12",1443600
2.82,0.01,100,"bu","13:42:11",1443200
2.8,-0.01,400,"sd","13:41:50",1443100
2.81,0,400,"sd","13:41:50",1442700
2.81,0,200,"sd","13:41:50",1442300
2.81,0,800,"bu","13:41:21",1442100
2.81,0,300,"bu","13:40:57",1441300
2.81,0,300,"bu","13:40:38",1441000
2.81,0,100,"bu","13:40:38",1440700
2.81,0,200,"bu","13:40:37",1440600
2.81,0,100,"bu","13:40:37",1440400
2.8,-0.01,400,"sd","13:40:18",1440300
2.8,-0.01,500,"sd","13:40:18",1439900
2.8,-0.01,100,"sd","13:40:18",1439400
2.8,-0.01,1900,"sd","13:38:49",1439300
2.8,-0.01,900,"sd","13:38:34",1437400
2.81,0,1000,"sd","13:38:27",1436500
2.81,0,500,"sd","13:38:27",1435500
2.81,0,1000,"sd","13:38:05",1435000
2.81,0,2000,"sd","13:37:32",1434000
2.81,0,1500,"sd","13:37:11",1432000
2.81,0,700,"sd","13:37:03",1430500
2.81,0,2000,"sd","13:37:03",1429800
2.81,0,100,"sd","13:37:03",1427800
2.81,0,100,"sd","13:37:03",1427700
2.81,0,100,"sd","13:37:03",1427600
2.81,0,300,"sd","13:36:58",1427500
2.81,0,200,"sd","13:36:58",1427200
2.81,0,2200,"sd","13:36:46",1427000
2.81,0,2600,"sd","13:36:18",1424800
2.81,0,2400,"sd","13:36:18",1422200
2.81,0,2000,"sd","13:35:49",1419800
2.81,0,3500,"sd","13:35:37",1417800
2.81,0,100,"sd","13:35:16",1414300
2.81,0,3000,"sd","13:32:30",1414200
2.81,0,200,"sd","13:32:07",1411200
2.81,0,2600,"sd","13:31:39",1411000
2.81,0,100,"sd","13:30:19",1408400
2.82,0.01,300,"bu","13:29:51",1408300
2.82,0.01,200,"bu","13:29:39",1408000
2.81,0,100,"sd","13:29:20",1407800
2.81,0,1000,"sd","13:28:48",1407700
2.81,0,6000,"bu","13:28:45",1406700
2.81,0,100,"bu","13:28:41",1400700
2.81,0,500,"sd","13:28:23",1400600
2.81,0,500,"sd","13:28:23",1400100
2.81,0,100,"sd","13:28:23",1399600
2.81,0,300,"sd","13:28:23",1399500
2.81,0,100,"sd","13:28:23",1399200
2.81,0,5000,"sd","13:28:23",1399100
2.81,0,100,"sd","13:28:23",1394100
2.81,0,4000,"sd","13:28:23",1394000
2.81,0,5000,"sd","13:28:23",1390000
2.81,0,600,"sd","13:28:23",1385000
2.81,0,3200,"sd","13:28:23",1384400
2.81,0,1000,"sd","13:27:37",1381200
2.82,0.01,500,"bu","13:27:14",1380200
2.82,0.01,500,"bu","13:27:14",1379700
2.82,0.01,200,"bu","13:26:16",1379200
2.81,0,600,"sd","13:24:32",1379000
2.81,0,200,"sd","13:23:50",1378400
2.81,0,100,"sd","13:23:50",1378200
2.81,0,4000,"sd","13:23:50",1378100
2.82,0.01,200,"bu","13:23:37",1374100
2.82,0.01,100,"bu","13:23:37",1373900
2.82,0.01,100,"bu","13:23:37",1373800
2.82,0.01,200,"bu","13:23:32",1373700
2.82,0.01,1000,"bu","13:23:05",1373500
2.82,0.01,1000,"bu","13:23:02",1372500
2.82,0.01,100,"sd","13:22:54",1371500
2.82,0.01,600,"sd","13:22:54",1371400
2.82,0.01,500,"sd","13:22:54",1370800
2.82,0.01,300,"sd","13:22:26",1370300
2.81,0,200,"sd","13:21:14",1370000
2.81,0,100,"sd","13:21:14",1369800
2.82,0.01,100,"sd","13:21:14",1369700
2.84,0.03,12400,"sd","13:21:10",1369600
2.84,0.03,5000,"sd","13:21:10",1357200
2.84,0.03,21000,"sd","13:21:09",1352200
2.84,0.03,5000,"sd","13:21:02",1331200
2.84,0.03,1000,"sd","13:20:38",1326200
2.84,0.03,10000,"sd","13:20:31",1325200
2.84,0.03,100,"sd","13:20:29",1315200
2.84,0.03,2000,"sd","13:20:25",1315100
2.84,0.03,1000,"sd","13:20:25",1313100
2.84,0.03,500,"sd","13:20:22",1312100
2.84,0.03,5000,"sd","13:20:02",1311600
2.84,0.03,400,"sd","13:19:59",1306600
2.84,0.03,100,"sd","13:19:38",1306200
2.84,0.03,5000,"sd","13:19:33",1306100
2.84,0.03,500,"sd","13:19:29",1301100
2.84,0.03,100,"sd","13:19:26",1300600
2.84,0.03,100,"bu","13:19:08",1300500
2.84,0.03,40000,"bu","13:19:08",1300400
2.84,0.03,5000,"bu","13:19:08",1260400
2.84,0.03,500,"bu","13:19:08",1255400
2.84,0.03,500,"bu","13:19:08",1254900
2.84,0.03,10000,"bu","13:19:08",1254400
2.84,0.03,100,"bu","13:19:08",1244400
2.84,0.03,1000,"bu","13:19:08",1244300
2.84,0.03,2000,"bu","13:19:08",1243300
2.84,0.03,1000,"bu","13:19:08",1241300
2.84,0.03,2000,"bu","13:19:08",1240300
2.84,0.03,2000,"bu","13:19:08",1238300
2.84,0.03,5000,"bu","13:19:08",1236300
2.83,0.02,1000,"bu","13:19:08",1231300
2.84,0.03,3000,"bu","13:19:08",1230300
2.83,0.02,10000,"bu","13:19:08",1227300
2.84,0.03,100,"bu","13:19:08",1217300
2.83,0.02,2000,"bu","13:19:08",1217200
2.84,0.03,600,"bu","13:19:08",1215200
2.83,0.02,100,"bu","13:19:08",1214600
2.84,0.03,10000,"bu","13:19:08",1214500
2.84,0.03,500,"bu","13:19:08",1204500
2.83,0.02,100,"bu","13:19:08",1204000
2.84,0.03,1300,"bu","13:19:08",1203900
2.83,0.02,9700,"bu","13:19:08",1202600
2.83,0.02,10000,"bu","13:19:08",1192900
2.82,0.01,100,"bu","13:19:08",1182900
2.82,0.01,2000,"bu","13:19:08",1182800
2.83,0.02,6000,"bu","13:19:08",1180800
2.82,0.01,2000,"bu","13:19:08",1174800
2.83,0.02,100,"bu","13:19:08",1172800
2.82,0.01,3100,"bu","13:19:08",1172700
2.82,0.01,2200,"bu","13:18:04",1169600
2.82,0.01,1000,"bu","13:18:04",1167400
2.82,0.01,100,"bu","13:18:04",1166400
2.82,0.01,7300,"bu","13:18:04",1166300
2.82,0.01,8000,"bu","13:18:04",1159000
2.82,0.01,5000,"bu","13:18:04",1151000
2.82,0.01,2000,"bu","13:18:04",1146000
2.82,0.01,600,"bu","13:18:04",1144000
2.82,0.01,6000,"bu","13:18:04",1143400
2.81,0,200,"sd","13:17:27",1137400
2.81,0,2100,"bu","13:16:43",1137200
2.81,0,2900,"bu","13:16:43",1135100
2.81,0,100,"bu","13:16:27",1132200
2.8,-0.01,200,"bu","13:15:51",1132100
2.8,-0.01,2000,"bu","13:15:51",1131900
2.8,-0.01,100,"bu","13:15:07",1129900
2.8,-0.01,1000,"sd","13:14:42",1129800
2.8,-0.01,20000,"sd","13:14:42",1128800
2.81,0,100,"bu","13:14:40",1108800
2.81,0,100,"sd","13:14:25",1108700
2.81,0,700,"sd","13:14:25",1108600
2.81,0,200,"sd","13:14:10",1107900
2.81,0,100,"sd","13:13:36",1107700
2.81,0,300,"bu","13:13:04",1107600
2.81,0,200,"bu","13:12:49",1107300
2.79,-0.02,1900,"sd","13:12:16",1107100
2.79,-0.02,300,"sd","13:12:16",1105200
2.79,-0.02,100,"sd","13:12:16",1104900
2.79,-0.02,100,"sd","13:12:16",1104800
2.8,-0.01,100,"sd","13:12:16",1104700
2.8,-0.01,1000,"sd","13:12:16",1104600
2.8,-0.01,200,"sd","13:12:16",1103600
2.8,-0.01,100,"sd","13:12:16",1103400
2.8,-0.01,2800,"sd","13:12:16",1103300
2.8,-0.01,100,"sd","13:12:16",1100500
2.8,-0.01,200,"sd","13:12:16",1100400
2.8,-0.01,200,"sd","13:12:16",1100200
2.8,-0.01,100,"sd","13:12:16",1100000
2.8,-0.01,300,"sd","13:12:16",1099900
2.8,-0.01,400,"sd","13:12:16",1099600
2.8,-0.01,100,"sd","13:12:16",1099200
2.8,-0.01,500,"sd","13:12:16",1099100
2.81,0,200,"bu","13:11:43",1098600
2.81,0,2000,"bu","13:11:41",1098400
2.81,0,200,"bu","13:11:36",1096400
2.81,0,200,"bu","13:11:32",1096200
2.81,0,1900,"sd","13:11:24",1096000
2.81,0,1000,"sd","13:11:05",1094100
2.81,0,2900,"bu","13:10:37",1093100
2.81,0,200,"bu","13:10:37",1090200
2.81,0,100,"bu","13:10:37",1090000
2.81,0,500,"bu","13:10:37",1089900
2.81,0,5000,"bu","13:10:37",1089400
2.81,0,100,"bu","13:10:37",1084400
2.81,0,1400,"bu","13:10:37",1084300
2.8,-0.01,600,"bu","13:06:10",1082900
2.8,-0.01,500,"bu","13:05:33",1082300
2.8,-0.01,800,"sd","13:05:33",1081800
2.8,-0.01,500,"sd","13:05:33",1081000
2.8,-0.01,1300,"sd","13:05:33",1080500
2.8,-0.01,100,"sd","13:05:33",1079200
2.8,-0.01,100,"sd","13:05:33",1079100
2.8,-0.01,200,"sd","13:05:33",1079000
2.8,-0.01,200,"sd","13:05:33",1078800
2.8,-0.01,500,"sd","13:05:33",1078600
2.8,-0.01,200,"sd","13:05:33",1078100
2.8,-0.01,500,"sd","13:04:10",1077900
2.8,-0.01,1000,"sd","13:04:10",1077400
2.8,-0.01,3000,"sd","13:04:10",1076400
2.8,-0.01,200,"sd","13:04:10",1073400
2.8,-0.01,5000,"sd","13:04:10",1073200
2.8,-0.01,300,"sd","13:04:10",1068200
2.8,-0.01,2500,"sd","13:04:10",1067900
2.8,-0.01,500,"sd","13:04:10",1065400
2.8,-0.01,100,"sd","13:04:10",1064900
2.8,-0.01,1100,"sd","13:04:10",1064800
2.8,-0.01,2000,"sd","13:04:10",1063700
2.8,-0.01,100,"sd","13:04:10",1061700
2.8,-0.01,200,"sd","13:04:10",1061600
2.8,-0.01,30200,"sd","13:04:10",1061400
2.8,-0.01,100,"sd","13:04:10",1031200
2.8,-0.01,2000,"sd","13:04:10",1031100
2.8,-0.01,100,"sd","13:04:10",1029100
2.8,-0.01,1500,"sd","13:04:10",1029000
2.8,-0.01,1800,"sd","13:03:08",1027500
2.8,-0.01,100,"sd","13:03:08",1025700
2.8,-0.01,100,"sd","13:03:08",1025600
2.8,-0.01,10000,"sd","13:03:08",1025500
2.8,-0.01,5000,"sd","13:03:08",1015500
2.8,-0.01,4000,"sd","13:03:08",1010500
2.8,-0.01,1000,"sd","13:03:03",1006500
2.8,-0.01,200,"sd","13:02:48",1005500
2.8,-0.01,300,"sd","13:02:45",1005300
2.8,-0.01,1000,"sd","13:02:14",1005000
2.8,-0.01,200,"sd","13:02:05",1004000
2.8,-0.01,3300,"sd","13:01:49",1003800
2.8,-0.01,3000,"sd","13:01:49",1000500
2.8,-0.01,2000,"sd","13:01:49",997500
2.8,-0.01,400,"sd","13:01:49",995500
2.8,-0.01,500,"sd","13:01:49",995100
2.8,-0.01,2100,"sd","13:01:49",994600
2.8,-0.01,1100,"sd","13:01:49",992500
2.8,-0.01,1000,"sd","13:01:49",991400
2.8,-0.01,100,"sd","13:01:49",990400
2.8,-0.01,1000,"sd","13:01:49",990300
2.8,-0.01,300,"sd","13:01:49",989300
2.8,-0.01,2000,"sd","13:01:49",989000
2.8,-0.01,500,"sd","13:01:49",987000
2.8,-0.01,100,"sd","13:01:49",986500
2.8,-0.01,500,"sd","13:01:49",986400
2.8,-0.01,100,"sd","13:01:49",985900
2.8,-0.01,100,"sd","13:01:49",985800
2.8,-0.01,200,"sd","13:01:49",985700
2.8,-0.01,1200,"sd","13:01:49",985500
2.8,-0.01,200,"sd","13:01:49",984300
2.8,-0.01,500,"sd","13:01:49",984100
2.8,-0.01,500,"sd","13:01:49",983600
2.8,-0.01,100,"sd","13:01:49",983100
2.8,-0.01,5000,"sd","13:01:49",983000
2.8,-0.01,200,"sd","13:01:49",978000
2.8,-0.01,200,"sd","13:01:49",977800
2.8,-0.01,100,"sd","13:01:49",977600
2.8,-0.01,1000,"sd","13:01:49",977500
2.8,-0.01,500,"sd","13:01:49",976500
2.8,-0.01,2000,"sd","13:01:49",976000
2.8,-0.01,200,"sd","13:01:49",974000
2.81,0,100,"bu","13:01:25",973800
2.81,0,5000,"bu","13:00:16",973700
2.8,-0.01,100,"sd","13:00:14",968700
2.8,-0.01,1700,"sd","13:00:10",968600
2.8,-0.01,300,"sd","13:00:10",966900
2.8,-0.01,700,"sd","13:00:10",966600
2.8,-0.01,100,"sd","13:00:10",965900
2.8,-0.01,300,"sd","13:00:10",965800
2.8,-0.01,1000,"sd","13:00:10",965500
2.8,-0.01,600,"sd","13:00:09",964500
2.8,-0.01,700,"sd","13:00:09",963900
2.81,0,100,"bu","13:00:09",963200
2.81,0,700,"bu","13:00:09",963100
2.81,0,200,"bu","13:00:09",962400
2.81,0,100,"bu","13:00:09",962200
2.81,0,100,"bu","13:00:08",962100
2.81,0,100,"bu","13:00:08",962000
2.81,0,4200,"bu","13:00:08",961900
2.81,0,500,"bu","13:00:07",957700
2.81,0,2300,"bu","13:00:04",957200
2.81,0,300,"bu","13:00:03",954900
2.81,0,100,"bu","13:00:03",954600
2.81,0,1000,"sd","13:00:02",954500
2.81,0,400,"sd","13:00:01",953500
2.81,0,1600,"sd","11:30:00",953100
2.81,0,300,"sd","11:30:00",951500
2.81,0,1000,"sd","11:30:00",951200
2.81,0,500,"sd","11:30:00",950200
2.81,0,600,"sd","11:30:00",949700
2.81,0,1400,"sd","11:30:00",949100
2.81,0,1000,"sd","11:30:00",947700
2.81,0,2800,"sd","11:30:00",946700
2.81,0,200,"sd","11:30:00",943900
2.81,0,800,"sd","11:30:00",943700
2.81,0,300,"sd","11:30:00",942900
2.81,0,4200,"sd","11:30:00",942600
2.81,0,200,"sd","11:30:00",938400
2.81,0,4400,"sd","11:30:00",938200
2.81,0,5000,"sd","11:28:24",933800
2.81,0,1000,"sd","11:25:13",928800
2.81,0,1100,"sd","11:24:47",927800
2.81,0,2600,"sd","11:24:45",926700
2.82,0.01,300,"bu","11:24:34",924100
2.82,0.01,100,"bu","11:24:15",923800
2.82,0.01,200,"bu","11:23:40",923700
2.81,0,4500,"sd","11:23:14",923500
2.81,0,1400,"sd","11:22:20",919000
2.81,0,1000,"sd","11:22:20",917600
2.81,0,300,"sd","11:22:20",916600
2.81,0,300,"sd","11:22:20",916300
2.82,0.01,100,"bu","11:21:39",916000
2.81,0,500,"sd","11:20:48",915900
2.81,0,100,"sd","11:20:10",915400
2.81,0,1100,"sd","11:19:56",915300
2.81,0,1000,"sd","11:19:56",914200
2.81,0,1900,"sd","11:19:56",913200
2.81,0,100,"sd","11:19:30",911300
2.81,0,100,"sd","11:19:30",911200
2.82,0.01,100,"sd","11:19:02",911100
2.82,0.01,900,"sd","11:19:02",911000
2.82,0.01,1000,"sd","11:19:02",910100
2.82,0.01,1300,"sd","11:19:02",909100
2.82,0.01,100,"sd","11:17:41",907800
2.82,0.01,800,"sd","11:17:41",907700
2.82,0.01,200,"sd","11:17:17",906900
2.82,0.01,300,"sd","11:17:17",906700
2.83,0.02,100,"bu","11:16:59",906400
2.82,0.01,4800,"sd","11:16:24",906300
2.82,0.01,4900,"sd","11:16:11",901500
2.82,0.01,100,"sd","11:16:11",896600
2.82,0.01,100,"sd","11:15:56",896500
2.82,0.01,300,"sd","11:15:56",896400
2.82,0.01,200,"sd","11:15:56",896100
2.82,0.01,100,"sd","11:14:11",895900
2.82,0.01,100,"sd","11:14:11",895800
2.82,0.01,100,"sd","11:12:02",895700
2.82,0.01,100,"sd","11:09:50",895600
2.82,0.01,4700,"sd","11:09:03",895500
2.82,0.01,100,"sd","11:09:03",890800
2.82,0.01,500,"sd","11:09:03",890700
2.83,0.02,100,"bu","11:08:52",890200
2.83,0.02,100,"sd","11:08:38",890100
2.83,0.02,32000,"sd","11:07:49",890000
2.84,0.03,600,"bu","11:07:45",858000
2.84,0.03,100,"bu","11:06:08",857400
2.83,0.02,500,"sd","11:05:52",857300
2.83,0.02,200,"bu","11:04:46",856800
2.83,0.02,500,"bu","11:04:46",856600
2.83,0.02,6100,"bu","11:04:46",856100
2.83,0.02,500,"bu","11:04:46",850000
2.83,0.02,200,"bu","11:04:46",849500
2.83,0.02,100,"bu","11:04:46",849300
2.83,0.02,2600,"bu","11:04:46",849200
2.83,0.02,2000,"bu","11:04:46",846600
2.83,0.02,100,"bu","11:04:46",844600
2.83,0.02,500,"bu","11:04:46",844500
2.83,0.02,200,"bu","11:04:46",844000
2.83,0.02,5000,"bu","11:04:46",843800
2.83,0.02,200,"bu","11:04:46",838800
2.83,0.02,500,"bu","11:04:46",838600
2.83,0.02,500,"bu","11:04:46",838100
2.83,0.02,5000,"bu","11:04:46",837600
2.83,0.02,400,"bu","11:04:46",832600
2.83,0.02,300,"bu","11:04:46",832200
2.83,0.02,100,"bu","11:04:46",831900
2.83,0.02,5500,"bu","11:04:46",831800
2.83,0.02,1100,"bu","11:04:46",826300
2.82,0.01,2100,"bu","11:04:06",825200
2.82,0.01,300,"bu","11:03:20",823100
2.82,0.01,1000,"sd","11:03:20",822800
2.82,0.01,600,"sd","11:03:20",821800
2.82,0.01,6000,"sd","11:03:20",821200
2.82,0.01,1000,"bu","11:03:12",815200
2.82,0.01,300,"bu","11:03:08",814200
2.82,0.01,2700,"bu","11:03:08",813900
2.82,0.01,4300,"bu","11:02:54",811200
2.82,0.01,1500,"bu","11:02:54",806900
2.82,0.01,20000,"bu","11:02:54",805400
2.82,0.01,4200,"bu","11:02:54",785400
2.82,0.01,3800,"bu","11:02:42",781200
2.82,0.01,1200,"bu","11:02:42",777400
2.82,0.01,100,"bu","11:02:41",776200
2.81,0,500,"sd","11:01:38",776100
2.81,0,700,"sd","11:00:13",775600
2.81,0,14500,"sd","10:59:30",774900
2.81,0,400,"sd","10:59:30",760400
2.81,0,300,"sd","10:59:30",760000
2.81,0,1000,"sd","10:59:30",759700
2.81,0,3000,"sd","10:59:30",758700
2.81,0,1000,"sd","10:59:30",755700
2.81,0,9800,"sd","10:59:30",754700
2.82,0.01,100,"bu","10:59:23",744900
2.81,0,700,"sd","10:58:44",744800
2.81,0,700,"sd","10:58:44",744100
2.81,0,100,"sd","10:57:30",743400
2.81,0,100,"sd","10:56:10",743300
2.81,0,1200,"sd","10:56:04",743200
2.81,0,1000,"sd","10:55:22",742000
2.82,0.01,4600,"sd","10:53:24",741000
2.82,0.01,300,"sd","10:53:24",736400
2.82,0.01,500,"sd","10:53:24",736100
2.82,0.01,400,"sd","10:53:24",735600
2.82,0.01,1000,"sd","10:53:24",735200
2.82,0.01,500,"sd","10:53:24",734200
2.82,0.01,1000,"sd","10:53:24",733700
2.82,0.01,300,"sd","10:53:24",732700
2.82,0.01,9000,"sd","10:51:57",732400
2.82,0.01,500,"sd","10:51:28",723400
2.82,0.01,300,"sd","10:50:15",722900
2.83,0.02,100,"bu","10:50:00",722600
2.82,0.01,2000,"bu","10:49:38",722500
2.82,0.01,7900,"bu","10:49:38",720500
2.82,0.01,2100,"bu","10:49:34",712600
2.82,0.01,2000,"bu","10:49:34",710500
2.82,0.01,100,"bu","10:49:34",708500
2.82,0.01,800,"bu","10:49:34",708400
2.82,0.01,300,"bu","10:49:10",707600
2.82,0.01,700,"bu","10:49:10",707300
2.82,0.01,100,"bu","10:49:10",706600
2.82,0.01,700,"bu","10:49:10",706500
2.82,0.01,1500,"bu","10:49:10",705800
2.81,0,100,"sd","10:48:09",704300
2.82,0.01,1000,"bu","10:47:38",704200
2.82,0.01,1000,"bu","10:47:38",703200
2.82,0.01,1000,"bu","10:47:38",702200
2.82,0.01,500,"bu","10:47:05",701200
2.82,0.01,2500,"bu","10:47:05",700700
2.82,0.01,3000,"bu","10:46:37",698200
2.82,0.01,500,"bu","10:46:05",695200
2.82,0.01,1000,"bu","10:45:27",694700
2.82,0.01,3000,"bu","10:45:02",693700
2.82,0.01,500,"bu","10:43:51",690700
2.82,0.01,1400,"bu","10:43:39",690200
2.82,0.01,400,"bu","10:43:39",688800
2.82,0.01,3200,"bu","10:43:39",688400
2.82,0.01,6800,"bu","10:42:42",685200
2.82,0.01,100,"bu","10:42:42",678400
2.82,0.01,500,"bu","10:42:42",678300
2.81,0,400,"sd","10:42:32",677800
2.81,0,1400,"sd","10:42:10",677400
2.81,0,900,"sd","10:42:10",676000
2.81,0,500,"sd","10:42:10",675100
2.81,0,500,"sd","10:42:10",674600
2.81,0,1000,"sd","10:42:10",674100
2.81,0,1000,"sd","10:42:10",673100
2.81,0,2000,"sd","10:42:10",672100
2.81,0,600,"sd","10:42:10",670100
2.81,0,400,"sd","10:42:10",669500
2.81,0,1700,"sd","10:42:10",669100
2.81,0,300,"sd","10:40:59",667400
2.81,0,2000,"sd","10:40:59",667100
2.81,0,1000,"sd","10:40:59",665100
2.81,0,1700,"sd","10:40:59",664100
2.82,0.01,1500,"bu","10:40:33",662400
2.82,0.01,500,"bu","10:40:33",660900
2.82,0.01,500,"bu","10:40:10",660400
2.81,0,400,"sd","10:39:44",659900
2.81,0,2900,"sd","10:39:31",659500
2.81,0,2600,"sd","10:39:31",656600
2.81,0,1100,"sd","10:39:10",654000
2.81,0,2300,"sd","10:38:23",652900
2.81,0,5000,"sd","10:38:23",650600
2.81,0,200,"sd","10:38:23",645600
2.81,0,2000,"sd","10:38:23",645400
2.81,0,200,"sd","10:37:14",643400
2.81,0,100,"sd","10:37:14",643200
2.82,0.01,100,"bu","10:37:10",643100
2.82,0.01,3000,"bu","10:37:10",643000
2.82,0.01,6900,"bu","10:37:10",640000
2.82,0.01,1000,"bu","10:37:07",633100
2.82,0.01,200,"bu","10:37:02",632100
2.82,0.01,1900,"bu","10:36:32",631900
2.82,0.01,100,"bu","10:36:32",630000
2.82,0.01,100,"bu","10:36:16",629900
2.82,0.01,100,"bu","10:35:10",629800
2.81,0,100,"sd","10:34:48",629700
2.81,0,700,"sd","10:34:32",629600
2.82,0.01,200,"bu","10:34:24",628900
2.81,0,200,"sd","10:34:08",628700
2.82,0.01,200,"bu","10:31:51",628500
2.81,0,500,"sd","10:31:38",628300
2.81,0,500,"sd","10:28:47",627800
2.81,0,2000,"sd","10:28:47",627300
2.81,0,1000,"sd","10:28:47",625300
2.81,0,6500,"sd","10:28:47",624300
2.81,0,400,"sd","10:28:21",617800
2.82,0.01,1300,"bu","10:26:57",617400
2.82,0.01,100,"bu","10:26:25",616100
2.82,0.01,100,"bu","10:23:05",616000
2.82,0.01,500,"bu","10:23:05",615900
2.82,0.01,1900,"sd","10:22:25",615400
2.82,0.01,100,"bu","10:22:07",613500
2.82,0.01,1000,"bu","10:21:42",613400
2.82,0.01,100,"bu","10:21:42",612400
2.82,0.01,300,"bu","10:21:42",612300
2.82,0.01,100,"bu","10:21:42",612000
2.82,0.01,100,"bu","10:21:17",611900
2.82,0.01,100,"bu","10:21:17",611800
2.82,0.01,200,"bu","10:20:46",611700
2.81,0,100,"bu","10:19:43",611500
2.81,0,400,"bu","10:19:33",611400
2.81,0,2100,"bu","10:19:33",611000
2.81,0,900,"bu","10:18:57",608900
2.81,0,3000,"bu","10:18:44",608000
2.81,0,300,"bu","10:18:44",605000
2.81,0,2700,"bu","10:18:44",604700
2.81,0,1000,"bu","10:18:39",602000
2.81,0,1300,"bu","10:18:32",601000
2.81,0,9500,"bu","10:18:32",599700
2.81,0,10500,"bu","10:18:23",590200
2.81,0,400,"bu","10:18:23",579700
2.81,0,9100,"bu","10:17:33",579300
2.8,-0.01,1300,"sd","10:17:26",570200
2.8,-0.01,100,"sd","10:17:26",568900
2.8,-0.01,200,"sd","10:17:26",568800
2.8,-0.01,8400,"sd","10:17:26",568600
2.81,0,100,"bu","10:17:03",560200
2.8,-0.01,1200,"sd","10:16:20",560100
2.8,-0.01,5300,"sd","10:16:07",558900
2.8,-0.01,3000,"sd","10:16:07",553600
2.8,-0.01,5000,"sd","10:16:07",550600
2.8,-0.01,100,"sd","10:16:07",545600
2.8,-0.01,5000,"sd","10:16:07",545500
2.8,-0.01,200,"sd","10:16:07",540500
2.8,-0.01,400,"sd","10:16:07",540300
2.8,-0.01,500,"sd","10:16:07",539900
2.8,-0.01,100,"sd","10:16:07",539400
2.8,-0.01,100,"sd","10:16:07",539300
2.8,-0.01,300,"sd","10:16:07",539200
2.81,0,100,"bu","10:15:51",538900
2.8,-0.01,30000,"sd","10:14:04",538800
2.8,-0.01,4600,"sd","10:13:56",508800
2.8,-0.01,500,"sd","10:12:47",504200
2.8,-0.01,200,"sd","10:12:45",503700
2.8,-0.01,1300,"sd","10:11:48",503500
2.81,0,100,"bu","10:11:40",502200
2.8,-0.01,13400,"sd","10:11:14",502100
2.8,-0.01,7500,"sd","10:11:14",488700
2.8,-0.01,12500,"sd","10:11:08",481200
2.8,-0.01,10000,"sd","10:11:08",468700
2.8,-0.01,6000,"sd","10:11:08",458700
2.8,-0.01,500,"sd","10:11:08",452700
2.8,-0.01,1000,"sd","10:11:08",452200
2.8,-0.01,300,"sd","10:11:08",451200
2.8,-0.01,100,"sd","10:11:08",450900
2.8,-0.01,400,"sd","10:11:08",450800
2.8,-0.01,1000,"sd","10:11:08",450400
2.8,-0.01,10000,"sd","10:11:08",449400
2.8,-0.01,16200,"sd","10:11:08",439400
2.8,-0.01,23800,"sd","10:10:45",423200
2.8,-0.01,100,"sd","10:10:45",399400
2.8,-0.01,100,"sd","10:10:45",399300
2.81,0,2000,"bu","10:10:31",399200
2.81,0,100,"bu","10:10:01",397200
2.8,-0.01,3000,"sd","10:10:01",397100
2.8,-0.01,500,"sd","10:10:01",394100
2.8,-0.01,200,"sd","10:10:01",393600
2.8,-0.01,5000,"sd","10:10:01",393400
2.8,-0.01,1000,"sd","10:10:01",388400
2.8,-0.01,200,"sd","10:10:01",387400
2.8,-0.01,500,"sd","10:10:01",387200
2.8,-0.01,500,"sd","10:10:01",386700
2.8,-0.01,200,"sd","10:10:01",386200
2.8,-0.01,1000,"sd","10:10:01",386000
2.8,-0.01,1000,"sd","10:10:01",385000
2.8,-0.01,500,"sd","10:10:01",384000
2.8,-0.01,200,"sd","10:10:01",383500
2.8,-0.01,500,"sd","10:10:01",383300
2.8,-0.01,200,"sd","10:10:01",382800
2.8,-0.01,100,"sd","10:10:01",382600
2.8,-0.01,100,"sd","10:10:01",382500
2.8,-0.01,100,"sd","10:10:01",382400
2.8,-0.01,300,"sd","10:10:01",382300
2.8,-0.01,100,"sd","10:10:01",382000
2.8,-0.01,5000,"sd","10:10:01",381900
2.8,-0.01,100,"sd","10:10:01",376900
2.8,-0.01,2000,"sd","10:10:01",376800
2.8,-0.01,1000,"sd","10:10:01",374800
2.8,-0.01,400,"sd","10:10:01",373800
2.8,-0.01,700,"sd","10:10:01",373400
2.81,0,300,"bu","10:09:21",372700
2.81,0,100,"bu","10:09:00",372400
2.81,0,1000,"bu","10:08:52",372300
2.81,0,100,"bu","10:08:51",371300
2.81,0,1000,"bu","10:08:34",371200
2.81,0,400,"bu","10:08:33",370200
2.81,0,2000,"bu","10:08:33",369800
2.81,0,200,"bu","10:08:18",367800
2.81,0,800,"bu","10:08:00",367600
2.81,0,200,"bu","10:08:00",366800
2.81,0,300,"bu","10:07:10",366600
2.81,0,300,"bu","10:07:10",366300
2.81,0,200,"bu","10:07:10",366000
2.81,0,5000,"bu","10:07:10",365800
2.81,0,2800,"bu","10:07:10",360800
2.81,0,500,"bu","10:06:56",358000
2.81,0,100,"bu","10:06:49",357500
2.81,0,400,"bu","10:06:40",357400
2.81,0,100,"bu","10:06:11",357000
2.81,0,100,"bu","10:06:08",356900
2.81,0,200,"bu","10:05:58",356800
2.81,0,200,"bu","10:05:37",356600
2.81,0,100,"bu","10:05:17",356400
2.81,0,700,"bu","10:05:16",356300
2.81,0,5000,"bu","10:04:56",355600
2.81,0,5000,"bu","10:04:56",350600
2.8,-0.01,100,"sd","10:04:31",345600
2.81,0,8500,"bu","10:04:29",345500
2.81,0,200,"bu","10:04:03",337000
2.81,0,200,"sd","10:03:42",336800
2.81,0,5000,"sd","10:03:42",336600
2.81,0,300,"sd","10:03:42",331600
2.81,0,500,"sd","10:03:42",331300
2.81,0,100,"sd","10:03:42",330800
2.81,0,200,"sd","10:03:42",330700
2.82,0.01,100,"bu","10:03:33",330500
2.81,0,500,"sd","10:02:52",330400
2.81,0,500,"bu","10:02:39",329900
2.81,0,4500,"bu","10:02:27",329400
2.81,0,300,"bu","10:02:27",324900
2.81,0,5200,"bu","10:02:27",324600
2.8,-0.01,100,"sd","10:02:03",319400
2.8,-0.01,300,"sd","10:01:38",319300
2.8,-0.01,1200,"sd","10:01:38",319000
2.81,0,200,"bu","10:01:29",317800
2.81,0,500,"bu","10:01:25",317600
2.81,0,100,"sd","10:01:09",317100
2.81,0,100,"sd","10:01:09",317000
2.81,0,500,"sd","10:01:09",316900
2.81,0,1400,"sd","10:01:09",316400
2.81,0,600,"sd","10:01:09",315000
2.81,0,500,"sd","10:01:09",314400
2.81,0,200,"sd","10:01:09",313900
2.81,0,5000,"sd","10:01:09",313700
2.81,0,20000,"sd","10:01:09",308700
2.81,0,3300,"sd","10:01:09",288700
2.81,0,10000,"sd","10:01:09",285400
2.81,0,200,"sd","10:01:09",275400
2.81,0,10000,"sd","10:01:09",275200
2.81,0,200,"sd","10:01:09",265200
2.81,0,100,"sd","10:01:09",265000
2.81,0,100,"sd","10:01:09",264900
2.81,0,100,"sd","10:01:09",264800
2.81,0,4600,"sd","10:01:09",264700
2.81,0,5900,"sd","10:00:50",260100
2.82,0.01,500,"bu","10:00:38",254200
2.82,0.01,500,"bu","10:00:02",253700
2.82,0.01,300,"bu","09:58:49",253200
2.82,0.01,2900,"sd","09:58:29",252900
2.82,0.01,500,"sd","09:58:29",250000
2.82,0.01,200,"sd","09:58:29",249500
2.82,0.01,500,"sd","09:58:29",249300
2.82,0.01,100,"sd","09:58:29",248800
2.82,0.01,1000,"sd","09:58:29",248700
2.82,0.01,1700,"sd","09:58:29",247700
2.82,0.01,500,"sd","09:58:29",246000
2.82,0.01,500,"sd","09:58:29",245500
2.82,0.01,500,"sd","09:58:29",245000
2.82,0.01,2700,"sd","09:58:29",244500
2.82,0.01,500,"sd","09:58:29",241800
2.82,0.01,1800,"sd","09:58:29",241300
2.82,0.01,1000,"sd","09:55:52",239500
2.82,0.01,100,"sd","09:55:37",238500
2.82,0.01,500,"sd","09:55:35",238400
2.82,0.01,2000,"sd","09:55:25",237900
2.82,0.01,200,"sd","09:55:00",235900
2.83,0.02,100,"bu","09:53:25",235700
2.82,0.01,3500,"sd","09:53:13",235600
2.82,0.01,600,"sd","09:52:12",232100
2.82,0.01,300,"bu","09:52:04",231500
2.82,0.01,700,"bu","09:51:54",231200
2.82,0.01,100,"bu","09:51:54",230500
2.82,0.01,1000,"bu","09:51:54",230400
2.82,0.01,2000,"bu","09:51:54",229400
2.82,0.01,800,"bu","09:51:54",227400
2.82,0.01,400,"bu","09:51:54",226600
2.81,0,5000,"sd","09:50:19",226200
2.82,0.01,4000,"bu","09:50:17",221200
2.82,0.01,100,"bu","09:50:13",217200
2.82,0.01,700,"bu","09:50:08",217100
2.82,0.01,100,"bu","09:50:08",216400
2.82,0.01,3000,"bu","09:50:07",216300
2.82,0.01,1200,"bu","09:50:07",213300
2.82,0.01,300,"bu","09:49:49",212100
2.81,0,200,"sd","09:49:48",211800
2.82,0.01,300,"bu","09:49:38",211600
2.81,0,1500,"sd","09:49:09",211300
2.81,0,200,"sd","09:46:29",209800
2.82,0.01,100,"bu","09:46:09",209600
2.82,0.01,300,"bu","09:45:50",209500
2.81,0,7600,"bu","09:44:54",209200
2.81,0,5300,"bu","09:44:53",201600
2.81,0,100,"bu","09:44:46",196300
2.81,0,5000,"bu","09:44:38",196200
2.81,0,500,"bu","09:44:37",191200
2.81,0,800,"sd","09:44:31",190700
2.81,0,100,"sd","09:44:31",189900
2.81,0,300,"sd","09:44:31",189800
2.81,0,200,"sd","09:44:31",189500
2.81,0,100,"sd","09:44:31",189300
2.82,0.01,100,"bu","09:44:24",189200
2.82,0.01,100,"bu","09:43:55",189100
2.81,0,200,"bu","09:41:24",189000
2.81,0,600,"bu","09:41:07",188800
2.81,0,100,"sd","09:41:03",188200
2.81,0,100,"sd","09:40:57",188100
2.81,0,800,"bu","09:40:36",188000
2.81,0,100,"bu","09:40:36",187200
2.81,0,200,"bu","09:40:32",187100
2.8,-0.01,8800,"sd","09:39:46",186900
2.8,-0.01,1000,"sd","09:39:46",178100
2.8,-0.01,7000,"sd","09:39:46",177100
2.8,-0.01,200,"sd","09:39:46",170100
2.81,0,1500,"sd","09:39:38",169900
2.81,0,1200,"sd","09:39:38",168400
2.81,0,300,"sd","09:39:10",167200
2.81,0,700,"sd","09:39:10",166900
2.81,0,400,"sd","09:39:10",166200
2.81,0,100,"sd","09:39:10",165800
2.81,0,200,"sd","09:39:10",165700
2.81,0,100,"sd","09:38:53",165500
2.81,0,1000,"sd","09:38:47",165400
2.81,0,500,"sd","09:38:15",164400
2.81,0,1300,"sd","09:38:15",163900
2.81,0,1000,"sd","09:37:52",162600
2.81,0,100,"bu","09:36:55",161600
2.81,0,4800,"bu","09:36:55",161500
2.81,0,8800,"bu","09:36:55",156700
2.81,0,200,"bu","09:36:40",147900
2.81,0,100,"sd","09:36:11",147700
2.81,0,400,"sd","09:36:11",147600
2.81,0,1000,"sd","09:36:11",147200
2.81,0,9200,"sd","09:36:11",146200
2.81,0,3900,"sd","09:36:11",137000
2.82,0.01,100,"bu","09:36:10",133100
2.82,0.01,100,"bu","09:36:10",133000
2.82,0.01,100,"bu","09:34:48",132900
2.82,0.01,100,"bu","09:34:46",132800
2.82,0.01,300,"bu","09:34:09",132700
2.82,0.01,100,"sd","09:32:51",132400
2.83,0.02,200,"bu","09:32:49",132300
2.83,0.02,200,"bu","09:30:13",132100
2.81,0,1100,"bu","09:30:05",131900
2.81,0,300,"sd","09:29:46",130800
2.81,0,100,"sd","09:29:46",130500
2.81,0,300,"sd","09:29:46",130400
2.81,0,200,"sd","09:29:46",130100
2.81,0,100,"bu","09:28:16",129900
2.81,0,200,"bu","09:28:16",129800
2.81,0,300,"bu","09:27:53",129600
2.81,0,700,"bu","09:27:53",129300
2.81,0,600,"sd","09:26:58",128600
2.81,0,1000,"sd","09:26:58",128000
2.81,0,300,"sd","09:26:58",127000
2.81,0,200,"sd","09:26:58",126700
2.81,0,1000,"sd","09:26:58",126500
2.81,0,3200,"sd","09:26:58",125500
2.81,0,100,"sd","09:26:58",122300
2.81,0,5000,"sd","09:26:58",122200
2.82,0.01,1000,"sd","09:26:58",117200
2.82,0.01,5000,"sd","09:26:58",116200
2.82,0.01,200,"sd","09:26:58",111200
2.82,0.01,100,"sd","09:26:58",111000
2.82,0.01,1600,"sd","09:26:58",110900
2.83,0.02,200,"bu","09:26:45",109300
2.83,0.02,1700,"bu","09:26:19",109100
2.82,0.01,2000,"sd","09:25:53",107400
2.83,0.02,1000,"bu","09:25:01",105400
2.82,0.01,6400,"sd","09:24:56",104400
2.82,0.01,3600,"sd","09:24:56",98000
2.83,0.02,500,"sd","09:24:51",94400
2.84,0.03,3200,"sd","09:24:05",93900
2.85,0.04,100,"bu","09:24:03",90700
2.85,0.04,100,"bu","09:24:03",90600
2.85,0.04,100,"bu","09:24:03",90500
2.84,0.03,2000,"sd","09:23:57",90400
2.84,0.03,500,"sd","09:23:41",88400
2.84,0.03,2000,"sd","09:23:33",87900
2.84,0.03,100,"sd","09:23:33",85900
2.84,0.03,9000,"bu","09:23:33",85800
2.84,0.03,800,"bu","09:23:33",76800
2.84,0.03,300,"bu","09:23:33",76000
2.84,0.03,800,"bu","09:23:33",75700
2.83,0.02,1300,"bu","09:23:11",74900
2.82,0.01,800,"sd","09:20:59",73600
2.82,0.01,100,"bu","09:20:39",72800
2.81,0,1800,"sd","09:20:02",72700
2.81,0,2000,"sd","09:19:27",70900
2.81,0,8000,"sd","09:19:10",68900
2.81,0,100,"sd","09:19:10",60900
2.81,0,2400,"sd","09:19:10",60800
2.81,0,2000,"sd","09:19:10",58400
2.81,0,1000,"sd","09:19:10",56400
2.81,0,100,"sd","09:19:10",55400
2.81,0,6400,"sd","09:19:10",55300
2.81,0,100,"bu","09:17:31",48900
2.81,0,3500,"bu","09:17:31",48800
2.8,-0.01,4800,"sd","09:17:22",45300
2.8,-0.01,15000,"sd","09:17:22",40300
2.8,-0.01,200,"sd","09:17:22",40500
2.81,0,100,"bu","09:17:03",25300
2.81,0,100,"bu","09:16:42",25200
2.81,0,100,"bu","09:16:41",25100
2.81,0,5000,"sd","09:16:41",25000
2.81,0,300,"sd","09:16:41",20000
2.81,0,2000,"sd","09:16:41",19700
2.82,0.01,900,"sd","09:16:41",17700
2.83,0.02,100,"sd","09:16:41",10800
2.81,0,6000,"sd","09:16:41",16800
2.81,0,100,"sd","09:16:41",10700
2.81,0,100,"sd","09:16:41",10600
2.81,0,1500,"sd","09:16:41",10500
2.81,0,100,"sd","09:16:41",9000
2.81,0,100,"sd","09:16:41",8900
2.84,0.03,100,"sd","09:15:47",8800
2.84,0.03,100,"sd","09:15:47",8700
2.84,0.03,200,"sd","09:15:29",8600
2.84,0.03,100,"sd","09:15:29",8400
2.84,0.03,8300,"unknown","09:15:00",8300
