"price","change","match_qtty","side","time","total_vol"
19,-0.35,700,"unknown","14:45:01",96500
19.1,-0.25,100,"bu","14:29:48",95800
19.05,-0.3,2000,"sd","14:29:23",95700
19.05,-0.3,200,"sd","14:29:12",93700
19.1,-0.25,100,"bu","14:28:37",93500
19.1,-0.25,100,"sd","14:27:52",93400
19.1,-0.25,100,"bu","14:27:23",93300
19.1,-0.25,100,"bu","14:27:21",93200
19.1,-0.25,100,"bu","14:27:03",93100
19.1,-0.25,800,"sd","14:25:29",93000
19.1,-0.25,600,"sd","14:24:39",92200
19.1,-0.25,100,"sd","14:23:53",91600
19.1,-0.25,1500,"sd","14:22:01",91500
19.1,-0.25,300,"bu","14:21:24",90000
19.1,-0.25,700,"sd","14:17:36",89700
19.1,-0.25,300,"sd","14:16:13",89000
19.1,-0.25,200,"sd","14:16:13",88700
19.1,-0.25,100,"sd","14:16:05",88500
19.1,-0.25,900,"sd","14:15:38",88400
19.2,-0.15,100,"bu","14:09:20",87500
19.1,-0.25,1000,"bu","14:06:25",87400
19.1,-0.25,100,"bu","14:06:25",86400
19,-0.35,500,"sd","14:05:23",86300
19.1,-0.25,100,"bu","14:05:08",85800
19.1,-0.25,200,"bu","14:05:05",85700
19,-0.35,2000,"sd","14:04:29",85500
19,-0.35,100,"sd","14:01:59",83500
19.1,-0.25,100,"bu","13:59:00",83400
19,-0.35,300,"sd","13:57:52",83300
19,-0.35,200,"sd","13:57:52",83000
19,-0.35,200,"sd","13:57:25",82800
19,-0.35,100,"sd","13:57:25",82600
18.9,-0.45,500,"sd","13:54:55",82500
18.95,-0.4,2600,"sd","13:54:55",82000
18.95,-0.4,2000,"sd","13:54:55",79400
18.95,-0.4,500,"sd","13:54:55",77400
19.1,-0.25,100,"sd","13:54:55",76900
19.15,-0.2,3500,"sd","13:54:55",76800
19.15,-0.2,800,"sd","13:54:55",73300
19.2,-0.15,1300,"bu","13:54:24",72500
19.2,-0.15,200,"bu","13:54:24",71200
19.2,-0.15,500,"bu","13:54:24",71000
19.15,-0.2,200,"sd","13:52:58",70500
19.15,-0.2,100,"sd","13:52:22",70300
19.2,-0.15,100,"bu","13:50:19",70200
19.15,-0.2,300,"sd","13:49:55",70100
19.15,-0.2,600,"bu","13:49:05",69800
19.15,-0.2,500,"bu","13:47:45",69200
19.15,-0.2,100,"bu","13:47:45",68700
19.15,-0.2,300,"bu","13:46:58",68600
19.15,-0.2,200,"bu","13:46:58",68300
19.15,-0.2,100,"bu","13:46:58",68100
19.1,-0.25,200,"unknown","13:45:57",68000
19.1,-0.25,400,"bu","13:45:09",67800
19.1,-0.25,500,"bu","13:44:25",67400
19.05,-0.3,100,"sd","13:44:01",66900
19.1,-0.25,100,"bu","13:43:41",66800
18.9,-0.45,1000,"sd","13:39:46",66700
18.9,-0.45,100,"sd","13:39:24",65700
18.9,-0.45,100,"sd","13:39:24",65600
18.9,-0.45,100,"sd","13:39:24",65500
18.9,-0.45,200,"sd","13:39:24",65400
18.9,-0.45,4300,"sd","13:39:24",65200
18.95,-0.4,500,"bu","13:38:30",60900
18.95,-0.4,100,"bu","13:37:34",60400
18.95,-0.4,100,"sd","13:37:17",60300
18.95,-0.4,800,"sd","13:37:17",60200
18.9,-0.45,700,"bu","13:34:20",59400
18.85,-0.5,100,"sd","13:32:51",58700
18.9,-0.45,100,"bu","13:32:03",58600
18.9,-0.45,5000,"sd","13:31:44",58500
18.9,-0.45,2000,"sd","13:31:44",53500
18.9,-0.45,500,"sd","13:31:44",51500
18.9,-0.45,100,"sd","13:31:44",51000
18.9,-0.45,1000,"sd","13:31:44",50900
18.9,-0.45,1000,"sd","13:31:44",49900
18.9,-0.45,1000,"sd","13:31:44",48900
18.9,-0.45,2000,"sd","13:31:44",47900
18.9,-0.45,2000,"sd","13:31:44",45900
18.9,-0.45,1000,"sd","13:31:44",43900
18.9,-0.45,200,"sd","13:31:44",42900
18.9,-0.45,400,"sd","13:31:44",42700
19,-0.35,100,"sd","13:31:44",42300
19,-0.35,100,"sd","13:31:44",42200
19,-0.35,200,"sd","13:31:44",42100
19,-0.35,600,"sd","13:31:44",41900
19,-0.35,4000,"sd","13:31:44",41300
19,-0.35,3000,"sd","13:31:44",37300
19,-0.35,100,"sd","13:30:35",34300
19.05,-0.3,100,"sd","13:30:35",34200
19.05,-0.3,300,"sd","13:30:35",34100
19.1,-0.25,100,"bu","13:30:11",33800
19.05,-0.3,2000,"sd","13:27:02",33700
19.05,-0.3,500,"sd","13:27:02",31700
19.05,-0.3,200,"sd","13:25:32",31200
19.05,-0.3,400,"sd","13:23:32",31000
19.05,-0.3,100,"sd","13:21:31",30600
19.05,-0.3,100,"sd","13:21:31",30500
19.05,-0.3,100,"sd","13:21:15",30400
19.05,-0.3,400,"sd","13:18:05",30300
19.05,-0.3,4400,"sd","13:13:19",29900
19.05,-0.3,100,"sd","13:13:19",25500
19.05,-0.3,100,"sd","13:13:04",25400
19.1,-0.25,100,"sd","13:13:04",25300
19.1,-0.25,300,"sd","13:11:11",25200
19.1,-0.25,100,"bu","13:11:08",24900
19.1,-0.25,100,"bu","13:07:46",24800
19.1,-0.25,500,"bu","13:07:17",24700
19.1,-0.25,2000,"sd","13:05:11",24200
19.1,-0.25,900,"sd","13:05:11",22200
19.1,-0.25,600,"sd","13:05:11",21300
19.1,-0.25,400,"sd","13:01:47",20700
19.1,-0.25,1000,"sd","13:00:04",20300
19.3,-0.05,100,"bu","11:16:14",19300
19.05,-0.3,500,"sd","11:06:18",19200
19.3,-0.05,100,"sd","11:04:34",18700
19.35,0,100,"bu","10:58:58",18600
19.3,-0.05,400,"bu","10:57:57",18500
19.3,-0.05,100,"sd","10:57:22",18100
19.3,-0.05,100,"bu","10:55:57",18000
19.2,-0.15,200,"sd","10:52:41",17900
19.2,-0.15,500,"sd","10:52:41",17700
19.2,-0.15,100,"sd","10:52:41",17200
19.2,-0.15,100,"sd","10:52:41",17100
19.2,-0.15,200,"sd","10:35:43",17000
19.2,-0.15,200,"sd","10:35:32",16800
19.2,-0.15,200,"sd","10:35:32",16600
19.2,-0.15,100,"sd","10:35:32",16400
19.2,-0.15,100,"sd","10:33:40",16300
19.2,-0.15,100,"sd","10:33:40",16200
19.35,0,100,"bu","10:27:58",16100
19.2,-0.15,1000,"sd","10:24:19",16000
19.2,-0.15,300,"sd","10:17:04",15000
19.2,-0.15,200,"sd","10:16:17",14700
19.2,-0.15,100,"sd","10:14:48",14500
19.35,0,100,"bu","10:12:31",14400
19.25,-0.1,200,"bu","10:11:27",14300
19.25,-0.1,300,"sd","10:10:51",14100
19.25,-0.1,400,"sd","10:10:51",13800
19.25,-0.1,100,"sd","10:10:51",13400
19.25,-0.1,100,"sd","10:10:09",13300
19.25,-0.1,200,"sd","10:10:00",13200
19.25,-0.1,100,"sd","10:10:00",13000
19.25,-0.1,100,"sd","10:06:51",12900
19.25,-0.1,500,"sd","10:04:58",12800
19.25,-0.1,200,"sd","09:54:01",12300
19.4,0.05,100,"bu","09:45:22",12100
19.4,0.05,100,"bu","09:44:54",12000
19.3,-0.05,100,"bu","09:44:43",11900
19.2,-0.15,300,"sd","09:39:23",11800
19.3,-0.05,400,"sd","09:39:23",11500
19.4,0.05,100,"bu","09:29:38",11100
19.4,0.05,600,"sd","09:29:34",11000
19.4,0.05,1200,"sd","09:28:55",10400
19.4,0.05,200,"sd","09:28:41",9200
19.5,0.15,200,"sd","09:28:23",9000
19.5,0.15,400,"sd","09:28:23",8800
19.5,0.15,300,"sd","09:28:17",8400
19.5,0.15,100,"sd","09:28:06",8100
19.6,0.25,100,"bu","09:26:02",8000
19.6,0.25,100,"bu","09:25:23",7900
19.6,0.25,200,"bu","09:25:23",7800
19.6,0.25,700,"bu","09:25:23",7600
19.5,0.15,100,"sd","09:24:43",6900
19.5,0.15,200,"bu","09:24:41",6800
19.5,0.15,100,"bu","09:24:41",6600
19.5,0.15,100,"bu","09:24:41",6500
19.5,0.15,100,"bu","09:24:41",6400
19.5,0.15,100,"bu","09:23:45",6300
19.5,0.15,1000,"sd","09:23:18",6200
19.6,0.25,1000,"bu","09:20:12",5200
19.55,0.2,2000,"bu","09:20:12",4200
19.6,0.25,200,"bu","09:18:44",2200
19.6,0.25,100,"bu","09:15:24",2000
19.3,-0.05,1900,"unknown","09:15:00",1900
