"price","change","match_qtty","side","time","total_vol"
4.3,-0.1,53100,"sd","14:45:02",241000
4.3,-0.1,8000,"sd","14:29:38",187900
4.3,-0.1,3300,"sd","14:26:24",179900
4.3,-0.1,100,"sd","14:22:13",176600
4.4,0,100,"bu","14:12:42",176500
4.4,0,100,"bu","14:10:46",176400
4.4,0,1000,"bu","14:10:33",176300
4.3,-0.1,300,"sd","14:10:02",175300
4.3,-0.1,800,"sd","14:09:20",175000
4.4,0,1000,"bu","14:08:39",174200
4.4,0,1000,"bu","14:08:30",173200
4.4,0,1000,"bu","14:08:19",172200
4.4,0,1000,"bu","14:07:49",171200
4.4,0,100,"bu","14:07:10",170200
4.4,0,2000,"bu","14:07:04",170100
4.4,0,100,"bu","14:06:35",168100
4.4,0,1000,"bu","14:04:36",168000
4.4,0,700,"bu","13:59:12",167000
4.4,0,400,"bu","13:57:15",166300
4.4,0,1000,"bu","13:56:46",165900
4.4,0,10000,"bu","13:50:51",164900
4.4,0,500,"bu","13:50:21",154900
4.4,0,3100,"bu","13:49:20",154400
4.3,-0.1,100,"sd","13:42:33",151300
4.4,0,300,"bu","13:42:27",151200
4.4,0,100,"bu","13:40:52",150900
4.4,0,500,"bu","13:32:55",150800
4.4,0,500,"bu","13:32:23",150300
4.4,0,100,"bu","13:30:11",149800
4.3,-0.1,1800,"sd","13:26:33",149700
4.3,-0.1,7300,"sd","13:24:48",147900
4.3,-0.1,2100,"sd","13:06:20",140600
4.3,-0.1,5500,"sd","13:00:03",138500
4.3,-0.1,100,"sd","11:24:51",133000
4.4,0,10000,"bu","11:24:32",132900
4.4,0,3700,"bu","11:23:02",122900
4.4,0,2000,"bu","11:19:30",119200
4.4,0,100,"bu","11:18:51",117200
4.4,0,2800,"bu","11:18:30",117100
4.4,0,100,"bu","11:14:24",114300
4.4,0,500,"bu","11:11:25",114200
4.4,0,10000,"bu","11:07:07",113700
4.4,0,10000,"bu","11:06:57",103700
4.4,0,100,"bu","11:04:40",93700
4.4,0,200,"bu","11:03:41",93600
4.3,-0.1,300,"sd","10:50:10",93400
4.3,-0.1,200,"sd","10:34:55",93100
4.3,-0.1,100,"sd","10:32:15",92900
4.4,0,100,"bu","10:24:09",92800
4.4,0,500,"bu","10:22:38",92700
4.4,0,100,"bu","10:12:41",92200
4.3,-0.1,7900,"sd","10:10:45",92100
4.4,0,400,"bu","10:06:34",84200
4.4,0,2000,"bu","09:56:00",83800
4.4,0,3200,"bu","09:54:05",81800
4.4,0,2000,"bu","09:53:43",78600
4.4,0,10000,"bu","09:53:30",76600
4.4,0,2000,"bu","09:53:27",66600
4.4,0,100,"bu","09:53:08",64600
4.4,0,16600,"bu","09:52:25",64500
4.4,0,10000,"bu","09:52:07",47900
4.4,0,5000,"bu","09:52:01",37900
4.4,0,20000,"bu","09:51:51",32900
4.4,0,1000,"bu","09:51:44",12900
4.4,0,1000,"bu","09:51:07",11900
4.4,0,1000,"bu","09:46:53",10900
4.4,0,300,"bu","09:28:37",9900
4.4,0,1000,"bu","09:27:11",9600
4.4,0,500,"bu","09:23:56",8600
4.4,0,100,"bu","09:06:43",8100
4.4,0,1000,"bu","09:00:10",8000
4.4,0,2000,"bu","09:00:07",7000
4.4,0,5000,"bu","09:00:05",5000
