"price","change","match_qtty","side","time","total_vol"
68.8,-0.2,26900,"sd","14:45:03",273000
69,0,100,"sd","14:29:41",246100
69,0,2000,"sd","14:29:35",246000
69,0,3600,"sd","14:29:24",244000
69,0,2700,"sd","14:29:20",240400
69,0,100,"sd","14:29:12",237700
69,0,200,"sd","14:27:34",237600
69.1,0.1,500,"sd","14:27:34",237400
69.1,0.1,800,"sd","14:27:34",236900
69.5,0.5,1300,"bu","14:26:13",236100
69.5,0.5,100,"bu","14:26:13",234800
69.5,0.5,500,"bu","14:26:13",234700
69.5,0.5,100,"bu","14:26:13",234200
69.5,0.5,100,"bu","14:25:35",234100
69.5,0.5,100,"bu","14:25:35",234000
69.5,0.5,200,"bu","14:25:35",233900
69.5,0.5,300,"bu","14:25:35",233700
69.5,0.5,100,"bu","14:25:35",233400
69.5,0.5,500,"bu","14:25:35",233300
69.4,0.4,100,"bu","14:25:35",232800
69.4,0.4,500,"bu","14:25:35",232700
69.4,0.4,1000,"bu","14:25:35",232200
69.4,0.4,1000,"bu","14:25:35",231200
69.3,0.3,100,"bu","14:25:35",230200
69.3,0.3,200,"bu","14:25:20",230100
69.3,0.3,200,"bu","14:25:20",229900
69.2,0.2,600,"bu","14:25:20",229700
69.3,0.3,800,"bu","14:23:24",229100
69.3,0.3,200,"bu","14:23:24",228300
69.3,0.3,100,"bu","14:23:24",228100
69.2,0.2,100,"bu","14:23:24",228000
69.2,0.2,100,"bu","14:23:24",227900
69.2,0.2,500,"bu","14:23:24",227800
69.2,0.2,200,"bu","14:23:24",227300
69.2,0.2,100,"bu","14:23:17",227100
69.2,0.2,200,"bu","14:23:17",227000
69.2,0.2,100,"bu","14:23:17",226800
69.2,0.2,300,"bu","14:23:17",226700
69.2,0.2,100,"bu","14:23:17",226400
69.2,0.2,100,"bu","14:23:17",226300
69,0,100,"sd","14:23:06",226200
69,0,500,"sd","14:23:05",226100
69.2,0.2,300,"bu","14:21:52",225600
69,0,100,"sd","14:21:44",225300
69.1,0.1,200,"bu","14:20:35",225200
69.1,0.1,1000,"bu","14:20:35",225000
69.1,0.1,500,"bu","14:20:35",224000
69.1,0.1,900,"bu","14:20:35",223500
69.1,0.1,400,"bu","14:20:35",222600
69.1,0.1,500,"bu","14:19:48",222200
69.1,0.1,500,"bu","14:19:48",221700
69,0,400,"bu","14:18:58",221200
69,0,1000,"bu","14:18:53",220800
69,0,400,"sd","14:18:44",219800
69,0,900,"bu","14:18:34",219400
69,0,500,"bu","14:18:34",218500
69,0,200,"bu","14:18:34",218000
68.9,-0.1,2000,"sd","14:18:31",217800
69,0,100,"bu","14:15:45",215800
69,0,900,"bu","14:14:52",215700
69,0,100,"bu","14:14:52",214800
69,0,400,"bu","14:14:39",214700
69,0,200,"bu","14:14:39",214300
69,0,600,"bu","14:13:52",214100
69,0,100,"sd","14:13:08",213500
69,0,200,"sd","14:12:53",213400
69,0,200,"sd","14:12:53",213200
69,0,300,"sd","14:12:53",213000
69,0,2300,"sd","14:12:53",212700
69,0,500,"sd","14:12:53",210400
69,0,200,"sd","14:12:45",209900
69,0,200,"sd","14:12:45",209700
69,0,100,"sd","14:12:45",209500
69,0,500,"sd","14:12:45",209400
69.1,0.1,600,"bu","14:11:25",208900
69,0,200,"sd","14:07:52",208300
69.1,0.1,400,"bu","14:06:35",208100
69.1,0.1,400,"bu","14:06:35",207700
69.1,0.1,100,"bu","14:06:35",207300
69.1,0.1,100,"bu","14:06:35",207200
69.1,0.1,200,"bu","14:06:35",207100
69.1,0.1,100,"bu","14:06:35",206900
69,0,300,"sd","14:06:15",206800
69,0,400,"sd","14:05:17",206500
69,0,600,"bu","14:04:13",206100
69,0,300,"bu","14:04:04",205500
69,0,900,"bu","14:04:04",205200
69,0,100,"bu","14:04:04",204300
69,0,100,"bu","14:04:04",204200
69,0,900,"bu","14:04:04",204100
69,0,900,"bu","14:04:04",203200
69,0,800,"bu","14:04:04",202300
69,0,100,"bu","14:03:40",201500
68.9,-0.1,900,"bu","14:03:40",201400
68.9,-0.1,100,"bu","14:03:40",200500
68.9,-0.1,100,"bu","14:03:13",200400
68.9,-0.1,500,"bu","14:03:03",200300
68.9,-0.1,3000,"bu","13:59:21",199800
68.9,-0.1,100,"bu","13:59:21",196800
68.9,-0.1,100,"bu","13:59:21",196700
68.9,-0.1,1000,"bu","13:59:21",196600
68.9,-0.1,100,"unknown","13:59:21",195600
68.9,-0.1,500,"sd","13:59:21",195500
68.9,-0.1,100,"sd","13:59:21",195000
68.9,-0.1,100,"sd","13:59:21",194900
68.9,-0.1,200,"sd","13:59:21",194800
68.9,-0.1,100,"sd","13:59:21",194600
68.9,-0.1,200,"sd","13:59:21",194500
68.9,-0.1,100,"sd","13:59:18",194300
68.9,-0.1,100,"sd","13:59:03",194200
68.9,-0.1,200,"sd","13:59:03",194100
68.9,-0.1,200,"sd","13:59:03",193900
68.9,-0.1,200,"sd","13:58:28",193700
68.9,-0.1,200,"sd","13:58:28",193500
68.9,-0.1,100,"sd","13:58:28",193300
68.9,-0.1,100,"sd","13:58:28",193200
68.9,-0.1,400,"sd","13:58:28",193100
68.9,-0.1,1000,"sd","13:55:17",192700
68.9,-0.1,200,"sd","13:55:17",191700
68.9,-0.1,500,"sd","13:54:59",191500
68.9,-0.1,200,"sd","13:54:55",191000
68.9,-0.1,700,"sd","13:54:51",190800
68.9,-0.1,100,"sd","13:54:51",190100
68.9,-0.1,100,"sd","13:54:51",190000
68.9,-0.1,100,"sd","13:54:51",189900
68.9,-0.1,100,"sd","13:54:07",189800
68.9,-0.1,100,"sd","13:54:07",189700
68.9,-0.1,100,"sd","13:54:07",189600
68.9,-0.1,100,"sd","13:54:07",189500
68.9,-0.1,600,"sd","13:54:07",189400
68.9,-0.1,1100,"sd","13:53:21",188800
68.9,-0.1,1000,"sd","13:53:20",187700
68.9,-0.1,900,"sd","13:52:17",186700
68.9,-0.1,100,"sd","13:51:56",185800
68.9,-0.1,900,"sd","13:51:50",185700
68.9,-0.1,900,"sd","13:51:41",184800
68.9,-0.1,1000,"sd","13:50:00",183900
68.9,-0.1,500,"sd","13:49:59",182900
68.9,-0.1,1200,"sd","13:48:53",182400
68.9,-0.1,900,"bu","13:47:56",181200
68.9,-0.1,100,"bu","13:47:56",180300
68.9,-0.1,800,"bu","13:47:56",180200
68.9,-0.1,200,"bu","13:47:43",179400
68.8,-0.2,200,"sd","13:47:42",179200
68.9,-0.1,100,"bu","13:46:45",179000
68.9,-0.1,800,"bu","13:46:14",178900
68.9,-0.1,300,"bu","13:46:14",178100
68.9,-0.1,1000,"bu","13:46:14",177800
68.9,-0.1,1900,"bu","13:46:14",176800
68.8,-0.2,100,"sd","13:45:40",174900
68.8,-0.2,2000,"sd","13:44:32",174800
68.8,-0.2,700,"sd","13:43:43",172800
68.8,-0.2,200,"sd","13:42:59",172100
68.8,-0.2,1200,"sd","13:42:28",171900
68.8,-0.2,200,"sd","13:42:28",170700
68.8,-0.2,3000,"sd","13:42:28",170500
68.8,-0.2,4100,"sd","13:42:28",167500
68.9,-0.1,100,"sd","13:41:34",163400
68.9,-0.1,100,"sd","13:41:34",163300
68.9,-0.1,2000,"sd","13:41:34",163200
68.9,-0.1,2600,"sd","13:41:30",161200
68.9,-0.1,900,"bu","13:39:37",158600
68.9,-0.1,500,"bu","13:39:37",157700
68.8,-0.2,900,"sd","13:38:06",157200
68.9,-0.1,100,"bu","13:35:49",156300
68.9,-0.1,200,"bu","13:34:36",156200
68.9,-0.1,100,"sd","13:32:19",156000
68.9,-0.1,200,"sd","13:32:19",155900
68.9,-0.1,100,"sd","13:32:19",155700
68.9,-0.1,100,"sd","13:32:19",155600
68.9,-0.1,100,"sd","13:32:19",155500
68.9,-0.1,100,"sd","13:32:19",155400
68.9,-0.1,100,"sd","13:31:57",155300
68.9,-0.1,100,"sd","13:31:57",155200
68.9,-0.1,100,"sd","13:31:57",155100
68.9,-0.1,600,"sd","13:31:57",155000
68.9,-0.1,1000,"sd","13:31:32",154400
68.9,-0.1,100,"sd","13:30:53",153400
69,0,100,"bu","13:30:37",153300
68.9,-0.1,600,"sd","13:29:53",153200
68.9,-0.1,600,"sd","13:28:34",152600
68.9,-0.1,100,"sd","13:26:28",152000
68.9,-0.1,5000,"sd","13:26:11",151900
68.8,-0.2,100,"sd","13:21:31",146900
68.8,-0.2,100,"sd","13:20:52",146800
68.8,-0.2,100,"sd","13:20:52",146700
68.8,-0.2,100,"sd","13:20:19",146600
68.8,-0.2,200,"sd","13:20:19",146500
68.8,-0.2,2200,"sd","13:20:19",146300
68.9,-0.1,3000,"sd","13:20:19",144100
68.9,-0.1,100,"sd","13:20:19",141100
68.9,-0.1,100,"sd","13:20:19",141000
68.9,-0.1,100,"sd","13:20:19",140900
68.9,-0.1,100,"sd","13:20:19",140800
68.9,-0.1,100,"sd","13:20:19",140700
68.9,-0.1,100,"sd","13:20:07",140600
68.9,-0.1,100,"sd","13:20:07",140500
68.9,-0.1,100,"sd","13:19:29",140400
68.9,-0.1,100,"sd","13:19:29",140300
68.9,-0.1,100,"sd","13:19:14",140200
68.9,-0.1,100,"sd","13:19:14",140100
68.9,-0.1,100,"sd","13:18:06",140000
68.9,-0.1,200,"sd","13:18:06",139900
68.9,-0.1,100,"sd","13:18:02",139700
68.9,-0.1,1400,"sd","13:17:48",139600
68.9,-0.1,500,"sd","13:17:28",138200
68.9,-0.1,1000,"sd","13:16:13",137700
69,0,100,"sd","13:14:45",136700
69,0,2100,"sd","13:14:45",136600
69,0,1000,"sd","13:14:35",134500
69,0,200,"sd","13:13:48",133500
69,0,1000,"sd","13:13:48",133300
69,0,700,"bu","13:13:48",132300
68.9,-0.1,400,"sd","13:13:43",131600
68.9,-0.1,500,"sd","13:13:20",131200
68.9,-0.1,900,"sd","13:12:16",130700
69,0,100,"bu","13:12:15",129800
69,0,5000,"bu","13:11:00",129700
69,0,1200,"sd","13:10:50",124700
69,0,900,"bu","13:10:42",123500
69,0,2900,"bu","13:10:42",122600
68.8,-0.2,300,"sd","13:09:39",119700
68.6,-0.4,100,"sd","13:06:45",119400
68.6,-0.4,100,"sd","13:04:17",119300
68.6,-0.4,2500,"sd","13:04:17",119200
68.6,-0.4,100,"sd","13:04:17",116700
68.6,-0.4,1000,"sd","13:04:17",116600
68.6,-0.4,1500,"sd","13:04:17",115600
68.6,-0.4,500,"sd","13:03:40",114100
68.7,-0.3,1000,"bu","13:03:13",113600
68.7,-0.3,2000,"bu","13:02:55",112600
68.7,-0.3,3000,"bu","13:02:41",110600
68.7,-0.3,300,"sd","13:02:11",107600
68.7,-0.3,100,"sd","13:02:11",107300
68.7,-0.3,500,"sd","13:02:11",107200
68.7,-0.3,2000,"sd","13:02:11",106700
68.7,-0.3,5800,"sd","13:02:11",104700
68.7,-0.3,1000,"sd","13:02:11",98900
68.7,-0.3,6000,"sd","13:02:11",97900
68.8,-0.2,2100,"sd","13:02:11",91900
68.8,-0.2,2500,"sd","13:02:11",89800
68.9,-0.1,200,"sd","13:02:11",87300
68.8,-0.2,2500,"sd","13:02:11",87100
68.9,-0.1,6000,"sd","13:02:11",84600
68.8,-0.2,2500,"sd","13:02:11",78600
68.9,-0.1,200,"sd","13:02:11",76100
68.9,-0.1,200,"sd","13:02:11",75900
68.9,-0.1,200,"sd","13:02:11",75700
68.9,-0.1,200,"sd","13:02:11",75500
68.9,-0.1,1500,"sd","13:02:11",75300
68.9,-0.1,1500,"sd","13:00:57",73800
68.9,-0.1,100,"sd","13:00:57",72300
68.9,-0.1,400,"sd","13:00:57",72200
69,0,3000,"sd","13:00:57",71800
69.1,0.1,200,"sd","13:00:54",68800
69.2,0.2,200,"bu","13:00:15",68600
69.2,0.2,100,"bu","13:00:15",68400
69,0,200,"sd","13:00:06",68300
69,0,1900,"sd","13:00:06",68100
69,0,200,"sd","13:00:06",66200
69,0,200,"sd","13:00:06",66000
69.1,0.1,1200,"sd","13:00:06",65800
69.1,0.1,100,"sd","13:00:05",64600
69,0,100,"sd","13:00:05",64500
69,0,1100,"sd","13:00:05",64400
69.2,0.2,200,"bu","11:29:50",63300
69.2,0.2,200,"bu","11:29:50",63100
69.2,0.2,200,"bu","11:29:50",62900
69.2,0.2,200,"bu","11:29:50",62700
69.1,0.1,400,"sd","11:29:06",62500
69.2,0.2,100,"bu","11:27:43",62100
69.2,0.2,100,"bu","11:27:43",62000
69.1,0.1,100,"bu","11:26:37",61900
69.1,0.1,400,"bu","11:26:37",61800
69.1,0.1,100,"bu","11:23:58",61400
69,0,100,"bu","11:18:59",61300
69,0,100,"bu","11:17:02",61200
69,0,100,"bu","11:17:02",61100
69,0,200,"bu","11:17:02",61000
69,0,600,"bu","11:17:02",60800
69,0,3000,"bu","11:11:30",60200
69,0,500,"bu","11:10:34",57200
69,0,900,"bu","11:02:29",56700
69,0,100,"bu","11:02:29",55800
68.9,-0.1,100,"sd","11:01:59",55700
69,0,100,"bu","10:57:00",55600
69,0,200,"bu","10:56:25",55500
68.8,-0.2,700,"sd","10:55:54",55300
68.8,-0.2,200,"sd","10:54:36",54600
68.8,-0.2,2500,"sd","10:47:07",54400
68.8,-0.2,500,"sd","10:47:07",51900
68.8,-0.2,2000,"sd","10:46:52",51400
69,0,200,"sd","10:44:34",49400
69,0,200,"sd","10:44:34",49200
69,0,4200,"sd","10:44:34",49000
69,0,100,"sd","10:44:32",44800
69,0,500,"sd","10:42:56",44700
69,0,300,"sd","10:42:02",44200
69,0,200,"sd","10:41:16",43900
69,0,2000,"sd","10:40:38",43700
69,0,100,"sd","10:38:09",41700
69,0,500,"sd","10:37:52",41600
69,0,1000,"bu","10:35:08",41100
68.9,-0.1,500,"bu","10:35:08",40100
69,0,1100,"bu","10:35:08",39600
68.8,-0.2,200,"bu","10:35:08",38500
68.9,-0.1,1000,"bu","10:35:08",38300
68.8,-0.2,500,"bu","10:35:08",37300
68.9,-0.1,400,"bu","10:35:08",36800
68.7,-0.3,100,"bu","10:35:08",36400
68.8,-0.2,400,"bu","10:35:08",36300
68.7,-0.3,100,"bu","10:35:08",35900
68.8,-0.2,100,"bu","10:35:08",35800
68.7,-0.3,4400,"bu","10:35:08",35700
68.6,-0.4,100,"sd","10:31:19",31300
68.6,-0.4,200,"sd","10:31:19",31200
68.6,-0.4,500,"sd","10:30:44",31000
68.6,-0.4,300,"sd","10:30:23",30500
68.7,-0.3,3000,"sd","10:29:23",30200
68.7,-0.3,300,"sd","10:29:23",27200
68.7,-0.3,100,"sd","10:29:23",26900
68.7,-0.3,100,"sd","10:29:23",26800
68.7,-0.3,600,"sd","10:29:23",26700
68.7,-0.3,100,"sd","10:28:52",26100
68.7,-0.3,100,"sd","10:28:15",26000
68.8,-0.2,100,"bu","10:27:05",25900
68.7,-0.3,300,"sd","10:26:58",25800
68.7,-0.3,900,"sd","10:26:44",25500
68.7,-0.3,100,"sd","10:26:44",24600
68.7,-0.3,300,"sd","10:26:13",24500
68.7,-0.3,200,"sd","10:25:12",24200
68.7,-0.3,100,"sd","10:24:52",24000
68.7,-0.3,1000,"sd","10:16:38",23900
68.7,-0.3,300,"sd","10:16:32",22900
68.7,-0.3,500,"sd","10:16:32",22600
68.7,-0.3,100,"sd","10:16:32",22100
68.7,-0.3,100,"sd","10:16:32",22000
68.7,-0.3,1000,"sd","10:16:05",21900
68.8,-0.2,100,"bu","10:15:46",20900
68.8,-0.2,100,"bu","10:08:00",20800
68.8,-0.2,200,"bu","10:05:26",20700
68.7,-0.3,100,"sd","10:02:12",20500
68.7,-0.3,500,"sd","10:01:42",20400
68.7,-0.3,100,"sd","10:00:26",19900
68.7,-0.3,200,"sd","10:00:21",19800
68.7,-0.3,400,"sd","09:58:29",19600
68.7,-0.3,100,"sd","09:58:19",19200
68.7,-0.3,300,"sd","09:54:23",19100
68.7,-0.3,300,"sd","09:53:11",18800
68.8,-0.2,2000,"bu","09:51:34",18500
68.7,-0.3,400,"sd","09:51:21",16500
68.8,-0.2,100,"bu","09:51:19",16100
68.7,-0.3,800,"sd","09:49:11",16000
68.7,-0.3,1000,"sd","09:49:11",15200
68.7,-0.3,600,"sd","09:49:11",14200
68.7,-0.3,700,"sd","09:48:19",13600
68.7,-0.3,200,"sd","09:46:46",12900
68.7,-0.3,500,"sd","09:44:58",12700
68.8,-0.2,100,"bu","09:44:13",12200
68.8,-0.2,300,"bu","09:43:03",12100
68.8,-0.2,200,"bu","09:42:50",11800
68.8,-0.2,300,"bu","09:41:30",11600
68.7,-0.3,3500,"sd","09:41:04",11300
68.7,-0.3,200,"sd","09:40:34",7800
68.7,-0.3,100,"sd","09:39:51",7600
68.7,-0.3,100,"sd","09:36:44",7500
68.7,-0.3,100,"sd","09:36:44",7400
68.7,-0.3,100,"sd","09:36:44",7300
68.7,-0.3,100,"sd","09:36:44",7200
68.7,-0.3,300,"sd","09:36:44",7100
68.7,-0.3,100,"sd","09:36:44",6800
68.7,-0.3,200,"sd","09:36:44",6700
68.7,-0.3,300,"sd","09:36:44",6500
68.9,-0.1,700,"sd","09:32:56",6200
68.9,-0.1,800,"sd","09:32:56",5500
68.9,-0.1,900,"sd","09:32:56",4700
69,0,100,"bu","09:32:40",3800
68.9,-0.1,100,"sd","09:30:25",3700
68.9,-0.1,200,"bu","09:29:43",3600
68.7,-0.3,700,"sd","09:28:50",3400
68.7,-0.3,200,"sd","09:28:50",2700
68.8,-0.2,200,"sd","09:28:50",2500
68.8,-0.2,100,"sd","09:28:50",2300
68.8,-0.2,200,"sd","09:28:50",2200
68.8,-0.2,100,"sd","09:28:50",2000
68.8,-0.2,100,"sd","09:28:50",1900
68.8,-0.2,400,"sd","09:28:50",1800
68.8,-0.2,100,"sd","09:22:24",1400
68.7,-0.3,100,"bu","09:18:33",1300
68.7,-0.3,200,"bu","09:18:12",1200
68.7,-0.3,100,"sd","09:17:33",1000
68.7,-0.3,400,"sd","09:15:03",900
68.7,-0.3,500,"sd","09:15:01",500
