"price","change","match_qtty","side","time","total_vol"
21.9,-0.4,200,"sd","14:56:36",66800
22,-0.3,2700,"sd","14:56:10",66600
22,-0.3,600,"sd","14:55:55",63900
22.1,-0.2,3000,"unknown","14:54:30",63300
22.3,0,1300,"bu","14:25:34",60300
22.3,0,3700,"bu","14:22:51",59000
22.3,0,300,"unknown","14:19:02",55300
22.3,0,500,"sd","14:17:35",55000
22.3,0,200,"sd","14:17:30",54500
22.3,0,400,"sd","14:17:19",54300
22.3,0,5000,"sd","14:16:57",53900
22.3,0,1500,"sd","14:13:35",48900
22.3,0,2000,"sd","14:00:27",47400
22.3,0,1000,"sd","13:59:22",45400
22.3,0,9500,"sd","13:48:17",44400
22,-0.3,1000,"bu","13:33:48",34900
21.9,-0.4,1000,"sd","13:31:38",33900
22,-0.3,200,"bu","13:29:48",32900
21.9,-0.4,100,"sd","13:29:47",32700
22,-0.3,400,"bu","13:25:33",32600
22,-0.3,1400,"sd","13:22:26",32200
22.1,-0.2,100,"bu","13:19:30",30800
22.1,-0.2,300,"bu","13:15:41",30700
22.1,-0.2,200,"bu","13:14:33",30400
22.1,-0.2,500,"sd","13:12:32",30200
22.1,-0.2,500,"sd","13:03:05",29700
22.1,-0.2,1000,"sd","13:00:03",29200
22.1,-0.2,500,"unknown","11:04:29",28200
22,-0.3,100,"sd","11:03:23",27700
22,-0.3,500,"bu","11:03:20",27600
22,-0.3,300,"bu","11:02:56",27100
22,-0.3,500,"bu","11:01:24",26800
22,-0.3,100,"bu","11:00:52",26300
22,-0.3,1500,"bu","10:59:48",26200
22,-0.3,100,"bu","10:53:58",24700
21.9,-0.4,3100,"sd","10:47:50",24600
21.9,-0.4,800,"sd","10:39:01",21500
22,-0.3,400,"bu","10:29:09",20700
22,-0.3,100,"bu","10:28:42",20300
21.9,-0.4,3500,"sd","10:27:07",20200
22,-0.3,3000,"sd","10:24:32",16700
22.1,-0.2,500,"bu","10:20:57",13700
22.1,-0.2,400,"bu","10:12:14",13200
22,-0.3,5000,"sd","10:07:43",12800
22.1,-0.2,200,"sd","10:06:37",7800
22.1,-0.2,100,"sd","10:05:56",7600
22.2,-0.1,100,"bu","10:00:55",7500
22.2,-0.1,200,"bu","10:00:29",7400
22.2,-0.1,400,"bu","09:58:52",7200
22.1,-0.2,500,"sd","09:56:29",6800
22.1,-0.2,100,"bu","09:56:17",6300
22.1,-0.2,1000,"sd","09:56:11",6200
22.2,-0.1,200,"bu","09:55:29",5200
22.2,-0.1,200,"bu","09:54:54",5000
22.1,-0.2,200,"sd","09:47:41",4800
22.3,0,500,"bu","09:40:37",4600
22.3,0,500,"bu","09:39:44",4100
22,-0.3,2000,"sd","09:39:43",3600
22,-0.3,1400,"sd","09:38:40",1600
22.3,0,200,"bu","09:35:34",200
