"price","change","match_qtty","side","time","total_vol"
52900,200,6000,"bu","14:45:00",64300
52700,0,500,"bu","14:29:59",58300
52700,0,2000,"bu","14:29:11",57800
52900,200,400,"bu","14:22:04",55800
52900,200,1900,"bu","14:22:04",55400
52900,200,100,"bu","14:21:34",53500
52600,-100,900,"sd","14:20:23",53400
52600,-100,600,"sd","14:17:33",52500
53000,300,100,"bu","14:09:40",51900
52900,200,5000,"bu","14:03:41",51800
53000,300,2300,"bu","13:58:37",46800
52900,200,2100,"bu","13:58:37",44500
52900,200,600,"bu","13:58:37",42400
53000,300,2000,"bu","13:53:47",41800
52900,200,100,"bu","13:53:47",39800
52700,0,2900,"bu","13:53:47",39700
52700,0,100,"bu","13:51:24",36800
52500,-200,500,"sd","13:51:02",36700
52500,-200,500,"sd","13:51:02",36200
52500,-200,400,"sd","13:50:33",35700
52500,-200,100,"sd","13:46:39",35300
52700,0,1000,"bu","13:41:29",35200
52700,0,1000,"bu","13:41:17",34200
52500,-200,100,"bu","13:23:39",33200
52500,-200,600,"sd","13:16:23",33100
52300,-400,300,"sd","13:02:48",32500
52300,-400,200,"sd","13:01:59",32200
52300,-400,3000,"sd","13:01:15",32000
52400,-300,200,"sd","13:00:55",29000
52400,-300,100,"sd","13:00:55",28800
52400,-300,1400,"sd","13:00:55",28700
52400,-300,1600,"sd","13:00:38",27300
52400,-300,2000,"sd","13:00:38",25700
52400,-300,100,"sd","13:00:38",23700
52500,-200,1000,"sd","13:00:38",23600
52700,0,200,"sd","13:00:38",22600
52700,0,100,"sd","13:00:38",22400
52700,0,500,"sd","11:25:17",22300
52700,0,500,"sd","11:25:17",21800
52700,0,500,"sd","11:25:17",21300
52700,0,200,"sd","11:25:17",20800
52700,0,100,"sd","11:25:17",20600
53000,300,2500,"bu","11:04:17",20500
53000,300,100,"bu","11:03:26",18000
53000,300,100,"bu","11:02:39",17900
53000,300,3000,"bu","11:02:39",17800
53000,300,1000,"bu","11:02:39",14800
53000,300,100,"bu","11:02:39",13800
53000,300,1000,"bu","11:02:39",13700
53000,300,400,"bu","11:02:39",12700
53000,300,10000,"bu","11:02:39",12300
52900,200,400,"bu","11:02:21",2300
52800,100,100,"bu","10:56:08",1900
52800,100,100,"bu","10:56:08",1800
52800,100,500,"bu","10:40:46",1700
52800,100,200,"bu","10:40:40",1200
52800,100,200,"bu","10:36:17",1000
52800,100,100,"bu","10:36:17",800
52800,100,200,"bu","10:36:17",700
52800,100,500,"bu","09:40:43",500
