"price","change","match_qtty","side","time","total_vol"
38300,900,100800,"unknown","14:45:00",3308800
38200,800,300,"bu","14:29:56",3208000
38200,800,3800,"bu","14:29:38",3207700
38200,800,200,"bu","14:29:38",3203900
38200,800,100,"bu","14:29:38",3203700
38200,800,100,"bu","14:29:38",3203600
38200,800,4800,"bu","14:29:38",3203500
38100,700,3000,"bu","14:29:32",3198700
38100,700,300,"bu","14:29:32",3195700
38100,700,100,"bu","14:29:30",3195400
38100,700,500,"bu","14:29:20",3195300
38100,700,1000,"bu","14:29:07",3194800
38100,700,2000,"bu","14:29:06",3193800
38100,700,200,"bu","14:29:05",3191800
38100,700,1000,"bu","14:29:03",3191600
38100,700,2700,"bu","14:29:00",3190600
38100,700,1000,"sd","14:28:58",3187900
38100,700,400,"sd","14:28:58",3186900
38100,700,800,"sd","14:28:58",3186500
38100,700,200,"sd","14:28:41",3185700
38100,700,2300,"sd","14:28:41",3185500
38200,800,500,"bu","14:28:39",3183200
38100,700,1700,"bu","14:28:21",3182700
38100,700,1000,"bu","14:28:08",3181000
38000,600,7200,"sd","14:28:05",3180000
38000,600,500,"sd","14:28:05",3172800
38000,600,500,"sd","14:28:05",3172300
38000,600,2900,"sd","14:28:05",3171800
38050,650,2900,"sd","14:28:05",3168900
38050,650,5000,"sd","14:28:03",3166000
38100,700,1900,"bu","14:27:59",3161000
38100,700,400,"bu","14:27:59",3159100
38200,800,2700,"bu","14:27:54",3158700
38200,800,1400,"bu","14:27:54",3156000
38200,800,400,"bu","14:27:54",3154600
38150,750,500,"bu","14:27:54",3154200
38100,700,4200,"sd","14:27:38",3153700
38100,700,5000,"sd","14:27:38",3149500
38100,700,1500,"sd","14:27:38",3144500
38100,700,100,"sd","14:27:38",3143000
38100,700,500,"sd","14:27:38",3142900
38100,700,7200,"sd","14:27:38",3142400
38200,800,1100,"bu","14:27:36",3135200
38150,750,500,"unknown","14:27:33",3134100
38150,750,500,"sd","14:27:30",3133600
38150,750,200,"sd","14:27:30",3133100
38200,800,500,"bu","14:27:17",3132900
38200,800,600,"bu","14:27:03",3132400
38200,800,2500,"bu","14:27:03",3131800
38200,800,400,"bu","14:27:01",3129300
38200,800,800,"bu","14:26:50",3128900
38200,800,3000,"bu","14:26:40",3128100
38200,800,100,"bu","14:26:28",3125100
38200,800,600,"bu","14:26:26",3125000
38200,800,500,"bu","14:26:26",3124400
38200,800,900,"bu","14:26:26",3123900
38150,750,100,"sd","14:26:26",3123000
38150,750,400,"sd","14:26:26",3122900
38200,800,100,"bu","14:26:25",3122400
38200,800,100,"bu","14:26:25",3122500
38150,750,500,"bu","14:26:11",3122300
38150,750,100,"bu","14:26:11",3121800
38100,700,2800,"sd","14:26:06",3121700
38100,700,200,"sd","14:26:06",3118900
38150,750,3900,"bu","14:26:06",3118700
38150,750,1000,"bu","14:26:06",3114800
38150,750,100,"bu","14:26:06",3113800
38150,750,100,"bu","14:26:00",3113700
38150,750,100,"bu","14:26:00",3113600
38100,700,100,"sd","14:25:53",3113500
38100,700,500,"bu","14:25:49",3113400
38100,700,100,"bu","14:25:49",3112900
38100,700,1100,"bu","14:25:49",3112800
38100,700,300,"bu","14:25:41",3111700
38050,650,6100,"sd","14:25:37",3111400
38050,650,100,"sd","14:25:37",3105300
38050,650,1900,"sd","14:25:37",3105200
38050,650,1000,"sd","14:25:37",3103300
38050,650,500,"sd","14:25:37",3102300
38050,650,100,"sd","14:25:37",3101800
38050,650,300,"sd","14:25:37",3101700
38100,700,1000,"bu","14:25:35",3101400
38100,700,600,"bu","14:25:30",3100400
38100,700,100,"bu","14:25:30",3099800
38100,700,400,"bu","14:25:26",3099700
38100,700,800,"bu","14:25:26",3099300
38100,700,100,"bu","14:25:26",3098500
38100,700,300,"bu","14:25:26",3098400
38100,700,100,"bu","14:25:20",3098100
38100,700,200,"bu","14:24:59",3098000
38100,700,600,"bu","14:24:59",3097800
38100,700,5000,"bu","14:24:59",3097200
38100,700,4500,"bu","14:24:59",3092200
38100,700,500,"bu","14:24:59",3087700
38050,650,700,"bu","14:24:55",3087200
38050,650,1000,"bu","14:24:53",3086500
38050,650,100,"sd","14:24:48",3085500
38050,650,4900,"bu","14:24:38",3085400
38000,600,1800,"sd","14:24:33",3080500
38000,600,300,"bu","14:24:17",3078700
38000,600,2700,"bu","14:24:11",3078400
38000,600,300,"bu","14:24:11",3075700
38000,600,100,"bu","14:24:10",3075400
38000,600,100,"bu","14:24:06",3075300
38000,600,500,"bu","14:24:06",3075200
38000,600,100,"bu","14:24:04",3074700
38000,600,500,"bu","14:24:00",3074600
38000,600,500,"bu","14:23:50",3074100
38000,600,1900,"bu","14:23:43",3073600
38000,600,700,"bu","14:23:43",3071700
38000,600,200,"bu","14:23:43",3071000
38000,600,200,"bu","14:23:43",3070800
38000,600,1800,"bu","14:23:43",3070600
38000,600,100,"bu","14:23:43",3068800
38000,600,200,"bu","14:23:43",3068700
37950,550,700,"bu","14:23:38",3068500
37950,550,200,"bu","14:23:38",3067800
37950,550,100,"bu","14:23:34",3067600
37950,550,800,"bu","14:23:31",3067500
37950,550,200,"bu","14:23:30",3066700
37950,550,500,"bu","14:23:23",3066500
37950,550,2000,"bu","14:23:16",3066000
37950,550,700,"bu","14:23:13",3064000
37950,550,800,"bu","14:23:09",3063300
37950,550,1100,"bu","14:23:09",3062500
37950,550,3100,"bu","14:23:09",3061400
37950,550,5000,"bu","14:23:02",3058300
37900,500,300,"sd","14:22:23",3053300
37850,450,3800,"bu","14:22:17",3053000
37850,450,1200,"bu","14:22:09",3049200
37800,400,400,"sd","14:22:07",3048000
37850,450,3000,"sd","14:22:07",3047600
37850,450,10000,"sd","14:22:07",3044600
37850,450,1700,"sd","14:22:07",3034600
37900,500,4900,"sd","14:22:07",3032900
37900,500,100,"bu","14:22:02",3028000
37900,500,100,"bu","14:22:01",3027900
37900,500,1000,"bu","14:22:01",3027800
37900,500,400,"bu","14:21:58",3026800
37900,500,3000,"bu","14:21:58",3026400
37900,500,2000,"bu","14:21:57",3023400
37900,500,500,"bu","14:21:55",3021400
37900,500,1000,"bu","14:21:49",3020900
37850,450,700,"sd","14:21:49",3019900
37900,500,2000,"bu","14:21:46",3019200
37900,500,2000,"bu","14:21:46",3017200
37900,500,300,"bu","14:21:46",3015200
37900,500,5000,"bu","14:21:34",3014900
37900,500,4700,"bu","14:21:27",3009900
37900,500,1000,"bu","14:21:27",3005200
37900,500,100,"bu","14:21:27",3004200
37900,500,4200,"bu","14:21:27",3004100
37850,450,200,"bu","14:21:10",2999900
37850,450,200,"bu","14:21:01",2999700
37850,450,2300,"bu","14:21:01",2999500
37850,450,1000,"bu","14:20:56",2997200
37850,450,600,"bu","14:20:55",2996200
37850,450,1100,"bu","14:20:54",2995600
37850,450,1100,"bu","14:20:54",2994500
37800,400,900,"bu","14:20:54",2993400
37800,400,3000,"sd","14:20:50",2992500
37800,400,500,"sd","14:20:50",2989500
37800,400,1500,"sd","14:20:50",2989000
37850,450,1000,"bu","14:20:48",2987500
37850,450,2000,"bu","14:20:38",2986500
37850,450,100,"bu","14:20:37",2984500
37850,450,1000,"sd","14:20:25",2984400
37850,450,4800,"sd","14:20:25",2983400
37900,500,1000,"bu","14:20:14",2978600
37850,450,200,"bu","14:20:08",2977600
37850,450,4300,"bu","14:20:07",2977400
37800,400,1000,"sd","14:20:05",2973100
37850,450,300,"bu","14:19:59",2972100
37800,400,1000,"sd","14:19:58",2971800
37850,450,400,"bu","14:19:57",2970800
37850,450,1000,"bu","14:19:57",2970400
37800,400,1500,"bu","14:19:45",2969400
37800,400,8500,"bu","14:19:20",2967900
37800,400,100,"bu","14:19:20",2959400
37800,400,100,"bu","14:19:20",2959300
37800,400,500,"bu","14:19:20",2959200
37800,400,500,"bu","14:19:20",2958700
37800,400,300,"bu","14:19:20",2958200
37650,250,400,"sd","14:19:14",2957900
37700,300,5000,"sd","14:19:14",2957500
37700,300,100,"sd","14:19:14",2952500
37700,300,2000,"sd","14:19:14",2952400
37700,300,5000,"sd","14:19:14",2950400
37700,300,3200,"sd","14:19:14",2945400
37700,300,500,"sd","14:19:14",2942200
37700,300,100,"sd","14:19:14",2941700
37700,300,900,"sd","14:19:14",2941600
37750,350,2800,"sd","14:19:14",2940700
37750,350,500,"bu","14:19:02",2937900
37750,350,6700,"bu","14:19:02",2937400
37700,300,4100,"bu","14:18:56",2930700
37700,300,900,"bu","14:18:51",2926600
37700,300,100,"bu","14:18:51",2925700
37700,300,500,"bu","14:18:50",2925600
37700,300,400,"bu","14:18:30",2925100
37700,300,4600,"bu","14:18:30",2924700
37700,300,400,"bu","14:18:24",2920100
37700,300,300,"bu","14:18:22",2919700
37700,300,100,"bu","14:18:21",2919400
37700,300,1000,"bu","14:18:14",2919300
37700,300,100,"bu","14:18:10",2918300
37600,200,200,"sd","14:18:06",2918200
37650,250,600,"sd","14:18:06",2918000
37600,200,100,"sd","14:18:06",2917400
37650,250,100,"sd","14:18:06",2917300
37650,250,500,"sd","14:18:06",2917200
37650,250,100,"sd","14:18:06",2916700
37650,250,100,"sd","14:18:06",2916600
37650,250,600,"sd","14:18:06",2916500
37650,250,2700,"sd","14:18:06",2915900
37700,300,10000,"sd","14:17:59",2913200
37650,250,2300,"sd","14:17:50",2903200
37650,250,300,"sd","14:17:50",2900900
37650,250,1300,"sd","14:17:50",2900600
37700,300,5000,"sd","14:17:50",2899300
37700,300,100,"sd","14:17:50",2894300
37700,300,500,"sd","14:17:50",2894200
37700,300,500,"sd","14:17:50",2893700
37750,350,500,"bu","14:17:49",2893200
37750,350,800,"sd","14:17:38",2892700
37750,350,3600,"sd","14:17:29",2891900
37750,350,600,"sd","14:17:25",2888300
37750,350,500,"sd","14:17:25",2887700
37750,350,500,"sd","14:17:25",2887200
37750,350,500,"sd","14:17:25",2886700
37750,350,100,"sd","14:17:25",2886200
37800,400,200,"bu","14:17:03",2886100
37800,400,2000,"bu","14:17:02",2885900
37800,400,100,"bu","14:17:01",2883900
37800,400,600,"bu","14:16:49",2883800
37800,400,200,"sd","14:16:41",2883200
37800,400,500,"sd","14:16:41",2883000
37800,400,100,"sd","14:16:41",2882500
37800,400,800,"sd","14:16:41",2882400
37800,400,200,"sd","14:16:41",2881600
37800,400,3800,"sd","14:16:34",2881400
37800,400,800,"sd","14:16:34",2877600
37800,400,4000,"sd","14:16:34",2876800
37800,400,100,"sd","14:16:34",2872800
37800,400,500,"sd","14:16:34",2872700
37800,400,800,"sd","14:16:34",2872200
37850,450,5000,"bu","14:16:33",2871400
37800,400,1800,"sd","14:16:25",2866400
37800,400,1000,"sd","14:16:09",2864600
37850,450,300,"bu","14:15:46",2863600
37800,400,200,"sd","14:15:41",2863300
37850,450,3200,"bu","14:15:41",2863100
37850,450,500,"bu","14:15:41",2859900
37850,450,300,"bu","14:15:41",2859400
37850,450,100,"bu","14:15:35",2859100
37850,450,100,"bu","14:15:23",2859000
37800,400,1200,"sd","14:15:16",2858900
37800,400,500,"sd","14:15:16",2857700
37800,400,1000,"sd","14:15:16",2857200
37850,450,500,"bu","14:15:13",2856200
37800,400,2000,"sd","14:15:09",2855700
37800,400,100,"sd","14:15:09",2853700
37800,400,100,"sd","14:15:09",2853600
37800,400,400,"sd","14:15:09",2853500
37800,400,400,"sd","14:15:09",2853100
37850,450,500,"bu","14:14:44",2852700
37850,450,100,"bu","14:14:37",2852200
37850,450,500,"sd","14:14:05",2852100
37850,450,4400,"sd","14:14:05",2851600
37850,450,9000,"sd","14:13:59",2847200
37850,450,600,"sd","14:13:59",2838200
37850,450,400,"sd","14:13:59",2837600
37850,450,10000,"sd","14:13:58",2837200
37850,450,1000,"sd","14:13:55",2827200
37850,450,500,"sd","14:13:55",2826200
37850,450,5000,"sd","14:13:55",2825700
37850,450,500,"sd","14:13:55",2820700
37850,450,1200,"sd","14:13:55",2820200
37850,450,300,"sd","14:13:55",2819000
37850,450,500,"sd","14:13:55",2818700
37850,450,1000,"sd","14:13:55",2818200
37850,450,400,"sd","14:13:30",2817200
37900,500,600,"bu","14:13:24",2816800
37900,500,500,"bu","14:12:55",2816200
37900,500,1200,"sd","14:12:52",2815700
37900,500,800,"bu","14:12:51",2814500
37900,500,200,"sd","14:12:42",2813700
37900,500,200,"bu","14:12:42",2813500
37900,500,100,"bu","14:12:42",2813300
37900,500,500,"sd","14:12:22",2813200
37900,500,1400,"sd","14:12:22",2812700
37900,500,300,"bu","14:12:18",2811300
37900,500,2000,"bu","14:12:18",2811000
37900,500,300,"sd","14:12:14",2809000
37900,500,200,"sd","14:12:14",2808700
37900,500,5000,"sd","14:12:12",2808500
37900,500,3000,"sd","14:11:57",2803500
37900,500,300,"bu","14:11:54",2800500
37900,500,5000,"bu","14:11:54",2800200
37900,500,1300,"bu","14:11:54",2795200
37900,500,600,"bu","14:11:54",2793900
37900,500,1700,"bu","14:11:44",2793300
37900,500,800,"sd","14:11:43",2791600
37950,550,600,"bu","14:11:40",2790800
37900,500,500,"sd","14:11:38",2790200
37900,500,300,"sd","14:11:38",2789700
37900,500,1000,"sd","14:11:38",2789400
37900,500,300,"sd","14:11:38",2788400
37900,500,2000,"sd","14:11:38",2788100
37900,500,400,"sd","14:11:38",2786100
37900,500,700,"sd","14:11:38",2785700
37900,500,2000,"sd","14:11:38",2785000
37900,500,2800,"sd","14:11:38",2783000
37950,550,100,"bu","14:11:21",2780200
37950,550,500,"bu","14:11:01",2780100
37950,550,700,"sd","14:10:51",2779600
37950,550,500,"sd","14:10:51",2778900
37950,550,4300,"sd","14:10:47",2778400
37950,550,500,"sd","14:10:47",2774100
37950,550,100,"sd","14:10:47",2773600
37950,550,500,"sd","14:10:47",2773500
37950,550,600,"sd","14:10:47",2773000
38000,600,5000,"bu","14:10:43",2772400
38000,600,500,"bu","14:10:38",2767400
38000,600,1800,"bu","14:10:29",2766900
38000,600,1000,"bu","14:10:29",2765100
38000,600,1700,"bu","14:10:29",2764100
38000,600,100,"sd","14:10:00",2762400
38000,600,200,"sd","14:10:00",2762300
38000,600,3000,"sd","14:10:00",2762100
38050,650,300,"bu","14:10:00",2759100
38000,600,1000,"sd","14:09:57",2758800
38000,600,100,"sd","14:09:57",2757800
38000,600,100,"sd","14:09:57",2757700
38000,600,1000,"sd","14:09:57",2757600
38000,600,1900,"sd","14:09:57",2756600
38000,600,5900,"sd","14:09:57",2754700
38000,600,100,"sd","14:09:54",2748800
38050,650,500,"bu","14:09:48",2748700
38050,650,300,"sd","14:09:48",2748200
38050,650,3000,"sd","14:09:45",2747900
38150,750,500,"bu","14:09:40",2744900
38150,750,300,"bu","14:09:17",2744400
38150,750,300,"bu","14:09:09",2744100
38050,650,2000,"sd","14:09:07",2743800
38050,650,500,"sd","14:09:07",2741800
38050,650,300,"sd","14:09:07",2741300
38050,650,1500,"sd","14:09:07",2741000
38100,700,500,"sd","14:09:07",2739500
38100,700,100,"sd","14:09:07",2739000
38100,700,100,"sd","14:09:07",2738900
38100,700,200,"sd","14:08:57",2738800
38100,700,800,"sd","14:08:57",2738600
38150,750,300,"bu","14:08:55",2737800
38150,750,200,"bu","14:08:55",2737500
38150,750,500,"bu","14:08:55",2737300
38150,750,300,"bu","14:08:53",2736800
38150,750,600,"bu","14:08:52",2736500
38150,750,300,"bu","14:08:52",2735900
38150,750,100,"bu","14:08:52",2735600
38150,750,100,"bu","14:08:52",2735500
38150,750,100,"bu","14:08:52",2735400
38150,750,100,"bu","14:08:52",2735300
38150,750,2700,"bu","14:08:52",2735200
38100,700,200,"sd","14:08:51",2732500
38100,700,500,"sd","14:08:51",2732300
38100,700,1000,"sd","14:08:51",2731800
38100,700,2300,"sd","14:08:51",2730800
38150,750,500,"bu","14:08:42",2728500
38150,750,500,"bu","14:08:36",2728000
38100,700,100,"sd","14:08:34",2727500
38150,750,500,"bu","14:08:27",2727400
38100,700,1000,"sd","14:08:20",2726900
38150,750,5000,"bu","14:08:12",2725900
38100,700,100,"sd","14:08:10",2720900
38100,700,2500,"sd","14:08:10",2720800
38100,700,500,"sd","14:08:05",2718300
38100,700,500,"sd","14:07:59",2717800
38100,700,100,"sd","14:07:53",2717300
38100,700,1000,"sd","14:07:43",2717200
38100,700,1000,"sd","14:07:42",2716200
38100,700,900,"bu","14:07:24",2715200
38100,700,100,"sd","14:07:19",2714300
38150,750,500,"bu","14:07:13",2714200
38150,750,300,"bu","14:06:57",2713700
38150,750,100,"bu","14:06:57",2713400
38100,700,100,"bu","14:06:57",2713300
38100,700,500,"bu","14:06:57",2713200
38050,650,500,"bu","14:06:53",2712700
38050,650,500,"sd","14:06:53",2712200
38100,700,100,"bu","14:06:52",2711700
38050,650,300,"bu","14:06:50",2711600
38050,650,100,"bu","14:06:50",2711300
38050,650,100,"bu","14:06:50",2711200
38050,650,9000,"bu","14:06:50",2711100
38000,600,1800,"sd","14:06:47",2702100
38050,650,1000,"bu","14:06:42",2700300
38050,650,200,"bu","14:06:36",2699300
38000,600,500,"bu","14:06:36",2699100
38000,600,3000,"bu","14:06:36",2698600
38000,600,100,"bu","14:06:36",2695600
38000,600,300,"bu","14:06:36",2695500
38000,600,700,"bu","14:06:36",2695200
38000,600,2000,"bu","14:06:36",2694500
38000,600,500,"bu","14:06:36",2692500
38000,600,500,"bu","14:06:36",2692000
38000,600,100,"bu","14:06:36",2691500
38000,600,500,"bu","14:06:36",2691400
38000,600,100,"bu","14:06:36",2690900
38000,600,500,"bu","14:06:36",2690800
38000,600,1000,"bu","14:06:36",2690300
38000,600,100,"bu","14:06:36",2689300
38000,600,100,"bu","14:06:36",2689200
38000,600,300,"bu","14:06:36",2689100
38000,600,100,"bu","14:06:36",2688800
38000,600,300,"bu","14:06:36",2688700
38000,600,500,"bu","14:06:36",2688400
38000,600,100,"bu","14:06:36",2687900
38000,600,100,"bu","14:06:36",2687800
38000,600,2000,"bu","14:06:36",2687700
38000,600,100,"bu","14:06:36",2685700
38000,600,10000,"bu","14:06:36",2685600
38000,600,500,"bu","14:06:36",2675600
38000,600,700,"bu","14:06:36",2675100
38000,600,3500,"bu","14:06:36",2674400
38000,600,1300,"bu","14:06:32",2670900
38000,600,100,"bu","14:06:32",2669600
38000,600,3000,"bu","14:06:32",2669500
38000,600,100,"bu","14:06:32",2666500
38000,600,100,"bu","14:06:32",2666400
38000,600,2000,"bu","14:06:32",2666300
38000,600,1400,"bu","14:06:32",2664300
38000,600,1200,"bu","14:06:32",2662900
37950,550,400,"bu","14:06:32",2661700
37950,550,1400,"bu","14:06:32",2661300
37950,550,1000,"sd","14:06:21",2659900
37950,550,1500,"sd","14:06:21",2658900
37950,550,100,"sd","14:06:21",2657400
37950,550,100,"sd","14:06:21",2657300
37950,550,100,"sd","14:06:21",2657200
37950,550,4000,"sd","14:06:21",2657100
37950,550,1800,"sd","14:06:21",2653100
37950,550,1200,"sd","14:06:17",2651300
37950,550,3800,"sd","14:06:17",2650100
37950,550,200,"sd","14:06:09",2646300
38000,600,100,"bu","14:06:03",2646100
38000,600,5000,"bu","14:06:03",2646000
38000,600,900,"bu","14:05:57",2641000
38000,600,100,"bu","14:05:54",2640100
38000,600,500,"bu","14:05:51",2640000
38000,600,2100,"bu","14:05:47",2639500
38000,600,1000,"bu","14:05:38",2637400
38000,600,500,"bu","14:05:32",2636400
38000,600,2000,"bu","14:05:32",2635900
38000,600,2500,"bu","14:05:28",2633900
38000,600,500,"bu","14:05:16",2631400
38000,600,100,"bu","14:04:55",2630900
38000,600,500,"bu","14:04:51",2630800
37950,550,1000,"sd","14:04:47",2630300
37950,550,500,"sd","14:04:46",2629300
37950,550,500,"bu","14:04:31",2628800
37950,550,100,"sd","14:04:26",2628300
37950,550,200,"bu","14:04:20",2628200
38000,600,1000,"bu","14:04:07",2628000
38000,600,5000,"bu","14:04:04",2627000
37900,500,1000,"sd","14:04:03",2622000
37900,500,2500,"sd","14:04:03",2621000
37900,500,500,"sd","14:04:03",2618500
37950,550,200,"sd","14:04:03",2618000
37950,550,500,"sd","14:04:03",2617800
37950,550,2000,"sd","14:04:03",2617300
37900,500,2200,"sd","14:04:03",2615300
37900,500,1100,"sd","14:04:03",2613100
38000,600,200,"bu","14:04:01",2612000
38000,600,2400,"bu","14:04:00",2611800
38000,600,500,"bu","14:04:00",2609400
38000,600,600,"bu","14:04:00",2608900
38000,600,2500,"bu","14:03:47",2608300
37950,550,500,"sd","14:03:44",2605800
37950,550,900,"sd","14:03:41",2605300
38000,600,200,"bu","14:03:36",2604400
38000,600,100,"bu","14:03:36",2604200
38000,600,700,"bu","14:03:36",2604100
38000,600,300,"bu","14:03:30",2603400
38000,600,500,"bu","14:03:29",2603100
38000,600,2000,"bu","14:03:08",2602600
37950,550,100,"bu","14:03:01",2600600
37950,550,100,"bu","14:03:01",2600500
37950,550,300,"bu","14:03:01",2600400
37950,550,100,"bu","14:02:59",2600100
37950,550,100,"bu","14:02:53",2600000
37950,550,2300,"bu","14:02:46",2599900
37950,550,200,"bu","14:02:33",2597600
37950,550,500,"bu","14:02:29",2597400
37950,550,600,"bu","14:02:14",2596900
37950,550,100,"bu","14:02:14",2596300
37950,550,900,"bu","14:02:14",2596200
37900,500,500,"sd","14:01:51",2595300
37950,550,1000,"bu","14:01:47",2594800
37950,550,100,"bu","14:01:42",2593800
37950,550,100,"bu","14:01:40",2593700
37950,550,100,"bu","14:01:37",2593600
37950,550,1000,"bu","14:01:29",2593500
37950,550,800,"bu","14:01:27",2592500
37950,550,600,"bu","14:01:26",2591700
37950,550,1400,"bu","14:01:24",2591100
37950,550,8600,"bu","14:01:24",2589700
37950,550,1000,"bu","14:01:15",2581100
37950,550,400,"bu","14:01:14",2580100
37950,550,500,"bu","14:01:14",2579700
37950,550,100,"bu","14:00:55",2579200
37900,500,1000,"bu","14:00:41",2579100
37900,500,200,"bu","14:00:41",2578100
37900,500,100,"bu","14:00:41",2577900
37900,500,1500,"bu","14:00:41",2577800
37900,500,2100,"bu","14:00:41",2576300
37900,500,100,"bu","14:00:41",2574200
37900,500,2000,"bu","14:00:40",2574100
37900,500,100,"bu","14:00:38",2572100
37900,500,100,"bu","14:00:38",2572000
37900,500,5700,"bu","14:00:32",2571900
37900,500,2000,"bu","14:00:32",2566200
37900,500,200,"bu","14:00:32",2564200
37900,500,100,"bu","14:00:32",2564000
37850,450,100,"sd","14:00:24",2563900
37850,450,100,"sd","14:00:20",2563800
37850,450,100,"sd","14:00:15",2563700
37850,450,100,"sd","14:00:14",2563600
37850,450,200,"sd","14:00:11",2563500
37850,450,100,"sd","13:59:38",2563300
37850,450,100,"sd","13:59:37",2563200
37850,450,100,"sd","13:59:37",2563100
37850,450,100,"bu","13:59:26",2563000
37850,450,100,"bu","13:59:26",2562900
37850,450,800,"bu","13:59:26",2562800
37850,450,300,"bu","13:59:26",2562000
37850,450,900,"bu","13:59:26",2561700
37850,450,100,"bu","13:59:26",2560800
37850,450,500,"bu","13:59:24",2560700
37850,450,500,"bu","13:59:24",2560200
37850,450,2000,"bu","13:59:22",2559700
37850,450,2900,"bu","13:59:16",2557700
37850,450,6900,"bu","13:59:16",2554800
37850,450,200,"bu","13:59:16",2547900
37850,450,100,"bu","13:59:13",2547700
37850,450,2000,"bu","13:59:13",2547600
37800,400,100,"sd","13:59:06",2545600
37800,400,100,"sd","13:59:02",2545500
37800,400,1900,"bu","13:58:56",2545400
37800,400,5000,"bu","13:58:56",2543500
37800,400,500,"bu","13:58:56",2538500
37800,400,500,"bu","13:58:56",2538000
37800,400,100,"bu","13:58:56",2537500
37800,400,200,"bu","13:58:56",2537400
37800,400,200,"bu","13:58:56",2537200
37800,400,500,"bu","13:58:56",2537000
37750,350,200,"bu","13:58:42",2536500
37750,350,1500,"bu","13:58:42",2536300
37750,350,3500,"bu","13:58:35",2534800
37750,350,100,"bu","13:58:35",2531300
37750,350,500,"bu","13:58:35",2531200
37750,350,900,"bu","13:58:35",2530700
37750,350,100,"bu","13:58:23",2529800
37700,300,1100,"bu","13:57:59",2529700
37700,300,1000,"bu","13:57:58",2528600
37700,300,6900,"bu","13:57:47",2527600
37700,300,1000,"bu","13:57:43",2520700
37650,250,2000,"sd","13:57:28",2519700
37650,250,500,"sd","13:57:16",2517700
37650,250,300,"sd","13:57:05",2517200
37650,250,900,"sd","13:56:52",2516900
37650,250,1000,"sd","13:56:51",2516000
37700,300,1000,"sd","13:56:51",2515000
37700,300,1000,"sd","13:56:51",2514000
37700,300,100,"sd","13:56:51",2513000
37700,300,6700,"unknown","13:56:32",2512900
37700,300,1000,"bu","13:56:23",2506200
37700,300,500,"bu","13:56:20",2505200
37700,300,1800,"sd","13:56:13",2504700
37700,300,1000,"sd","13:56:04",2502900
37700,300,1000,"sd","13:56:04",2501900
37700,300,4000,"bu","13:55:56",2500900
37700,300,5000,"bu","13:55:51",2496900
37750,350,500,"sd","13:55:39",2491900
37800,400,500,"sd","13:55:39",2491400
37800,400,1000,"bu","13:55:33",2490900
37800,400,100,"bu","13:55:33",2489900
37800,400,100,"bu","13:55:28",2489800
37800,400,100,"bu","13:55:28",2489700
37800,400,100,"bu","13:55:28",2489600
37800,400,1800,"bu","13:55:24",2489500
37800,400,6100,"bu","13:55:24",2487700
37800,400,2100,"bu","13:55:24",2481600
37800,400,300,"bu","13:55:13",2479500
37800,400,6000,"bu","13:55:13",2479200
37800,400,2000,"bu","13:55:13",2473200
37800,400,900,"bu","13:55:13",2471200
37800,400,100,"bu","13:55:13",2470300
37800,400,1000,"bu","13:55:13",2470200
37800,400,1000,"bu","13:55:13",2469200
37800,400,500,"bu","13:55:13",2468200
37800,400,1000,"bu","13:55:13",2467700
37800,400,3000,"bu","13:55:13",2466700
37800,400,200,"bu","13:55:13",2463700
37800,400,300,"bu","13:55:13",2463500
37800,400,500,"bu","13:55:13",2463200
37800,400,100,"bu","13:55:13",2462700
37800,400,5000,"bu","13:55:13",2462600
37800,400,100,"bu","13:55:13",2457600
37800,400,200,"bu","13:55:13",2457500
37800,400,3000,"bu","13:55:13",2457300
37800,400,100,"bu","13:55:13",2454300
37800,400,5000,"bu","13:55:13",2454200
37750,350,200,"bu","13:55:13",2449200
37750,350,100,"bu","13:55:13",2439700
37750,350,100,"bu","13:55:13",2449000
37750,350,100,"bu","13:55:13",2448900
37750,350,5000,"bu","13:55:13",2448800
37750,350,3000,"bu","13:55:13",2443800
37750,350,500,"bu","13:55:13",2440800
37750,350,500,"bu","13:55:13",2440300
37750,350,100,"bu","13:55:13",2439800
37700,300,200,"bu","13:55:13",2439600
37700,300,400,"bu","13:55:13",2439400
37700,300,1000,"bu","13:55:13",2439000
37700,300,1000,"bu","13:55:13",2438000
37700,300,1000,"bu","13:55:13",2437000
37700,300,3200,"bu","13:55:13",2436000
37700,300,100,"bu","13:55:13",2432800
37700,300,3000,"bu","13:55:13",2432700
37700,300,200,"bu","13:55:13",2429700
37650,250,500,"bu","13:54:59",2429500
37650,250,300,"bu","13:54:52",2429000
37650,250,500,"bu","13:54:52",2428700
37650,250,400,"bu","13:54:52",2428200
37600,200,200,"bu","13:54:36",2427800
37600,200,500,"unknown","13:54:24",2427600
37600,200,200,"bu","13:54:24",2427100
37600,200,100,"bu","13:54:24",2426900
37600,200,500,"bu","13:54:24",2426800
37600,200,700,"bu","13:54:24",2426300
37600,200,500,"bu","13:54:16",2425600
37600,200,600,"bu","13:54:08",2425100
37600,200,100,"bu","13:54:08",2424500
37600,200,100,"bu","13:54:08",2424400
37600,200,200,"bu","13:54:08",2424300
37550,150,2700,"sd","13:52:51",2424100
37600,200,300,"bu","13:52:45",2421400
37600,200,300,"bu","13:52:45",2421100
37550,150,200,"sd","13:52:41",2420800
37550,150,300,"sd","13:52:40",2420600
37550,150,500,"sd","13:52:40",2420300
37550,150,500,"sd","13:52:40",2419800
37550,150,500,"bu","13:52:40",2419300
37500,100,500,"sd","13:52:32",2418800
37500,100,3500,"sd","13:52:32",2418300
37500,100,10000,"sd","13:52:32",2414800
37500,100,1500,"sd","13:52:32",2404800
37500,100,300,"sd","13:52:32",2403300
37500,100,100,"sd","13:52:32",2403000
37500,100,500,"sd","13:52:32",2402900
37500,100,100,"sd","13:52:32",2402400
37500,100,4700,"sd","13:52:32",2402300
37500,100,1000,"sd","13:52:32",2397600
37500,100,1800,"sd","13:52:32",2396600
37550,150,500,"bu","13:52:22",2394800
37550,150,1500,"bu","13:52:22",2394300
37550,150,500,"bu","13:52:22",2392800
37550,150,7500,"bu","13:52:22",2392300
37550,150,600,"bu","13:52:13",2384800
37550,150,1000,"sd","13:51:57",2384200
37550,150,100,"sd","13:51:57",2383200
37550,150,600,"sd","13:51:57",2383100
37550,150,7700,"sd","13:51:57",2382500
37550,150,200,"sd","13:51:57",2374800
37550,150,300,"sd","13:51:57",2374600
37550,150,1500,"sd","13:51:57",2374300
37550,150,600,"sd","13:51:57",2372800
37550,150,1000,"sd","13:51:50",2372200
37550,150,100,"sd","13:51:29",2371200
37550,150,1000,"sd","13:51:24",2371100
37550,150,200,"sd","13:51:22",2370100
37550,150,10000,"sd","13:51:17",2369900
37600,200,300,"bu","13:51:14",2359900
37600,200,1000,"bu","13:51:12",2359600
37600,200,100,"bu","13:50:50",2358600
37550,150,2000,"sd","13:49:59",2358500
37550,150,400,"sd","13:49:59",2356500
37550,150,600,"sd","13:49:59",2356100
37550,150,1000,"sd","13:49:49",2355500
37550,150,400,"sd","13:49:32",2354500
37550,150,1000,"sd","13:49:32",2354100
37550,150,100,"sd","13:49:32",2353100
37550,150,100,"sd","13:49:32",2353000
37550,150,1000,"sd","13:49:32",2352900
37550,150,5000,"sd","13:49:32",2351900
37550,150,2400,"sd","13:49:32",2346900
37550,150,2000,"sd","13:49:05",2344500
37600,200,100,"bu","13:49:04",2342500
37600,200,300,"bu","13:48:42",2342400
37550,150,300,"sd","13:48:03",2342100
37550,150,300,"sd","13:47:55",2341800
37550,150,200,"sd","13:47:55",2341500
37550,150,2700,"sd","13:47:49",2341300
37550,150,300,"sd","13:47:49",2338600
37550,150,5000,"sd","13:47:49",2338300
37550,150,100,"sd","13:47:49",2333300
37550,150,200,"sd","13:47:49",2333200
37550,150,500,"sd","13:47:49",2333000
37550,150,100,"sd","13:47:49",2332500
37550,150,100,"sd","13:47:49",2332400
37550,150,500,"sd","13:47:49",2332300
37550,150,500,"sd","13:47:49",2331800
37550,150,200,"sd","13:47:03",2331300
37600,200,300,"bu","13:47:00",2331100
37550,150,100,"sd","13:46:53",2330800
37600,200,1000,"bu","13:46:44",2330700
37600,200,2700,"bu","13:46:29",2329700
37600,200,100,"bu","13:46:29",2327000
37600,200,2200,"bu","13:46:29",2326900
37550,150,1000,"sd","13:46:12",2324700
37550,150,300,"sd","13:46:02",2323700
37550,150,1000,"sd","13:45:50",2323400
37550,150,1000,"sd","13:45:49",2322400
37550,150,2000,"sd","13:45:33",2321400
37550,150,1000,"sd","13:45:18",2319400
37550,150,1000,"sd","13:44:56",2318400
37550,150,10000,"sd","13:44:44",2317400
37550,150,100,"unknown","13:44:04",2307400
37550,150,1300,"unknown","13:44:04",2307300
37550,150,200,"unknown","13:44:04",2306000
37550,150,100,"bu","13:44:04",2305800
37550,150,200,"bu","13:44:04",2305700
37500,100,500,"sd","13:43:45",2305500
37500,100,100,"sd","13:43:32",2305000
37500,100,400,"sd","13:43:32",2304900
37500,100,1000,"sd","13:43:32",2304500
37500,100,500,"sd","13:43:32",2303500
37500,100,1000,"sd","13:43:32",2303000
37500,100,1000,"sd","13:43:32",2302000
37500,100,2000,"sd","13:43:32",2301000
37500,100,600,"sd","13:43:27",2299000
37500,100,3400,"sd","13:43:27",2298400
37500,100,200,"sd","13:43:11",2295000
37550,150,200,"bu","13:42:30",2294800
37500,100,100,"bu","13:41:57",2294600
37500,100,2000,"bu","13:41:57",2294500
37500,100,400,"bu","13:41:57",2292500
37500,100,1000,"bu","13:41:57",2292100
37500,100,2800,"bu","13:41:57",2291100
37500,100,1000,"bu","13:41:54",2288300
37450,50,600,"sd","13:41:51",2287300
37450,50,6100,"sd","13:41:51",2286700
37450,50,1000,"sd","13:41:51",2280600
37450,50,2300,"sd","13:41:51",2279600
37500,100,2700,"bu","13:41:50",2277300
37500,100,4200,"bu","13:41:49",2274600
37500,100,1000,"bu","13:41:49",2270400
37500,100,500,"bu","13:41:44",2269400
37450,50,2700,"sd","13:41:43",2268900
37450,50,5800,"sd","13:41:43",2266200
37450,50,1000,"sd","13:41:43",2260400
37450,50,500,"sd","13:41:43",2259400
37500,100,5000,"bu","13:41:43",2258900
37500,100,2000,"bu","13:41:19",2253900
37500,100,100,"bu","13:41:17",2251900
37500,100,500,"bu","13:41:07",2251800
37500,100,4700,"bu","13:40:49",2251300
37500,100,500,"sd","13:40:44",2246600
37500,100,2000,"sd","13:40:44",2246100
37500,100,300,"sd","13:40:44",2244100
37500,100,100,"sd","13:40:44",2243800
37500,100,1000,"sd","13:40:44",2243700
37500,100,2000,"sd","13:40:44",2242700
37500,100,100,"sd","13:40:44",2240700
37500,100,100,"sd","13:40:44",2240600
37550,150,800,"sd","13:40:40",2240500
37550,150,200,"sd","13:40:33",2239700
37550,150,500,"sd","13:40:33",2239500
37550,150,100,"sd","13:40:33",2239000
37550,150,100,"sd","13:40:19",2238900
37550,150,100,"bu","13:40:09",2238800
37550,150,500,"bu","13:40:09",2238700
37500,100,500,"sd","13:39:25",2238200
37500,100,400,"bu","13:39:11",2237700
37500,100,1000,"bu","13:38:58",2237300
37500,100,5000,"bu","13:38:47",2236300
37500,100,100,"bu","13:38:28",2231300
37500,100,1000,"bu","13:38:28",2231200
37500,100,100,"sd","13:38:28",2230200
37500,100,400,"sd","13:38:28",2230100
37500,100,900,"sd","13:38:22",2229700
37550,150,100,"sd","13:38:22",2228800
37550,150,4900,"bu","13:38:21",2228700
37500,100,100,"sd","13:38:18",2223800
37550,150,100,"sd","13:38:06",2223700
37550,150,5000,"sd","13:38:06",2223600
37600,200,100,"bu","13:38:01",2218600
37600,200,1200,"sd","13:38:00",2218500
37600,200,400,"sd","13:38:00",2217300
37600,200,7700,"sd","13:38:00",2216900
37650,250,100,"bu","13:37:53",2209200
37650,250,1000,"bu","13:37:52",2209100
37600,200,800,"sd","13:37:43",2208100
37600,200,800,"bu","13:37:37",2207300
37600,200,700,"bu","13:37:37",2206500
37600,200,200,"bu","13:37:30",2205800
37600,200,1000,"bu","13:37:25",2205600
37600,200,100,"bu","13:37:24",2204600
37600,200,1000,"bu","13:37:24",2204500
37600,200,800,"bu","13:37:24",2203500
37600,200,3100,"bu","13:37:24",2202700
37600,200,1200,"bu","13:37:24",2199600
37600,200,300,"bu","13:37:24",2198400
37600,200,500,"bu","13:37:24",2198100
37550,150,300,"sd","13:37:17",2197600
37600,200,500,"bu","13:37:13",2197300
37550,150,2000,"bu","13:37:11",2196800
37550,150,400,"bu","13:37:11",2194800
37550,150,200,"bu","13:37:11",2194400
37550,150,3000,"bu","13:37:11",2194200
37550,150,1000,"bu","13:37:11",2191200
37550,150,200,"bu","13:37:11",2190200
37550,150,1000,"bu","13:37:11",2190000
37550,150,100,"bu","13:37:11",2189000
37550,150,200,"bu","13:37:11",2188900
37550,150,400,"bu","13:37:11",2188700
37550,150,2600,"bu","13:37:11",2188300
37500,100,100,"sd","13:36:57",2185700
37500,100,2600,"bu","13:36:51",2185600
37500,100,4000,"bu","13:36:49",2183000
37500,100,3000,"bu","13:36:43",2179000
37500,100,400,"bu","13:36:42",2176000
37500,100,100,"bu","13:36:42",2175600
37500,100,200,"bu","13:36:41",2175500
37500,100,300,"bu","13:36:32",2175300
37500,100,200,"bu","13:36:32",2175000
37500,100,300,"bu","13:36:26",2174800
37500,100,400,"bu","13:36:26",2174500
37500,100,1100,"bu","13:36:20",2174100
37500,100,100,"bu","13:36:20",2173000
37500,100,100,"bu","13:36:20",2172900
37500,100,400,"bu","13:36:16",2172800
37500,100,300,"bu","13:36:15",2172400
37500,100,500,"bu","13:36:13",2172100
37500,100,700,"bu","13:36:06",2171600
37500,100,300,"bu","13:36:06",2170900
37500,100,200,"bu","13:36:06",2170600
37450,50,100,"sd","13:35:46",2170400
37450,50,100,"bu","13:35:45",2170300
37450,50,1000,"bu","13:35:45",2170200
37450,50,100,"bu","13:35:45",2169200
37450,50,100,"bu","13:35:45",2169100
37450,50,5000,"bu","13:35:45",2169000
37450,50,5000,"bu","13:35:45",2164000
37450,50,1000,"bu","13:35:45",2159000
37350,-50,500,"sd","13:35:25",2158000
37350,-50,300,"sd","13:35:02",2157500
37350,-50,100,"sd","13:34:32",2157200
37350,-50,1000,"sd","13:34:14",2157100
37350,-50,600,"bu","13:33:50",2156100
37350,-50,1000,"bu","13:33:48",2155500
37350,-50,400,"sd","13:33:44",2154500
37350,-50,3000,"sd","13:33:44",2154100
37400,0,5000,"sd","13:33:44",2151100
37400,0,200,"sd","13:33:41",2146100
37450,50,200,"bu","13:33:32",2145900
37450,50,300,"bu","13:33:09",2145700
37400,0,100,"bu","13:33:01",2145400
37400,0,200,"bu","13:33:01",2145300
37400,0,300,"bu","13:32:55",2145100
37400,0,200,"bu","13:32:49",2144800
37400,0,300,"bu","13:32:49",2144600
37300,-100,2200,"sd","13:32:37",2144300
37300,-100,400,"sd","13:32:37",2142100
37300,-100,1000,"sd","13:32:37",2141700
37300,-100,100,"sd","13:32:37",2140700
37300,-100,400,"sd","13:32:37",2140600
37300,-100,1000,"sd","13:32:37",2140200
37300,-100,100,"sd","13:32:37",2139200
37300,-100,500,"sd","13:32:37",2139100
37300,-100,1000,"sd","13:32:37",2138600
37300,-100,1400,"sd","13:32:37",2137600
37300,-100,100,"sd","13:32:37",2136200
37300,-100,100,"sd","13:32:37",2136100
37300,-100,300,"sd","13:32:37",2136000
37300,-100,1400,"sd","13:32:37",2135700
37350,-50,100,"bu","13:32:30",2134300
37350,-50,1000,"bu","13:32:21",2134200
37350,-50,100,"bu","13:32:21",2133200
37350,-50,500,"bu","13:32:21",2133100
37350,-50,8100,"bu","13:32:21",2132600
37350,-50,10000,"bu","13:32:19",2124500
37350,-50,1000,"bu","13:31:35",2114500
37350,-50,200,"bu","13:31:33",2113500
37350,-50,100,"bu","13:31:31",2113300
37350,-50,300,"bu","13:30:35",2113200
37300,-100,100,"sd","13:30:32",2112900
37350,-50,300,"sd","13:29:48",2112800
37350,-50,100,"sd","13:29:36",2112500
37350,-50,8900,"sd","13:29:36",2112400
37350,-50,1100,"bu","13:29:15",2103500
37350,-50,300,"sd","13:29:13",2102400
37350,-50,200,"sd","13:29:13",2102100
37350,-50,100,"sd","13:29:13",2101900
37350,-50,400,"bu","13:28:35",2101800
37300,-100,1000,"sd","13:28:15",2101400
37300,-100,1500,"sd","13:28:15",2100400
37300,-100,500,"sd","13:28:15",2098900
37300,-100,400,"bu","13:28:15",2098400
37300,-100,100,"bu","13:28:15",2098000
37250,-150,200,"sd","13:27:53",2097900
37250,-150,300,"sd","13:27:47",2097700
37250,-150,200,"sd","13:27:42",2097400
37250,-150,100,"sd","13:27:42",2097200
37250,-150,200,"sd","13:27:42",2097100
37250,-150,1500,"sd","13:27:42",2096900
37250,-150,100,"sd","13:27:20",2095400
37250,-150,1500,"sd","13:27:14",2095300
37250,-150,1900,"sd","13:27:11",2093800
37250,-150,1000,"sd","13:27:11",2091900
37250,-150,1000,"sd","13:27:11",2090900
37250,-150,1100,"sd","13:27:11",2089900
37250,-150,200,"sd","13:26:55",2088800
37250,-150,200,"sd","13:26:44",2088600
37250,-150,300,"sd","13:26:39",2088400
37300,-100,100,"bu","13:26:10",2088100
37250,-150,1900,"sd","13:26:00",2088000
37300,-100,100,"bu","13:25:51",2086100
37300,-100,500,"bu","13:25:32",2086000
37300,-100,200,"bu","13:25:17",2085500
37300,-100,100,"bu","13:25:17",2085300
37300,-100,700,"bu","13:25:17",2085200
37300,-100,1300,"bu","13:25:10",2084500
37300,-100,700,"bu","13:25:10",2083200
37300,-100,200,"bu","13:24:56",2082500
37300,-100,100,"bu","13:24:22",2082300
37300,-100,200,"bu","13:24:15",2082200
37300,-100,100,"bu","13:24:15",2082000
37300,-100,300,"bu","13:24:15",2081900
37300,-100,200,"bu","13:24:15",2081600
37300,-100,200,"bu","13:24:15",2081400
37300,-100,200,"bu","13:24:05",2081200
37300,-100,1500,"bu","13:23:40",2081000
37250,-150,1000,"sd","13:23:22",2079500
37300,-100,200,"bu","13:22:50",2078500
37250,-150,300,"sd","13:22:30",2078300
37300,-100,500,"bu","13:21:57",2078000
37250,-150,100,"sd","13:21:55",2077500
37300,-100,1000,"bu","13:21:47",2077400
37300,-100,400,"sd","13:21:15",2076400
37300,-100,100,"sd","13:21:15",2076000
37300,-100,400,"bu","13:21:11",2075900
37300,-100,600,"bu","13:21:05",2075500
37300,-100,1000,"bu","13:21:04",2074900
37300,-100,300,"bu","13:20:54",2073900
37300,-100,100,"bu","13:20:52",2073600
37300,-100,400,"bu","13:20:43",2073500
37300,-100,200,"sd","13:20:31",2073100
37300,-100,100,"sd","13:20:31",2072900
37300,-100,100,"sd","13:20:31",2072800
37300,-100,300,"sd","13:20:31",2072700
37300,-100,1000,"sd","13:20:31",2072400
37300,-100,500,"sd","13:20:31",2071400
37300,-100,700,"sd","13:20:31",2070900
37300,-100,300,"sd","13:20:31",2070200
37300,-100,1000,"sd","13:20:31",2069900
37300,-100,100,"sd","13:20:31",2068900
37300,-100,100,"sd","13:20:31",2068800
37300,-100,1000,"sd","13:20:31",2068700
37300,-100,1300,"sd","13:20:31",2067700
37350,-50,300,"sd","13:20:31",2066400
37350,-50,200,"sd","13:20:31",2066100
37350,-50,100,"sd","13:20:30",2065900
37350,-50,200,"sd","13:20:25",2065800
37300,-100,3700,"sd","13:20:03",2065600
37300,-100,400,"sd","13:20:03",2061900
37300,-100,3800,"sd","13:20:03",2061500
37350,-50,2100,"sd","13:20:03",2057700
37400,0,500,"bu","13:19:40",2055600
37400,0,200,"bu","13:19:40",2055100
37400,0,300,"bu","13:19:40",2054900
37400,0,300,"bu","13:19:08",2054600
37400,0,100,"bu","13:18:41",2054300
37350,-50,4000,"sd","13:18:37",2054200
37350,-50,2000,"sd","13:18:37",2050200
37350,-50,200,"sd","13:18:37",2048200
37350,-50,200,"sd","13:18:37",2048000
37350,-50,300,"sd","13:18:37",2047800
37350,-50,2900,"sd","13:18:37",2047500
37350,-50,10400,"sd","13:18:37",2044600
37400,0,300,"bu","13:18:26",2034200
37400,0,200,"bu","13:18:26",2033900
37400,0,200,"bu","13:18:15",2033700
37400,0,600,"sd","13:18:01",2033500
37400,0,400,"sd","13:17:51",2032900
37400,0,1600,"sd","13:17:51",2032500
37400,0,100,"sd","13:17:43",2030900
37400,0,1000,"sd","13:17:14",2030800
37400,0,1000,"bu","13:17:06",2029800
37400,0,300,"bu","13:17:06",2028800
37350,-50,200,"sd","13:16:36",2028500
37350,-50,200,"sd","13:16:18",2028300
37350,-50,100,"sd","13:16:13",2028100
37350,-50,1800,"sd","13:15:38",2028000
37350,-50,100,"sd","13:15:24",2026200
37350,-50,2200,"sd","13:15:22",2026100
37350,-50,5000,"bu","13:15:11",2023900
37350,-50,100,"bu","13:14:53",2018900
37350,-50,3900,"sd","13:14:52",2018800
37350,-50,1000,"sd","13:14:52",2014900
37350,-50,500,"bu","13:14:42",2013900
37350,-50,600,"bu","13:14:42",2013400
37300,-100,100,"sd","13:14:16",2012800
37300,-100,900,"sd","13:14:16",2012700
37300,-100,200,"sd","13:14:16",2011800
37300,-100,1200,"sd","13:14:16",2011600
37300,-100,1000,"sd","13:14:16",2010400
37300,-100,500,"sd","13:14:16",2009400
37300,-100,200,"sd","13:14:16",2008900
37300,-100,100,"sd","13:14:16",2008700
37350,-50,200,"unknown","13:14:03",2008600
37300,-100,100,"sd","13:14:02",2008400
37300,-100,200,"sd","13:14:02",2008300
37350,-50,600,"sd","13:14:02",2008100
37350,-50,4400,"bu","13:13:50",2007500
37350,-50,100,"sd","13:13:36",2003100
37350,-50,200,"sd","13:13:36",2003000
37350,-50,5000,"sd","13:13:36",2002800
37350,-50,300,"sd","13:13:36",1997800
37400,0,100,"sd","13:12:42",1997500
37400,0,1000,"sd","13:12:42",1997400
37400,0,4700,"sd","13:12:42",1996400
37400,0,1300,"sd","13:12:40",1991700
37400,0,4700,"sd","13:12:40",1990400
37400,0,1000,"sd","13:12:40",1985700
37400,0,1900,"sd","13:12:40",1984700
37400,0,1000,"sd","13:12:40",1982800
37400,0,100,"sd","13:12:40",1981800
37400,0,300,"sd","13:12:39",1981700
37450,50,100,"sd","13:12:00",1981400
37450,50,1000,"sd","13:11:58",1981300
37450,50,100,"sd","13:11:58",1980300
37450,50,400,"bu","13:11:52",1980200
37450,50,300,"bu","13:11:52",1979800
37450,50,1300,"bu","13:11:52",1979500
37450,50,200,"bu","13:11:52",1978200
37450,50,400,"bu","13:11:33",1978000
37400,0,3400,"bu","13:11:18",1977600
37400,0,100,"bu","13:11:11",1974200
37400,0,1500,"bu","13:11:11",1974100
37400,0,200,"bu","13:11:11",1972600
37400,0,300,"bu","13:11:11",1972400
37400,0,100,"bu","13:10:49",1972100
37400,0,400,"bu","13:10:41",1972000
37400,0,100,"bu","13:10:40",1971600
37400,0,700,"bu","13:10:35",1971500
37400,0,100,"bu","13:10:32",1970800
37400,0,300,"bu","13:10:26",1970700
37400,0,700,"bu","13:10:26",1970400
37400,0,800,"bu","13:10:22",1969700
37400,0,700,"bu","13:10:20",1968900
37400,0,300,"bu","13:10:20",1968200
37400,0,200,"bu","13:10:11",1967900
37400,0,1000,"bu","13:10:11",1967700
37400,0,200,"bu","13:10:06",1966700
37400,0,100,"bu","13:10:04",1966500
37400,0,500,"bu","13:09:59",1966400
37400,0,500,"bu","13:09:59",1965900
37400,0,300,"bu","13:09:53",1965400
37400,0,100,"bu","13:09:53",1965100
37400,0,300,"bu","13:09:49",1965000
37400,0,100,"bu","13:09:49",1964700
37400,0,400,"bu","13:09:49",1964600
37400,0,100,"bu","13:09:47",1964200
37400,0,500,"bu","13:09:47",1964100
37400,0,100,"bu","13:09:46",1963600
37400,0,100,"bu","13:09:42",1963500
37400,0,200,"bu","13:09:40",1963400
37400,0,200,"bu","13:09:16",1963200
37350,-50,1800,"bu","13:09:02",1963000
37350,-50,2000,"bu","13:09:01",1961200
37350,-50,100,"bu","13:08:56",1959200
37350,-50,200,"bu","13:08:38",1959100
37350,-50,300,"bu","13:08:35",1958900
37350,-50,1500,"bu","13:08:28",1958600
37350,-50,500,"bu","13:08:20",1957100
37350,-50,1000,"sd","13:08:19",1956600
37350,-50,600,"sd","13:08:19",1955600
37350,-50,1000,"sd","13:08:19",1955000
37350,-50,500,"sd","13:08:19",1954000
37350,-50,500,"sd","13:08:19",1953500
37400,0,1000,"bu","13:08:19",1953000
37400,0,100,"bu","13:08:14",1952000
37400,0,500,"bu","13:08:04",1951900
37400,0,200,"bu","13:08:04",1951400
37400,0,1000,"bu","13:07:59",1951200
37400,0,1000,"bu","13:07:58",1950200
37400,0,500,"bu","13:07:53",1949200
37400,0,100,"bu","13:07:50",1948700
37400,0,1900,"bu","13:07:42",1948600
37400,0,2000,"sd","13:07:25",1946700
37400,0,500,"sd","13:07:25",1944700
37400,0,100,"sd","13:07:25",1944200
37400,0,500,"sd","13:07:24",1944100
37400,0,2400,"bu","13:07:09",1943600
37400,0,500,"bu","13:07:05",1941200
37400,0,200,"bu","13:07:04",1940700
37400,0,800,"bu","13:07:04",1940500
37400,0,400,"bu","13:07:00",1939700
37400,0,800,"bu","13:06:52",1939300
37400,0,100,"bu","13:06:52",1938500
37400,0,1000,"bu","13:06:52",1938400
37400,0,100,"bu","13:06:52",1937400
37350,-50,800,"bu","13:06:47",1937300
37350,-50,1000,"bu","13:06:47",1936500
37350,-50,100,"bu","13:06:47",1935500
37350,-50,2000,"bu","13:06:47",1935400
37350,-50,600,"bu","13:06:47",1933400
37300,-100,500,"bu","13:06:38",1932800
37300,-100,500,"bu","13:06:35",1932300
37300,-100,500,"bu","13:06:35",1931800
37300,-100,500,"bu","13:06:21",1931300
37300,-100,100,"bu","13:06:18",1930800
37300,-100,900,"bu","13:06:13",1930700
37300,-100,10000,"sd","13:06:03",1929800
37300,-100,9100,"bu","13:06:01",1919800
37300,-100,500,"sd","13:05:45",1910700
37300,-100,100,"sd","13:05:45",1910200
37300,-100,300,"sd","13:05:45",1910100
37350,-50,800,"bu","13:05:27",1909800
37350,-50,500,"bu","13:05:21",1909000
37350,-50,100,"bu","13:05:16",1908500
37350,-50,100,"bu","13:05:16",1908400
37350,-50,800,"bu","13:05:16",1908300
37350,-50,200,"bu","13:05:11",1907500
37350,-50,800,"bu","13:05:11",1907300
37350,-50,200,"bu","13:04:56",1906500
37300,-100,100,"sd","13:04:47",1906300
37300,-100,100,"bu","13:04:45",1906200
37300,-100,900,"bu","13:04:34",1906100
37300,-100,100,"bu","13:04:34",1905200
37300,-100,100,"bu","13:04:34",1905100
37250,-150,100,"bu","13:04:34",1905000
37100,-300,3400,"bu","13:03:53",1904900
37100,-300,100,"bu","13:03:50",1901500
37100,-300,1100,"bu","13:03:48",1901400
37100,-300,100,"bu","13:03:48",1900300
37050,-350,300,"sd","13:03:46",1900200
37100,-300,500,"bu","13:03:39",1899900
37100,-300,1000,"sd","13:03:34",1899400
37100,-300,100,"sd","13:03:34",1898400
37100,-300,1000,"sd","13:03:34",1898300
37100,-300,1000,"sd","13:03:34",1897300
37100,-300,200,"sd","13:03:34",1896300
37100,-300,100,"sd","13:03:34",1896100
37150,-250,400,"sd","13:03:34",1896000
37100,-300,200,"sd","13:03:34",1895600
37150,-250,10100,"sd","13:03:34",1895400
37100,-300,100,"sd","13:03:34",1885300
37100,-300,500,"sd","13:03:34",1885200
37150,-250,100,"sd","13:03:34",1884700
37200,-200,100,"bu","13:03:33",1884600
37200,-200,1200,"bu","13:03:27",1884500
37200,-200,1000,"bu","13:03:25",1883300
37200,-200,300,"bu","13:03:13",1882300
37200,-200,300,"bu","13:03:01",1882000
37200,-200,2100,"bu","13:02:58",1881700
37150,-250,300,"sd","13:02:44",1879600
37150,-250,600,"sd","13:02:31",1879300
37150,-250,200,"sd","13:02:31",1878700
37150,-250,300,"sd","13:02:31",1878500
37150,-250,100,"sd","13:02:31",1878200
37150,-250,100,"sd","13:02:31",1878100
37150,-250,100,"sd","13:02:31",1878000
37150,-250,1600,"sd","13:02:31",1877900
37150,-250,400,"bu","13:02:06",1876300
37150,-250,800,"sd","13:02:01",1875900
37150,-250,500,"sd","13:02:01",1875100
37150,-250,300,"sd","13:02:01",1874600
37200,-200,100,"bu","13:01:56",1874300
37200,-200,200,"bu","13:01:56",1874200
37200,-200,100,"bu","13:01:56",1874000
37150,-250,200,"bu","13:01:32",1873900
37150,-250,300,"sd","13:01:22",1873700
37200,-200,500,"bu","13:00:38",1873400
37150,-250,1000,"bu","13:00:38",1872900
37050,-350,1300,"sd","13:00:32",1871900
37050,-350,400,"sd","13:00:32",1870600
37050,-350,1000,"sd","13:00:32",1870200
37050,-350,3000,"sd","13:00:32",1869200
37050,-350,200,"sd","13:00:32",1866200
37050,-350,500,"sd","13:00:32",1859300
37050,-350,1000,"sd","13:00:32",1866000
37050,-350,1000,"sd","13:00:32",1865000
37050,-350,2000,"sd","13:00:32",1864000
37050,-350,200,"sd","13:00:32",1862000
37050,-350,1000,"sd","13:00:32",1861800
37050,-350,300,"sd","13:00:32",1860800
37050,-350,1000,"sd","13:00:32",1860500
37050,-350,200,"sd","13:00:32",1859500
37100,-300,1000,"sd","13:00:32",1858800
37100,-300,300,"sd","13:00:32",1857800
37100,-300,1500,"sd","13:00:32",1857500
37100,-300,500,"sd","13:00:32",1856000
37100,-300,1000,"sd","13:00:32",1855500
37100,-300,100,"sd","13:00:32",1854500
37100,-300,500,"sd","13:00:32",1854400
37100,-300,500,"sd","13:00:32",1853900
37150,-250,1000,"sd","13:00:32",1853400
37150,-250,500,"sd","13:00:32",1852400
37150,-250,200,"sd","13:00:32",1851900
37150,-250,1400,"sd","13:00:32",1851700
37150,-250,1000,"sd","13:00:32",1850300
37150,-250,900,"sd","13:00:32",1849300
37150,-250,100,"sd","13:00:29",1848400
37150,-250,300,"sd","13:00:27",1848300
37150,-250,100,"sd","13:00:20",1848000
37100,-300,300,"sd","13:00:10",1847900
37150,-250,100,"sd","13:00:10",1847600
37150,-250,200,"sd","13:00:10",1847500
37150,-250,200,"sd","13:00:10",1847300
37150,-250,300,"sd","13:00:10",1847100
37150,-250,500,"sd","13:00:10",1846800
37150,-250,100,"sd","13:00:10",1846300
37150,-250,100,"sd","13:00:09",1846200
37200,-200,200,"bu","13:00:08",1846100
37200,-200,700,"bu","13:00:06",1845900
37200,-200,100,"bu","13:00:06",1845200
37150,-250,100,"sd","13:00:03",1845100
37150,-250,100,"sd","13:00:01",1845000
37150,-250,200,"sd","13:00:01",1844900
37200,-200,100,"sd","13:00:01",1844700
37150,-250,100,"sd","13:00:01",1844600
37200,-200,100,"sd","13:00:01",1844500
37200,-200,100,"sd","13:00:01",1844400
37150,-250,400,"sd","13:00:00",1844300
37150,-250,300,"unknown","11:29:38",1843900
37050,-350,400,"sd","11:29:27",1843600
37050,-350,2000,"sd","11:29:27",1843200
37050,-350,200,"sd","11:29:27",1841200
37050,-350,3000,"sd","11:29:27",1841000
37050,-350,100,"sd","11:29:27",1838000
37050,-350,100,"sd","11:29:27",1837900
37050,-350,100,"sd","11:29:27",1837800
37050,-350,100,"sd","11:29:27",1837700
37050,-350,7500,"sd","11:29:27",1837600
37100,-300,1500,"sd","11:29:27",1830100
37100,-300,5000,"sd","11:29:27",1828600
37050,-350,2500,"sd","11:28:36",1823600
37050,-350,100,"sd","11:28:36",1821100
37050,-350,4000,"sd","11:28:36",1821000
37050,-350,2000,"sd","11:28:36",1817000
37050,-350,200,"sd","11:28:36",1815000
37050,-350,300,"sd","11:28:36",1814800
37050,-350,2000,"sd","11:28:36",1814500
37050,-350,100,"sd","11:28:36",1812500
37050,-350,1000,"sd","11:28:36",1812400
37050,-350,1000,"sd","11:28:36",1811400
37050,-350,300,"sd","11:28:36",1810400
37050,-350,100,"sd","11:28:36",1810100
37050,-350,1000,"sd","11:28:36",1810000
37050,-350,500,"sd","11:28:36",1809000
37050,-350,10000,"sd","11:28:36",1808500
37050,-350,2000,"sd","11:28:36",1798500
37050,-350,2000,"sd","11:28:36",1796500
37050,-350,100,"sd","11:28:36",1794500
37050,-350,500,"sd","11:28:36",1794400
37050,-350,200,"sd","11:28:36",1793900
37100,-300,100,"sd","11:28:36",1793700
37050,-350,2000,"sd","11:28:36",1793600
37100,-300,300,"sd","11:28:36",1791600
37100,-300,3000,"sd","11:28:36",1791300
37100,-300,1000,"sd","11:28:36",1788300
37100,-300,100,"sd","11:28:36",1787300
37100,-300,10000,"sd","11:28:36",1787200
37100,-300,1000,"sd","11:28:36",1777200
37100,-300,100,"sd","11:28:36",1776200
37100,-300,1800,"sd","11:28:36",1776100
37100,-300,100,"sd","11:28:36",1774300
37100,-300,600,"sd","11:28:36",1774200
37200,-200,100,"bu","11:28:32",1773600
37100,-300,2000,"sd","11:27:48",1773500
37100,-300,1400,"sd","11:27:48",1771500
37100,-300,10000,"sd","11:27:48",1770100
37100,-300,1000,"sd","11:27:48",1760100
37100,-300,500,"sd","11:27:48",1759100
37100,-300,100,"sd","11:27:48",1758600
37100,-300,500,"sd","11:27:48",1758500
37100,-300,100,"sd","11:27:48",1758000
37100,-300,100,"sd","11:27:48",1757900
37100,-300,1000,"sd","11:27:48",1757800
37100,-300,100,"sd","11:27:48",1756800
37100,-300,1000,"sd","11:27:48",1756700
37100,-300,2000,"sd","11:27:48",1755700
37100,-300,500,"sd","11:27:48",1753700
37100,-300,600,"sd","11:27:48",1753200
37150,-250,1000,"sd","11:27:48",1752600
37150,-250,100,"sd","11:27:48",1751600
37100,-300,200,"sd","11:27:25",1751500
37150,-250,300,"sd","11:27:25",1751300
37100,-300,600,"sd","11:27:01",1751000
37100,-300,200,"sd","11:27:01",1750400
37100,-300,100,"sd","11:27:01",1750200
37100,-300,2000,"sd","11:27:01",1750100
37100,-300,500,"sd","11:27:01",1748100
37100,-300,1000,"sd","11:27:01",1747600
37100,-300,100,"sd","11:27:01",1746600
37100,-300,2000,"sd","11:27:01",1746500
37100,-300,200,"sd","11:27:01",1744500
37100,-300,100,"sd","11:27:01",1744300
37100,-300,300,"sd","11:27:01",1744200
37100,-300,1000,"sd","11:27:01",1743900
37100,-300,10000,"sd","11:27:01",1742900
37100,-300,100,"sd","11:27:01",1732900
37100,-300,100,"sd","11:27:01",1732800
37100,-300,1000,"sd","11:27:01",1732700
37100,-300,100,"sd","11:27:01",1731700
37100,-300,100,"sd","11:27:01",1731600
37150,-250,200,"sd","11:27:01",1731500
37100,-300,100,"sd","11:27:01",1731300
37100,-300,100,"sd","11:27:01",1731200
37100,-300,100,"sd","11:27:01",1731100
37150,-250,2800,"bu","11:26:53",1731000
37150,-250,1000,"bu","11:26:46",1728200
37150,-250,300,"bu","11:26:46",1727200
37150,-250,100,"bu","11:26:45",1726900
37150,-250,1000,"bu","11:26:41",1726800
37150,-250,1000,"bu","11:26:40",1725800
37150,-250,100,"bu","11:26:35",1724800
37150,-250,3700,"sd","11:26:24",1724700
37150,-250,2800,"sd","11:26:13",1721000
37150,-250,500,"sd","11:26:13",1718200
37150,-250,500,"sd","11:26:13",1717700
37150,-250,2000,"sd","11:26:13",1717200
37150,-250,500,"sd","11:26:12",1715200
37150,-250,100,"sd","11:26:12",1714700
37150,-250,200,"sd","11:26:12",1714600
37150,-250,100,"sd","11:26:12",1714400
37200,-200,1400,"sd","11:26:12",1714300
37200,-200,500,"sd","11:26:12",1712900
37150,-250,1500,"sd","11:26:12",1712400
37150,-250,7300,"sd","11:26:12",1710900
37200,-200,300,"sd","11:26:12",1703600
37200,-200,300,"sd","11:26:12",1703300
37200,-200,2000,"sd","11:26:12",1703000
37200,-200,1500,"sd","11:25:15",1701000
37200,-200,500,"sd","11:25:15",1699500
37150,-250,22700,"sd","11:24:48",1699000
37150,-250,2000,"sd","11:24:48",1676300
37150,-250,200,"sd","11:24:47",1674300
37150,-250,100,"sd","11:24:47",1674100
37150,-250,2000,"sd","11:24:47",1674000
37150,-250,2000,"sd","11:24:47",1672000
37150,-250,100,"sd","11:24:47",1670000
37150,-250,100,"sd","11:24:47",1669900
37150,-250,100,"sd","11:24:47",1669800
37200,-200,500,"sd","11:24:47",1669700
37200,-200,200,"sd","11:24:47",1669200
37200,-200,100,"bu","11:24:31",1669000
37150,-250,200,"sd","11:24:26",1668900
37150,-250,500,"sd","11:24:26",1668700
37150,-250,400,"sd","11:24:26",1668200
37200,-200,100,"sd","11:24:26",1667800
37200,-200,100,"sd","11:24:26",1667700
37200,-200,2500,"sd","11:24:26",1667600
37200,-200,900,"sd","11:24:24",1665100
37200,-200,100,"sd","11:24:24",1664200
37200,-200,200,"sd","11:24:08",1664100
37200,-200,1000,"sd","11:24:08",1663900
37200,-200,400,"sd","11:24:08",1662900
37200,-200,500,"sd","11:24:08",1662500
37200,-200,3100,"sd","11:24:08",1662000
37200,-200,1000,"sd","11:23:01",1658900
37200,-200,6900,"sd","11:23:01",1657900
37200,-200,2000,"sd","11:23:01",1651000
37200,-200,100,"sd","11:23:01",1649000
37200,-200,1000,"sd","11:23:01",1648900
37200,-200,100,"sd","11:23:01",1647900
37200,-200,100,"sd","11:23:01",1647800
37200,-200,500,"sd","11:23:01",1647700
37200,-200,200,"sd","11:23:01",1647200
37200,-200,300,"sd","11:23:01",1647000
37200,-200,5700,"sd","11:23:01",1646700
37250,-150,2100,"sd","11:23:01",1641000
37250,-150,100,"sd","11:22:33",1638900
37200,-200,4300,"sd","11:22:05",1638800
37200,-200,1000,"sd","11:22:05",1634500
37200,-200,200,"sd","11:22:05",1633500
37200,-200,100,"sd","11:22:05",1633300
37200,-200,500,"sd","11:22:05",1633200
37200,-200,200,"sd","11:22:05",1632700
37200,-200,3000,"sd","11:22:05",1632500
37200,-200,1000,"sd","11:22:05",1629500
37200,-200,100,"sd","11:22:05",1628500
37200,-200,200,"sd","11:22:05",1628400
37250,-150,500,"sd","11:22:05",1628200
37200,-200,500,"sd","11:22:05",1627700
37200,-200,200,"sd","11:22:05",1627200
37250,-150,100,"sd","11:22:05",1627000
37200,-200,2000,"sd","11:22:05",1626900
37200,-200,1300,"sd","11:22:05",1624900
37200,-200,1000,"sd","11:22:05",1623600
37250,-150,200,"sd","11:22:05",1622600
37200,-200,200,"sd","11:22:05",1622400
37200,-200,2900,"sd","11:22:05",1622200
37200,-200,200,"sd","11:22:05",1619300
37200,-200,300,"sd","11:22:05",1619100
37250,-150,1000,"sd","11:21:33",1618800
37250,-150,6200,"sd","11:21:27",1617800
37250,-150,1000,"sd","11:21:27",1611600
37250,-150,2000,"sd","11:21:27",1610600
37250,-150,1000,"sd","11:21:27",1608600
37300,-100,3000,"sd","11:21:27",1607600
37250,-150,500,"sd","11:21:27",1604600
37300,-100,500,"sd","11:21:27",1604100
37250,-150,100,"sd","11:21:27",1603600
37250,-150,100,"sd","11:21:27",1603500
37350,-50,100,"sd","11:21:27",1603400
37250,-150,100,"sd","11:21:27",1603300
37350,-50,2800,"sd","11:21:27",1603200
37250,-150,2500,"sd","11:21:27",1600400
37350,-50,100,"sd","11:21:27",1597900
37350,-50,100,"sd","11:21:03",1597800
37350,-50,100,"bu","11:21:02",1597700
37350,-50,2600,"bu","11:21:02",1597600
37350,-50,100,"bu","11:21:02",1595000
37350,-50,300,"bu","11:19:50",1594900
37350,-50,200,"bu","11:19:42",1594600
37400,0,500,"bu","11:18:16",1594400
37400,0,1400,"bu","11:18:04",1593900
37300,-100,100,"bu","11:18:04",1592500
37300,-100,200,"sd","11:18:02",1592400
37300,-100,200,"sd","11:18:02",1592200
37300,-100,300,"bu","11:17:27",1592000
37300,-100,100,"sd","11:17:03",1591700
37300,-100,100,"sd","11:17:03",1591600
37300,-100,100,"sd","11:17:03",1591500
37300,-100,100,"sd","11:17:03",1591400
37300,-100,800,"sd","11:17:03",1591300
37300,-100,2200,"sd","11:16:47",1590500
37300,-100,1500,"sd","11:16:47",1588300
37300,-100,4200,"sd","11:16:47",1586800
37300,-100,100,"sd","11:16:47",1582600
37300,-100,1000,"sd","11:16:47",1582500
37300,-100,2000,"sd","11:16:47",1581500
37300,-100,1200,"sd","11:16:47",1579500
37300,-100,10000,"sd","11:16:47",1578300
37300,-100,7000,"sd","11:16:47",1568300
37350,-50,300,"sd","11:16:47",1561300
37350,-50,500,"sd","11:16:47",1561000
37350,-50,300,"sd","11:16:34",1560500
37350,-50,700,"sd","11:16:07",1560200
37350,-50,100,"sd","11:16:07",1559500
37350,-50,600,"sd","11:16:07",1559400
37350,-50,400,"sd","11:14:33",1558800
37350,-50,1000,"sd","11:14:33",1558400
37350,-50,100,"sd","11:14:33",1557400
37350,-50,1200,"sd","11:14:31",1557300
37350,-50,2000,"sd","11:14:31",1556100
37350,-50,7000,"sd","11:14:31",1554100
37350,-50,5500,"sd","11:14:31",1547100
37350,-50,200,"sd","11:14:31",1541600
37350,-50,100,"sd","11:14:31",1541400
37350,-50,2000,"sd","11:14:31",1541300
37350,-50,1000,"sd","11:14:31",1539300
37350,-50,500,"sd","11:14:31",1538300
37350,-50,200,"sd","11:14:31",1537800
37400,0,100,"sd","11:14:31",1537600
37400,0,1400,"sd","11:14:31",1537500
37400,0,1000,"sd","11:14:31",1536100
37400,0,1400,"sd","11:14:31",1535100
37400,0,100,"sd","11:14:31",1533700
37400,0,600,"sd","11:14:31",1533600
37400,0,500,"sd","11:14:31",1533000
37400,0,100,"sd","11:14:31",1532500
37400,0,500,"sd","11:14:31",1532400
37400,0,200,"sd","11:14:31",1531900
37400,0,1300,"sd","11:14:31",1531700
37400,0,2000,"sd","11:14:31",1530400
37400,0,1000,"sd","11:14:31",1528400
37400,0,100,"sd","11:14:31",1527400
37500,100,5000,"bu","11:13:18",1527300
37500,100,100,"bu","11:13:08",1522300
37500,100,900,"bu","11:13:08",1522200
37400,0,500,"sd","11:13:03",1521300
37500,100,100,"bu","11:12:59",1520800
37500,100,500,"bu","11:12:58",1520700
37500,100,300,"bu","11:12:39",1520200
37500,100,200,"sd","11:12:36",1519900
37500,100,1800,"sd","11:12:33",1519700
37500,100,1200,"sd","11:12:33",1517900
37500,100,600,"bu","11:12:03",1516700
37500,100,1200,"bu","11:12:03",1516100
37500,100,1300,"bu","11:11:56",1514900
37500,100,500,"bu","11:11:56",1513600
37500,100,500,"bu","11:11:56",1513100
37500,100,100,"bu","11:11:56",1512600
37500,100,600,"bu","11:11:56",1512500
37400,0,400,"sd","11:11:56",1511900
37400,0,8100,"sd","11:11:56",1511500
37400,0,500,"sd","11:11:56",1503400
37450,50,1000,"sd","11:11:56",1502900
37500,100,1400,"bu","11:11:19",1501900
37500,100,1000,"bu","11:11:19",1500500
37500,100,7600,"bu","11:11:19",1499500
37400,0,500,"sd","11:11:07",1491900
37500,100,2400,"bu","11:10:18",1491400
37450,50,400,"sd","11:10:10",1489000
37450,50,100,"sd","11:10:10",1488600
37450,50,100,"sd","11:10:03",1488500
37450,50,500,"sd","11:09:57",1488400
37450,50,300,"sd","11:09:56",1487900
37450,50,800,"sd","11:09:56",1487600
37450,50,1000,"sd","11:09:36",1486800
37500,100,300,"bu","11:09:36",1485800
37450,50,100,"sd","11:09:33",1485500
37450,50,1000,"bu","11:09:19",1485400
37450,50,100,"bu","11:09:19",1484400
37450,50,200,"bu","11:09:13",1484300
37450,50,200,"bu","11:09:13",1484100
37450,50,600,"bu","11:09:13",1483900
37450,50,300,"sd","11:09:00",1483300
37450,50,300,"sd","11:09:00",1483000
37450,50,1000,"sd","11:09:00",1482700
37450,50,1000,"sd","11:09:00",1481700
37450,50,100,"sd","11:09:00",1480700
37450,50,2100,"sd","11:09:00",1480600
37500,100,100,"bu","11:08:58",1478500
37450,50,200,"sd","11:08:33",1478400
37450,50,900,"sd","11:08:12",1478200
37500,100,1000,"sd","11:08:12",1477300
37500,100,3100,"sd","11:08:12",1476300
37550,150,100,"bu","11:08:05",1473200
37500,100,700,"sd","11:08:03",1473100
37500,100,100,"bu","11:07:55",1472400
37500,100,6100,"bu","11:07:55",1472300
37500,100,100,"bu","11:07:43",1466200
37500,100,100,"bu","11:07:43",1466100
37500,100,200,"unknown","11:07:43",1466000
37500,100,100,"sd","11:07:43",1465800
37500,100,100,"sd","11:07:43",1465700
37500,100,2300,"sd","11:07:43",1465600
37500,100,1000,"sd","11:07:43",1463300
37500,100,100,"sd","11:07:43",1462300
37500,100,600,"sd","11:07:41",1462200
37500,100,1000,"sd","11:07:41",1461600
37500,100,100,"sd","11:07:41",1460600
37500,100,1000,"sd","11:07:41",1460500
37500,100,1000,"sd","11:07:41",1459500
37500,100,600,"sd","11:07:41",1458500
37500,100,100,"sd","11:07:41",1457900
37500,100,600,"sd","11:07:41",1457800
37500,100,100,"sd","11:07:10",1457200
37550,150,100,"bu","11:07:09",1457100
37550,150,200,"bu","11:06:55",1457000
37550,150,500,"bu","11:06:46",1456800
37550,150,3000,"bu","11:06:42",1456300
37550,150,2000,"bu","11:06:34",1453300
37550,150,100,"bu","11:06:33",1451300
37550,150,1000,"sd","11:06:27",1451200
37550,150,2000,"sd","11:06:27",1450200
37550,150,1400,"sd","11:06:27",1448200
37600,200,2400,"bu","11:06:22",1446800
37700,300,300,"bu","11:06:13",1444400
37650,250,1700,"bu","11:06:13",1444100
37600,200,100,"bu","11:06:13",1442400
37600,200,1000,"bu","11:06:13",1442300
37600,200,900,"bu","11:06:13",1441300
37600,200,1000,"bu","11:06:13",1440400
37600,200,1500,"bu","11:06:09",1439400
37600,200,500,"sd","11:06:01",1437900
37600,200,1000,"sd","11:06:01",1437400
37600,200,500,"sd","11:06:01",1436400
37600,200,1000,"sd","11:06:01",1435900
37600,200,4500,"sd","11:06:01",1434900
37600,200,10000,"sd","11:05:53",1430400
37600,200,500,"sd","11:05:46",1420400
37600,200,5000,"sd","11:05:20",1419900
37650,250,800,"bu","11:05:16",1414900
37650,250,500,"sd","11:04:57",1414100
37650,250,100,"sd","11:04:57",1413600
37650,250,200,"sd","11:04:57",1413500
37650,250,2100,"sd","11:04:57",1413300
37650,250,900,"bu","11:04:33",1411200
37650,250,1000,"bu","11:04:31",1410300
37650,250,2000,"bu","11:04:28",1409300
37650,250,1000,"bu","11:04:28",1407300
37650,250,200,"bu","11:04:28",1406300
37650,250,500,"bu","11:04:28",1406100
37650,250,300,"bu","11:04:28",1405600
37650,250,800,"bu","11:04:28",1405300
37650,250,100,"bu","11:04:27",1404500
37600,200,500,"bu","11:03:57",1404400
37600,200,10000,"bu","11:03:57",1403900
37600,200,2100,"bu","11:03:57",1393900
37600,200,100,"bu","11:03:57",1391800
37550,150,3600,"sd","11:03:42",1391700
37550,150,2000,"bu","11:03:36",1388100
37500,100,100,"sd","11:03:31",1386100
37500,100,1200,"bu","11:03:07",1386000
37500,100,4200,"bu","11:03:06",1384800
37500,100,200,"bu","11:03:06",1380600
37500,100,5600,"bu","11:03:06",1380400
37500,100,4400,"bu","11:03:01",1374800
37500,100,600,"bu","11:03:01",1370400
37500,100,700,"bu","11:03:00",1369800
37500,100,300,"bu","11:03:00",1369100
37500,100,200,"bu","11:02:58",1368800
37500,100,400,"bu","11:02:58",1368600
37500,100,500,"bu","11:02:48",1368200
37500,100,1500,"bu","11:02:48",1367700
37500,100,100,"bu","11:02:38",1366200
37500,100,100,"bu","11:02:32",1366100
37500,100,2700,"bu","11:02:28",1366000
37450,50,10000,"sd","11:02:12",1363300
37450,50,200,"bu","11:02:05",1353300
37450,50,400,"sd","11:02:03",1353100
37450,50,1000,"bu","11:01:52",1352700
37450,50,500,"bu","11:01:52",1351700
37450,50,1000,"bu","11:01:52",1351200
37450,50,2100,"bu","11:01:52",1350200
37450,50,5000,"bu","11:01:46",1348100
37400,0,1000,"bu","11:01:08",1343100
37400,0,500,"bu","11:01:02",1342100
37400,0,4600,"bu","11:01:02",1341600
37400,0,100,"bu","11:00:49",1337000
37400,0,300,"bu","11:00:40",1336900
37450,50,100,"bu","11:00:26",1336600
37450,50,100,"bu","11:00:08",1336500
37450,50,100,"bu","11:00:07",1336400
37450,50,100,"bu","11:00:01",1336300
37400,0,500,"bu","10:59:50",1336200
37400,0,200,"bu","10:59:50",1335700
37400,0,500,"bu","10:59:50",1335500
37400,0,2500,"bu","10:59:50",1335000
37400,0,400,"bu","10:59:48",1332500
37400,0,1000,"bu","10:59:46",1332100
37400,0,2000,"bu","10:59:44",1331100
37400,0,1000,"bu","10:59:44",1329100
37400,0,1000,"bu","10:59:43",1328100
37400,0,1300,"bu","10:59:42",1327100
37400,0,600,"bu","10:59:35",1325800
37400,0,200,"bu","10:59:22",1325200
37400,0,100,"bu","10:59:22",1325000
37400,0,200,"bu","10:58:59",1324900
37400,0,400,"bu","10:58:59",1324700
37350,-50,9800,"sd","10:58:58",1324300
37350,-50,200,"sd","10:58:58",1314500
37350,-50,1000,"bu","10:58:55",1314300
37350,-50,8800,"bu","10:58:55",1313300
37350,-50,500,"bu","10:58:51",1304500
37350,-50,2400,"bu","10:58:45",1304000
37300,-100,100,"bu","10:58:32",1301600
37300,-100,3000,"bu","10:58:31",1301500
37300,-100,500,"bu","10:58:30",1298500
37300,-100,500,"bu","10:58:20",1298000
37300,-100,300,"bu","10:58:20",1297500
37300,-100,100,"bu","10:58:11",1297200
37300,-100,500,"bu","10:58:05",1297100
37300,-100,300,"sd","10:58:05",1296600
37300,-100,100,"sd","10:58:05",1296300
37300,-100,200,"sd","10:58:05",1296200
37300,-100,700,"bu","10:57:02",1296000
37300,-100,300,"bu","10:57:02",1295300
37300,-100,1000,"bu","10:56:57",1295000
37250,-150,7500,"sd","10:56:41",1294000
37250,-150,2500,"sd","10:56:41",1286500
37300,-100,500,"bu","10:56:40",1284000
37300,-100,100,"bu","10:56:30",1283500
37300,-100,100,"sd","10:56:10",1283400
37300,-100,1000,"bu","10:56:02",1283300
37300,-100,4100,"bu","10:56:02",1282300
37300,-100,3700,"bu","10:55:54",1278200
37300,-100,6300,"bu","10:55:54",1274500
37300,-100,300,"bu","10:55:33",1268200
37250,-150,2500,"sd","10:54:54",1267900
37250,-150,1500,"sd","10:54:54",1265400
37300,-100,1000,"bu","10:54:35",1263900
37300,-100,500,"bu","10:54:34",1262900
37300,-100,500,"bu","10:54:14",1262400
37300,-100,100,"bu","10:54:14",1261900
37300,-100,100,"bu","10:54:13",1261800
37300,-100,500,"bu","10:54:08",1261700
37300,-100,600,"bu","10:54:07",1261200
37300,-100,100,"bu","10:54:03",1260600
37300,-100,100,"bu","10:54:03",1260500
37300,-100,500,"bu","10:54:03",1260400
37300,-100,200,"bu","10:54:03",1259900
37300,-100,200,"bu","10:54:01",1259700
37300,-100,100,"bu","10:53:50",1259500
37300,-100,100,"bu","10:53:50",1259400
37300,-100,10000,"bu","10:53:17",1259300
37250,-150,1000,"sd","10:52:16",1249300
37250,-150,2000,"bu","10:51:55",1248300
37250,-150,500,"bu","10:51:55",1246300
37200,-200,600,"sd","10:51:51",1245800
37200,-200,800,"bu","10:51:31",1245200
37200,-200,3000,"bu","10:51:31",1244400
37200,-200,200,"bu","10:51:31",1241400
37200,-200,200,"bu","10:51:31",1241200
37200,-200,300,"bu","10:51:31",1241000
37200,-200,3000,"bu","10:51:29",1240700
37200,-200,5000,"bu","10:51:27",1237700
37200,-200,7000,"bu","10:51:19",1232700
37200,-200,200,"bu","10:51:17",1225700
37200,-200,100,"bu","10:51:07",1225500
37200,-200,100,"bu","10:51:02",1225400
37200,-200,400,"bu","10:50:59",1225300
37200,-200,100,"bu","10:50:36",1224900
37150,-250,3000,"sd","10:49:38",1224800
37200,-200,100,"bu","10:49:34",1221800
37200,-200,1000,"bu","10:49:21",1221700
37200,-200,600,"bu","10:49:12",1220700
37200,-200,100,"bu","10:48:50",1220100
37200,-200,400,"bu","10:48:49",1220000
37200,-200,300,"bu","10:48:06",1219600
37150,-250,500,"sd","10:48:01",1219300
37200,-200,100,"bu","10:47:29",1218800
37150,-250,600,"sd","10:47:13",1218700
37200,-200,100,"bu","10:47:12",1218100
37200,-200,300,"bu","10:47:11",1218000
37200,-200,10000,"bu","10:46:45",1217700
37200,-200,1000,"bu","10:46:32",1207700
37150,-250,4200,"sd","10:45:40",1206700
37150,-250,200,"sd","10:45:40",1202500
37150,-250,2000,"sd","10:45:40",1202300
37150,-250,3600,"sd","10:45:40",1200300
37150,-250,400,"sd","10:45:19",1196700
37150,-250,3000,"sd","10:45:19",1196300
37150,-250,100,"sd","10:45:19",1193300
37150,-250,300,"sd","10:45:19",1193200
37150,-250,200,"bu","10:44:44",1192900
37150,-250,5000,"bu","10:44:43",1192700
37150,-250,900,"bu","10:44:29",1187700
37150,-250,200,"bu","10:44:22",1186800
37100,-300,1000,"sd","10:44:21",1186600
37150,-250,100,"bu","10:44:06",1185600
37150,-250,100,"bu","10:43:58",1185500
37100,-300,100,"sd","10:43:57",1185400
37150,-250,100,"bu","10:43:57",1185300
37150,-250,1000,"bu","10:43:42",1185200
37100,-300,5800,"sd","10:43:34",1184200
37100,-300,600,"sd","10:43:34",1178400
37100,-300,1000,"sd","10:43:34",1177800
37100,-300,700,"sd","10:43:34",1176800
37100,-300,200,"sd","10:43:34",1176100
37100,-300,400,"sd","10:43:34",1175900
37100,-300,900,"sd","10:43:34",1175500
37100,-300,500,"sd","10:43:34",1174600
37100,-300,200,"sd","10:43:34",1174100
37100,-300,700,"sd","10:43:34",1173900
37150,-250,100,"bu","10:43:06",1173200
37150,-250,1300,"sd","10:42:26",1173100
37150,-250,100,"sd","10:42:26",1171800
37150,-250,100,"sd","10:42:21",1171700
37100,-300,2300,"sd","10:42:19",1171600
37100,-300,200,"sd","10:42:19",1169300
37100,-300,500,"sd","10:42:19",1169100
37100,-300,100,"sd","10:42:19",1168600
37100,-300,100,"sd","10:42:19",1168500
37150,-250,200,"sd","10:42:19",1168400
37150,-250,200,"sd","10:42:19",1168200
37150,-250,500,"sd","10:42:19",1168000
37150,-250,200,"sd","10:42:19",1167500
37150,-250,300,"sd","10:42:19",1167300
37150,-250,100,"sd","10:42:19",1167000
37150,-250,15300,"sd","10:42:19",1166900
37150,-250,2000,"sd","10:42:11",1151600
37150,-250,11000,"sd","10:42:04",1149600
37150,-250,1700,"sd","10:41:59",1138600
37150,-250,100,"sd","10:41:59",1136900
37150,-250,100,"sd","10:41:59",1136800
37150,-250,100,"sd","10:41:59",1136700
37150,-250,100,"sd","10:41:47",1136600
37150,-250,100,"sd","10:41:47",1136500
37150,-250,200,"sd","10:41:47",1136400
37150,-250,100,"sd","10:41:47",1136200
37150,-250,1000,"sd","10:41:47",1136100
37150,-250,1000,"sd","10:41:47",1135100
37150,-250,500,"sd","10:41:47",1134100
37150,-250,1000,"sd","10:41:47",1133600
37200,-200,200,"bu","10:41:41",1132600
37200,-200,100,"bu","10:41:39",1132400
37200,-200,200,"sd","10:41:15",1132300
37200,-200,1000,"sd","10:41:15",1132100
37200,-200,500,"sd","10:41:15",1131100
37200,-200,100,"sd","10:41:15",1130600
37200,-200,800,"sd","10:41:15",1130500
37200,-200,1000,"sd","10:41:15",1129700
37200,-200,300,"sd","10:41:15",1128700
37200,-200,2000,"sd","10:41:15",1128400
37200,-200,300,"sd","10:41:15",1126400
37200,-200,500,"sd","10:41:15",1126100
37200,-200,100,"sd","10:41:15",1125600
37250,-150,900,"bu","10:41:06",1125500
37250,-150,200,"bu","10:41:06",1124600
37250,-150,200,"bu","10:41:06",1124400
37250,-150,2000,"bu","10:41:06",1124200
37250,-150,500,"bu","10:41:06",1122200
37250,-150,1000,"bu","10:41:06",1121700
37200,-200,100,"sd","10:40:58",1120700
37200,-200,100,"sd","10:40:58",1120600
37200,-200,300,"sd","10:40:58",1120500
37250,-150,1300,"bu","10:40:41",1120200
37200,-200,200,"sd","10:40:34",1118900
37200,-200,500,"sd","10:40:31",1118700
37200,-200,9000,"sd","10:40:26",1118200
37200,-200,1000,"sd","10:40:26",1109200
37250,-150,1000,"bu","10:40:14",1108200
37250,-150,100,"bu","10:39:57",1107200
37250,-150,100,"bu","10:39:55",1107100
37250,-150,500,"bu","10:39:30",1107000
37250,-150,1000,"bu","10:39:01",1106500
37250,-150,100,"bu","10:38:48",1105500
37250,-150,200,"bu","10:38:39",1105400
37250,-150,100,"bu","10:37:27",1105200
37250,-150,200,"bu","10:37:06",1105100
37250,-150,100,"bu","10:37:06",1104900
37250,-150,400,"bu","10:37:03",1104800
37250,-150,100,"bu","10:37:03",1104400
37200,-200,500,"sd","10:36:59",1104300
37200,-200,500,"sd","10:36:59",1103800
37250,-150,100,"bu","10:36:45",1103300
37250,-150,100,"bu","10:36:35",1103200
37200,-200,1800,"sd","10:36:30",1103100
37200,-200,200,"sd","10:36:30",1101300
37250,-150,200,"bu","10:36:17",1101100
37250,-150,100,"bu","10:35:56",1100900
37200,-200,200,"sd","10:35:29",1100800
37200,-200,100,"sd","10:35:24",1100600
37200,-200,900,"sd","10:35:24",1100500
37200,-200,100,"sd","10:34:20",1099600
37200,-200,900,"sd","10:34:20",1099500
37200,-200,500,"sd","10:33:29",1098600
37200,-200,300,"bu","10:33:02",1098100
37200,-200,300,"bu","10:33:02",1097800
37200,-200,200,"bu","10:32:58",1097500
37200,-200,200,"sd","10:32:51",1097300
37200,-200,100,"sd","10:32:51",1097100
37200,-200,1000,"sd","10:32:51",1097000
37200,-200,200,"sd","10:32:51",1096000
37200,-200,3000,"bu","10:32:39",1095800
37200,-200,800,"bu","10:32:39",1092800
37200,-200,600,"bu","10:32:33",1092000
37200,-200,100,"sd","10:32:26",1091400
37200,-200,100,"sd","10:32:26",1091300
37200,-200,1400,"sd","10:32:26",1091200
37200,-200,600,"sd","10:32:18",1089800
37200,-200,200,"sd","10:32:18",1089200
37200,-200,6000,"sd","10:32:18",1089000
37200,-200,2500,"sd","10:32:18",1083000
37200,-200,500,"sd","10:32:18",1080500
37200,-200,200,"sd","10:32:18",1080000
37200,-200,200,"sd","10:32:02",1079800
37200,-200,200,"sd","10:31:50",1079600
37200,-200,100,"sd","10:31:50",1079400
37200,-200,1000,"sd","10:31:50",1079300
37200,-200,200,"sd","10:31:50",1078300
37200,-200,3000,"sd","10:31:50",1078100
37200,-200,100,"sd","10:31:50",1075100
37200,-200,800,"sd","10:31:50",1075000
37200,-200,1600,"sd","10:31:50",1074200
37200,-200,3000,"sd","10:31:50",1072600
37250,-150,2000,"bu","10:31:37",1069600
37250,-150,100,"bu","10:31:28",1067600
37200,-200,300,"sd","10:31:11",1067500
37200,-200,700,"sd","10:31:06",1067200
37200,-200,700,"sd","10:30:33",1066500
37200,-200,300,"sd","10:30:33",1065800
37200,-200,200,"sd","10:30:29",1065500
37200,-200,100,"sd","10:30:29",1065300
37200,-200,200,"sd","10:30:17",1065200
37200,-200,300,"sd","10:30:17",1065000
37200,-200,2700,"sd","10:29:56",1064700
37200,-200,100,"sd","10:29:56",1062000
37200,-200,200,"sd","10:29:56",1061900
37200,-200,700,"sd","10:29:56",1061700
37200,-200,300,"sd","10:29:36",1061000
37200,-200,100,"sd","10:29:36",1060700
37200,-200,5000,"sd","10:29:36",1060600
37200,-200,100,"sd","10:29:36",1055600
37200,-200,200,"sd","10:29:36",1055500
37200,-200,400,"sd","10:29:36",1055300
37200,-200,100,"sd","10:28:59",1054900
37200,-200,100,"sd","10:28:59",1054800
37200,-200,200,"sd","10:28:59",1054700
37200,-200,100,"sd","10:28:59",1054500
37200,-200,500,"sd","10:28:59",1054400
37250,-150,2300,"sd","10:28:29",1053900
37250,-150,700,"sd","10:27:59",1051600
37250,-150,1000,"sd","10:27:59",1050900
37250,-150,100,"sd","10:27:59",1049900
37250,-150,1200,"sd","10:27:59",1049800
37250,-150,800,"sd","10:27:33",1048600
37250,-150,1200,"sd","10:27:33",1047800
37250,-150,1000,"sd","10:26:58",1046600
37250,-150,1000,"sd","10:26:28",1045600
37300,-100,200,"bu","10:26:28",1044600
37250,-150,1800,"sd","10:26:27",1044400
37250,-150,100,"sd","10:26:27",1042600
37250,-150,100,"sd","10:26:27",1042500
37250,-150,500,"sd","10:26:27",1042400
37250,-150,100,"sd","10:26:27",1041900
37250,-150,100,"sd","10:26:27",1041800
37250,-150,100,"sd","10:26:27",1041700
37250,-150,100,"sd","10:26:27",1041600
37250,-150,100,"sd","10:26:27",1041500
37250,-150,900,"sd","10:26:23",1041400
37250,-150,100,"sd","10:26:23",1040500
37300,-100,100,"bu","10:25:30",1040400
37250,-150,100,"sd","10:25:18",1040300
37300,-100,200,"bu","10:24:39",1040200
37300,-100,100,"bu","10:24:39",1040000
37250,-150,1800,"sd","10:24:34",1039900
37250,-150,200,"sd","10:24:06",1038100
37250,-150,200,"sd","10:23:55",1037900
37300,-100,200,"bu","10:23:29",1037700
37250,-150,1000,"sd","10:23:26",1037500
37300,-100,100,"bu","10:23:24",1036500
37300,-100,200,"bu","10:23:02",1036400
37350,-50,1200,"bu","10:22:47",1036200
37300,-100,6800,"bu","10:22:47",1035000
37300,-100,700,"bu","10:22:45",1028200
37300,-100,300,"bu","10:22:45",1027500
37250,-150,3000,"sd","10:22:42",1027200
37300,-100,100,"bu","10:22:40",1024200
37300,-100,200,"bu","10:22:39",1024100
37300,-100,400,"sd","10:22:29",1023900
37300,-100,600,"sd","10:22:10",1023500
37300,-100,700,"sd","10:22:10",1022900
37300,-100,100,"sd","10:22:10",1022200
37300,-100,800,"sd","10:22:10",1022100
37300,-100,300,"sd","10:22:10",1021300
37300,-100,100,"sd","10:22:01",1021000
37300,-100,100,"sd","10:22:01",1020900
37300,-100,200,"sd","10:22:01",1020800
37300,-100,100,"sd","10:22:01",1020600
37300,-100,100,"sd","10:22:01",1020500
37300,-100,100,"sd","10:22:01",1020400
37300,-100,1000,"sd","10:22:01",1020300
37300,-100,1000,"sd","10:22:01",1019300
37300,-100,100,"sd","10:22:01",1018300
37300,-100,2800,"sd","10:22:01",1018200
37350,-50,1000,"sd","10:21:33",1015400
37400,0,500,"bu","10:21:23",1014400
37350,-50,400,"sd","10:21:20",1013900
37350,-50,300,"sd","10:21:20",1013500
37350,-50,1000,"sd","10:21:20",1013200
37350,-50,2000,"sd","10:21:20",1012200
37350,-50,2000,"sd","10:21:20",1010200
37350,-50,100,"sd","10:21:20",1008200
37350,-50,100,"sd","10:21:20",1008100
37350,-50,1100,"sd","10:21:20",1008000
37400,0,100,"bu","10:20:56",1006900
37400,0,700,"bu","10:20:50",1006800
37400,0,500,"bu","10:20:43",1006100
37400,0,100,"bu","10:20:42",1005600
37400,0,200,"bu","10:20:40",1005500
37400,0,200,"bu","10:20:40",1005300
37400,0,500,"bu","10:20:40",1005100
37400,0,1000,"unknown","10:20:40",1004600
37400,0,500,"sd","10:20:40",1003600
37400,0,200,"sd","10:20:40",1003100
37400,0,100,"sd","10:20:40",1002900
37400,0,500,"sd","10:20:40",1002800
37400,0,800,"sd","10:20:40",1002300
37400,0,500,"sd","10:20:37",1001500
37400,0,700,"sd","10:20:37",1001000
37400,0,600,"sd","10:20:37",1000300
37400,0,500,"sd","10:20:37",999700
37400,0,500,"sd","10:20:26",999200
37400,0,1000,"sd","10:20:26",998700
37400,0,300,"sd","10:20:26",997700
37400,0,100,"sd","10:20:26",997400
37400,0,200,"sd","10:20:26",997300
37400,0,600,"sd","10:20:26",997100
37400,0,500,"sd","10:20:26",996500
37400,0,200,"sd","10:20:26",996000
37400,0,1600,"sd","10:20:26",995800
37450,50,100,"bu","10:20:18",994200
37450,50,100,"bu","10:20:15",994100
37450,50,100,"bu","10:20:10",994000
37450,50,1000,"bu","10:20:02",993900
37450,50,600,"bu","10:19:49",992900
37450,50,100,"sd","10:19:46",992300
37450,50,500,"sd","10:19:46",992200
37450,50,200,"sd","10:19:37",991700
37450,50,100,"bu","10:19:32",991500
37450,50,1200,"bu","10:19:32",991400
37400,0,400,"sd","10:19:29",990200
37450,50,3800,"bu","10:19:29",989800
37450,50,100,"bu","10:19:29",986000
37450,50,100,"bu","10:19:29",985900
37450,50,3000,"bu","10:19:28",985800
37400,0,1000,"sd","10:18:52",982800
37450,50,3000,"bu","10:18:48",981800
37450,50,2000,"bu","10:18:48",978800
37400,0,300,"sd","10:18:35",976800
37450,50,100,"bu","10:18:34",976500
37450,50,100,"sd","10:17:48",976400
37450,50,100,"bu","10:17:35",976300
37450,50,200,"bu","10:17:35",976200
37450,50,1000,"bu","10:17:35",976000
37450,50,1600,"bu","10:17:35",975000
37450,50,100,"bu","10:16:54",973400
37400,0,500,"bu","10:16:53",973300
37400,0,1200,"bu","10:16:53",972800
37400,0,1300,"bu","10:16:42",971600
37400,0,200,"sd","10:16:36",970300
37400,0,1000,"sd","10:16:36",970100
37400,0,100,"sd","10:16:36",969100
37400,0,1200,"sd","10:16:36",969000
37400,0,300,"sd","10:16:12",967800
37400,0,500,"sd","10:16:11",967500
37400,0,1400,"sd","10:16:11",967000
37400,0,100,"sd","10:15:49",965600
37400,0,300,"bu","10:15:44",965500
37400,0,500,"bu","10:15:44",965200
37400,0,1000,"bu","10:15:44",964700
37400,0,100,"bu","10:15:43",963700
37400,0,200,"bu","10:15:32",963600
37400,0,400,"bu","10:15:31",963400
37400,0,1000,"bu","10:15:31",963000
37400,0,600,"bu","10:15:31",962000
37400,0,200,"bu","10:15:26",961400
37400,0,700,"bu","10:15:25",961200
37400,0,300,"bu","10:15:25",960500
37400,0,300,"bu","10:15:25",960200
37400,0,200,"bu","10:15:14",959900
37400,0,5000,"bu","10:15:14",959700
37400,0,9800,"bu","10:15:14",954700
37400,0,100,"bu","10:14:12",944900
37350,-50,5000,"sd","10:14:11",944800
37400,0,100,"bu","10:13:59",939800
37350,-50,1900,"bu","10:13:58",939700
37300,-100,200,"sd","10:13:55",937800
37350,-50,200,"bu","10:13:54",937600
37350,-50,100,"bu","10:13:34",937400
37350,-50,100,"sd","10:13:33",937300
37350,-50,500,"sd","10:13:33",937200
37350,-50,100,"sd","10:13:33",936700
37350,-50,2000,"sd","10:13:33",936600
37350,-50,100,"sd","10:13:33",934600
37350,-50,1000,"sd","10:13:33",934500
37350,-50,100,"sd","10:13:33",933500
37350,-50,100,"sd","10:13:33",933400
37400,0,1000,"bu","10:13:28",933300
37400,0,500,"bu","10:13:27",932300
37400,0,500,"bu","10:13:06",931800
37400,0,100,"bu","10:12:58",931300
37400,0,100,"sd","10:12:32",931200
37400,0,400,"sd","10:12:32",931100
37400,0,400,"sd","10:12:22",930700
37400,0,200,"bu","10:12:19",930300
37400,0,500,"bu","10:12:17",930100
37400,0,100,"bu","10:12:17",929600
37400,0,400,"bu","10:12:17",929500
37400,0,100,"bu","10:12:06",929100
37400,0,700,"bu","10:12:06",929000
37400,0,200,"bu","10:12:06",928300
37400,0,300,"bu","10:12:06",928100
37400,0,200,"bu","10:12:06",927800
37400,0,300,"bu","10:12:02",927600
37400,0,700,"bu","10:12:02",927300
37400,0,100,"bu","10:12:02",926600
37400,0,100,"bu","10:12:02",926500
37400,0,3000,"bu","10:12:02",926400
37400,0,800,"bu","10:12:02",923400
37400,0,3000,"bu","10:11:59",922600
37400,0,200,"bu","10:11:55",919600
37400,0,3000,"bu","10:11:54",919400
37400,0,300,"bu","10:11:51",916400
37350,-50,500,"bu","10:11:38",916100
37350,-50,100,"bu","10:11:38",915600
37350,-50,500,"bu","10:11:38",915500
37350,-50,3800,"bu","10:11:38",915000
37350,-50,200,"bu","10:11:34",911200
37350,-50,100,"bu","10:11:26",911000
37300,-100,2000,"bu","10:11:00",910900
37300,-100,3000,"bu","10:10:54",908900
37300,-100,200,"bu","10:10:52",905900
37300,-100,500,"bu","10:10:52",905700
37300,-100,1000,"sd","10:10:48",905200
37300,-100,100,"sd","10:10:48",904200
37300,-100,100,"sd","10:10:48",904100
37300,-100,500,"sd","10:10:48",904000
37300,-100,1300,"sd","10:10:48",903500
37300,-100,1000,"sd","10:10:48",902200
37300,-100,300,"sd","10:10:48",901200
37350,-50,1000,"bu","10:10:41",900900
37350,-50,100,"bu","10:10:36",899900
37350,-50,400,"bu","10:10:36",899800
37350,-50,100,"bu","10:10:34",899400
37350,-50,100,"bu","10:10:30",899300
37350,-50,500,"bu","10:10:25",899200
37350,-50,3000,"bu","10:10:21",898700
37350,-50,1000,"bu","10:10:20",895700
37300,-100,100,"sd","10:10:06",894700
37300,-100,300,"bu","10:10:06",894600
37300,-100,200,"bu","10:10:06",894300
37300,-100,100,"bu","10:10:06",894100
37300,-100,200,"bu","10:10:00",894000
37300,-100,100,"bu","10:10:00",893800
37300,-100,100,"bu","10:09:53",893700
37300,-100,4900,"bu","10:09:53",893600
37300,-100,1000,"bu","10:09:48",888700
37300,-100,100,"bu","10:09:42",887700
37250,-150,400,"bu","10:09:26",887600
37250,-150,100,"bu","10:09:24",887200
37250,-150,700,"bu","10:09:22",887100
37250,-150,800,"bu","10:09:22",886400
37250,-150,500,"bu","10:09:22",885600
37250,-150,1000,"bu","10:09:20",885100
37250,-150,1000,"bu","10:09:19",884100
37250,-150,6400,"bu","10:09:13",883100
37250,-150,100,"bu","10:09:05",876700
37250,-150,1000,"bu","10:09:02",876600
37250,-150,500,"bu","10:09:02",875600
37200,-200,900,"bu","10:09:02",875100
37200,-200,100,"bu","10:09:00",874200
37200,-200,200,"bu","10:09:00",874100
37200,-200,700,"bu","10:09:00",873900
37200,-200,1000,"bu","10:09:00",873200
37200,-200,3000,"bu","10:09:00",872200
37200,-200,1000,"bu","10:08:54",869200
37200,-200,3000,"bu","10:08:53",868200
37200,-200,100,"bu","10:08:50",865200
37200,-200,100,"bu","10:08:50",865100
37200,-200,500,"bu","10:08:50",865000
37200,-200,1300,"bu","10:08:50",864500
37200,-200,1000,"bu","10:08:44",863200
37200,-200,300,"bu","10:08:38",862200
37200,-200,100,"bu","10:08:33",861900
37150,-250,700,"sd","10:08:30",861800
37150,-250,100,"sd","10:08:30",861100
37150,-250,200,"sd","10:08:30",861000
37150,-250,3000,"sd","10:08:30",860800
37150,-250,1000,"sd","10:07:56",857800
37150,-250,200,"bu","10:07:39",856800
37150,-250,100,"bu","10:07:39",856600
37150,-250,1000,"bu","10:07:39",856500
37150,-250,2900,"bu","10:07:39",855500
37100,-300,3200,"sd","10:07:30",852600
37100,-300,500,"sd","10:07:30",849400
37100,-300,100,"sd","10:07:30",848900
37100,-300,200,"sd","10:07:30",848800
37150,-250,100,"bu","10:07:28",848600
37150,-250,500,"bu","10:07:18",848500
37100,-300,300,"sd","10:07:11",848000
37100,-300,800,"sd","10:07:02",847700
37100,-300,100,"sd","10:06:19",846900
37100,-300,100,"bu","10:05:47",846800
37050,-350,2700,"sd","10:05:46",846700
37100,-300,300,"bu","10:05:42",844000
37100,-300,1200,"bu","10:05:05",843700
37100,-300,100,"bu","10:05:02",842500
37100,-300,500,"bu","10:04:59",842400
37100,-300,1000,"bu","10:04:55",841900
37100,-300,1000,"bu","10:04:45",840900
37100,-300,100,"sd","10:04:36",839900
37100,-300,100,"sd","10:04:36",839800
37100,-300,100,"sd","10:04:34",839700
37100,-300,100,"sd","10:04:27",839600
37100,-300,1700,"bu","10:04:14",839500
37100,-300,500,"bu","10:04:09",837800
37100,-300,500,"bu","10:04:05",837300
37050,-350,4900,"sd","10:03:51",836800
37050,-350,100,"sd","10:03:51",831900
37100,-300,2000,"sd","10:03:39",831800
37100,-300,100,"sd","10:03:39",829800
37100,-300,200,"sd","10:03:39",829700
37150,-250,500,"bu","10:02:44",829500
37150,-250,1300,"bu","10:02:44",829000
37100,-300,200,"bu","10:02:44",827700
37100,-300,500,"sd","10:02:37",827500
37100,-300,300,"sd","10:02:37",827000
37100,-300,400,"sd","10:02:28",826700
37100,-300,1600,"sd","10:02:28",826300
37100,-300,1000,"sd","10:02:16",824700
37100,-300,8400,"sd","10:02:16",823700
37100,-300,400,"sd","10:02:16",815300
37100,-300,1000,"sd","10:02:16",814900
37100,-300,100,"sd","10:02:16",813900
37100,-300,100,"sd","10:02:16",813800
37100,-300,1000,"sd","10:02:16",813700
37100,-300,1000,"sd","10:01:17",812700
37100,-300,1000,"sd","10:01:17",811700
37100,-300,100,"sd","10:01:17",810700
37100,-300,200,"sd","10:01:17",810600
37100,-300,300,"sd","10:01:17",810400
37100,-300,500,"sd","10:01:14",810100
37150,-250,1000,"bu","10:00:57",809600
37150,-250,1000,"bu","10:00:53",808600
37150,-250,300,"bu","10:00:01",807600
37150,-250,1700,"bu","10:00:01",807300
37100,-300,200,"sd","09:59:53",805600
37100,-300,100,"sd","09:59:53",805400
37100,-300,100,"sd","09:59:53",805300
37100,-300,100,"sd","09:59:53",805200
37100,-300,100,"sd","09:59:37",805100
37100,-300,1000,"sd","09:59:37",805000
37100,-300,900,"sd","09:59:37",804000
37100,-300,1100,"sd","09:59:36",803100
37100,-300,1000,"sd","09:59:36",802000
37100,-300,100,"sd","09:59:36",801000
37100,-300,3000,"sd","09:59:36",800900
37100,-300,1000,"sd","09:59:36",797900
37100,-300,1000,"sd","09:59:36",796900
37100,-300,200,"sd","09:59:36",795900
37100,-300,500,"sd","09:59:36",795700
37100,-300,100,"sd","09:59:36",795200
37100,-300,100,"sd","09:59:36",795100
37100,-300,500,"sd","09:59:36",795000
37100,-300,300,"sd","09:59:36",794500
37100,-300,300,"sd","09:59:36",794200
37100,-300,600,"sd","09:59:36",793900
37100,-300,100,"sd","09:59:36",793300
37100,-300,100,"sd","09:59:36",793200
37100,-300,900,"sd","09:58:52",793100
37100,-300,100,"sd","09:58:52",792200
37100,-300,500,"sd","09:58:52",792100
37100,-300,800,"sd","09:58:52",791600
37100,-300,900,"sd","09:58:52",790800
37100,-300,100,"sd","09:58:31",789900
37100,-300,9000,"sd","09:58:10",789800
37100,-300,100,"sd","09:58:10",780800
37100,-300,900,"sd","09:58:10",780700
37150,-250,100,"bu","09:57:22",779800
37150,-250,100,"sd","09:56:54",779700
37150,-250,100,"sd","09:56:54",779600
37150,-250,200,"sd","09:56:44",779500
37150,-250,700,"bu","09:56:25",779300
37150,-250,100,"bu","09:56:15",778600
37150,-250,1000,"sd","09:55:55",778500
37150,-250,500,"sd","09:55:55",777500
37150,-250,100,"sd","09:55:55",777000
37150,-250,100,"sd","09:55:55",776900
37150,-250,500,"sd","09:55:55",776800
37150,-250,12000,"sd","09:55:55",776300
37150,-250,1000,"sd","09:55:42",764300
37150,-250,100,"sd","09:55:37",763300
37150,-250,1000,"sd","09:55:07",763200
37200,-200,1000,"bu","09:54:49",762200
37200,-200,200,"bu","09:54:31",761200
37200,-200,1600,"bu","09:54:19",761000
37200,-200,2000,"bu","09:53:11",759400
37150,-250,4900,"sd","09:53:00",757400
37200,-200,3000,"bu","09:52:46",752500
37200,-200,300,"bu","09:52:41",749500
37200,-200,200,"bu","09:52:41",749200
37150,-250,100,"sd","09:52:13",749000
37150,-250,900,"unknown","09:52:12",748900
37150,-250,100,"bu","09:52:01",748000
37150,-250,900,"bu","09:52:01",747900
37150,-250,100,"sd","09:51:37",747000
37150,-250,2000,"sd","09:51:37",746900
37150,-250,2000,"sd","09:51:37",744900
37150,-250,500,"sd","09:51:15",742900
37150,-250,500,"sd","09:51:15",742400
37200,-200,500,"bu","09:50:51",741900
37200,-200,1000,"bu","09:50:31",741400
37200,-200,200,"bu","09:50:07",740400
37200,-200,100,"bu","09:49:50",740200
37200,-200,100,"bu","09:49:49",740100
37200,-200,200,"bu","09:49:23",740000
37200,-200,100,"bu","09:49:18",739800
37200,-200,500,"bu","09:49:12",739700
37100,-300,1000,"sd","09:48:40",739200
37100,-300,300,"sd","09:47:51",738200
37100,-300,100,"sd","09:47:51",737900
37100,-300,100,"sd","09:47:51",737800
37100,-300,500,"sd","09:47:51",737700
37100,-300,2000,"sd","09:47:51",737200
37100,-300,1000,"sd","09:47:51",735200
37200,-200,100,"bu","09:47:47",734200
37200,-200,800,"bu","09:47:19",734100
37150,-250,200,"bu","09:47:19",733300
37150,-250,1000,"sd","09:47:18",733100
37150,-250,100,"sd","09:47:18",732100
37150,-250,400,"sd","09:47:18",732000
37150,-250,100,"sd","09:47:18",731600
37150,-250,500,"sd","09:47:18",731500
37150,-250,500,"sd","09:47:18",731000
37150,-250,200,"sd","09:47:18",730500
37150,-250,100,"sd","09:47:18",730300
37150,-250,1000,"sd","09:47:18",730200
37150,-250,100,"sd","09:47:18",729200
37150,-250,500,"sd","09:47:18",729100
37150,-250,100,"sd","09:47:18",728600
37150,-250,200,"sd","09:47:18",728500
37200,-200,100,"bu","09:47:16",728300
37200,-200,100,"bu","09:47:15",728200
37200,-200,100,"bu","09:47:00",728100
37200,-200,1500,"bu","09:46:48",728000
37200,-200,500,"sd","09:46:47",726500
37200,-200,100,"sd","09:46:47",726000
37200,-200,500,"sd","09:46:47",725900
37200,-200,300,"sd","09:46:47",725400
37200,-200,500,"sd","09:46:31",725100
37200,-200,100,"sd","09:46:31",724600
37200,-200,400,"sd","09:46:31",724500
37250,-150,2400,"bu","09:46:31",724100
37250,-150,100,"bu","09:46:31",721700
37250,-150,100,"bu","09:46:31",721600
37250,-150,100,"bu","09:46:26",721500
37250,-150,400,"bu","09:46:05",721400
37250,-150,100,"bu","09:46:05",721000
37200,-200,200,"sd","09:45:49",720900
37250,-150,500,"bu","09:45:24",720700
37250,-150,500,"bu","09:45:18",720200
37250,-150,100,"sd","09:45:10",719700
37200,-200,400,"bu","09:44:44",719600
37200,-200,500,"sd","09:44:43",719200
37200,-200,1500,"sd","09:44:43",718700
37200,-200,1000,"sd","09:44:43",717200
37200,-200,3000,"sd","09:44:43",716200
37200,-200,500,"sd","09:44:43",713200
37200,-200,100,"sd","09:44:43",712700
37200,-200,200,"sd","09:44:43",712600
37200,-200,1000,"sd","09:44:43",712400
37250,-150,100,"sd","09:44:43",711400
37200,-200,100,"sd","09:44:43",711300
37200,-200,1000,"sd","09:44:43",711200
37200,-200,400,"sd","09:44:43",710200
37200,-200,200,"sd","09:44:43",709800
37300,-100,100,"bu","09:44:32",709600
37300,-100,1900,"bu","09:44:32",709500
37250,-150,100,"sd","09:44:26",707600
37250,-150,300,"sd","09:44:26",707500
37250,-150,600,"sd","09:44:26",707200
37250,-150,500,"sd","09:44:18",706600
37250,-150,8900,"sd","09:44:14",706100
37250,-150,1000,"sd","09:44:14",697200
37250,-150,100,"sd","09:44:14",696200
37250,-150,100,"sd","09:44:10",696100
37300,-100,100,"bu","09:43:58",696000
37300,-100,200,"bu","09:43:54",695900
37300,-100,3000,"bu","09:43:36",695700
37300,-100,400,"bu","09:43:34",692700
37300,-100,100,"bu","09:43:34",692300
37300,-100,1000,"bu","09:43:23",692200
37250,-150,200,"bu","09:43:03",691200
37300,-100,500,"bu","09:43:03",691000
37250,-150,200,"bu","09:42:48",690500
37250,-150,100,"sd","09:42:47",690300
37300,-100,1000,"bu","09:42:35",690200
37300,-100,300,"bu","09:42:18",689200
37250,-150,100,"sd","09:42:04",688900
37250,-150,500,"sd","09:42:04",688800
37250,-150,100,"sd","09:42:04",688300
37250,-150,300,"sd","09:42:04",688200
37300,-100,500,"bu","09:42:03",687900
37300,-100,300,"bu","09:42:02",687400
37300,-100,200,"bu","09:41:24",687100
37250,-150,1100,"sd","09:41:24",686900
37250,-150,1400,"sd","09:41:24",685800
37250,-150,300,"sd","09:41:24",684400
37250,-150,200,"sd","09:41:24",684100
37250,-150,100,"sd","09:41:24",683900
37250,-150,1000,"sd","09:41:24",683800
37250,-150,500,"sd","09:41:24",682800
37250,-150,3400,"sd","09:41:24",682300
37300,-100,500,"bu","09:41:22",678900
37300,-100,100,"bu","09:41:20",678400
37300,-100,200,"bu","09:41:08",678300
37300,-100,100,"bu","09:41:08",678100
37300,-100,100,"bu","09:40:58",678000
37300,-100,100,"bu","09:40:58",677900
37350,-50,100,"bu","09:40:51",677800
37350,-50,500,"bu","09:40:49",677700
37350,-50,200,"bu","09:40:46",677200
37350,-50,100,"bu","09:40:22",677000
37350,-50,2500,"bu","09:40:14",676900
37300,-100,300,"bu","09:40:09",674400
37300,-100,100,"sd","09:40:06",674100
37300,-100,200,"sd","09:40:06",674000
37300,-100,300,"sd","09:40:06",673800
37300,-100,1000,"sd","09:40:06",673500
37300,-100,3000,"sd","09:40:05",672500
37300,-100,100,"sd","09:40:05",669500
37350,-50,1000,"bu","09:39:53",669400
37350,-50,500,"bu","09:39:49",668400
37250,-150,1700,"sd","09:38:50",667900
37300,-100,300,"sd","09:38:50",666200
37300,-100,1000,"bu","09:38:44",665900
37300,-100,500,"bu","09:38:44",664900
37300,-100,1200,"bu","09:38:44",664400
37300,-100,400,"bu","09:38:44",663200
37300,-100,1000,"bu","09:38:37",662800
37300,-100,500,"bu","09:38:37",661800
37300,-100,100,"bu","09:38:37",661300
37300,-100,1000,"bu","09:38:35",661200
37300,-100,200,"bu","09:38:31",660200
37300,-100,2000,"bu","09:38:31",660000
37300,-100,200,"bu","09:38:26",658000
37250,-150,100,"bu","09:38:01",657800
37250,-150,4800,"bu","09:38:01",657700
37250,-150,200,"bu","09:37:59",652900
37250,-150,1000,"bu","09:37:51",652700
37250,-150,4000,"bu","09:37:49",651700
37200,-200,500,"bu","09:37:34",647700
37200,-200,200,"bu","09:37:34",647200
37200,-200,300,"bu","09:37:34",647000
37200,-200,100,"bu","09:37:32",646700
37200,-200,300,"bu","09:37:16",646600
37200,-200,1400,"bu","09:37:13",646300
37200,-200,100,"bu","09:37:11",644900
37200,-200,100,"bu","09:37:08",644800
37200,-200,700,"bu","09:37:03",644700
37200,-200,2000,"bu","09:37:00",644000
37100,-300,300,"bu","09:36:18",642000
37100,-300,200,"bu","09:36:18",641700
37100,-300,600,"bu","09:36:17",641500
37100,-300,200,"bu","09:36:14",640900
37000,-400,1200,"bu","09:36:03",640700
37000,-400,400,"bu","09:36:03",639500
37000,-400,300,"bu","09:36:03",639100
37000,-400,500,"bu","09:36:03",638800
37000,-400,1200,"bu","09:36:03",638300
37000,-400,600,"bu","09:36:03",637100
37000,-400,200,"bu","09:36:03",636500
37000,-400,500,"bu","09:36:03",636300
37000,-400,200,"bu","09:36:03",635800
37000,-400,300,"bu","09:36:03",635600
37000,-400,200,"bu","09:36:02",635300
37000,-400,100,"bu","09:36:00",635100
37000,-400,500,"bu","09:36:00",635000
37000,-400,200,"bu","09:35:59",634500
37000,-400,1700,"bu","09:35:59",634300
37000,-400,300,"bu","09:35:58",632600
37000,-400,50000,"bu","09:35:57",632300
37000,-400,3000,"bu","09:35:53",582300
37000,-400,1000,"bu","09:35:51",579300
37000,-400,1000,"bu","09:35:46",578300
37000,-400,100,"bu","09:35:44",577300
37000,-400,100,"bu","09:35:44",577200
37000,-400,1000,"bu","09:35:42",577100
37000,-400,500,"bu","09:35:41",576100
37000,-400,1000,"bu","09:35:40",575600
37000,-400,200,"bu","09:35:39",574600
37000,-400,500,"bu","09:35:37",574400
37000,-400,2000,"bu","09:35:35",573900
37000,-400,1000,"bu","09:35:35",571900
37000,-400,200,"bu","09:35:31",570900
37000,-400,100,"bu","09:35:30",570700
37000,-400,2000,"bu","09:35:30",570600
37000,-400,300,"bu","09:35:27",568600
36950,-450,1400,"sd","09:35:27",568300
36950,-450,200,"sd","09:35:27",566900
36950,-450,600,"sd","09:35:27",566700
37000,-400,1000,"bu","09:35:26",566100
37000,-400,4000,"bu","09:35:23",565100
37000,-400,1500,"bu","09:35:20",561100
37000,-400,1000,"bu","09:35:16",559600
37000,-400,500,"bu","09:35:15",558600
37000,-400,100,"bu","09:35:15",558100
37000,-400,100,"bu","09:35:13",558000
37000,-400,500,"bu","09:35:12",557900
37000,-400,100,"bu","09:35:10",557400
37000,-400,1000,"bu","09:35:09",557300
37000,-400,300,"bu","09:35:08",556300
37000,-400,2000,"bu","09:35:02",556000
37000,-400,200,"bu","09:34:59",554000
37000,-400,1500,"bu","09:34:49",553800
37000,-400,5000,"bu","09:34:48",552300
37000,-400,2000,"bu","09:34:47",547300
37000,-400,600,"bu","09:34:42",545300
37000,-400,200,"bu","09:34:40",544700
36950,-450,300,"sd","09:34:35",544500
37000,-400,14100,"bu","09:34:34",544200
37000,-400,1000,"bu","09:34:34",530100
37000,-400,1000,"bu","09:34:34",529100
37000,-400,300,"bu","09:34:34",528100
37000,-400,8600,"bu","09:34:34",527800
37000,-400,1000,"bu","09:34:31",519200
37000,-400,5000,"bu","09:34:24",518200
37000,-400,1000,"bu","09:34:23",513200
37000,-400,1000,"bu","09:34:22",512200
37000,-400,9300,"bu","09:34:05",511200
36950,-450,100,"sd","09:33:23",501900
36950,-450,600,"sd","09:33:22",501800
36950,-450,200,"sd","09:33:15",501200
37000,-400,300,"bu","09:33:06",501000
36950,-450,200,"bu","09:32:58",500700
36950,-450,500,"bu","09:32:58",500500
36950,-450,200,"bu","09:32:58",500000
36950,-450,7300,"bu","09:32:58",499800
36950,-450,2000,"bu","09:32:58",492500
36950,-450,1400,"bu","09:32:54",490500
36900,-500,1000,"sd","09:32:54",489100
36950,-450,10000,"bu","09:32:48",488100
36900,-500,1000,"sd","09:32:40",478100
36950,-450,100,"bu","09:32:38",477100
36950,-450,400,"bu","09:32:35",477000
36950,-450,5000,"bu","09:32:33",476600
36950,-450,500,"bu","09:32:31",471600
36950,-450,800,"bu","09:32:20",471100
36950,-450,500,"bu","09:32:18",470300
36950,-450,500,"bu","09:32:10",469800
36950,-450,1000,"sd","09:32:07",469300
36950,-450,500,"sd","09:32:07",468300
36950,-450,500,"sd","09:31:58",467800
36950,-450,500,"sd","09:31:58",467300
36950,-450,3000,"sd","09:31:58",466800
36950,-450,1000,"sd","09:31:58",463800
36950,-450,100,"sd","09:31:50",462800
37000,-400,100,"bu","09:31:50",462700
37000,-400,100,"bu","09:31:47",462600
36950,-450,200,"sd","09:31:43",462500
36950,-450,400,"sd","09:31:43",462300
36950,-450,1700,"sd","09:31:43",461900
36950,-450,300,"sd","09:31:38",460200
36950,-450,200,"sd","09:31:34",459900
36950,-450,500,"sd","09:31:20",459700
36950,-450,400,"sd","09:31:20",459200
36950,-450,800,"sd","09:31:20",458800
36950,-450,2000,"sd","09:31:19",458000
36950,-450,1000,"sd","09:31:12",456000
36950,-450,100,"bu","09:31:12",455000
36950,-450,1600,"bu","09:31:12",454900
36950,-450,1000,"bu","09:31:12",453300
36950,-450,3900,"bu","09:31:12",452300
36950,-450,400,"bu","09:31:08",448400
36950,-450,1600,"bu","09:31:08",448000
36950,-450,100,"bu","09:31:07",446400
36900,-500,400,"sd","09:31:07",446300
36900,-500,1000,"sd","09:30:59",445900
36950,-450,100,"bu","09:30:50",444900
36950,-450,100,"bu","09:30:48",444800
36950,-450,500,"bu","09:30:33",444700
36900,-500,400,"sd","09:30:32",444200
36950,-450,2600,"bu","09:30:32",443800
36950,-450,400,"bu","09:30:32",441200
36950,-450,100,"bu","09:30:27",440800
36950,-450,300,"bu","09:30:26",440700
36950,-450,100,"bu","09:30:26",440400
36950,-450,600,"bu","09:30:26",440300
36950,-450,200,"bu","09:30:25",439700
36950,-450,1000,"bu","09:30:19",439500
36950,-450,300,"bu","09:30:19",438500
36950,-450,200,"bu","09:30:19",438200
36950,-450,300,"bu","09:30:18",438000
36950,-450,500,"bu","09:30:08",437700
36950,-450,1000,"bu","09:30:08",437200
36950,-450,100,"bu","09:30:06",436200
36950,-450,1000,"sd","09:30:00",436100
36950,-450,400,"sd","09:30:00",435100
36950,-450,200,"sd","09:30:00",434700
36950,-450,200,"sd","09:30:00",434500
36950,-450,1000,"sd","09:30:00",434300
36950,-450,2000,"sd","09:30:00",433300
36950,-450,200,"sd","09:30:00",431300
36950,-450,1000,"sd","09:30:00",431100
36950,-450,100,"sd","09:30:00",430100
36950,-450,100,"sd","09:30:00",430000
36950,-450,5500,"sd","09:30:00",429900
36950,-450,5000,"sd","09:30:00",424400
36950,-450,8000,"sd","09:30:00",419400
36950,-450,100,"sd","09:30:00",411400
36950,-450,2000,"sd","09:30:00",411300
36950,-450,500,"sd","09:30:00",409300
36950,-450,1000,"sd","09:30:00",408800
36950,-450,500,"sd","09:30:00",407800
36950,-450,500,"sd","09:30:00",407300
36950,-450,100,"sd","09:30:00",406800
37000,-400,100,"bu","09:30:00",406700
36950,-450,100,"sd","09:30:00",406600
36950,-450,1900,"sd","09:30:00",406500
36950,-450,11500,"sd","09:30:00",404600
37000,-400,3000,"bu","09:29:59",393100
37000,-400,100,"bu","09:29:57",390100
37000,-400,100,"bu","09:29:55",390000
36950,-450,100,"sd","09:29:55",389900
37000,-400,1000,"bu","09:29:47",389800
37000,-400,10000,"bu","09:29:42",388800
37000,-400,2000,"bu","09:29:37",378800
37000,-400,100,"bu","09:29:32",376800
36950,-450,600,"sd","09:29:18",376700
37000,-400,200,"bu","09:29:15",376100
36950,-450,400,"sd","09:29:11",375900
36950,-450,600,"sd","09:29:08",375500
36950,-450,2000,"sd","09:28:56",374900
36950,-450,3000,"sd","09:28:41",372900
37000,-400,300,"bu","09:28:39",369900
37000,-400,100,"bu","09:28:34",369600
37000,-400,500,"bu","09:28:27",369500
37000,-400,4000,"bu","09:28:17",369000
37000,-400,5000,"bu","09:28:09",365000
37000,-400,900,"bu","09:28:02",360000
36950,-450,5000,"sd","09:27:54",359100
36950,-450,100,"sd","09:27:32",354100
36950,-450,200,"sd","09:27:27",354000
37000,-400,100,"bu","09:27:23",353800
37000,-400,100,"bu","09:27:22",353700
37000,-400,100,"bu","09:27:15",353600
37000,-400,1000,"bu","09:27:15",353500
37000,-400,500,"bu","09:27:10",352500
37000,-400,100,"bu","09:27:03",352000
37000,-400,100,"bu","09:27:02",351900
37000,-400,500,"bu","09:26:59",351800
37000,-400,1000,"bu","09:26:56",351300
