"price","change","match_qtty","side","time","total_vol"
35000,900,3600,"bu","14:45:00",54300
34800,700,300,"bu","14:26:15",50700
34950,850,600,"bu","14:26:09",50400
34950,850,200,"bu","14:26:09",49800
34900,800,1100,"bu","14:26:09",49600
34900,800,100,"bu","14:26:09",48500
34800,700,400,"bu","14:20:06",48400
34600,500,100,"sd","14:16:22",48000
34600,500,500,"sd","14:11:27",47900
35000,900,1000,"bu","14:07:13",47400
35000,900,400,"bu","14:04:08",46400
35000,900,100,"bu","14:04:08",46000
35000,900,100,"bu","14:03:59",45700
35000,900,200,"bu","14:03:59",45900
34900,800,200,"bu","14:03:59",45600
34900,800,1000,"bu","14:03:49",45400
34900,800,1200,"bu","13:56:43",44400
34700,600,300,"bu","13:55:41",43200
34700,600,300,"bu","13:55:34",42900
34700,600,500,"bu","13:55:26",42600
34600,500,100,"sd","13:54:45",42100
34600,500,1000,"bu","13:53:29",42000
34400,300,400,"bu","13:52:47",41000
34450,350,500,"bu","13:48:26",40600
34500,400,1000,"bu","13:46:37",40100
34500,400,100,"bu","13:46:37",39100
34500,400,1700,"bu","13:46:37",39000
34500,400,500,"bu","13:46:18",37300
34450,350,500,"bu","13:46:18",36800
34500,400,700,"bu","13:45:21",36300
34500,400,700,"bu","13:45:12",35600
34500,400,1400,"bu","13:45:02",34900
34300,200,100,"bu","13:45:02",33500
34200,100,500,"sd","13:36:06",33400
34200,100,1400,"sd","13:25:35",32900
34200,100,100,"sd","13:25:35",31500
34200,100,1900,"sd","13:22:44",31400
34200,100,100,"sd","13:22:44",29500
34200,100,500,"bu","13:17:13",29400
34200,100,1200,"bu","13:17:13",28900
34200,100,100,"bu","13:17:13",27700
34200,100,100,"bu","13:17:13",27600
34150,50,400,"sd","13:16:50",27500
34150,50,200,"sd","13:16:50",27100
34200,100,2000,"bu","13:02:16",26900
34150,50,100,"sd","13:00:23",24900
34200,100,100,"sd","11:25:32",24800
34500,400,1000,"bu","11:17:25",24700
34500,400,400,"bu","11:15:15",23700
34500,400,100,"bu","11:15:15",23300
34500,400,2000,"bu","11:15:15",23200
34400,300,1900,"bu","11:15:15",21200
34200,100,600,"bu","11:15:15",19300
34150,50,500,"sd","11:11:12",18700
34100,0,4000,"sd","10:18:01",18200
34100,0,1000,"sd","10:18:01",14200
34100,0,100,"sd","10:18:01",13200
34100,0,200,"sd","10:18:01",13100
34150,50,4000,"sd","10:18:01",12900
34200,100,800,"sd","10:18:01",8900
34200,100,2000,"sd","10:17:44",8100
34250,150,500,"sd","10:17:44",6100
34250,150,100,"sd","10:17:44",5600
34250,150,400,"sd","10:17:44",5500
34250,150,100,"sd","10:14:17",5100
34200,100,1200,"sd","10:06:07",5000
34200,100,100,"sd","10:06:07",3800
34500,400,100,"bu","10:05:13",3700
34500,400,100,"bu","10:03:05",3600
34500,400,800,"bu","09:53:18",3500
34100,0,100,"sd","09:43:49",2700
34100,0,100,"sd","09:43:49",2600
34100,0,400,"sd","09:35:19",2500
34100,0,1600,"sd","09:35:19",2100
34100,0,400,"bu","09:25:24",500
34100,0,100,"unknown","09:15:01",100
