"price","change","match_qtty","side","time","total_vol"
28800,700,390100,"unknown","14:45:04",12300600
28850,750,1000,"sd","14:29:59",11910500
28850,750,2000,"bu","14:29:58",11909500
28850,750,600,"bu","14:29:58",11907500
28850,750,10000,"bu","14:29:58",11906900
28850,750,300,"bu","14:29:58",11896900
28850,750,100,"bu","14:29:58",11896600
28850,750,500,"bu","14:29:58",11896500
28850,750,200,"bu","14:29:58",11896000
28850,750,5000,"bu","14:29:58",11895800
28850,750,400,"bu","14:29:58",11890800
28850,750,1000,"bu","14:29:58",11890400
28850,750,1000,"bu","14:29:58",11889400
28850,750,2000,"bu","14:29:58",11888400
28850,750,7300,"bu","14:29:58",11886400
28850,750,1000,"bu","14:29:54",11879100
28800,700,1000,"sd","14:29:52",11878100
28800,700,2700,"sd","14:29:50",11877100
28800,700,100,"sd","14:29:49",11874400
28800,700,800,"sd","14:29:43",11874300
28800,700,500,"sd","14:29:43",11873500
28800,700,2700,"sd","14:29:43",11873000
28800,700,1000,"sd","14:29:43",11870300
28800,700,700,"sd","14:29:43",11869300
28800,700,200,"sd","14:29:43",11868600
28800,700,2500,"sd","14:29:43",11868400
28800,700,1600,"sd","14:29:43",11865900
28800,700,400,"sd","14:29:43",11864300
28800,700,700,"sd","14:29:43",11863900
28850,750,500,"bu","14:29:41",11863200
28850,750,1200,"bu","14:29:40",11862700
28850,750,2800,"bu","14:29:40",11861500
28850,750,500,"bu","14:29:39",11858700
28800,700,500,"sd","14:29:35",11858200
28850,750,4000,"bu","14:29:27",11857700
28850,750,500,"unknown","14:29:24",11853700
28850,750,1000,"sd","14:29:24",11853200
28850,750,1200,"sd","14:29:24",11852200
28850,750,1500,"sd","14:29:21",11851000
28850,750,1000,"sd","14:29:19",11849500
28850,750,400,"sd","14:29:17",11848500
28850,750,100,"sd","14:29:12",11848100
28850,750,200,"sd","14:29:10",11848000
28900,800,1400,"bu","14:29:01",11847800
28900,800,500,"bu","14:29:01",11846400
28850,750,500,"sd","14:29:01",11845900
28850,750,1400,"sd","14:29:01",11845400
28850,750,200,"sd","14:29:01",11844000
28850,750,2800,"sd","14:29:01",11843800
28850,750,2000,"sd","14:29:01",11841000
28850,750,400,"sd","14:29:01",11839000
28850,750,100,"sd","14:29:01",11838600
28850,750,600,"sd","14:29:00",11838500
28850,750,100,"sd","14:29:00",11837900
28850,750,500,"sd","14:29:00",11837800
28850,750,100,"sd","14:29:00",11837300
28850,750,100,"sd","14:29:00",11837200
28850,750,2000,"bu","14:29:00",11837100
28850,750,200,"bu","14:29:00",11835100
28850,750,1000,"bu","14:29:00",11834900
28850,750,200,"bu","14:29:00",11833900
28850,750,300,"bu","14:29:00",11833700
28850,750,100,"bu","14:29:00",11833400
28850,750,200,"bu","14:29:00",11833300
28850,750,300,"bu","14:29:00",11833100
28850,750,500,"bu","14:29:00",11832800
28850,750,9200,"bu","14:29:00",11832300
28850,750,2400,"bu","14:29:00",11823100
28850,750,5000,"bu","14:29:00",11820700
28850,750,10000,"bu","14:29:00",11815700
28850,750,1000,"bu","14:29:00",11805700
28850,750,500,"bu","14:29:00",11804700
28850,750,3000,"bu","14:29:00",11804200
28850,750,200,"bu","14:29:00",11801200
28850,750,100,"bu","14:29:00",11801000
28850,750,100,"bu","14:29:00",11800900
28850,750,100,"bu","14:29:00",11800800
28850,750,400,"bu","14:29:00",11800700
28850,750,500,"bu","14:28:58",11800300
28850,750,10300,"bu","14:28:54",11799800
28850,750,1300,"bu","14:28:54",11789500
28800,700,3400,"bu","14:28:54",11788200
28800,700,16000,"sd","14:28:53",11784800
28800,700,200,"sd","14:28:53",11768800
28800,700,400,"sd","14:28:53",11768600
28850,750,700,"bu","14:28:51",11768200
28850,750,300,"bu","14:28:51",11767500
28800,700,100,"sd","14:28:50",11767200
28850,750,1700,"bu","14:28:47",11767100
28850,750,100,"bu","14:28:47",11765400
28850,750,1000,"bu","14:28:47",11765300
28850,750,100,"bu","14:28:47",11764300
28850,750,200,"bu","14:28:47",11764200
28850,750,400,"bu","14:28:47",11764000
28800,700,200,"sd","14:28:45",11763600
28850,750,100,"bu","14:28:44",11763400
28850,750,200,"bu","14:28:44",11763300
28850,750,700,"bu","14:28:44",11763100
28800,700,1000,"sd","14:28:44",11762400
28850,750,2900,"bu","14:28:41",11761400
28800,700,700,"sd","14:28:39",11758500
28800,700,300,"sd","14:28:39",11757800
28800,700,300,"sd","14:28:39",11757500
28800,700,1600,"sd","14:28:39",11757200
28800,700,1000,"sd","14:28:36",11755600
28800,700,100,"sd","14:28:35",11754600
28850,750,1400,"bu","14:28:34",11754500
28850,750,200,"bu","14:28:34",11753100
28850,750,300,"bu","14:28:34",11752900
28850,750,200,"bu","14:28:34",11752600
28800,700,1000,"sd","14:28:34",11752400
28850,750,100,"bu","14:28:34",11751400
28800,700,200,"bu","14:28:34",11751300
28800,700,500,"bu","14:28:34",11751100
28800,700,500,"bu","14:28:34",11750600
28800,700,1000,"bu","14:28:34",11750100
28800,700,300,"bu","14:28:33",11749100
28800,700,1500,"bu","14:28:33",11748800
28800,700,500,"bu","14:28:33",11747300
28800,700,200,"bu","14:28:33",11746800
28800,700,100,"bu","14:28:33",11746600
28800,700,100,"bu","14:28:33",11746500
28800,700,400,"bu","14:28:33",11746400
28800,700,1000,"bu","14:28:33",11746000
28800,700,500,"bu","14:28:30",11745000
28800,700,500,"bu","14:28:30",11744500
28800,700,1000,"bu","14:28:30",11744000
28800,700,2000,"bu","14:28:30",11743000
28800,700,5000,"bu","14:28:30",11741000
28800,700,100,"bu","14:28:30",11736000
28800,700,1000,"bu","14:28:30",11735900
28800,700,500,"bu","14:28:30",11734900
28800,700,800,"bu","14:28:30",11734400
28800,700,1200,"bu","14:28:27",11733600
28800,700,800,"bu","14:28:27",11732400
28800,700,3000,"bu","14:28:25",11731600
28800,700,1200,"bu","14:28:23",11728600
28800,700,1200,"bu","14:28:23",11727400
28800,700,200,"bu","14:28:22",11726200
28800,700,500,"bu","14:28:22",11726000
28800,700,1500,"bu","14:28:22",11725500
28800,700,100,"bu","14:28:22",11724000
28800,700,7300,"bu","14:28:22",11723900
28800,700,600,"bu","14:28:22",11716600
28750,650,1900,"sd","14:28:21",11716000
28800,700,400,"bu","14:28:20",11714100
28800,700,200,"bu","14:28:20",11713700
28800,700,1300,"bu","14:28:17",11713500
28800,700,200,"bu","14:28:12",11712200
28800,700,600,"bu","14:28:07",11712000
28800,700,100,"bu","14:28:06",11711400
28750,650,100,"sd","14:28:04",11711300
28800,700,100,"bu","14:28:03",11711200
28800,700,2200,"bu","14:28:03",11711100
28800,700,3100,"bu","14:28:01",11708900
28800,700,2000,"bu","14:28:00",11705800
28800,700,3000,"bu","14:27:57",11703800
28750,650,100,"sd","14:27:53",11700800
28800,700,200,"bu","14:27:50",11700700
28800,700,2000,"bu","14:27:48",11700500
28750,650,1300,"sd","14:27:46",11698500
28800,700,2000,"bu","14:27:41",11697200
28800,700,300,"bu","14:27:36",11695200
28800,700,2300,"bu","14:27:30",11694900
28800,700,800,"bu","14:27:29",11692600
28800,700,1900,"bu","14:27:28",11691800
28800,700,100,"bu","14:27:27",11689900
28800,700,1000,"bu","14:27:27",11689800
28800,700,200,"bu","14:27:27",11688800
28800,700,100,"bu","14:27:25",11688600
28800,700,1400,"bu","14:27:25",11688500
28750,650,800,"sd","14:27:24",11687100
28750,650,1000,"sd","14:27:24",11686300
28750,650,200,"sd","14:27:24",11685300
28800,700,100,"bu","14:27:22",11685100
28750,650,500,"sd","14:27:21",11685000
28750,650,100,"sd","14:27:21",11684500
28750,650,400,"sd","14:27:21",11684400
28750,650,100,"sd","14:27:20",11684000
28750,650,2000,"sd","14:27:19",11683900
28750,650,400,"sd","14:27:19",11681900
28750,650,2000,"sd","14:27:19",11681500
28750,650,200,"sd","14:27:19",11679500
28750,650,900,"sd","14:27:19",11679300
28800,700,300,"bu","14:27:15",11678400
28800,700,500,"bu","14:27:15",11678100
28800,700,1500,"bu","14:27:15",11677600
28800,700,2500,"bu","14:27:14",11676100
28800,700,200,"bu","14:27:14",11673600
28750,650,1100,"sd","14:27:10",11673400
28750,650,100,"sd","14:27:10",11672300
28800,700,200,"bu","14:27:09",11672200
28800,700,300,"bu","14:27:01",11672000
28800,700,1200,"bu","14:27:01",11671700
28800,700,2000,"bu","14:27:01",11670500
28800,700,2300,"bu","14:26:57",11668500
28800,700,100,"bu","14:26:48",11666200
28750,650,400,"sd","14:26:44",11666100
28750,650,1800,"sd","14:26:44",11665700
28750,650,100,"sd","14:26:44",11663900
28750,650,900,"sd","14:26:39",11663800
28750,650,900,"sd","14:26:39",11662900
28750,650,100,"sd","14:26:39",11662000
28750,650,1000,"sd","14:26:39",11661900
28750,650,100,"sd","14:26:39",11660900
28750,650,900,"sd","14:26:39",11660800
28750,650,1700,"sd","14:26:39",11659900
28750,650,400,"sd","14:26:39",11658200
28750,650,400,"sd","14:26:38",11657800
28750,650,1600,"sd","14:26:38",11657400
28800,700,5000,"bu","14:26:33",11655800
28800,700,600,"bu","14:26:31",11650800
28750,650,500,"sd","14:26:30",11650200
28750,650,1000,"sd","14:26:29",11649700
28750,650,1900,"sd","14:26:27",11648700
28750,650,8100,"sd","14:26:27",11646800
28750,650,500,"sd","14:26:27",11638700
28750,650,300,"sd","14:26:26",11638200
28750,650,1500,"sd","14:26:26",11637900
28750,650,8200,"sd","14:26:26",11636400
28800,700,800,"bu","14:26:23",11628200
28800,700,1500,"bu","14:26:23",11627400
28800,700,400,"bu","14:26:20",11625900
28750,650,1700,"sd","14:26:14",11625500
28800,700,200,"bu","14:26:14",11623800
28800,700,1200,"bu","14:26:12",11623600
28750,650,100,"sd","14:26:06",11622400
28750,650,400,"sd","14:26:06",11622300
28800,700,300,"bu","14:26:05",11621900
28800,700,1400,"bu","14:25:59",11621600
28800,700,200,"bu","14:25:58",11620200
28800,700,100,"bu","14:25:52",11620000
28800,700,2100,"bu","14:25:51",11619900
28800,700,200,"bu","14:25:50",11617800
28800,700,1300,"bu","14:25:48",11617600
28800,700,500,"bu","14:25:48",11616300
28800,700,500,"bu","14:25:48",11615800
28800,700,1200,"bu","14:25:48",11615300
28800,700,300,"bu","14:25:46",11614100
28750,650,600,"sd","14:25:44",11613800
28750,650,3700,"sd","14:25:44",11613200
28750,650,1700,"sd","14:25:44",11609500
28800,700,200,"sd","14:25:41",11607800
28800,700,3300,"sd","14:25:41",11607600
28800,700,100,"unknown","14:25:40",11604300
28800,700,100,"unknown","14:25:40",11604200
28800,700,200,"unknown","14:25:40",11604100
28800,700,1300,"bu","14:25:40",11603900
28800,700,1000,"bu","14:25:38",11602600
28800,700,1700,"bu","14:25:33",11601600
28800,700,500,"bu","14:25:33",11599900
28800,700,500,"bu","14:25:33",11599400
28800,700,500,"bu","14:25:33",11598900
28800,700,1000,"bu","14:25:33",11598400
28800,700,800,"bu","14:25:33",11597400
28800,700,100,"bu","14:25:31",11596600
28800,700,100,"bu","14:25:29",11596500
28800,700,300,"bu","14:25:22",11596400
28800,700,1100,"bu","14:25:19",11596100
28800,700,1200,"bu","14:25:19",11595000
28800,700,2000,"bu","14:25:15",11593800
28800,700,100,"bu","14:25:07",11591800
28800,700,2700,"sd","14:25:05",11591700
28800,700,300,"sd","14:25:04",11589000
28850,750,500,"bu","14:25:03",11588700
28800,700,200,"sd","14:25:03",11588200
28800,700,300,"bu","14:25:01",11588000
28800,700,100,"bu","14:25:00",11587700
28800,700,500,"bu","14:25:00",11587600
28800,700,1400,"bu","14:25:00",11587100
28800,700,300,"bu","14:25:00",11585700
28800,700,1000,"bu","14:25:00",11585400
28800,700,500,"bu","14:25:00",11584400
28800,700,2400,"unknown","14:25:00",11583900
28800,700,200,"sd","14:25:00",11581500
28800,700,1000,"sd","14:25:00",11581300
28800,700,2300,"sd","14:25:00",11580300
28800,700,700,"sd","14:24:53",11578000
28800,700,300,"sd","14:24:53",11577300
28850,750,500,"bu","14:24:50",11577000
28850,750,3000,"bu","14:24:50",11576500
28800,700,300,"bu","14:24:50",11573500
28800,700,100,"bu","14:24:50",11573200
28800,700,300,"bu","14:24:50",11573100
28800,700,500,"bu","14:24:50",11572800
28800,700,100,"bu","14:24:50",11572300
28800,700,500,"bu","14:24:50",11572200
28800,700,100,"bu","14:24:50",11571700
28800,700,600,"bu","14:24:50",11571600
28800,700,200,"bu","14:24:50",11571000
28800,700,500,"bu","14:24:50",11570800
28800,700,1000,"bu","14:24:50",11570300
28800,700,500,"bu","14:24:50",11569300
28800,700,2500,"bu","14:24:47",11568800
28800,700,1500,"bu","14:24:47",11566300
28800,700,1000,"bu","14:24:46",11564800
28800,700,500,"bu","14:24:46",11563800
28800,700,300,"bu","14:24:46",11563300
28800,700,200,"bu","14:24:46",11563000
28800,700,200,"bu","14:24:46",11562800
28800,700,800,"bu","14:24:43",11562600
28800,700,1200,"bu","14:24:43",11561800
28800,700,1000,"bu","14:24:42",11560600
28800,700,300,"bu","14:24:41",11559600
28800,700,100,"bu","14:24:38",11559300
28750,650,400,"sd","14:24:38",11559200
28800,700,500,"bu","14:24:36",11558800
28800,700,200,"bu","14:24:36",11558300
28800,700,2400,"bu","14:24:36",11558100
28800,700,200,"bu","14:24:36",11555700
28800,700,400,"bu","14:24:36",11555500
28800,700,100,"bu","14:24:36",11555100
28800,700,300,"bu","14:24:36",11555000
28800,700,100,"bu","14:24:36",11554700
28800,700,1000,"bu","14:24:36",11554600
28800,700,400,"bu","14:24:36",11553600
28800,700,800,"bu","14:24:29",11553200
28800,700,200,"bu","14:24:29",11552400
28800,700,700,"bu","14:24:29",11552200
28750,650,300,"sd","14:24:22",11551500
28750,650,500,"sd","14:24:22",11551200
28800,700,300,"bu","14:24:22",11550700
28800,700,1000,"bu","14:24:21",11550400
28800,700,1000,"bu","14:24:20",11549400
28800,700,500,"bu","14:24:20",11548400
28800,700,200,"bu","14:24:20",11547900
28800,700,1000,"bu","14:24:20",11547700
28800,700,1000,"bu","14:24:20",11546700
28800,700,500,"bu","14:24:20",11545700
28800,700,100,"bu","14:24:20",11545200
28800,700,200,"bu","14:24:20",11545100
28800,700,300,"bu","14:24:20",11544900
28800,700,200,"bu","14:24:15",11544600
28800,700,100,"bu","14:24:15",11544400
28800,700,1800,"bu","14:24:15",11544300
28800,700,1000,"bu","14:24:12",11542500
28750,650,200,"sd","14:24:12",11541500
28800,700,700,"bu","14:24:09",11541300
28800,700,100,"bu","14:24:09",11540600
28750,650,1000,"sd","14:23:57",11540500
28750,650,100,"sd","14:23:49",11539500
28750,650,200,"sd","14:23:41",11539400
28750,650,2700,"sd","14:23:38",11539200
28800,700,100,"bu","14:23:38",11536500
28750,650,300,"sd","14:23:37",11536400
28750,650,200,"sd","14:23:37",11536100
28750,650,800,"sd","14:23:34",11535900
28750,650,1600,"sd","14:23:34",11535100
28750,650,1300,"sd","14:23:34",11533500
28750,650,1300,"sd","14:23:34",11532200
28800,700,5800,"bu","14:23:33",11530900
28800,700,100,"bu","14:23:33",11525100
28800,700,300,"bu","14:23:33",11525000
28800,700,100,"bu","14:23:33",11524700
28800,700,200,"bu","14:23:33",11524600
28800,700,100,"bu","14:23:33",11524400
28800,700,500,"bu","14:23:33",11524300
28800,700,2000,"bu","14:23:33",11523800
28800,700,10000,"bu","14:23:33",11521800
28800,700,500,"bu","14:23:33",11511800
28800,700,300,"bu","14:23:33",11511300
28800,700,5000,"bu","14:23:33",11511000
28800,700,100,"bu","14:23:33",11506000
28750,650,300,"sd","14:23:33",11505900
28750,650,400,"sd","14:23:31",11505600
28750,650,4600,"sd","14:23:31",11505200
28750,650,200,"sd","14:23:28",11500600
28750,650,500,"sd","14:23:23",11500400
28750,650,700,"sd","14:23:22",11499900
28750,650,5000,"sd","14:23:22",11499200
28750,650,100,"sd","14:23:22",11494200
28750,650,3000,"sd","14:23:22",11494100
28750,650,1200,"sd","14:23:22",11491100
28800,700,900,"bu","14:23:19",11489900
28800,700,1500,"bu","14:23:19",11489000
28800,700,1000,"bu","14:23:19",11487500
28800,700,500,"bu","14:23:19",11486500
28800,700,200,"bu","14:23:19",11486000
28800,700,1000,"bu","14:23:19",11485800
28800,700,14900,"bu","14:23:19",11484800
28750,650,900,"sd","14:23:16",11469900
28750,650,500,"sd","14:23:16",11469000
28750,650,600,"sd","14:23:16",11468500
28800,700,100,"bu","14:23:13",11467900
28800,700,5000,"bu","14:23:11",11467800
28750,650,400,"sd","14:23:10",11462800
28750,650,100,"sd","14:23:06",11462400
28750,650,100,"sd","14:23:06",11462300
28750,650,300,"sd","14:23:06",11462200
28750,650,1000,"sd","14:23:06",11461900
28750,650,100,"sd","14:23:03",11460900
28750,650,300,"sd","14:23:03",11460800
28750,650,100,"sd","14:23:03",11460500
28750,650,3300,"sd","14:22:57",11460400
28750,650,200,"sd","14:22:57",11457100
28750,650,1000,"sd","14:22:57",11456900
28750,650,500,"sd","14:22:57",11455900
28750,650,100,"sd","14:22:53",11455400
28750,650,200,"sd","14:22:52",11455300
28750,650,100,"sd","14:22:52",11455100
28750,650,300,"sd","14:22:50",11455000
28750,650,1000,"sd","14:22:47",11454700
28750,650,200,"bu","14:22:45",11453700
28750,650,4800,"bu","14:22:42",11453500
28750,650,200,"bu","14:22:42",11448700
28750,650,800,"bu","14:22:41",11448500
28750,650,100,"bu","14:22:41",11447700
28750,650,100,"bu","14:22:41",11447600
28750,650,200,"bu","14:22:39",11447500
28750,650,400,"bu","14:22:39",11447300
28750,650,500,"bu","14:22:39",11446900
28750,650,1000,"bu","14:22:39",11446400
28750,650,800,"bu","14:22:39",11445400
28750,650,100,"bu","14:22:39",11444600
28750,650,1000,"bu","14:22:39",11444500
28750,650,200,"bu","14:22:39",11443500
28750,650,200,"bu","14:22:39",11443300
28750,650,500,"bu","14:22:39",11443100
28750,650,200,"bu","14:22:39",11442600
28750,650,9000,"bu","14:22:39",11442400
28750,650,400,"bu","14:22:39",11433400
28750,650,1000,"bu","14:22:39",11433000
28750,650,100,"bu","14:22:39",11432000
28750,650,200,"bu","14:22:39",11431900
28750,650,1000,"bu","14:22:39",11431700
28750,650,300,"bu","14:22:39",11430700
28750,650,900,"bu","14:22:39",11430400
28750,650,100,"bu","14:22:39",11429500
28750,650,200,"bu","14:22:39",11429400
28750,650,100,"bu","14:22:38",11429200
28750,650,1600,"bu","14:22:38",11429100
28750,650,500,"bu","14:22:38",11427500
28700,600,400,"sd","14:22:36",11427000
28700,600,1000,"sd","14:22:35",11426600
28750,650,500,"bu","14:22:35",11425600
28750,650,200,"bu","14:22:35",11425100
28700,600,100,"sd","14:22:29",11424900
28750,650,400,"bu","14:22:27",11424800
28750,650,200,"bu","14:22:25",11424400
28750,650,400,"bu","14:22:23",11424200
28700,600,1000,"sd","14:22:19",11423800
28750,650,800,"bu","14:22:16",11422800
28750,650,300,"bu","14:22:16",11422000
28750,650,1100,"bu","14:22:16",11421700
28750,650,800,"bu","14:22:16",11420600
28750,650,100,"bu","14:22:16",11419800
28750,650,1300,"bu","14:22:16",11419700
28700,600,700,"bu","14:22:16",11418400
28700,600,1000,"bu","14:22:16",11417700
28700,600,500,"bu","14:22:16",11416700
28700,600,23500,"bu","14:22:16",11416200
28700,600,10000,"bu","14:22:16",11392700
28700,600,200,"bu","14:22:13",11382700
28650,550,4000,"sd","14:22:12",11382500
28700,600,2400,"bu","14:22:11",11378500
28700,600,100,"bu","14:22:10",11376100
28650,550,100,"sd","14:22:10",11376000
28700,600,100,"bu","14:22:09",11375900
28700,600,1700,"bu","14:22:08",11375800
28700,600,1500,"bu","14:22:08",11374100
28700,600,2200,"bu","14:22:05",11372600
28700,600,2000,"bu","14:22:04",11370400
28700,600,5000,"bu","14:21:58",11368400
28700,600,100,"bu","14:21:55",11363400
28700,600,5000,"bu","14:21:55",11363300
28700,600,1400,"bu","14:21:54",11358300
28700,600,100,"sd","14:21:51",11356900
28700,600,1000,"sd","14:21:51",11356800
28700,600,3000,"sd","14:21:51",11355800
28700,600,1000,"sd","14:21:51",11352800
28700,600,1000,"sd","14:21:51",11351800
28700,600,100,"sd","14:21:51",11350800
28700,600,1000,"sd","14:21:51",11350700
28700,600,16600,"sd","14:21:51",11349700
28750,650,100,"bu","14:21:50",11333100
28750,650,100,"bu","14:21:46",11332900
28750,650,100,"bu","14:21:46",11333000
28700,600,1000,"bu","14:21:44",11332800
28700,600,100,"bu","14:21:43",11331800
28700,600,100,"bu","14:21:43",11331700
28700,600,100,"bu","14:21:43",11331600
28700,600,700,"bu","14:21:43",11331500
28700,600,200,"bu","14:21:43",11330800
28700,600,500,"bu","14:21:43",11330600
28700,600,700,"bu","14:21:43",11330100
28700,600,200,"bu","14:21:41",11329400
28700,600,100,"bu","14:21:41",11329200
28700,600,3000,"bu","14:21:41",11329100
28700,600,300,"bu","14:21:41",11326100
28700,600,1400,"bu","14:21:41",11325800
28700,600,5000,"bu","14:21:40",11324400
28700,600,3000,"bu","14:21:39",11319400
28700,600,100,"bu","14:21:38",11316400
28700,600,2000,"bu","14:21:37",11316300
28700,600,500,"bu","14:21:36",11314300
28700,600,2000,"bu","14:21:35",11313800
28700,600,2300,"bu","14:21:33",11311800
28650,550,100,"sd","14:21:32",11309500
28700,600,800,"bu","14:21:32",11309400
28700,600,100,"bu","14:21:31",11308600
28700,600,1200,"bu","14:21:30",11308500
28700,600,3800,"bu","14:21:30",11307300
28700,600,100,"bu","14:21:28",11303500
28700,600,500,"bu","14:21:27",11303400
28700,600,300,"bu","14:21:21",11302900
28700,600,1000,"bu","14:21:21",11302600
28700,600,1000,"bu","14:21:21",11301600
28700,600,300,"bu","14:21:21",11300600
28700,600,200,"bu","14:21:21",11300300
28700,600,1000,"bu","14:21:21",11300100
28700,600,500,"bu","14:21:21",11299100
28700,600,500,"bu","14:21:21",11298600
28700,600,3000,"bu","14:21:21",11298100
28700,600,100,"bu","14:21:21",11295100
28700,600,200,"bu","14:21:21",11295000
28700,600,2000,"bu","14:21:21",11294800
28700,600,500,"bu","14:21:21",11292800
28700,600,100,"bu","14:21:21",11292300
28700,600,200,"bu","14:21:21",11292200
28700,600,100,"bu","14:21:21",11292000
28700,600,500,"bu","14:21:21",11291900
28700,600,500,"bu","14:21:21",11291400
28700,600,500,"bu","14:21:21",11290900
28700,600,300,"bu","14:21:21",11290400
28700,600,100,"bu","14:21:21",11290100
28700,600,600,"bu","14:21:21",11290000
28700,600,5500,"bu","14:21:21",11289400
28700,600,1000,"bu","14:21:21",11283900
28650,550,3000,"bu","14:21:07",11282900
28650,550,1500,"bu","14:21:07",11279900
28650,550,30400,"bu","14:21:07",11278400
28650,550,100,"bu","14:21:07",11248000
28650,550,2000,"bu","14:21:07",11247900
28650,550,100,"bu","14:21:07",11245900
28650,550,1000,"bu","14:21:07",11245800
28650,550,500,"bu","14:21:07",11244800
28650,550,3700,"bu","14:21:07",11244300
28650,550,100,"bu","14:21:07",11240600
28650,550,500,"bu","14:21:07",11240500
28650,550,1000,"bu","14:21:05",11240000
28650,550,16000,"bu","14:21:05",11239000
28650,550,8800,"bu","14:21:03",11223000
28650,550,1000,"bu","14:21:03",11214200
28650,550,100,"bu","14:21:03",11213200
28650,550,100,"bu","14:21:03",11213100
28650,550,500,"bu","14:21:02",11213000
28650,550,2500,"bu","14:21:01",11212500
28650,550,1000,"bu","14:21:01",11210000
28650,550,2700,"bu","14:21:01",11209000
28650,550,2300,"bu","14:20:59",11206300
28650,550,2200,"bu","14:20:58",11204000
28650,550,800,"bu","14:20:58",11201800
28650,550,200,"bu","14:20:58",11201000
28650,550,1000,"bu","14:20:58",11200800
28650,550,800,"bu","14:20:58",11199800
28600,500,300,"sd","14:20:58",11199000
28650,550,1000,"bu","14:20:58",11198700
28650,550,2000,"bu","14:20:54",11197700
28650,550,1200,"bu","14:20:52",11195700
28650,550,100,"bu","14:20:52",11194500
28650,550,100,"bu","14:20:52",11194400
28650,550,100,"bu","14:20:52",11194300
28650,550,100,"bu","14:20:52",11194200
28650,550,100,"bu","14:20:52",11194100
28650,550,200,"bu","14:20:52",11194000
28650,550,400,"bu","14:20:52",11193800
28650,550,500,"bu","14:20:52",11193400
28650,550,700,"bu","14:20:52",11192900
28650,550,600,"bu","14:20:46",11192200
28650,550,1000,"bu","14:20:46",11191600
28650,550,600,"bu","14:20:45",11190600
28600,500,1000,"sd","14:20:44",11190000
28650,550,2100,"bu","14:20:42",11189000
28650,550,200,"bu","14:20:42",11186900
28650,550,100,"bu","14:20:42",11186700
28650,550,200,"bu","14:20:42",11186600
28650,550,2400,"bu","14:20:42",11186400
28650,550,10000,"bu","14:20:40",11184000
28650,550,6000,"bu","14:20:38",11174000
28650,550,400,"bu","14:20:35",11168000
28650,550,400,"bu","14:20:35",11167600
28600,500,400,"sd","14:20:33",11167200
28600,500,500,"sd","14:20:27",11166800
28650,550,1000,"bu","14:20:26",11166300
28650,550,500,"bu","14:20:26",11165300
28650,550,800,"bu","14:20:25",11164800
28600,500,100,"sd","14:20:24",11164000
28650,550,900,"bu","14:20:21",11163900
28600,500,200,"sd","14:20:17",11163000
28600,500,400,"sd","14:20:16",11162800
28600,500,500,"sd","14:20:14",11162400
28600,500,200,"sd","14:20:10",11161900
28600,500,1600,"bu","14:19:54",11161700
28600,500,500,"bu","14:19:53",11160100
28600,500,2200,"bu","14:19:53",11159600
28600,500,500,"bu","14:19:51",11157400
28600,500,1400,"bu","14:19:50",11156900
28550,450,200,"sd","14:19:50",11155500
28600,500,500,"bu","14:19:46",11155300
28600,500,900,"bu","14:19:46",11154800
28600,500,100,"bu","14:19:43",11153900
28600,500,2300,"bu","14:19:43",11153800
28600,500,200,"bu","14:19:43",11151500
28600,500,200,"bu","14:19:42",11151300
28600,500,300,"bu","14:19:42",11151100
28600,500,1000,"bu","14:19:42",11150800
28600,500,200,"bu","14:19:42",11149800
28600,500,800,"bu","14:19:42",11149600
28600,500,4000,"bu","14:19:41",11148800
28600,500,4600,"bu","14:19:39",11144800
28600,500,500,"bu","14:19:39",11140200
28600,500,5000,"bu","14:19:38",11139700
28600,500,900,"bu","14:19:38",11134700
28600,500,2200,"bu","14:19:34",11133800
28600,500,400,"bu","14:19:34",11131600
28600,500,1000,"bu","14:19:34",11131200
28600,500,800,"bu","14:19:34",11130200
28600,500,300,"bu","14:19:34",11129400
28600,500,100,"bu","14:19:34",11129100
28600,500,100,"bu","14:19:34",11129000
28600,500,600,"bu","14:19:34",11128900
28600,500,100,"bu","14:19:34",11128300
28600,500,900,"bu","14:19:34",11128200
28600,500,5000,"bu","14:19:34",11127300
28600,500,1000,"bu","14:19:34",11122300
28600,500,2000,"bu","14:19:34",11121300
28600,500,100,"bu","14:19:34",11119300
28600,500,300,"bu","14:19:34",11119200
28600,500,500,"bu","14:19:34",11118900
28600,500,2200,"bu","14:19:34",11118400
28600,500,1000,"bu","14:19:34",11116200
28600,500,200,"bu","14:19:34",11115200
28600,500,1000,"bu","14:19:34",11115000
28600,500,200,"bu","14:19:34",11114000
28600,500,1600,"bu","14:19:31",11113800
28600,500,400,"bu","14:19:31",11112200
28600,500,100,"bu","14:19:29",11111800
28600,500,400,"bu","14:19:29",11111700
28600,500,100,"bu","14:19:28",11111300
28600,500,400,"bu","14:19:25",11111200
28600,500,500,"bu","14:19:25",11110800
28600,500,1500,"bu","14:19:25",11110300
28600,500,100,"bu","14:19:25",11108800
28600,500,500,"bu","14:19:25",11108700
28600,500,1000,"bu","14:19:25",11108200
28600,500,2000,"bu","14:19:25",11107200
28600,500,1000,"bu","14:19:24",11105200
28600,500,3000,"bu","14:19:24",11104200
28600,500,2800,"bu","14:19:23",11101200
28600,500,300,"bu","14:19:21",11098400
28600,500,700,"bu","14:19:21",11098100
28600,500,500,"bu","14:19:20",11097400
28600,500,600,"bu","14:19:20",11096900
28600,500,100,"bu","14:19:20",11096300
28600,500,1600,"bu","14:19:20",11096200
28600,500,100,"bu","14:19:02",11094600
28600,500,100,"bu","14:19:02",11094500
28550,450,500,"sd","14:19:02",11094400
28550,450,2500,"sd","14:19:00",11093900
28550,450,10000,"sd","14:18:53",11091400
28550,450,500,"sd","14:18:53",11081400
28550,450,2000,"sd","14:18:49",11080900
28600,500,900,"bu","14:18:48",11078900
28600,500,1000,"bu","14:18:48",11078000
28600,500,300,"bu","14:18:48",11077000
28550,450,400,"sd","14:18:45",11076700
28550,450,100,"bu","14:18:42",11076300
28550,450,200,"bu","14:18:38",11076200
28550,450,500,"bu","14:18:36",11076000
28550,450,200,"bu","14:18:33",11075500
28550,450,200,"bu","14:18:33",11075300
28550,450,500,"bu","14:18:33",11075100
28550,450,1000,"bu","14:18:33",11074600
28550,450,100,"bu","14:18:33",11073600
28550,450,500,"bu","14:18:32",11073500
28550,450,200,"bu","14:18:31",11073000
28550,450,1000,"bu","14:18:26",11072800
28550,450,100,"bu","14:18:22",11071800
28550,450,300,"bu","14:18:22",11071700
28550,450,1000,"bu","14:18:22",11071400
28550,450,200,"bu","14:18:22",11070400
28550,450,500,"bu","14:18:22",11070200
28550,450,500,"bu","14:18:22",11069700
28550,450,400,"bu","14:18:22",11069200
28550,450,500,"bu","14:18:21",11068800
28550,450,500,"bu","14:18:21",11068300
28550,450,1000,"bu","14:18:21",11067800
28550,450,1000,"bu","14:18:21",11066800
28550,450,10000,"bu","14:18:21",11065800
28550,450,1000,"bu","14:18:21",11055800
28550,450,300,"bu","14:18:21",11054800
28550,450,300,"bu","14:18:21",11054500
28550,450,4000,"bu","14:18:20",11054200
28500,400,1000,"sd","14:18:19",11050200
28550,450,600,"bu","14:18:17",11049200
28550,450,1700,"bu","14:18:17",11048600
28550,450,1000,"bu","14:18:10",11046900
28550,450,7200,"bu","14:18:10",11045900
28550,450,500,"bu","14:18:10",11038700
28550,450,500,"bu","14:18:10",11038200
28550,450,800,"bu","14:18:10",11037700
28500,400,200,"sd","14:18:10",11036900
28500,400,30000,"sd","14:17:50",11036700
28500,400,3500,"sd","14:17:49",11006700
28500,400,400,"sd","14:17:49",11003200
28500,400,1100,"sd","14:17:49",11002800
28550,450,200,"bu","14:17:49",11001700
28550,450,1000,"bu","14:17:49",11001500
28550,450,8800,"bu","14:17:48",11000500
28550,450,1200,"bu","14:17:47",10991700
28550,450,200,"bu","14:17:47",10990500
28500,400,500,"sd","14:17:47",10990300
28550,450,2600,"bu","14:17:43",10989800
28500,400,1500,"sd","14:17:41",10987200
28500,400,300,"sd","14:17:32",10985700
28500,400,500,"sd","14:17:27",10985400
28550,450,300,"bu","14:17:15",10984900
28550,450,600,"bu","14:17:09",10984600
28550,450,100,"bu","14:17:08",10984000
28550,450,200,"bu","14:17:06",10983900
28550,450,1000,"bu","14:17:06",10983700
28550,450,1100,"bu","14:17:06",10982700
28550,450,400,"bu","14:16:55",10981600
28550,450,500,"bu","14:16:53",10981200
28550,450,100,"bu","14:16:50",10980700
28550,450,300,"bu","14:16:50",10980600
28550,450,700,"bu","14:16:46",10980300
28550,450,800,"bu","14:16:46",10979600
28550,450,2300,"bu","14:16:42",10978800
28550,450,200,"bu","14:16:37",10976500
28550,450,100,"bu","14:16:37",10976300
28550,450,600,"bu","14:16:33",10976200
28550,450,100,"bu","14:16:33",10975600
28550,450,500,"bu","14:16:33",10975500
28550,450,1000,"bu","14:16:33",10975000
28550,450,200,"bu","14:16:33",10974000
28500,400,100,"sd","14:16:28",10973800
28500,400,100,"sd","14:16:21",10973700
28550,450,500,"bu","14:16:13",10973600
28550,450,300,"bu","14:16:10",10973100
28550,450,2000,"bu","14:16:01",10972800
28550,450,2000,"bu","14:15:59",10970800
28550,450,2700,"bu","14:15:58",10968800
28550,450,500,"bu","14:15:57",10966100
28550,450,200,"bu","14:15:55",10965600
28550,450,100,"bu","14:15:55",10965400
28550,450,100,"bu","14:15:53",10965300
28550,450,1400,"bu","14:15:44",10965200
28550,450,1400,"bu","14:15:38",10963800
28550,450,3200,"bu","14:15:30",10962400
28500,400,900,"sd","14:15:24",10959200
28500,400,100,"sd","14:15:24",10958300
28500,400,400,"sd","14:15:20",10958200
28500,400,1000,"sd","14:15:20",10957800
28500,400,1000,"sd","14:15:20",10956800
28500,400,400,"sd","14:15:20",10955800
28500,400,2000,"sd","14:15:20",10955400
28500,400,200,"sd","14:15:20",10953400
28550,450,2300,"bu","14:15:19",10953200
28500,400,100,"sd","14:15:11",10950900
28550,450,3100,"bu","14:15:07",10950800
28550,450,100,"bu","14:15:07",10947700
28550,450,600,"bu","14:15:07",10947600
28550,450,6200,"bu","14:15:07",10947000
28550,450,200,"bu","14:15:03",10940800
28550,450,500,"bu","14:15:00",10940600
28550,450,300,"bu","14:14:56",10940100
28550,450,200,"bu","14:14:56",10939800
28550,450,2400,"bu","14:14:46",10939600
28500,400,600,"sd","14:14:44",10937200
28550,450,1200,"bu","14:14:42",10936600
28550,450,200,"bu","14:14:42",10935400
28550,450,3800,"bu","14:14:40",10935200
28550,450,300,"bu","14:14:40",10931400
28550,450,100,"bu","14:14:40",10931100
28550,450,400,"bu","14:14:40",10931000
28550,450,400,"bu","14:14:40",10930600
28500,400,100,"sd","14:14:36",10930200
28500,400,300,"sd","14:14:33",10930100
28550,450,100,"bu","14:14:32",10929800
28550,450,500,"bu","14:14:23",10929700
28500,400,200,"sd","14:14:16",10929200
28500,400,700,"sd","14:14:16",10929000
28500,400,300,"sd","14:14:16",10928300
28500,400,500,"sd","14:14:16",10928000
28500,400,100,"sd","14:14:16",10927500
28500,400,400,"sd","14:14:16",10927400
28550,450,1200,"sd","14:14:16",10927000
28550,450,300,"sd","14:14:16",10925800
28550,450,1300,"sd","14:14:16",10925500
28550,450,1000,"sd","14:14:14",10924200
28550,450,400,"sd","14:14:14",10923200
28550,450,600,"sd","14:14:14",10922800
28550,450,400,"sd","14:14:13",10922200
28550,450,4600,"sd","14:14:13",10921800
28550,450,500,"sd","14:14:09",10917200
28550,450,100,"sd","14:14:08",10916700
28550,450,4800,"sd","14:14:01",10916600
28550,450,500,"sd","14:14:01",10911800
28550,450,300,"sd","14:14:01",10911300
28550,450,500,"sd","14:14:01",10911000
28550,450,3900,"sd","14:14:01",10910500
28550,450,300,"sd","14:13:59",10906600
28550,450,200,"sd","14:13:59",10906300
28600,500,2000,"bu","14:13:54",10906100
28550,450,600,"sd","14:13:51",10904100
28550,450,1500,"sd","14:13:51",10903500
28550,450,7900,"sd","14:13:51",10902000
28550,450,1700,"sd","14:13:49",10894100
28550,450,400,"sd","14:13:44",10892400
28550,450,4600,"sd","14:13:44",10892000
28550,450,100,"sd","14:13:39",10887400
28550,450,200,"sd","14:13:39",10887300
28550,450,1500,"sd","14:13:39",10887100
28550,450,3600,"sd","14:13:39",10885600
28550,450,2200,"bu","14:13:38",10882000
28550,450,1000,"bu","14:13:37",10879800
28550,450,1000,"bu","14:13:37",10878800
28550,450,400,"bu","14:13:36",10877800
28550,450,200,"bu","14:13:33",10877400
28500,400,900,"sd","14:13:29",10877200
28550,450,100,"unknown","14:13:29",10876300
28550,450,1500,"sd","14:13:29",10876200
28550,450,1000,"bu","14:13:27",10874700
28550,450,100,"bu","14:13:27",10873700
28550,450,700,"bu","14:13:27",10873600
28550,450,500,"bu","14:13:26",10872900
28550,450,1000,"bu","14:13:26",10872400
28550,450,200,"bu","14:13:26",10871400
28550,450,1400,"bu","14:13:26",10871200
28550,450,2000,"bu","14:13:26",10869800
28550,450,2000,"bu","14:13:26",10867800
28550,450,200,"bu","14:13:22",10865800
28550,450,200,"bu","14:13:19",10865600
28550,450,1800,"bu","14:13:06",10865400
28550,450,800,"bu","14:13:06",10863600
28500,400,1200,"sd","14:12:56",10862800
28550,450,100,"bu","14:12:52",10861600
28550,450,100,"bu","14:12:49",10861500
28550,450,1200,"bu","14:12:44",10861400
28500,400,500,"sd","14:12:44",10860200
28550,450,800,"bu","14:12:43",10859700
28550,450,1700,"bu","14:12:43",10858900
28550,450,1400,"bu","14:12:40",10857200
28550,450,900,"bu","14:12:38",10855800
28550,450,100,"bu","14:12:38",10854900
28550,450,8700,"bu","14:12:34",10854800
28550,450,500,"bu","14:12:34",10846100
28550,450,600,"bu","14:12:34",10845600
28550,450,200,"bu","14:12:34",10845000
28550,450,1500,"bu","14:12:33",10844800
28500,400,2000,"sd","14:12:29",10843300
28550,450,1300,"bu","14:12:28",10841300
28550,450,900,"bu","14:12:28",10840000
28550,450,1100,"bu","14:12:20",10839100
28550,450,900,"bu","14:12:20",10838000
28550,450,100,"bu","14:12:19",10837100
28550,450,100,"bu","14:12:17",10837000
28550,450,700,"bu","14:12:15",10836900
28550,450,300,"bu","14:12:15",10836200
28550,450,1000,"bu","14:12:15",10835900
28550,450,600,"bu","14:12:14",10834900
28550,450,400,"bu","14:12:13",10834300
28550,450,500,"bu","14:12:13",10833900
28500,400,5000,"sd","14:12:12",10833400
28550,450,200,"bu","14:12:07",10828400
28550,450,7100,"bu","14:12:07",10828200
28550,450,1200,"bu","14:12:07",10821100
28550,450,12200,"bu","14:11:58",10819900
28550,450,2500,"bu","14:11:57",10807700
28550,450,200,"bu","14:11:54",10805200
28550,450,2000,"bu","14:11:52",10805000
28550,450,2800,"bu","14:11:52",10803000
28550,450,500,"bu","14:11:51",10800200
28550,450,1500,"bu","14:11:43",10799700
28550,450,200,"bu","14:11:43",10798200
28550,450,3000,"bu","14:11:43",10798000
28550,450,100,"bu","14:11:43",10795000
28550,450,200,"bu","14:11:43",10794900
28550,450,300,"bu","14:11:43",10794700
28550,450,14000,"bu","14:11:43",10794400
28550,450,1000,"bu","14:11:43",10780400
28550,450,500,"bu","14:11:43",10779400
28550,450,200,"bu","14:11:43",10778900
28550,450,100,"bu","14:11:43",10778700
28550,450,100,"unknown","14:11:43",10778600
28550,450,100,"sd","14:11:43",10778500
28550,450,500,"sd","14:11:43",10778400
28550,450,200,"sd","14:11:43",10777900
28550,450,700,"sd","14:11:43",10777700
28550,450,300,"sd","14:11:39",10777000
28550,450,600,"sd","14:11:36",10776700
28550,450,9400,"sd","14:11:36",10776100
28600,500,600,"bu","14:11:29",10766700
28600,500,400,"bu","14:11:29",10766100
28600,500,300,"bu","14:11:22",10765700
28600,500,300,"bu","14:11:22",10765400
28600,500,1000,"bu","14:11:21",10765100
28600,500,1000,"bu","14:11:21",10764100
28550,450,400,"sd","14:11:09",10763100
28600,500,1000,"bu","14:11:09",10762700
28550,450,600,"sd","14:11:08",10761700
28550,450,500,"sd","14:11:04",10761100
28600,500,1000,"bu","14:11:02",10760600
28600,500,200,"bu","14:10:57",10759600
28600,500,1000,"bu","14:10:55",10759400
28550,450,200,"sd","14:10:51",10758400
28550,450,100,"sd","14:10:51",10758200
28550,450,100,"sd","14:10:51",10758100
28550,450,1600,"sd","14:10:51",10758000
28550,450,1000,"sd","14:10:51",10756400
28600,500,1800,"bu","14:10:46",10755400
28600,500,500,"bu","14:10:46",10753600
28550,450,200,"sd","14:10:43",10753100
28550,450,3200,"sd","14:10:43",10752900
28550,450,200,"sd","14:10:43",10749700
28550,450,500,"sd","14:10:43",10749500
28550,450,100,"sd","14:10:43",10749000
28550,450,300,"sd","14:10:43",10748900
28550,450,1600,"sd","14:10:43",10748600
28550,450,400,"sd","14:10:43",10747000
28550,450,100,"sd","14:10:43",10746600
28550,450,200,"sd","14:10:39",10746500
28600,500,1400,"bu","14:10:36",10746300
28600,500,2000,"bu","14:10:33",10744900
28600,500,2000,"bu","14:10:29",10742900
28550,450,500,"sd","14:10:27",10740900
28550,450,500,"sd","14:10:27",10740400
28550,450,100,"sd","14:10:27",10739900
28550,450,400,"sd","14:10:27",10739800
28600,500,4100,"bu","14:10:22",10739400
28600,500,5900,"bu","14:10:22",10735300
28550,450,100,"sd","14:10:20",10729400
28550,450,400,"sd","14:10:20",10729300
28550,450,800,"sd","14:10:20",10728900
28600,500,1800,"bu","14:10:19",10728100
28550,450,200,"sd","14:10:17",10726300
28550,450,400,"sd","14:10:17",10726100
28600,500,2300,"bu","14:10:14",10725700
28550,450,300,"sd","14:10:13",10723400
28550,450,100,"sd","14:10:11",10723100
28550,450,3000,"sd","14:10:11",10723000
28550,450,400,"sd","14:10:11",10720000
28550,450,5200,"sd","14:10:11",10719600
28550,450,1300,"sd","14:10:11",10714400
28600,500,1000,"unknown","14:10:03",10713100
28600,500,1000,"unknown","14:10:03",10712100
28600,500,2200,"sd","14:10:03",10711100
28600,500,1000,"sd","14:10:03",10708900
28550,450,200,"sd","14:10:03",10707900
28600,500,1100,"sd","14:10:03",10707700
28600,500,1300,"sd","14:10:03",10706600
28600,500,2000,"sd","14:10:03",10705300
28600,500,200,"sd","14:10:03",10703300
28600,500,3100,"sd","14:10:01",10703100
28600,500,300,"sd","14:10:01",10700000
28600,500,300,"sd","14:10:01",10699700
28600,500,2000,"sd","14:10:01",10699400
28600,500,800,"sd","14:10:01",10697400
28600,500,100,"sd","14:10:01",10696600
28600,500,3400,"sd","14:10:01",10696500
28600,500,4000,"sd","14:10:00",10693100
28600,500,600,"sd","14:09:58",10689100
28600,500,500,"sd","14:09:58",10688500
28600,500,1000,"sd","14:09:58",10688000
28600,500,300,"sd","14:09:52",10687000
28600,500,200,"sd","14:09:50",10686700
28600,500,100,"sd","14:09:50",10686500
28600,500,100,"sd","14:09:50",10686400
28600,500,600,"sd","14:09:50",10686300
28600,500,400,"sd","14:09:47",10685700
28600,500,1400,"sd","14:09:47",10685300
28600,500,1200,"sd","14:09:47",10683900
28600,500,1000,"sd","14:09:45",10682700
28600,500,100,"sd","14:09:43",10681700
28600,500,200,"sd","14:09:43",10681600
28600,500,1800,"sd","14:09:42",10681400
28600,500,200,"sd","14:09:42",10679600
28600,500,1000,"sd","14:09:42",10679400
28600,500,1000,"sd","14:09:42",10678400
28600,500,1400,"sd","14:09:41",10677400
28600,500,500,"sd","14:09:41",10676000
28600,500,100,"sd","14:09:41",10675500
28600,500,1000,"sd","14:09:41",10675400
28650,550,600,"bu","14:09:40",10674400
28650,550,1600,"bu","14:09:40",10673800
28600,500,500,"sd","14:09:38",10672200
28600,500,1400,"sd","14:09:35",10671700
28600,500,2100,"sd","14:09:34",10670300
28600,500,2900,"sd","14:09:34",10668200
28600,500,200,"sd","14:09:34",10665300
28600,500,200,"sd","14:09:31",10665100
28600,500,2000,"sd","14:09:31",10664900
28600,500,500,"sd","14:09:31",10662900
28600,500,1000,"sd","14:09:31",10662400
28600,500,500,"sd","14:09:31",10661400
28600,500,100,"sd","14:09:31",10660900
28600,500,700,"sd","14:09:31",10660800
28650,550,500,"bu","14:09:23",10660100
28600,500,1000,"sd","14:09:23",10659600
28650,550,3600,"bu","14:09:21",10658600
28600,500,900,"sd","14:09:21",10655000
28600,500,2400,"sd","14:09:20",10654100
28600,500,2000,"sd","14:09:20",10651700
28600,500,500,"sd","14:09:20",10649700
28600,500,400,"sd","14:09:20",10649200
28600,500,500,"sd","14:09:13",10648800
28600,500,500,"sd","14:09:13",10648300
28650,550,2300,"bu","14:09:09",10647800
28600,500,100,"sd","14:09:09",10645500
28650,550,100,"bu","14:09:07",10645400
28650,550,1000,"bu","14:09:02",10645300
28600,500,400,"sd","14:08:59",10644300
28600,500,400,"sd","14:08:58",10643900
28600,500,1200,"sd","14:08:58",10643500
28650,550,900,"bu","14:08:57",10642300
28650,550,100,"bu","14:08:57",10641400
28650,550,900,"bu","14:08:57",10641300
28650,550,100,"bu","14:08:57",10640400
28600,500,1000,"sd","14:08:55",10640300
28600,500,500,"sd","14:08:49",10639300
28600,500,500,"sd","14:08:49",10638800
28650,550,500,"bu","14:08:47",10638300
28650,550,2000,"bu","14:08:43",10637800
28600,500,500,"sd","14:08:39",10635800
28600,500,4000,"sd","14:08:39",10635300
28600,500,500,"sd","14:08:39",10631300
28600,500,500,"sd","14:08:39",10630800
28600,500,200,"sd","14:08:39",10630300
28600,500,6800,"sd","14:08:39",10630100
28600,500,700,"sd","14:08:38",10623300
28600,500,3200,"sd","14:08:38",10622600
28600,500,100,"sd","14:08:38",10619400
28600,500,300,"sd","14:08:36",10619300
28600,500,700,"sd","14:08:36",10619000
28650,550,2600,"bu","14:08:36",10618300
28650,550,100,"bu","14:08:35",10615700
28650,550,5000,"bu","14:08:34",10615600
28600,500,200,"sd","14:08:27",10610600
28650,550,700,"bu","14:08:23",10610400
28600,500,1100,"sd","14:08:23",10609700
28600,500,400,"sd","14:08:23",10608600
28650,550,1000,"bu","14:08:21",10608200
28650,550,500,"bu","14:08:19",10607200
28600,500,2000,"sd","14:08:18",10606700
28650,550,1700,"bu","14:08:16",10604700
28600,500,1000,"sd","14:08:13",10603000
28650,550,1000,"bu","14:08:10",10602000
28650,550,500,"bu","14:08:09",10601000
28600,500,500,"sd","14:08:03",10600500
28650,550,5100,"bu","14:08:02",10600000
28650,550,4900,"bu","14:08:02",10594900
28600,500,5000,"sd","14:08:00",10590000
28650,550,500,"bu","14:07:59",10585000
28650,550,2600,"bu","14:07:58",10584500
28600,500,1100,"sd","14:07:57",10581900
28600,500,2000,"sd","14:07:57",10580800
28600,500,100,"sd","14:07:57",10578800
28600,500,100,"sd","14:07:57",10578700
28600,500,400,"sd","14:07:57",10578600
28600,500,200,"sd","14:07:57",10578200
28600,500,500,"sd","14:07:57",10578000
28600,500,3000,"sd","14:07:57",10577500
28600,500,900,"sd","14:07:57",10574500
28600,500,500,"sd","14:07:57",10573600
28600,500,500,"sd","14:07:57",10573100
28600,500,700,"sd","14:07:57",10572600
28650,550,1600,"bu","14:07:53",10571900
28600,500,1000,"sd","14:07:51",10570300
28650,550,800,"bu","14:07:50",10569300
28650,550,700,"bu","14:07:50",10568500
28600,500,1000,"sd","14:07:49",10567800
28650,550,3300,"bu","14:07:48",10566800
28650,550,200,"bu","14:07:48",10563500
28650,550,500,"bu","14:07:48",10563300
28650,550,6000,"bu","14:07:48",10562800
28650,550,1000,"bu","14:07:45",10556800
28650,550,2500,"bu","14:07:45",10555800
28650,550,200,"bu","14:07:45",10553300
28650,550,1000,"bu","14:07:45",10553100
28650,550,1300,"bu","14:07:45",10552100
28650,550,100,"bu","14:07:45",10550800
28650,550,4000,"bu","14:07:45",10550700
28650,550,5000,"bu","14:07:43",10546700
28650,550,1000,"bu","14:07:33",10541700
28650,550,1400,"bu","14:07:32",10540700
28650,550,500,"bu","14:07:31",10539300
28650,550,700,"bu","14:07:30",10538800
28650,550,500,"bu","14:07:30",10538100
28650,550,800,"bu","14:07:30",10537600
28600,500,300,"sd","14:07:29",10536800
28600,500,2000,"sd","14:07:29",10536500
28600,500,1700,"sd","14:07:29",10534500
28650,550,14200,"bu","14:07:28",10532800
28650,550,1800,"bu","14:07:28",10518600
28650,550,2700,"bu","14:07:21",10516800
28650,550,100,"bu","14:07:19",10514100
28600,500,3000,"sd","14:07:16",10514000
28600,500,5300,"sd","14:07:13",10511000
28600,500,8500,"sd","14:07:13",10505700
28650,550,500,"bu","14:07:12",10497200
28650,550,9900,"bu","14:07:12",10496700
28650,550,100,"bu","14:07:11",10486800
28650,550,1300,"bu","14:07:09",10486700
28650,550,200,"bu","14:07:03",10485400
28650,550,3400,"bu","14:06:58",10485200
28650,550,100,"bu","14:06:58",10481800
28650,550,1500,"bu","14:06:58",10481700
28650,550,1500,"bu","14:06:55",10480200
28650,550,1000,"bu","14:06:55",10478700
28650,550,2500,"bu","14:06:55",10477700
28600,500,1000,"sd","14:06:53",10475200
28650,550,500,"bu","14:06:50",10474200
28650,550,200,"bu","14:06:45",10473700
28650,550,300,"bu","14:06:40",10473500
28650,550,1900,"bu","14:06:40",10473200
28650,550,100,"bu","14:06:33",10471300
28650,550,1500,"bu","14:06:32",10471200
28650,550,1000,"bu","14:06:30",10469700
28650,550,3000,"bu","14:06:23",10468700
28650,550,100,"bu","14:06:22",10465700
28650,550,1000,"bu","14:06:18",10465600
28600,500,500,"sd","14:06:16",10464600
28600,500,5000,"sd","14:06:16",10464100
28650,550,400,"bu","14:06:15",10459100
28650,550,1000,"bu","14:06:14",10458700
28700,600,200,"bu","14:06:10",10457700
28650,550,2000,"unknown","14:06:10",10457500
28650,550,100,"unknown","14:06:10",10455500
28650,550,100,"bu","14:06:08",10455400
28650,550,100,"bu","14:06:08",10455300
28650,550,900,"bu","14:06:07",10455200
28700,600,500,"bu","14:06:05",10454300
28650,550,1000,"bu","14:06:05",10453800
28650,550,1000,"bu","14:06:05",10452800
28650,550,300,"bu","14:06:04",10451800
28650,550,500,"bu","14:06:04",10451500
28650,550,500,"bu","14:06:04",10451000
28650,550,500,"bu","14:06:04",10450500
28650,550,1200,"bu","14:06:03",10450000
28650,550,300,"bu","14:05:54",10448800
28650,550,200,"bu","14:05:54",10448500
28650,550,700,"sd","14:05:52",10448300
28650,550,300,"sd","14:05:52",10447600
28650,550,1500,"sd","14:05:52",10447300
28650,550,2200,"sd","14:05:52",10445800
28650,550,100,"sd","14:05:52",10443600
28700,600,300,"bu","14:05:51",10443500
28700,600,500,"bu","14:05:51",10443200
28700,600,100,"bu","14:05:51",10442700
28700,600,200,"bu","14:05:51",10442600
28700,600,900,"bu","14:05:51",10442400
28650,550,1000,"sd","14:05:50",10441500
28650,550,2000,"sd","14:05:49",10440500
28650,550,2400,"sd","14:05:45",10438500
28650,550,1000,"sd","14:05:40",10436100
28650,550,300,"sd","14:05:40",10435100
28650,550,500,"sd","14:05:35",10434800
28650,550,12700,"bu","14:05:32",10434300
28650,550,200,"bu","14:05:31",10421600
28650,550,1400,"bu","14:05:29",10421400
28650,550,500,"bu","14:05:29",10420000
28650,550,200,"bu","14:05:29",10419500
28650,550,3800,"bu","14:05:29",10419300
28650,550,1000,"bu","14:05:29",10415500
28650,550,2000,"bu","14:05:29",10414500
28650,550,200,"bu","14:05:29",10412500
28650,550,100,"bu","14:05:28",10412300
28650,550,200,"bu","14:05:28",10412200
28650,550,100,"bu","14:05:28",10412000
28650,550,100,"bu","14:05:28",10411900
28650,550,2200,"bu","14:05:28",10411800
28650,550,100,"sd","14:05:28",10409600
28650,550,1000,"sd","14:05:28",10409500
28650,550,1000,"sd","14:05:24",10408500
28700,600,100,"bu","14:05:23",10407500
28700,600,200,"bu","14:05:23",10407400
28700,600,2000,"bu","14:05:21",10407200
28650,550,6800,"sd","14:05:13",10405200
28650,550,200,"sd","14:05:13",10398400
28700,600,100,"bu","14:05:11",10398200
28700,600,2100,"bu","14:05:05",10398100
28650,550,300,"sd","14:05:05",10396000
28650,550,200,"sd","14:05:05",10395700
28700,600,600,"bu","14:05:04",10395500
28700,600,1400,"bu","14:05:04",10394900
28700,600,2000,"bu","14:04:55",10393500
28700,600,100,"bu","14:04:52",10391500
28700,600,100,"bu","14:04:50",10391400
28700,600,200,"bu","14:04:49",10391300
28700,600,3600,"bu","14:04:49",10391100
28700,600,1000,"bu","14:04:49",10387500
28700,600,200,"bu","14:04:49",10386500
28700,600,200,"bu","14:04:46",10386300
28700,600,100,"bu","14:04:40",10386100
28700,600,300,"bu","14:04:40",10386000
28650,550,1200,"sd","14:04:39",10385700
28650,550,200,"sd","14:04:39",10384500
28650,550,1000,"sd","14:04:39",10384300
28650,550,2000,"sd","14:04:39",10383300
28650,550,2200,"sd","14:04:39",10381300
28650,550,300,"sd","14:04:39",10379100
28650,550,200,"sd","14:04:39",10378800
28650,550,500,"sd","14:04:39",10378600
28650,550,12400,"sd","14:04:39",10378100
28700,600,600,"bu","14:04:38",10365700
28650,550,3300,"sd","14:04:36",10365100
28700,600,4100,"bu","14:04:34",10361800
28700,600,100,"bu","14:04:34",10357700
28700,600,800,"bu","14:04:34",10357600
28700,600,2400,"bu","14:04:33",10356800
28700,600,400,"bu","14:04:32",10354400
28650,550,500,"sd","14:04:31",10354000
28700,600,100,"bu","14:04:30",10353500
28700,600,1300,"bu","14:04:29",10353400
28700,600,200,"bu","14:04:29",10352100
28700,600,700,"bu","14:04:28",10351900
28700,600,1900,"bu","14:04:27",10351200
28700,600,1100,"bu","14:04:27",10349300
28700,600,10000,"bu","14:04:23",10348200
28700,600,100,"bu","14:04:23",10338200
28700,600,300,"bu","14:04:23",10338100
28700,600,500,"bu","14:04:23",10337800
28700,600,1000,"bu","14:04:23",10337300
28700,600,500,"bu","14:04:23",10336300
28700,600,4000,"bu","14:04:23",10335800
28700,600,100,"bu","14:04:23",10331800
28700,600,200,"bu","14:04:23",10331700
28700,600,300,"bu","14:04:23",10331500
28700,600,2000,"bu","14:04:23",10331200
28700,600,500,"bu","14:04:23",10329200
28700,600,11600,"bu","14:04:23",10328700
28700,600,100,"bu","14:04:23",10317100
28700,600,200,"bu","14:04:23",10317000
28700,600,500,"bu","14:04:23",10316800
28700,600,5200,"bu","14:04:23",10316300
28700,600,900,"bu","14:04:22",10311100
28700,600,2000,"bu","14:04:22",10310200
28700,600,900,"bu","14:04:22",10308200
28700,600,600,"bu","14:04:22",10307300
28700,600,300,"bu","14:04:22",10306700
28700,600,100,"bu","14:04:22",10306400
28700,600,8100,"bu","14:04:22",10306300
28700,600,100,"bu","14:04:21",10298200
28650,550,1000,"sd","14:04:19",10298100
28700,600,1000,"bu","14:04:17",10297100
28700,600,200,"bu","14:04:14",10296100
28700,600,500,"bu","14:04:14",10295900
28700,600,300,"bu","14:04:13",10295400
28700,600,400,"bu","14:04:10",10295100
28650,550,400,"sd","14:04:07",10294700
28650,550,100,"sd","14:04:06",10294300
28650,550,300,"sd","14:04:03",10294200
28650,550,200,"sd","14:04:03",10293900
28700,600,200,"bu","14:03:59",10293700
28700,600,200,"bu","14:03:59",10293500
28700,600,100,"bu","14:03:59",10293300
28700,600,300,"bu","14:03:59",10293200
28700,600,100,"bu","14:03:59",10292900
28700,600,1000,"bu","14:03:59",10292800
28700,600,100,"bu","14:03:59",10291800
28700,600,100,"bu","14:03:59",10291700
28650,550,300,"sd","14:03:57",10291600
28650,550,200,"sd","14:03:57",10291300
28650,550,1000,"sd","14:03:57",10291100
28650,550,600,"sd","14:03:52",10290100
28650,550,500,"sd","14:03:52",10289500
28650,550,500,"sd","14:03:52",10289000
28650,550,100,"sd","14:03:52",10288500
28650,550,8300,"sd","14:03:52",10288400
28650,550,400,"sd","14:03:46",10280100
28650,550,100,"sd","14:03:39",10279700
28650,550,1000,"bu","14:03:36",10279600
28650,550,200,"bu","14:03:36",10278600
28650,550,300,"bu","14:03:35",10278400
28650,550,200,"bu","14:03:35",10278100
28650,550,1000,"bu","14:03:34",10277900
28650,550,300,"bu","14:03:32",10276900
28650,550,700,"bu","14:03:29",10276600
28650,550,1700,"bu","14:03:29",10275900
28650,550,4500,"bu","14:03:27",10274200
28650,550,1400,"bu","14:03:27",10269700
28650,550,1900,"bu","14:03:26",10268300
28650,550,800,"bu","14:03:26",10266400
28650,550,100,"bu","14:03:26",10265600
28650,550,5100,"bu","14:03:26",10265500
28650,550,1000,"bu","14:03:26",10260400
28650,550,3900,"bu","14:03:26",10259400
28650,550,1000,"bu","14:03:25",10255500
28650,550,1000,"bu","14:03:20",10254500
28650,550,500,"bu","14:03:20",10253500
28650,550,500,"bu","14:03:19",10253000
28650,550,500,"bu","14:03:19",10252500
28650,550,500,"bu","14:03:19",10252000
28650,550,200,"bu","14:03:19",10251500
28650,550,600,"bu","14:03:19",10251300
28650,550,1000,"sd","14:03:19",10250700
28650,550,100,"sd","14:03:19",10249700
28650,550,1000,"sd","14:03:19",10249600
28650,550,500,"sd","14:03:19",10248600
28650,550,5000,"sd","14:03:19",10248100
28650,550,200,"sd","14:03:19",10243100
28650,550,300,"sd","14:03:19",10242900
28650,550,100,"sd","14:03:19",10242600
28650,550,200,"sd","14:03:19",10242500
28650,550,1000,"sd","14:03:19",10242300
28650,550,1000,"sd","14:03:19",10241300
28650,550,400,"sd","14:03:19",10240300
28650,550,800,"sd","14:03:19",10239900
28650,550,300,"sd","14:03:19",10239100
28650,550,300,"sd","14:03:19",10238800
28650,550,2000,"sd","14:03:19",10238500
28650,550,1000,"sd","14:03:19",10236500
28650,550,2100,"sd","14:03:19",10235500
28650,550,1000,"sd","14:03:19",10233400
28650,550,3000,"sd","14:03:19",10232400
28650,550,7900,"sd","14:03:15",10229400
28650,550,300,"sd","14:03:15",10221500
28650,550,3800,"sd","14:03:15",10221200
28700,600,100,"bu","14:03:12",10217400
28700,600,700,"bu","14:03:12",10217300
28650,550,100,"sd","14:03:11",10216600
28700,600,100,"bu","14:03:10",10216500
28650,550,8900,"sd","14:03:08",10216400
28650,550,200,"sd","14:03:04",10207500
28650,550,2000,"sd","14:02:56",10207300
28700,600,200,"bu","14:02:54",10205300
28700,600,2000,"bu","14:02:54",10205100
28650,550,1800,"sd","14:02:45",10203100
28650,550,300,"sd","14:02:37",10201300
28650,550,1200,"sd","14:02:37",10201000
28650,550,200,"bu","14:02:36",10199800
28650,550,1000,"bu","14:02:34",10199600
28650,550,100,"bu","14:02:34",10198600
28650,550,2000,"bu","14:02:33",10198500
28650,550,100,"bu","14:02:27",10196500
28650,550,500,"bu","14:02:27",10196400
28650,550,4000,"bu","14:02:27",10195900
28650,550,1400,"bu","14:02:25",10191900
28650,550,5000,"bu","14:02:25",10190500
28650,550,1000,"bu","14:02:23",10185500
28650,550,2500,"bu","14:02:22",10184500
28650,550,3900,"bu","14:02:21",10182000
28650,550,200,"bu","14:02:21",10178100
28650,550,1000,"bu","14:02:21",10177900
28650,550,100,"bu","14:02:21",10176900
28650,550,500,"bu","14:02:21",10176800
28650,550,500,"bu","14:02:21",10176300
28650,550,400,"bu","14:02:21",10175800
28650,550,4800,"bu","14:02:20",10175400
28650,550,200,"bu","14:02:20",10170600
28650,550,200,"bu","14:02:12",10170400
28600,500,500,"sd","14:02:06",10170200
28600,500,1000,"sd","14:02:02",10169700
28600,500,200,"sd","14:01:59",10168700
28600,500,100,"sd","14:01:59",10168500
28600,500,5000,"sd","14:01:59",10168400
28600,500,100,"sd","14:01:59",10163400
28600,500,1000,"sd","14:01:59",10163300
28600,500,3000,"sd","14:01:59",10162300
28600,500,300,"bu","14:01:59",10159300
28600,500,500,"bu","14:01:59",10159000
28600,500,1000,"bu","14:01:59",10158500
28600,500,2000,"bu","14:01:59",10157500
28600,500,800,"bu","14:01:58",10155500
28600,500,1000,"bu","14:01:58",10154700
28600,500,1700,"bu","14:01:58",10153700
28600,500,500,"bu","14:01:58",10152000
28600,500,100,"bu","14:01:58",10151500
28600,500,1000,"bu","14:01:58",10151400
28600,500,200,"bu","14:01:58",10150400
28600,500,100,"bu","14:01:58",10150200
28600,500,4300,"bu","14:01:58",10150100
28600,500,10000,"bu","14:01:58",10145800
28600,500,1000,"bu","14:01:58",10135800
28600,500,1000,"bu","14:01:58",10134800
28600,500,200,"bu","14:01:58",10133800
28600,500,100,"bu","14:01:57",10133600
28600,500,100,"bu","14:01:57",10133500
28600,500,200,"bu","14:01:57",10133400
28600,500,700,"bu","14:01:57",10133200
28600,500,100,"bu","14:01:57",10132500
28600,500,8900,"bu","14:01:57",10132400
28600,500,100,"bu","14:01:57",10123500
28600,500,400,"bu","14:01:57",10123400
28600,500,2000,"bu","14:01:57",10123000
28600,500,10000,"bu","14:01:57",10121000
28600,500,30000,"bu","14:01:57",10111000
28550,450,400,"sd","14:01:56",10081000
28600,500,3100,"bu","14:01:53",10080600
28600,500,100,"bu","14:01:53",10077500
28600,500,200,"bu","14:01:53",10077400
28600,500,1000,"bu","14:01:53",10077200
28600,500,3000,"bu","14:01:53",10076200
28600,500,300,"bu","14:01:53",10073200
28600,500,100,"bu","14:01:53",10072900
28600,500,200,"bu","14:01:53",10072800
28600,500,2000,"bu","14:01:53",10072600
28550,450,300,"bu","14:01:48",10070600
28550,450,4100,"bu","14:01:48",10070300
28550,450,4100,"bu","14:01:48",10066200
28550,450,200,"bu","14:01:48",10062100
28550,450,500,"bu","14:01:47",10061900
28550,450,100,"bu","14:01:47",10061400
28550,450,1000,"bu","14:01:46",10061300
28550,450,200,"bu","14:01:46",10060300
28550,450,100,"bu","14:01:46",10060100
28550,450,1000,"bu","14:01:46",10060000
28550,450,200,"bu","14:01:46",10059000
28550,450,200,"bu","14:01:46",10058800
28550,450,2500,"bu","14:01:46",10058600
28550,450,100,"bu","14:01:46",10056100
28550,450,2400,"bu","14:01:45",10056000
28550,450,1000,"bu","14:01:45",10053600
28550,450,900,"bu","14:01:45",10052600
28550,450,500,"bu","14:01:44",10051700
28550,450,5000,"bu","14:01:44",10051200
28550,450,100,"bu","14:01:42",10046200
28550,450,100,"bu","14:01:42",10046100
28550,450,900,"bu","14:01:42",10046000
28550,450,400,"bu","14:01:42",10045100
28550,450,1000,"bu","14:01:41",10044700
28550,450,3400,"bu","14:01:41",10043700
28550,450,4000,"bu","14:01:40",10040300
28550,450,300,"bu","14:01:39",10036300
28550,450,5000,"bu","14:01:39",10036000
28550,450,200,"bu","14:01:38",10031000
28550,450,100,"bu","14:01:37",10030800
28550,450,7700,"bu","14:01:37",10030700
28550,450,4800,"bu","14:01:36",10023000
28550,450,300,"bu","14:01:36",10018200
28550,450,1000,"bu","14:01:35",10017900
28550,450,100,"bu","14:01:35",10016900
28550,450,2000,"bu","14:01:33",10016800
28550,450,300,"bu","14:01:25",10014800
28550,450,100,"bu","14:01:25",10014500
28550,450,1000,"bu","14:01:25",10014400
28550,450,500,"bu","14:01:25",10013400
28500,400,1000,"sd","14:01:13",10012900
28500,400,100,"sd","14:01:13",10011900
28500,400,300,"sd","14:01:13",10011800
28500,400,1000,"sd","14:01:13",10011500
28500,400,100,"sd","14:01:13",10010500
28500,400,100,"sd","14:01:13",10010400
28500,400,200,"sd","14:01:13",10010300
28500,400,1100,"sd","14:01:13",10010100
28500,400,1700,"sd","14:01:13",10009000
28500,400,10000,"sd","14:01:13",10007300
28500,400,200,"sd","14:01:13",9997300
28500,400,2000,"sd","14:01:13",9997100
28500,400,1000,"sd","14:01:13",9995100
28500,400,800,"sd","14:01:13",9994100
28500,400,300,"sd","14:01:13",9993300
28500,400,1000,"sd","14:01:12",9993000
28500,400,100,"sd","14:01:12",9992000
28500,400,500,"sd","14:01:12",9991900
28500,400,1000,"sd","14:01:12",9991400
28500,400,200,"sd","14:01:12",9990400
28500,400,2000,"sd","14:01:12",9990200
28500,400,300,"sd","14:01:12",9988200
28500,400,1200,"sd","14:01:12",9987900
28500,400,300,"sd","14:01:12",9986700
28500,400,1000,"bu","14:01:12",9986400
28500,400,2000,"bu","14:01:12",9985400
28500,400,100,"bu","14:01:12",9983400
28500,400,100,"bu","14:01:12",9983300
28500,400,2000,"bu","14:01:12",9983200
28500,400,6000,"bu","14:01:12",9981200
28500,400,100,"bu","14:01:12",9975200
28500,400,500,"bu","14:01:12",9975100
28500,400,500,"bu","14:01:12",9974600
28500,400,100,"bu","14:01:12",9974100
28500,400,600,"bu","14:01:12",9974000
28500,400,1500,"bu","14:01:12",9973400
28500,400,1000,"bu","14:01:12",9971900
28500,400,1000,"bu","14:01:12",9970900
28500,400,100,"bu","14:01:12",9969900
28500,400,300,"bu","14:01:12",9969800
28500,400,1100,"bu","14:01:12",9969500
28500,400,2000,"bu","14:01:12",9968400
28500,400,100,"bu","14:01:12",9966400
28500,400,100,"bu","14:01:12",9966300
28500,400,5000,"bu","14:01:12",9966200
28500,400,6000,"bu","14:01:12",9961200
28500,400,200,"bu","14:01:12",9955200
28500,400,100,"bu","14:01:12",9955000
28500,400,3500,"bu","14:01:12",9954900
28500,400,500,"bu","14:01:12",9951400
28500,400,200,"bu","14:01:12",9950900
28500,400,500,"bu","14:01:12",9950700
28500,400,100,"bu","14:01:12",9950200
28500,400,3000,"bu","14:01:12",9950100
28500,400,400,"bu","14:01:12",9947100
28500,400,600,"bu","14:01:12",9946700
28500,400,2300,"bu","14:01:11",9946100
28500,400,2000,"bu","14:01:10",9943800
28500,400,500,"bu","14:01:10",9941800
28500,400,500,"bu","14:01:10",9941300
28500,400,5900,"bu","14:01:10",9940800
28500,400,1100,"bu","14:01:10",9934900
28500,400,200,"bu","14:01:10",9933800
28500,400,1100,"bu","14:01:10",9933600
28500,400,1000,"bu","14:01:10",9932500
28500,400,700,"bu","14:01:10",9931500
28500,400,100,"bu","14:01:09",9930800
28500,400,200,"bu","14:01:04",9930700
28500,400,100,"bu","14:01:04",9930500
28500,400,700,"bu","14:01:04",9930400
28500,400,1000,"bu","14:01:02",9929700
28450,350,1000,"sd","14:01:01",9928700
28500,400,2000,"bu","14:00:55",9927700
28500,400,10000,"bu","14:00:55",9925700
28500,400,400,"bu","14:00:55",9915700
28500,400,500,"bu","14:00:55",9915300
28500,400,1700,"bu","14:00:55",9914800
28500,400,10500,"bu","14:00:55",9913100
28500,400,100,"bu","14:00:55",9902600
28500,400,2000,"bu","14:00:55",9902500
28500,400,9900,"bu","14:00:55",9900500
28450,350,1000,"bu","14:00:55",9890600
28450,350,900,"bu","14:00:55",9889600
28450,350,3000,"bu","14:00:54",9888700
28450,350,300,"sd","14:00:52",9885700
28450,350,100,"sd","14:00:52",9885400
28450,350,1000,"sd","14:00:52",9885300
28450,350,200,"sd","14:00:52",9884300
28450,350,100,"sd","14:00:52",9884100
28450,350,100,"sd","14:00:52",9884000
28450,350,4200,"sd","14:00:52",9883900
28450,350,100,"sd","14:00:52",9879700
28450,350,3800,"sd","14:00:49",9879600
28450,350,200,"sd","14:00:49",9875800
28450,350,800,"bu","14:00:43",9875600
28450,350,500,"bu","14:00:42",9874800
28450,350,300,"bu","14:00:42",9874300
28450,350,5000,"bu","14:00:42",9874000
28450,350,100,"bu","14:00:42",9869000
28450,350,1400,"bu","14:00:42",9868900
28450,350,2000,"bu","14:00:42",9867500
28450,350,100,"bu","14:00:42",9865500
28450,350,2000,"bu","14:00:42",9865400
28450,350,100,"bu","14:00:42",9863400
28450,350,900,"bu","14:00:42",9863300
28450,350,4000,"bu","14:00:42",9862400
28450,350,200,"sd","14:00:42",9858400
28450,350,1000,"sd","14:00:42",9858200
28450,350,100,"sd","14:00:41",9857200
28450,350,1200,"sd","14:00:41",9857100
28450,350,200,"sd","14:00:41",9855900
28450,350,100,"sd","14:00:41",9855700
28500,400,2500,"bu","14:00:38",9855600
28450,350,100,"sd","14:00:37",9853100
28450,350,100,"sd","14:00:37",9853000
28450,350,1700,"sd","14:00:33",9852900
28450,350,100,"sd","14:00:33",9851200
28450,350,1600,"sd","14:00:33",9851100
28450,350,100,"sd","14:00:33",9849500
28450,350,1500,"sd","14:00:33",9849400
28450,350,1000,"sd","14:00:17",9847900
28450,350,6800,"sd","14:00:05",9846900
28500,400,100,"bu","14:00:04",9840100
28500,400,2500,"bu","14:00:01",9840000
28450,350,20000,"bu","13:59:50",9837500
28450,350,200,"bu","13:59:50",9817500
28450,350,400,"bu","13:59:50",9817300
28450,350,100,"bu","13:59:50",9816900
28450,350,100,"bu","13:59:49",9816800
28450,350,300,"bu","13:59:49",9816700
28450,350,4000,"bu","13:59:49",9816400
28450,350,200,"bu","13:59:49",9812400
28450,350,100,"bu","13:59:49",9812200
28450,350,200,"bu","13:59:49",9812100
28450,350,2500,"bu","13:59:49",9811900
28450,350,1000,"bu","13:59:49",9809400
28450,350,100,"bu","13:59:49",9808400
28450,350,100,"bu","13:59:49",9808300
28450,350,2000,"bu","13:59:49",9808200
28450,350,100,"bu","13:59:49",9806200
28450,350,700,"bu","13:59:49",9806100
28450,350,1000,"bu","13:59:49",9805400
28450,350,100,"bu","13:59:48",9804400
28450,350,500,"bu","13:59:48",9804300
28450,350,100,"bu","13:59:48",9803800
28450,350,100,"bu","13:59:48",9803700
28450,350,500,"bu","13:59:48",9803600
28450,350,100,"bu","13:59:48",9803100
28450,350,500,"bu","13:59:48",9803000
28450,350,1600,"bu","13:59:48",9802500
28450,350,2100,"bu","13:59:48",9800900
28450,350,300,"bu","13:59:47",9798800
28450,350,1000,"bu","13:59:38",9798500
28450,350,500,"bu","13:59:37",9797500
28450,350,300,"bu","13:59:37",9797000
28450,350,2000,"bu","13:59:37",9796700
28450,350,100,"bu","13:59:37",9794700
28450,350,2000,"bu","13:59:31",9794600
28450,350,1200,"bu","13:59:31",9792600
28450,350,1800,"bu","13:59:31",9791400
28450,350,2400,"bu","13:59:25",9789600
28450,350,500,"bu","13:59:25",9787200
28450,350,300,"bu","13:59:24",9786700
28450,350,400,"bu","13:59:24",9786400
28450,350,100,"bu","13:59:24",9786000
28450,350,100,"bu","13:59:24",9785900
28400,300,3000,"sd","13:59:24",9785800
28450,350,100,"bu","13:59:22",9782800
28450,350,1400,"bu","13:59:22",9782700
28450,350,100,"bu","13:59:21",9781300
28450,350,1500,"bu","13:59:20",9781200
28450,350,200,"bu","13:59:20",9779700
28450,350,3000,"bu","13:59:20",9779500
28450,350,1800,"bu","13:59:17",9776500
28450,350,100,"bu","13:59:17",9774700
28450,350,600,"bu","13:59:15",9774600
28450,350,100,"bu","13:59:14",9774000
28450,350,4400,"bu","13:59:00",9773900
28450,350,200,"bu","13:59:00",9769500
28450,350,2200,"bu","13:59:00",9769300
28450,350,2100,"bu","13:58:51",9767100
28450,350,5000,"bu","13:58:45",9765000
28450,350,100,"bu","13:58:38",9760000
28450,350,5000,"bu","13:58:37",9759900
28450,350,8100,"bu","13:58:35",9754900
28450,350,5000,"bu","13:58:33",9746800
28450,350,300,"bu","13:58:32",9741800
28450,350,2200,"bu","13:58:21",9741500
28450,350,200,"bu","13:58:21",9739300
28450,350,1800,"bu","13:58:20",9739100
28450,350,500,"bu","13:58:20",9737300
28400,300,200,"sd","13:58:17",9736800
28400,300,100,"sd","13:57:53",9736600
28400,300,1100,"sd","13:57:50",9736500
28400,300,1100,"sd","13:57:50",9735400
28450,350,2400,"bu","13:57:48",9734300
28400,300,1900,"sd","13:57:47",9731900
28400,300,100,"sd","13:57:47",9730000
28400,300,500,"sd","13:57:42",9729900
28400,300,400,"sd","13:57:42",9729400
28400,300,500,"sd","13:57:42",9729000
28400,300,100,"sd","13:57:42",9728500
28400,300,400,"sd","13:57:42",9728400
28400,300,9600,"sd","13:57:38",9728000
28400,300,300,"sd","13:57:38",9718400
28400,300,100,"sd","13:57:38",9718100
28400,300,200,"sd","13:57:24",9718000
28450,350,6100,"bu","13:57:21",9717800
28400,300,200,"bu","13:57:21",9711700
28400,300,11700,"bu","13:57:21",9711500
28400,300,300,"bu","13:57:20",9699800
28400,300,1000,"bu","13:57:19",9699500
28400,300,100,"bu","13:57:19",9698500
28400,300,1500,"bu","13:57:17",9698400
28400,300,500,"bu","13:57:15",9696900
28400,300,2200,"bu","13:57:12",9696400
28400,300,2200,"bu","13:57:12",9694200
28400,300,500,"bu","13:57:08",9692000
28400,300,500,"bu","13:57:08",9691500
28400,300,300,"bu","13:57:08",9691000
28400,300,1000,"bu","13:57:08",9690700
28400,300,1500,"bu","13:57:08",9689700
28400,300,1700,"bu","13:57:08",9688200
28400,300,10000,"bu","13:57:02",9686500
28400,300,500,"bu","13:56:58",9676500
28400,300,7800,"bu","13:56:57",9676000
28400,300,1000,"bu","13:56:57",9668200
28400,300,100,"bu","13:56:57",9667200
28400,300,1100,"bu","13:56:57",9667100
28400,300,200,"bu","13:56:47",9666000
28400,300,1000,"bu","13:56:42",9665800
28400,300,1000,"bu","13:56:41",9664800
28400,300,100,"bu","13:56:41",9663800
28400,300,100,"bu","13:56:41",9663700
28400,300,400,"bu","13:56:41",9663600
28400,300,700,"bu","13:56:40",9663200
28400,300,100,"bu","13:56:40",9662500
28400,300,100,"bu","13:56:39",9662400
28400,300,100,"bu","13:56:36",9662300
28400,300,100,"bu","13:56:29",9662200
28350,250,3100,"sd","13:56:28",9662100
28400,300,100,"bu","13:56:24",9659000
28400,300,1700,"bu","13:56:24",9658900
28400,300,200,"bu","13:56:22",9657200
28350,250,500,"sd","13:56:20",9657000
28400,300,1400,"bu","13:56:17",9656500
28400,300,200,"bu","13:56:14",9655100
28400,300,1000,"bu","13:56:12",9654900
28400,300,200,"bu","13:56:08",9653900
28400,300,500,"bu","13:56:06",9653700
28400,300,1000,"bu","13:56:06",9653200
28400,300,700,"bu","13:56:06",9652200
28400,300,100,"bu","13:56:05",9651500
28400,300,200,"bu","13:56:00",9651400
28400,300,800,"bu","13:56:00",9651200
28400,300,800,"bu","13:56:00",9650400
28400,300,1000,"bu","13:55:59",9649600
28400,300,200,"bu","13:55:58",9648600
28400,300,400,"bu","13:55:58",9648400
28400,300,1000,"bu","13:55:57",9648000
28400,300,1500,"bu","13:55:55",9647000
28400,300,300,"bu","13:55:49",9645500
28400,300,10000,"bu","13:55:44",9645200
28400,300,200,"bu","13:55:41",9635200
28400,300,200,"bu","13:55:36",9635000
28400,300,2200,"bu","13:55:34",9634800
28400,300,1400,"bu","13:55:33",9632600
28400,300,3600,"bu","13:55:33",9631200
28400,300,200,"bu","13:55:16",9627600
28400,300,1400,"bu","13:55:15",9627400
28400,300,400,"sd","13:55:10",9626000
28400,300,1000,"sd","13:55:10",9625600
28400,300,800,"sd","13:55:10",9624600
28400,300,500,"sd","13:55:10",9623800
28400,300,1000,"sd","13:55:10",9623300
28400,300,3100,"sd","13:55:10",9622300
28400,300,100,"sd","13:55:09",9619200
28400,300,1000,"sd","13:55:09",9619100
28400,300,2000,"sd","13:55:07",9618100
28400,300,100,"sd","13:55:05",9616100
28400,300,500,"sd","13:55:03",9616000
28450,350,2200,"bu","13:55:03",9615500
28400,300,400,"sd","13:55:02",9613300
28400,300,600,"sd","13:55:02",9612900
28400,300,500,"sd","13:55:02",9612300
28400,300,5000,"sd","13:54:57",9611800
28450,350,100,"bu","13:54:57",9606800
28450,350,700,"bu","13:54:57",9606700
28450,350,100,"bu","13:54:57",9606000
28450,350,200,"bu","13:54:57",9605900
28450,350,500,"bu","13:54:57",9605700
28450,350,1000,"bu","13:54:57",9605200
28450,350,100,"bu","13:54:57",9604200
28450,350,300,"bu","13:54:57",9604100
28450,350,500,"bu","13:54:57",9603800
28450,350,500,"bu","13:54:57",9603300
28450,350,2000,"bu","13:54:57",9602800
28450,350,1000,"bu","13:54:57",9600800
28400,300,4000,"sd","13:54:54",9599800
28400,300,7100,"sd","13:54:48",9595800
28400,300,1000,"sd","13:54:43",9588700
28400,300,600,"sd","13:54:41",9587700
28400,300,100,"sd","13:54:41",9587100
28400,300,500,"sd","13:54:41",9587000
28400,300,10000,"bu","13:54:34",9586500
28400,300,300,"bu","13:54:34",9576500
28400,300,700,"bu","13:54:32",9576200
28400,300,500,"bu","13:54:31",9575500
28400,300,1000,"bu","13:54:31",9575000
28400,300,500,"bu","13:54:31",9574000
28400,300,5000,"bu","13:54:30",9573500
28400,300,9500,"bu","13:54:28",9568500
28400,300,1500,"bu","13:54:28",9559000
28400,300,1000,"bu","13:54:28",9557500
28400,300,2800,"bu","13:54:28",9556500
28400,300,200,"bu","13:54:27",9553700
28400,300,4000,"bu","13:54:25",9553500
28400,300,200,"bu","13:54:24",9549500
28400,300,3000,"bu","13:54:20",9549300
28400,300,1000,"bu","13:54:19",9546300
28400,300,1500,"sd","13:54:18",9545300
28400,300,2000,"sd","13:54:18",9543800
28400,300,3000,"sd","13:54:18",9541800
28400,300,500,"sd","13:54:18",9538800
28400,300,1800,"sd","13:54:18",9538300
28400,300,200,"sd","13:54:16",9536500
28400,300,500,"sd","13:54:16",9536300
28400,300,100,"sd","13:54:14",9535800
28400,300,200,"sd","13:54:12",9535700
28400,300,200,"sd","13:54:11",9535500
28400,300,49800,"sd","13:54:11",9535300
28400,300,200,"sd","13:54:06",9485500
28400,300,1800,"sd","13:54:06",9485300
28400,300,100,"sd","13:54:01",9483500
28400,300,300,"sd","13:54:01",9483400
28450,350,2400,"bu","13:53:59",9483100
28400,300,200,"sd","13:53:48",9480700
28450,350,100,"bu","13:53:42",9480500
28400,300,100,"sd","13:53:37",9480400
28400,300,100,"sd","13:53:36",9480300
28400,300,1400,"sd","13:53:36",9480200
28400,300,3400,"bu","13:53:17",9478800
28400,300,1600,"bu","13:53:17",9475400
28400,300,600,"bu","13:53:17",9473800
28400,300,3200,"bu","13:53:16",9473200
28400,300,500,"bu","13:53:15",9470000
28400,300,200,"bu","13:53:13",9469500
28400,300,1400,"sd","13:53:11",9469300
28400,300,100,"sd","13:53:11",9467900
28400,300,500,"sd","13:53:11",9467800
28400,300,12500,"sd","13:53:11",9467300
28450,350,10000,"bu","13:53:10",9454800
28400,300,200,"sd","13:53:04",9444800
28400,300,100,"sd","13:53:04",9444600
28400,300,100,"sd","13:53:04",9444500
28400,300,2000,"bu","13:53:03",9444400
28400,300,2200,"bu","13:53:03",9442400
28400,300,200,"bu","13:53:03",9440200
28400,300,1000,"bu","13:53:03",9440000
28400,300,1000,"bu","13:53:03",9439000
28400,300,300,"bu","13:53:03",9438000
28400,300,20000,"bu","13:53:03",9437700
28400,300,800,"bu","13:53:03",9417700
28400,300,5000,"bu","13:53:03",9416900
28400,300,3000,"bu","13:53:03",9411900
28400,300,1000,"bu","13:53:03",9408900
28400,300,2000,"bu","13:53:03",9407900
28400,300,500,"bu","13:53:03",9405900
28400,300,2000,"bu","13:53:03",9405400
28400,300,200,"bu","13:53:03",9403400
28400,300,3000,"bu","13:53:03",9403200
28400,300,3500,"bu","13:53:03",9400200
28400,300,100,"bu","13:53:03",9396700
28400,300,100,"bu","13:53:03",9396600
28400,300,200,"bu","13:53:03",9396500
28400,300,2100,"bu","13:53:03",9396300
28400,300,1000,"bu","13:53:03",9394200
28400,300,2300,"bu","13:53:03",9393200
28400,300,2000,"bu","13:53:03",9390900
28400,300,10000,"bu","13:53:03",9388900
28400,300,19800,"bu","13:53:03",9378900
28400,300,1000,"bu","13:53:03",9359100
28400,300,800,"bu","13:53:03",9358100
28350,250,100,"sd","13:53:01",9357300
28400,300,300,"bu","13:52:53",9357200
28400,300,100,"bu","13:52:53",9356900
28400,300,600,"bu","13:52:53",9356800
28400,300,1600,"bu","13:52:53",9356200
28400,300,400,"bu","13:52:44",9354600
28400,300,100,"bu","13:52:44",9354200
28400,300,500,"bu","13:52:44",9354100
28350,250,1500,"sd","13:52:42",9353600
28400,300,3000,"bu","13:52:37",9352100
28350,250,5500,"sd","13:52:28",9349100
28400,300,13000,"bu","13:52:27",9343600
28400,300,2300,"bu","13:52:21",9330600
28400,300,500,"bu","13:52:12",9328300
28350,250,200,"sd","13:52:12",9327800
28350,250,200,"sd","13:52:12",9327600
28350,250,10000,"sd","13:52:12",9327400
28350,250,4000,"sd","13:52:12",9317400
28350,250,100,"sd","13:52:12",9313400
28350,250,1500,"sd","13:52:12",9313300
28350,250,1000,"sd","13:52:12",9311800
28350,250,2300,"sd","13:52:12",9310800
28350,250,6800,"sd","13:52:12",9308500
28350,250,4000,"sd","13:52:12",9301700
28350,250,9000,"sd","13:52:12",9297700
28350,250,200,"sd","13:52:12",9288700
28350,250,100,"sd","13:52:12",9288500
28350,250,100,"sd","13:52:12",9288400
28350,250,500,"sd","13:52:12",9288300
28400,300,500,"bu","13:52:11",9287800
28400,300,1500,"bu","13:52:10",9287300
28400,300,500,"bu","13:52:06",9285800
28400,300,500,"bu","13:52:04",9285300
28350,250,300,"sd","13:52:01",9284800
28400,300,100,"bu","13:51:58",9284500
28400,300,2000,"bu","13:51:57",9284400
28400,300,2000,"bu","13:51:56",9282400
28400,300,2400,"bu","13:51:47",9280400
28400,300,1200,"bu","13:51:43",9278000
28400,300,1100,"bu","13:51:43",9276800
28400,300,100,"bu","13:51:43",9275700
28400,300,5000,"bu","13:51:43",9275600
28400,300,500,"bu","13:51:43",9270600
28400,300,2100,"bu","13:51:43",9270100
28350,250,100,"sd","13:51:40",9268000
28400,300,10000,"bu","13:51:39",9267900
28400,300,400,"bu","13:51:35",9257900
28400,300,1500,"bu","13:51:30",9257500
28400,300,100,"bu","13:51:26",9256000
28400,300,500,"bu","13:51:13",9255900
28400,300,2300,"bu","13:51:12",9255400
28400,300,200,"bu","13:51:08",9253100
28400,300,400,"bu","13:50:58",9252900
28350,250,400,"sd","13:50:58",9252500
28350,250,400,"sd","13:50:54",9252100
28350,250,300,"sd","13:50:50",9251700
28350,250,5000,"bu","13:50:34",9251400
28350,250,9500,"bu","13:50:34",9246400
28350,250,500,"bu","13:50:30",9236900
28350,250,400,"bu","13:50:30",9236400
28350,250,100,"bu","13:50:30",9236000
28350,250,1000,"bu","13:50:30",9235900
28300,200,1000,"sd","13:50:29",9234900
28350,250,1000,"bu","13:50:25",9233900
28350,250,100,"bu","13:50:20",9232900
28350,250,2000,"bu","13:50:18",9232800
28350,250,5900,"bu","13:50:14",9230800
28350,250,1000,"bu","13:50:14",9224900
28350,250,3100,"bu","13:50:14",9223900
28350,250,100,"bu","13:50:09",9220800
28350,250,100,"bu","13:50:08",9220700
28350,250,2400,"bu","13:50:05",9220600
28350,250,300,"bu","13:50:02",9218200
28350,250,4000,"bu","13:49:50",9217900
28350,250,1000,"bu","13:49:44",9213900
28350,250,1000,"bu","13:49:44",9212900
28350,250,200,"bu","13:49:44",9211900
28350,250,500,"bu","13:49:40",9211700
28350,250,1300,"bu","13:49:40",9211200
28350,250,1200,"bu","13:49:40",9209900
28350,250,400,"bu","13:49:38",9208700
28350,250,400,"bu","13:49:36",9208300
28350,250,5000,"bu","13:49:36",9207900
28350,250,2500,"bu","13:49:32",9202900
28350,250,1200,"bu","13:49:31",9200400
28350,250,400,"bu","13:49:26",9199200
28350,250,1000,"bu","13:49:23",9198800
28350,250,1000,"sd","13:49:19",9197800
28350,250,1900,"sd","13:49:19",9196800
28350,250,200,"sd","13:49:16",9194900
28350,250,100,"sd","13:49:15",9194700
28350,250,1400,"sd","13:49:15",9194600
28350,250,700,"bu","13:49:14",9193200
28350,250,900,"bu","13:49:09",9192500
28350,250,100,"bu","13:49:09",9191600
28350,250,200,"bu","13:49:02",9191500
28350,250,2600,"bu","13:48:55",9191300
28350,250,500,"bu","13:48:53",9188700
28350,250,200,"bu","13:48:51",9188200
28350,250,200,"bu","13:48:50",9188000
28350,250,300,"bu","13:48:49",9187800
28350,250,100,"bu","13:48:48",9187500
28350,250,5000,"bu","13:48:43",9187400
28350,250,1100,"bu","13:48:41",9182400
28350,250,900,"bu","13:48:41",9181300
28350,250,100,"bu","13:48:38",9180400
28350,250,300,"bu","13:48:36",9180300
28350,250,4000,"bu","13:48:32",9180000
28350,250,10000,"bu","13:48:32",9176000
28350,250,500,"bu","13:48:32",9166000
28350,250,5000,"bu","13:48:32",9165500
28350,250,200,"bu","13:48:32",9160500
28350,250,10300,"bu","13:48:32",9160300
28350,250,100,"bu","13:48:25",9150000
28350,250,2200,"bu","13:48:18",9149900
28350,250,500,"bu","13:48:12",9147700
28350,250,1000,"bu","13:48:04",9147200
28350,250,100,"bu","13:48:03",9146200
28350,250,100,"bu","13:47:55",9146100
28350,250,500,"sd","13:47:51",9146000
28350,250,500,"sd","13:47:51",9145500
28350,250,500,"sd","13:47:51",9145000
28350,250,100,"sd","13:47:51",9144500
28350,250,700,"sd","13:47:51",9144400
28350,250,2700,"sd","13:47:51",9143700
28350,250,700,"sd","13:47:51",9141000
28350,250,100,"sd","13:47:47",9140300
28400,300,2200,"bu","13:47:45",9140200
28350,250,2700,"sd","13:47:44",9138000
28350,250,300,"sd","13:47:44",9135300
28350,250,100,"sd","13:47:44",9135000
28350,250,200,"sd","13:47:44",9134900
28350,250,1300,"sd","13:47:44",9134700
28350,250,100,"sd","13:47:44",9133400
28350,250,300,"sd","13:47:44",9133300
28350,250,100,"sd","13:47:44",9133000
28350,250,2300,"sd","13:47:44",9132900
28350,250,2600,"sd","13:47:44",9130600
28350,250,500,"sd","13:47:32",9128000
28350,250,100,"sd","13:47:17",9127500
28350,250,5800,"bu","13:47:09",9127400
28350,250,1000,"bu","13:47:09",9121600
28350,250,1300,"sd","13:47:06",9120600
28350,250,200,"sd","13:47:06",9119300
28350,250,500,"sd","13:47:06",9119100
28350,250,2000,"sd","13:47:06",9118600
28350,250,100,"sd","13:47:01",9116600
28350,250,500,"sd","13:46:58",9116500
28400,300,300,"bu","13:46:49",9116000
28350,250,2000,"bu","13:46:45",9115700
28350,250,200,"bu","13:46:45",9113700
28350,250,1200,"bu","13:46:45",9113500
28350,250,500,"bu","13:46:42",9112300
28350,250,8800,"bu","13:46:42",9111800
28350,250,600,"bu","13:46:42",9103000
28350,250,100,"bu","13:46:42",9102400
28350,250,1500,"bu","13:46:40",9102300
28350,250,600,"bu","13:46:40",9100800
28350,250,1100,"bu","13:46:40",9100200
28350,250,100,"bu","13:46:38",9099100
28350,250,300,"bu","13:46:38",9099000
28350,250,500,"bu","13:46:38",9098700
28350,250,1000,"bu","13:46:38",9098200
28350,250,100,"bu","13:46:38",9097200
28350,250,3100,"bu","13:46:38",9097100
28350,250,1000,"bu","13:46:33",9094000
28350,250,800,"bu","13:46:25",9093000
28350,250,100,"bu","13:46:22",9092200
28350,250,500,"bu","13:46:21",9092100
28350,250,5500,"bu","13:46:21",9091600
28350,250,300,"bu","13:46:18",9086100
28350,250,1000,"bu","13:46:12",9085800
28350,250,100,"bu","13:46:12",9084800
28350,250,300,"bu","13:46:11",9084700
28350,250,100,"bu","13:46:08",9084400
28350,250,1000,"bu","13:46:07",9084300
28350,250,200,"bu","13:46:06",9083300
28350,250,500,"bu","13:46:03",9083100
28350,250,5500,"bu","13:46:02",9082600
28350,250,1000,"bu","13:46:02",9077100
28350,250,100,"bu","13:46:02",9076100
28350,250,5400,"bu","13:46:02",9076000
28350,250,2200,"bu","13:46:01",9070600
28350,250,500,"bu","13:45:57",9068400
28350,250,200,"bu","13:45:57",9067900
28350,250,1000,"bu","13:45:40",9067700
28300,200,2000,"sd","13:45:31",9066700
28350,250,1700,"bu","13:45:30",9064700
28350,250,500,"bu","13:45:30",9063000
28350,250,4500,"bu","13:45:26",9062500
28350,250,500,"bu","13:45:26",9058000
28350,250,200,"bu","13:45:25",9057500
28350,250,500,"bu","13:45:23",9057300
28350,250,1000,"bu","13:45:23",9056800
28350,250,600,"bu","13:45:20",9055800
28350,250,200,"bu","13:45:15",9055200
28350,250,4100,"bu","13:45:15",9055000
28350,250,900,"bu","13:45:15",9050900
28350,250,100,"bu","13:45:15",9050000
28350,250,5000,"bu","13:45:15",9049900
28350,250,3000,"bu","13:45:09",9044900
28350,250,100,"bu","13:45:09",9041900
28350,250,600,"bu","13:45:05",9041800
28350,250,2200,"bu","13:44:57",9041200
28350,250,100,"bu","13:44:54",9039000
28350,250,100,"bu","13:44:53",9038900
28350,250,100,"bu","13:44:52",9038800
28350,250,500,"bu","13:44:50",9038700
28350,250,100,"bu","13:44:49",9038200
28350,250,3100,"sd","13:44:46",9038100
28350,250,1900,"bu","13:44:43",9035000
28350,250,1000,"bu","13:44:43",9033100
28350,250,100,"sd","13:44:38",9032100
28350,250,300,"sd","13:44:38",9032000
28350,250,100,"sd","13:44:38",9031700
28350,250,1000,"sd","13:44:38",9031600
28350,250,400,"sd","13:44:38",9030600
28350,250,15200,"sd","13:44:38",9030200
28350,250,400,"sd","13:44:33",9015000
28400,300,600,"sd","13:44:33",9014600
28400,300,2100,"bu","13:44:28",9014000
28400,300,1000,"bu","13:44:28",9011900
28400,300,300,"bu","13:44:28",9010900
28400,300,300,"bu","13:44:28",9010600
28400,300,500,"bu","13:44:28",9010300
28450,350,5500,"bu","13:44:28",8989800
28400,300,20000,"bu","13:44:28",9009800
28400,300,1400,"bu","13:44:28",8984300
28400,300,1100,"bu","13:44:28",8982900
28400,300,100,"bu","13:44:28",8981800
28400,300,10000,"bu","13:44:28",8981700
28400,300,100,"bu","13:44:28",8971700
28400,300,50000,"bu","13:44:28",8971600
28400,300,100,"bu","13:44:28",8921600
28400,300,100,"bu","13:44:28",8921500
28400,300,100,"bu","13:44:28",8921400
28400,300,2000,"bu","13:44:27",8921300
28400,300,5000,"bu","13:44:27",8919300
28400,300,300,"bu","13:44:27",8914300
28350,250,400,"sd","13:44:27",8914000
28350,250,100,"sd","13:44:27",8913600
28350,250,300,"sd","13:44:27",8913500
28350,250,4200,"sd","13:44:27",8913200
28400,300,2300,"bu","13:44:26",8909000
28400,300,1000,"bu","13:44:20",8906700
28350,250,700,"sd","13:44:20",8905700
28350,250,100,"sd","13:44:20",8905000
28350,250,700,"sd","13:44:20",8904900
28350,250,300,"sd","13:44:20",8904200
28350,250,2000,"sd","13:44:20",8903900
28350,250,100,"sd","13:44:20",8901900
28350,250,300,"sd","13:44:20",8901800
28350,250,800,"sd","13:44:20",8901500
28400,300,5300,"bu","13:44:16",8900700
28400,300,4700,"bu","13:44:16",8895400
28400,300,1000,"bu","13:44:09",8890700
28400,300,2000,"bu","13:44:08",8889700
28400,300,200,"bu","13:44:03",8887700
28400,300,100,"bu","13:44:02",8887500
28400,300,100,"bu","13:44:02",8887400
28400,300,300,"bu","13:44:02",8887300
28350,250,5000,"sd","13:44:02",8887000
28400,300,1000,"bu","13:44:00",8882000
28400,300,6700,"bu","13:43:54",8881000
28400,300,100,"bu","13:43:54",8874300
28400,300,5000,"bu","13:43:54",8874200
28400,300,4200,"bu","13:43:54",8869200
28400,300,200,"bu","13:43:53",8865000
28400,300,2500,"bu","13:43:53",8864800
28400,300,500,"bu","13:43:52",8862300
28400,300,2000,"bu","13:43:49",8861800
28400,300,600,"bu","13:43:43",8859800
28400,300,200,"bu","13:43:42",8859200
28400,300,100,"bu","13:43:42",8859000
28400,300,200,"bu","13:43:42",8858900
28400,300,200,"bu","13:43:42",8858700
28400,300,100,"bu","13:43:42",8858500
28400,300,100,"bu","13:43:42",8858400
28400,300,500,"bu","13:43:42",8858300
28400,300,2000,"bu","13:43:42",8857800
28400,300,200,"bu","13:43:42",8855800
28400,300,100,"bu","13:43:42",8855600
28400,300,500,"bu","13:43:42",8855500
28400,300,100,"bu","13:43:42",8855000
28400,300,100,"bu","13:43:42",8854900
28400,300,800,"bu","13:43:30",8854800
28350,250,3000,"sd","13:43:19",8854000
28400,300,2200,"bu","13:43:17",8851000
28350,250,200,"sd","13:43:17",8848800
28350,250,500,"bu","13:43:16",8848600
28350,250,1800,"bu","13:43:16",8848100
28350,250,1000,"bu","13:43:16",8846300
28350,250,200,"bu","13:43:16",8845300
28350,250,500,"bu","13:43:16",8845100
28350,250,3500,"bu","13:43:16",8844600
28350,250,20000,"bu","13:43:16",8841100
28350,250,2200,"bu","13:43:16",8821100
28350,250,7700,"bu","13:43:16",8818900
28350,250,300,"bu","13:43:12",8811200
28350,250,700,"bu","13:43:12",8810900
28300,200,500,"sd","13:43:07",8810200
28350,250,2600,"bu","13:43:04",8809700
28350,250,2000,"bu","13:43:03",8807100
28350,250,2300,"bu","13:42:45",8805100
28300,200,3000,"sd","13:42:44",8802800
28300,200,1000,"sd","13:42:41",8799800
28350,250,100,"bu","13:42:37",8798800
28350,250,300,"bu","13:42:34",8798700
28350,250,100,"bu","13:42:33",8798400
28350,250,1000,"bu","13:42:33",8798300
28350,250,200,"bu","13:42:31",8797300
28350,250,1000,"bu","13:42:27",8797100
28350,250,200,"bu","13:42:27",8796100
28350,250,5000,"bu","13:42:18",8795900
28350,250,700,"bu","13:42:15",8790900
28350,250,2100,"bu","13:42:12",8790200
28350,250,1700,"bu","13:42:07",8788100
28350,250,300,"bu","13:42:07",8786400
28350,250,100,"bu","13:42:04",8786100
28350,250,500,"bu","13:41:56",8786000
28350,250,4000,"bu","13:41:53",8785500
28350,250,4100,"bu","13:41:44",8781500
28350,250,900,"bu","13:41:44",8777400
28350,250,100,"bu","13:41:44",8776500
28350,250,300,"bu","13:41:43",8776400
28350,250,100,"bu","13:41:43",8776100
28350,250,400,"bu","13:41:43",8776000
28350,250,100,"bu","13:41:40",8775600
28350,250,2100,"bu","13:41:40",8775500
28350,250,1500,"bu","13:41:39",8773400
28350,250,2000,"bu","13:41:38",8771900
28350,250,200,"bu","13:41:32",8769900
28350,250,5000,"bu","13:41:28",8769700
28350,250,2200,"bu","13:41:18",8764700
28350,250,800,"bu","13:41:18",8762500
28300,200,200,"sd","13:41:11",8761700
28300,200,100,"bu","13:41:09",8761500
28300,200,500,"bu","13:41:09",8761400
28300,200,2300,"bu","13:41:09",8760900
28300,200,100,"bu","13:41:06",8758600
28300,200,700,"bu","13:41:02",8758500
28300,200,3000,"bu","13:41:01",8757800
28300,200,1000,"bu","13:40:58",8754800
28300,200,1100,"bu","13:40:58",8753800
28300,200,1000,"bu","13:40:55",8752700
28300,200,100,"sd","13:40:52",8751700
28300,200,100,"sd","13:40:52",8751600
28300,200,300,"sd","13:40:52",8751500
28300,200,200,"sd","13:40:52",8751200
28300,200,2000,"sd","13:40:52",8751000
28300,200,2300,"sd","13:40:52",8749000
28300,200,200,"sd","13:40:52",8746700
28300,200,5000,"sd","13:40:52",8746500
28300,200,1000,"sd","13:40:52",8741500
28300,200,100,"sd","13:40:52",8740500
28300,200,1000,"sd","13:40:52",8740400
28350,250,3100,"bu","13:40:42",8739400
28350,250,1100,"bu","13:40:40",8736300
28350,250,1700,"bu","13:40:40",8735200
28350,250,100,"bu","13:40:39",8733500
28350,250,2300,"bu","13:40:36",8733400
28350,250,300,"bu","13:40:35",8731100
28350,250,500,"bu","13:40:25",8730800
28350,250,5000,"bu","13:40:23",8730300
28350,250,100,"bu","13:40:21",8725300
28400,300,5400,"bu","13:40:21",8725200
28400,300,2000,"bu","13:40:21",8719800
28400,300,100,"bu","13:40:21",8717800
28400,300,100,"bu","13:40:20",8717700
28400,300,100,"bu","13:40:20",8717600
28400,300,600,"bu","13:40:20",8717500
28400,300,100,"bu","13:40:20",8716900
28400,300,1000,"bu","13:40:20",8716800
28350,250,1100,"bu","13:40:20",8715800
28350,250,3000,"sd","13:40:18",8714700
28350,250,300,"sd","13:40:18",8711700
28350,250,100,"sd","13:40:18",8711400
28350,250,700,"sd","13:40:18",8711300
28350,250,800,"sd","13:40:18",8710600
28350,250,100,"sd","13:40:18",8709800
28350,250,1000,"sd","13:40:18",8709700
28350,250,1000,"sd","13:40:18",8708700
28350,250,3900,"sd","13:40:18",8707700
28400,300,7200,"bu","13:40:16",8703800
28350,250,16100,"sd","13:40:15",8696600
28350,250,200,"sd","13:40:15",8680500
28350,250,1000,"sd","13:40:15",8680300
28350,250,100,"sd","13:40:15",8679300
28350,250,100,"sd","13:40:15",8679200
28350,250,500,"sd","13:40:15",8679100
28350,250,300,"sd","13:40:15",8678600
28350,250,300,"sd","13:40:15",8678300
28350,250,1400,"sd","13:40:15",8678000
28400,300,600,"bu","13:40:10",8676600
28400,300,100,"bu","13:40:10",8676000
28350,250,3600,"sd","13:40:09",8675900
28350,250,5000,"sd","13:40:09",8672300
28350,250,3400,"sd","13:40:09",8667300
28400,300,1100,"bu","13:40:07",8663900
28400,300,1300,"bu","13:40:07",8662800
28400,300,12600,"bu","13:40:07",8661500
28400,300,100,"bu","13:40:01",8648900
28400,300,100,"bu","13:39:58",8648800
28400,300,4300,"bu","13:39:49",8648700
28400,300,100,"bu","13:39:46",8644400
28350,250,100,"sd","13:39:42",8644300
28400,300,1000,"bu","13:39:41",8644200
28400,300,2900,"bu","13:39:31",8643200
28400,300,8900,"bu","13:39:25",8640300
28400,300,500,"bu","13:39:25",8631400
28400,300,600,"bu","13:39:25",8630900
28400,300,300,"bu","13:39:24",8630300
28400,300,5700,"bu","13:39:24",8630000
28400,300,400,"bu","13:39:18",8624300
28400,300,600,"bu","13:39:17",8623900
28350,250,400,"sd","13:39:17",8623300
28400,300,8300,"bu","13:39:16",8622900
28400,300,1000,"bu","13:39:16",8614600
28400,300,300,"bu","13:39:16",8613600
28400,300,400,"bu","13:39:16",8613300
28350,250,2000,"sd","13:39:03",8612900
28350,250,1000,"sd","13:39:03",8610900
28400,300,100,"bu","13:39:01",8609900
28350,250,5000,"sd","13:38:44",8609800
28350,250,100,"bu","13:38:37",8604800
28350,250,8000,"bu","13:38:37",8604700
28350,250,1000,"bu","13:38:35",8596700
28350,250,100,"bu","13:38:34",8595700
28350,250,500,"bu","13:38:34",8595600
28350,250,3200,"bu","13:38:34",8595100
28350,250,1000,"bu","13:38:34",8591900
28350,250,200,"bu","13:38:34",8590900
28350,250,200,"bu","13:38:34",8590700
28350,250,500,"bu","13:38:34",8590500
28350,250,1000,"bu","13:38:32",8590000
28350,250,400,"bu","13:38:29",8589000
28350,250,100,"bu","13:38:25",8588600
28350,250,300,"bu","13:38:21",8588500
28350,250,100,"bu","13:38:21",8588200
28350,250,900,"bu","13:38:19",8588100
28350,250,2100,"bu","13:38:19",8587200
28350,250,900,"bu","13:38:17",8585100
28350,250,1000,"bu","13:38:17",8584200
28350,250,100,"bu","13:38:17",8583200
28350,250,2500,"bu","13:38:15",8583100
28300,200,400,"sd","13:38:15",8580600
28350,250,2000,"bu","13:38:11",8580200
28350,250,3000,"bu","13:38:07",8578200
28300,200,1000,"bu","13:38:04",8575200
28300,200,100,"bu","13:38:04",8574200
28300,200,2000,"bu","13:38:04",8574100
28300,200,100,"bu","13:38:04",8572100
28300,200,1000,"bu","13:38:04",8572000
28300,200,500,"bu","13:38:04",8571000
28300,200,1000,"bu","13:38:04",8570500
28300,200,10000,"bu","13:38:04",8569500
28350,250,2400,"bu","13:38:04",8559500
28300,200,100,"bu","13:38:04",8557100
28350,250,2000,"bu","13:38:04",8557000
28300,200,8000,"bu","13:38:04",8555000
28300,200,9000,"bu","13:38:04",8547000
28350,250,2000,"bu","13:38:04",8537800
28300,200,200,"bu","13:38:04",8538000
28300,200,300,"bu","13:38:04",8535800
28300,200,2000,"bu","13:38:04",8535500
28300,200,800,"bu","13:38:04",8533500
28300,200,500,"bu","13:38:04",8532700
28300,200,400,"bu","13:38:04",8532200
28300,200,100,"bu","13:38:04",8531800
28300,200,2000,"bu","13:38:04",8531700
28300,200,30800,"bu","13:38:04",8529700
28300,200,10000,"bu","13:38:04",8498900
28300,200,1000,"bu","13:38:04",8488900
28300,200,200,"bu","13:38:04",8487900
28300,200,2000,"bu","13:38:04",8487700
28300,200,500,"bu","13:38:04",8485700
28300,200,200,"bu","13:38:04",8485200
28300,200,500,"bu","13:38:04",8485000
28300,200,100,"bu","13:38:04",8484500
28300,200,100,"bu","13:38:04",8484400
28300,200,1100,"bu","13:38:04",8484300
28300,200,100,"bu","13:38:04",8483200
28300,200,1600,"bu","13:38:04",8483100
28300,200,2400,"bu","13:38:04",8481500
28300,200,300,"bu","13:38:03",8479100
28300,200,1000,"bu","13:38:03",8478800
28300,200,100,"bu","13:38:03",8477800
28300,200,100,"bu","13:38:03",8477700
28300,200,500,"bu","13:38:03",8477600
28300,200,700,"bu","13:38:03",8477100
28300,200,300,"bu","13:38:03",8476400
28300,200,100,"bu","13:38:03",8476100
28300,200,800,"bu","13:38:03",8476000
28300,200,1000,"bu","13:38:02",8475200
28250,150,300,"sd","13:37:47",8474200
28300,200,900,"bu","13:37:43",8473900
28300,200,1000,"bu","13:37:43",8473000
28300,200,100,"bu","13:37:43",8472000
28250,150,100,"sd","13:37:42",8471900
28250,150,2400,"bu","13:37:35",8471800
28250,150,100,"bu","13:37:34",8469400
28250,150,2500,"bu","13:37:33",8469300
28250,150,2000,"bu","13:37:33",8466800
28250,150,500,"bu","13:37:33",8464800
28250,150,1000,"bu","13:37:33",8464300
28250,150,500,"bu","13:37:33",8463300
28250,150,100,"bu","13:37:33",8462800
28250,150,100,"bu","13:37:33",8462700
28250,150,3300,"bu","13:37:33",8462600
28250,150,200,"bu","13:37:33",8459300
28250,150,400,"bu","13:37:29",8459100
28250,150,1000,"bu","13:37:29",8458700
28250,150,100,"bu","13:37:27",8457700
28250,150,100,"bu","13:37:27",8457600
28250,150,800,"bu","13:37:27",8457500
28250,150,200,"bu","13:37:27",8456700
28250,150,200,"bu","13:37:27",8456500
28250,150,300,"bu","13:37:26",8456300
28250,150,300,"bu","13:37:19",8456000
28250,150,400,"bu","13:37:11",8455700
28200,100,700,"sd","13:36:55",8455300
28200,100,200,"sd","13:36:55",8454600
28200,100,3000,"sd","13:36:55",8454400
28200,100,5000,"sd","13:36:55",8451400
28200,100,1100,"sd","13:36:55",8446400
28200,100,4000,"bu","13:36:45",8445300
28200,100,100,"bu","13:36:45",8441300
28200,100,1700,"bu","13:36:45",8441200
28200,100,1000,"bu","13:36:45",8439500
28200,100,2100,"bu","13:36:45",8438500
28200,100,100,"bu","13:36:45",8436400
28200,100,12000,"bu","13:36:43",8436300
28200,100,7700,"bu","13:36:40",8424300
28200,100,50000,"bu","13:36:37",8416600
28200,100,1000,"bu","13:36:35",8366600
28200,100,2300,"bu","13:36:34",8365600
28200,100,500,"bu","13:36:33",8363300
28200,100,300,"bu","13:36:31",8362800
28200,100,200,"bu","13:36:30",8362500
28200,100,100,"bu","13:36:27",8362300
28200,100,100,"bu","13:36:25",8362200
28200,100,500,"bu","13:36:22",8362100
28200,100,7000,"bu","13:36:20",8361600
28200,100,1800,"bu","13:36:16",8354600
28200,100,100,"bu","13:36:13",8352800
28200,100,100,"bu","13:36:11",8352700
28200,100,1000,"bu","13:36:09",8352600
28200,100,3000,"bu","13:36:09",8351600
28200,100,500,"bu","13:36:08",8348600
28200,100,700,"bu","13:36:05",8348100
28200,100,4000,"bu","13:36:04",8347400
28200,100,2000,"bu","13:36:04",8343400
28200,100,800,"sd","13:36:03",8341400
28200,100,1000,"sd","13:36:03",8340600
28200,100,600,"sd","13:36:03",8339600
28200,100,500,"sd","13:36:03",8339000
28200,100,500,"sd","13:36:02",8338500
28200,100,5600,"bu","13:35:57",8338000
28200,100,1000,"bu","13:35:57",8332400
28200,100,500,"bu","13:35:57",8331400
28200,100,10000,"bu","13:35:57",8330900
28200,100,6900,"bu","13:35:57",8320900
28200,100,100,"bu","13:35:56",8314000
28200,100,1000,"bu","13:35:55",8313900
28200,100,4900,"bu","13:35:55",8312900
28200,100,200,"bu","13:35:54",8308000
28200,100,100,"bu","13:35:53",8307800
28200,100,1300,"bu","13:35:53",8307700
28200,100,1000,"bu","13:35:53",8306400
28200,100,200,"bu","13:35:52",8305400
28200,100,1400,"bu","13:35:51",8305200
28200,100,5000,"bu","13:35:46",8303800
28200,100,500,"bu","13:35:45",8298800
28200,100,300,"bu","13:35:44",8298300
28200,100,200,"bu","13:35:44",8298000
28200,100,1000,"bu","13:35:42",8297800
28200,100,3000,"bu","13:35:41",8296800
28150,50,400,"sd","13:35:40",8293800
28200,100,500,"bu","13:35:40",8293400
28200,100,200,"bu","13:35:40",8292900
28200,100,5000,"bu","13:35:39",8292700
28200,100,1000,"bu","13:35:39",8287700
28200,100,300,"bu","13:35:38",8286700
28200,100,1000,"bu","13:35:38",8286400
28200,100,200,"bu","13:35:37",8285400
28200,100,10000,"bu","13:35:36",8285200
28200,100,700,"bu","13:35:35",8275200
28200,100,1000,"bu","13:35:35",8274500
28200,100,5000,"bu","13:35:34",8273500
28200,100,2000,"bu","13:35:33",8268500
28200,100,2500,"bu","13:35:33",8266500
28200,100,2500,"bu","13:35:32",8264000
28200,100,15000,"bu","13:35:32",8261500
28200,100,200,"bu","13:35:31",8246500
28200,100,300,"bu","13:35:30",8246300
28200,100,1400,"sd","13:35:29",8246000
28200,100,2000,"sd","13:35:29",8244600
28200,100,600,"sd","13:35:29",8242600
28200,100,500,"sd","13:35:29",8242000
28200,100,10000,"sd","13:35:29",8241500
28200,100,500,"sd","13:35:29",8231500
28200,100,200,"sd","13:35:29",8231000
28200,100,1000,"sd","13:35:29",8230800
28200,100,1000,"sd","13:35:29",8229800
28200,100,8300,"sd","13:35:29",8228800
28200,100,7000,"sd","13:35:28",8220500
28200,100,100,"bu","13:35:25",8213500
28200,100,4600,"bu","13:35:25",8213400
28200,100,4900,"bu","13:35:24",8208800
28200,100,500,"bu","13:35:24",8203900
28200,100,4500,"bu","13:35:24",8203400
28200,100,1000,"bu","13:35:24",8198900
28200,100,400,"bu","13:35:24",8197900
28200,100,100,"bu","13:35:24",8197500
28200,100,900,"bu","13:35:23",8197400
28200,100,5000,"bu","13:35:21",8196500
28200,100,3800,"bu","13:35:21",8191500
28200,100,500,"bu","13:35:21",8187700
28200,100,400,"bu","13:35:21",8187200
28200,100,500,"bu","13:35:20",8186800
28200,100,12000,"bu","13:35:20",8186300
28200,100,1000,"bu","13:35:19",8174300
28200,100,700,"bu","13:35:18",8173300
28200,100,100,"bu","13:35:17",8172600
28200,100,15000,"bu","13:35:17",8172500
28200,100,500,"bu","13:35:16",8157500
28200,100,100,"bu","13:35:11",8157000
28200,100,3000,"bu","13:35:09",8156900
28200,100,500,"bu","13:35:07",8153900
28200,100,100,"bu","13:35:07",8153400
28200,100,3000,"bu","13:35:06",8153300
28200,100,3000,"bu","13:35:06",8150300
28200,100,1400,"bu","13:35:05",8147300
28200,100,10000,"bu","13:35:02",8145900
28200,100,5000,"bu","13:35:02",8135900
28200,100,1000,"bu","13:35:01",8130900
28200,100,1000,"sd","13:35:00",8129900
28200,100,1000,"sd","13:35:00",8128900
28200,100,400,"sd","13:35:00",8127900
28200,100,1000,"sd","13:35:00",8127500
28200,100,15000,"sd","13:35:00",8126500
28200,100,8100,"sd","13:35:00",8111500
28200,100,1000,"bu","13:34:58",8103400
28200,100,500,"bu","13:34:58",8102400
28200,100,400,"bu","13:34:58",8101900
28200,100,600,"bu","13:34:58",8101500
28200,100,100,"bu","13:34:58",8100900
28200,100,1300,"bu","13:34:58",8100800
28200,100,200,"bu","13:34:57",8099500
28200,100,5000,"bu","13:34:57",8099300
28200,100,100,"bu","13:34:57",8094300
28200,100,1000,"bu","13:34:56",8094200
28200,100,7000,"bu","13:34:55",8093200
28200,100,200,"bu","13:34:55",8086200
28200,100,3000,"bu","13:34:55",8086000
28200,100,1000,"bu","13:34:54",8083000
28200,100,2200,"bu","13:34:54",8082000
28200,100,200,"bu","13:34:54",8079800
28200,100,600,"bu","13:34:54",8079600
28200,100,1600,"bu","13:34:53",8079000
28200,100,2400,"bu","13:34:53",8077400
28200,100,1000,"bu","13:34:53",8075000
28200,100,1000,"bu","13:34:53",8074000
28200,100,600,"bu","13:34:53",8073000
28200,100,300,"bu","13:34:53",8072400
28200,100,100,"bu","13:34:52",8072100
28200,100,2900,"bu","13:34:52",8072000
28200,100,2000,"bu","13:34:52",8069100
28200,100,900,"bu","13:34:51",8067100
28200,100,500,"bu","13:34:51",8066200
28200,100,4000,"bu","13:34:50",8065700
28200,100,200,"bu","13:34:49",8061700
28200,100,2000,"bu","13:34:49",8061500
28200,100,1400,"bu","13:34:48",8059500
28200,100,400,"bu","13:34:48",8058100
28200,100,300,"bu","13:34:48",8057700
28200,100,400,"bu","13:34:46",8057400
28200,100,1000,"bu","13:34:45",8057000
28200,100,10000,"bu","13:34:45",8056000
28200,100,200,"bu","13:34:44",8046000
28200,100,100,"bu","13:34:43",8045800
28200,100,30000,"bu","13:34:43",8045700
28200,100,6000,"bu","13:34:42",8015700
28200,100,300,"bu","13:34:41",8009700
28200,100,10000,"bu","13:34:41",8009400
28200,100,100,"bu","13:34:40",7999400
28200,100,400,"bu","13:34:39",7999300
28150,50,10000,"sd","13:34:38",7998900
28200,100,1000,"bu","13:34:35",7988900
28200,100,10000,"bu","13:34:34",7987900
28200,100,3000,"bu","13:34:34",7977900
28200,100,10000,"bu","13:34:33",7974900
28200,100,300,"bu","13:34:33",7964900
28200,100,2600,"bu","13:34:28",7964600
28200,100,1400,"bu","13:34:28",7962000
28200,100,3600,"bu","13:34:25",7960600
28200,100,1400,"bu","13:34:25",7957000
28200,100,100,"bu","13:34:20",7955600
28200,100,100,"bu","13:34:18",7955500
28200,100,500,"bu","13:34:18",7955400
28200,100,400,"bu","13:34:18",7954900
28200,100,1600,"bu","13:34:12",7954500
28200,100,2300,"bu","13:34:12",7952900
28200,100,700,"bu","13:34:12",7950600
28200,100,1000,"bu","13:34:12",7949900
28200,100,100,"bu","13:34:12",7948900
28200,100,200,"bu","13:34:12",7948800
28200,100,1000,"bu","13:34:11",7948600
28200,100,2000,"bu","13:34:11",7947600
28200,100,7100,"bu","13:34:11",7945600
28200,100,200,"bu","13:34:10",7938500
28200,100,100,"bu","13:33:59",7938300
28200,100,1100,"bu","13:33:53",7938200
28150,50,28100,"sd","13:33:51",7937100
28200,100,300,"bu","13:33:47",7909000
28150,50,200,"sd","13:33:43",7908700
28200,100,1000,"bu","13:33:42",7908500
28200,100,200,"bu","13:33:37",7907500
28200,100,300,"bu","13:33:37",7907300
28150,50,500,"sd","13:33:36",7907000
28200,100,200,"bu","13:33:25",7906500
28200,100,800,"bu","13:33:25",7906300
28200,100,200,"bu","13:33:24",7905500
28200,100,500,"bu","13:33:24",7905300
28200,100,300,"bu","13:33:24",7904800
28200,100,500,"bu","13:33:24",7904500
28200,100,500,"bu","13:33:24",7904000
28200,100,3000,"bu","13:33:24",7903500
28150,50,100,"sd","13:33:23",7900500
28200,100,3000,"bu","13:33:22",7900400
28200,100,700,"bu","13:33:22",7897400
28200,100,200,"bu","13:33:22",7896700
28200,100,1000,"bu","13:33:22",7896500
28200,100,500,"bu","13:33:22",7895500
28200,100,4600,"bu","13:33:22",7895000
28150,50,1000,"sd","13:33:16",7890400
28150,50,700,"sd","13:32:49",7889400
28200,100,200,"bu","13:32:44",7888700
28200,100,200,"bu","13:32:31",7888500
