"price","change","match_qtty","side","time","total_vol"
21000,300,651800,"unknown","14:45:00",10978400
21000,300,500,"bu","14:29:58",10326600
20950,250,600,"sd","14:29:52",10326100
21000,300,400,"bu","14:29:49",10325500
21000,300,100,"bu","14:29:49",10325100
21000,300,100,"bu","14:29:49",10325000
21000,300,400,"bu","14:29:49",10324900
21000,300,1600,"bu","14:29:45",10324500
20950,250,1000,"sd","14:29:42",10322900
20950,250,5000,"sd","14:29:40",10321900
20950,250,500,"sd","14:29:40",10316900
20950,250,1000,"sd","14:29:31",10316400
21000,300,800,"bu","14:29:30",10315400
21000,300,800,"bu","14:29:30",10314600
21000,300,200,"bu","14:29:20",10313800
21000,300,1600,"bu","14:29:14",10313600
21000,300,100,"bu","14:29:09",10312000
21000,300,600,"sd","14:29:05",10311900
21000,300,300,"sd","14:29:05",10311300
21000,300,6400,"sd","14:29:05",10311000
21000,300,800,"sd","14:29:02",10304600
21000,300,100,"sd","14:29:02",10303800
21000,300,2500,"sd","14:29:01",10303700
21050,350,1600,"bu","14:28:59",10301200
21000,300,200,"bu","14:28:54",10299600
21000,300,800,"sd","14:28:53",10299400
21000,300,500,"sd","14:28:46",10298600
21050,350,300,"bu","14:28:43",10298100
21050,350,500,"bu","14:28:43",10297800
21050,350,500,"bu","14:28:43",10297300
21000,300,300,"bu","14:28:43",10296800
21000,300,3400,"sd","14:28:38",10296500
21000,300,300,"sd","14:28:38",10293100
21000,300,6600,"sd","14:28:38",10292800
21000,300,200,"sd","14:28:38",10286200
21000,300,500,"sd","14:28:38",10286000
21000,300,700,"sd","14:28:38",10285500
21000,300,8000,"sd","14:28:38",10284800
21050,350,5000,"bu","14:28:37",10276800
21000,300,3000,"sd","14:28:35",10271800
21000,300,500,"sd","14:28:35",10268800
21000,300,17000,"sd","14:28:35",10268300
21000,300,17000,"sd","14:28:35",10251300
21000,300,200,"sd","14:28:35",10234300
21000,300,34800,"sd","14:28:35",10234100
21000,300,2000,"sd","14:28:35",10199300
21000,300,2000,"sd","14:28:35",10197300
21000,300,1000,"sd","14:28:35",10195300
21000,300,10000,"sd","14:28:35",10194300
21000,300,10000,"sd","14:28:35",10184300
21000,300,200,"sd","14:28:35",10174300
21000,300,500,"sd","14:28:35",10174100
21000,300,600,"sd","14:28:35",10173600
21000,300,100,"sd","14:28:35",10173000
21000,300,100,"sd","14:28:35",10172900
21000,300,1000,"sd","14:28:35",10172800
21050,350,5000,"bu","14:28:31",10171800
21000,300,1000,"sd","14:28:30",10166800
21050,350,1600,"bu","14:28:28",10165800
21000,300,800,"sd","14:28:23",10164200
21050,350,300,"bu","14:28:23",10163400
21050,350,200,"sd","14:28:19",10163100
21050,350,7900,"sd","14:28:19",10162900
21050,350,200,"sd","14:28:12",10155000
21100,400,1400,"bu","14:28:12",10154800
21100,400,200,"bu","14:28:12",10153400
21050,350,1900,"sd","14:28:10",10153200
21050,350,7100,"sd","14:28:10",10151300
21050,350,2900,"sd","14:28:10",10144200
21050,350,1100,"sd","14:28:10",10141300
21050,350,3000,"sd","14:28:06",10140200
21050,350,500,"sd","14:28:02",10137200
21050,350,5000,"sd","14:28:00",10136700
21100,400,1000,"bu","14:27:58",10131700
21050,350,100,"sd","14:27:58",10130700
21100,400,1600,"bu","14:27:57",10130600
21050,350,300,"sd","14:27:54",10129000
21050,350,200,"sd","14:27:54",10128700
21050,350,100,"sd","14:27:52",10128500
21050,350,200,"sd","14:27:52",10128400
21050,350,5000,"sd","14:27:52",10128200
21050,350,4800,"sd","14:27:52",10123200
21050,350,20000,"sd","14:27:48",10118400
21050,350,2000,"sd","14:27:48",10098400
21050,350,500,"sd","14:27:46",10096400
21050,350,100,"sd","14:27:45",10095900
21050,350,2600,"bu","14:27:44",10095800
21050,350,1600,"bu","14:27:41",10093200
21050,350,5800,"bu","14:27:40",10091600
21050,350,1500,"bu","14:27:40",10085800
21050,350,5000,"bu","14:27:40",10084300
21050,350,7700,"bu","14:27:40",10079300
21000,300,100,"sd","14:27:40",10071600
21050,350,200,"bu","14:27:38",10071500
21050,350,1000,"sd","14:27:32",10071300
21050,350,3000,"sd","14:27:32",10070300
21050,350,2100,"sd","14:27:32",10067300
21050,350,4000,"sd","14:27:32",10065200
21050,350,100,"bu","14:27:27",10061200
21050,350,100,"bu","14:27:27",10061100
21050,350,200,"bu","14:27:27",10061000
21050,350,100,"bu","14:27:27",10060800
21050,350,1000,"bu","14:27:27",10060700
21050,350,1000,"bu","14:27:27",10059700
21050,350,1000,"bu","14:27:27",10058700
21050,350,400,"bu","14:27:27",10057700
21050,350,1600,"bu","14:27:26",10057300
21050,350,3000,"bu","14:27:21",10055700
21050,350,1500,"bu","14:27:21",10052700
21050,350,100,"bu","14:27:19",10051200
21050,350,500,"bu","14:27:14",10051100
21050,350,2000,"bu","14:27:14",10050600
21050,350,9000,"bu","14:27:14",10048600
21050,350,200,"bu","14:27:14",10039600
21050,350,300,"bu","14:27:14",10039400
21050,350,100,"bu","14:27:14",10039100
21050,350,100,"bu","14:27:14",10039000
21050,350,1000,"bu","14:27:14",10038900
21050,350,700,"bu","14:27:14",10037900
21050,350,2700,"bu","14:27:14",10037200
21050,350,8400,"bu","14:27:14",10034500
21050,350,5000,"bu","14:27:14",10026100
21000,300,5000,"sd","14:27:13",10021100
21050,350,1600,"bu","14:27:10",10016100
21000,300,200,"sd","14:27:10",10014500
21000,300,1000,"sd","14:27:06",10014300
21000,300,2000,"sd","14:27:02",10013300
21000,300,1000,"sd","14:27:02",10011300
21000,300,1000,"sd","14:26:59",10010300
21050,350,700,"bu","14:26:55",10009300
21050,350,300,"bu","14:26:55",10008600
21050,350,600,"bu","14:26:55",10008300
21000,300,500,"sd","14:26:54",10007700
21000,300,600,"sd","14:26:54",10007200
21000,300,2000,"sd","14:26:46",10006600
21050,350,1000,"bu","14:26:44",10004600
21000,300,100,"sd","14:26:42",10003600
21000,300,2100,"sd","14:26:41",10003500
21050,350,400,"bu","14:26:39",10001400
21050,350,500,"bu","14:26:39",10001000
21050,350,700,"bu","14:26:39",10000500
21000,300,3800,"sd","14:26:29",9999800
21000,300,100,"sd","14:26:29",9996000
21000,300,500,"sd","14:26:29",9995900
21000,300,1000,"sd","14:26:29",9995400
21000,300,100,"sd","14:26:29",9994400
21000,300,500,"sd","14:26:29",9994300
21000,300,1000,"sd","14:26:29",9993800
21000,300,300,"sd","14:26:29",9992800
21000,300,2000,"sd","14:26:29",9992500
21000,300,200,"sd","14:26:29",9990500
21000,300,500,"sd","14:26:29",9990300
21050,350,1600,"bu","14:26:24",9989800
21000,300,100,"sd","14:26:23",9988200
21000,300,400,"sd","14:26:21",9988100
21000,300,200,"sd","14:26:21",9987700
21050,350,30000,"bu","14:26:19",9987500
21000,300,2800,"sd","14:26:19",9957500
21000,300,300,"sd","14:26:19",9954700
21000,300,500,"sd","14:26:19",9954400
21000,300,400,"sd","14:26:19",9953900
21000,300,500,"sd","14:26:19",9953500
21000,300,1600,"sd","14:26:19",9953000
21000,300,700,"sd","14:26:19",9951400
21000,300,200,"sd","14:26:19",9950700
21000,300,600,"sd","14:26:19",9950500
21000,300,2000,"sd","14:26:19",9949900
21000,300,200,"sd","14:26:19",9947900
21000,300,100,"sd","14:26:19",9947700
21000,300,5000,"sd","14:26:19",9947600
21000,300,5000,"sd","14:26:19",9942600
21000,300,100,"sd","14:26:19",9937600
21050,350,100,"bu","14:26:13",9937500
21050,350,10000,"sd","14:26:13",9937400
21050,350,7600,"sd","14:26:13",9927400
21050,350,2000,"sd","14:26:10",9919800
21050,350,400,"sd","14:26:08",9917800
21050,350,7100,"sd","14:26:08",9917400
21050,350,100,"sd","14:26:08",9910300
21100,400,1600,"bu","14:26:07",9910200
21050,350,2800,"sd","14:26:06",9908600
21050,350,1000,"sd","14:26:06",9905800
21050,350,1900,"sd","14:26:06",9904800
21050,350,500,"sd","14:26:04",9902900
21050,350,7600,"sd","14:26:03",9902400
21050,350,400,"sd","14:26:03",9894800
21050,350,600,"sd","14:26:03",9894400
21050,350,4900,"sd","14:26:03",9893800
21050,350,100,"sd","14:26:00",9888900
21050,350,300,"sd","14:26:00",9888800
21050,350,100,"sd","14:26:00",9888500
21050,350,2000,"sd","14:26:00",9888400
21050,350,500,"sd","14:26:00",9886400
21050,350,100,"sd","14:26:00",9885900
21050,350,1900,"sd","14:26:00",9885800
21050,350,100,"sd","14:25:58",9883900
21050,350,7000,"sd","14:25:57",9883800
21050,350,1000,"sd","14:25:54",9876800
21050,350,200,"sd","14:25:54",9875800
21050,350,100,"sd","14:25:54",9875600
21050,350,700,"sd","14:25:54",9875500
21100,400,3000,"bu","14:25:52",9874800
21100,400,1600,"bu","14:25:52",9871800
21050,350,100,"sd","14:25:49",9870200
21050,350,500,"sd","14:25:42",9870100
21050,350,100,"sd","14:25:38",9869600
21100,400,1600,"bu","14:25:36",9869500
21050,350,7600,"sd","14:25:35",9867900
21050,350,1000,"sd","14:25:35",9860300
21050,350,200,"sd","14:25:35",9859300
21050,350,100,"sd","14:25:35",9859100
21050,350,1100,"sd","14:25:35",9859000
21100,400,10000,"bu","14:25:28",9857900
21100,400,1500,"bu","14:25:28",9847900
21100,400,1600,"bu","14:25:21",9846400
21050,350,1000,"sd","14:25:09",9844800
21100,400,1600,"bu","14:25:05",9843800
21100,400,3500,"bu","14:24:53",9842200
21100,400,1200,"bu","14:24:53",9838700
21100,400,500,"bu","14:24:53",9837500
21100,400,1600,"bu","14:24:50",9837000
21100,400,3000,"bu","14:24:46",9835400
21100,400,300,"bu","14:24:42",9832400
21050,350,1000,"sd","14:24:40",9832100
21100,400,300,"bu","14:24:38",9831100
21100,400,1600,"bu","14:24:34",9830800
21050,350,200,"sd","14:24:21",9829200
21050,350,300,"sd","14:24:19",9829000
21100,400,1600,"bu","14:24:19",9828700
21050,350,100,"sd","14:24:12",9827100
21050,350,5000,"sd","14:24:11",9827000
21050,350,1000,"sd","14:24:09",9822000
21100,400,1000,"bu","14:24:09",9821000
21100,400,1600,"bu","14:24:03",9820000
21050,350,500,"sd","14:24:02",9818400
21050,350,200,"sd","14:24:02",9817900
21050,350,300,"sd","14:24:02",9817700
21050,350,300,"sd","14:24:02",9817400
21050,350,700,"sd","14:24:02",9817100
21050,350,1000,"sd","14:23:59",9816400
21050,350,1000,"sd","14:23:54",9815400
21100,400,1600,"bu","14:23:48",9814400
21050,350,100,"sd","14:23:46",9812800
21050,350,1000,"sd","14:23:40",9812700
21100,400,1600,"bu","14:23:33",9811700
21050,350,1000,"sd","14:23:22",9810100
21100,400,2800,"bu","14:23:20",9809100
21100,400,1300,"bu","14:23:17",9806300
21100,400,100,"bu","14:23:17",9805000
21100,400,200,"bu","14:23:17",9804900
21050,350,100,"sd","14:23:13",9804700
21100,400,800,"bu","14:23:02",9804600
21100,400,400,"bu","14:23:02",9803800
21100,400,400,"bu","14:23:02",9803400
21050,350,300,"sd","14:22:57",9803000
21100,400,1600,"bu","14:22:46",9802700
21050,350,100,"sd","14:22:40",9801100
21050,350,700,"sd","14:22:39",9801000
21100,400,1600,"bu","14:22:30",9800300
21050,350,5000,"bu","14:22:26",9798700
21050,350,39000,"bu","14:22:26",9793700
21050,350,200,"sd","14:22:22",9754700
21050,350,2000,"sd","14:22:22",9754500
21050,350,8800,"sd","14:22:22",9752500
21050,350,5000,"sd","14:22:20",9743700
21100,400,1600,"bu","14:22:15",9738700
21050,350,800,"sd","14:22:12",9737100
21100,400,300,"bu","14:22:08",9736300
21050,350,5000,"bu","14:22:03",9736000
21050,350,1000,"bu","14:22:03",9731000
21050,350,100,"bu","14:22:03",9730000
21050,350,500,"bu","14:22:03",9729900
21050,350,5300,"bu","14:22:03",9729400
21050,350,8900,"bu","14:22:03",9724100
21050,350,500,"bu","14:22:02",9715200
21050,350,1600,"bu","14:21:59",9714700
21050,350,400,"sd","14:21:46",9713100
21050,350,18600,"sd","14:21:46",9712700
21100,400,500,"bu","14:21:44",9694100
21100,400,300,"bu","14:21:44",9693600
21100,400,800,"bu","14:21:44",9693300
21050,350,3000,"sd","14:21:39",9692500
21100,400,1200,"bu","14:21:29",9689500
21100,400,400,"bu","14:21:29",9688300
21050,350,5000,"sd","14:21:26",9687900
21050,350,1100,"bu","14:21:25",9682900
21050,350,200,"bu","14:21:25",9681800
21050,350,3000,"bu","14:21:25",9681600
21050,350,1000,"bu","14:21:25",9678600
21050,350,1000,"bu","14:21:25",9677600
21050,350,500,"bu","14:21:25",9676600
21050,350,6200,"bu","14:21:25",9676100
21050,350,1000,"bu","14:21:25",9669900
21050,350,200,"bu","14:21:25",9668900
21050,350,1000,"bu","14:21:25",9668700
21050,350,1000,"bu","14:21:25",9667700
21050,350,500,"bu","14:21:25",9666700
21050,350,2000,"bu","14:21:25",9666200
21050,350,300,"bu","14:21:25",9664200
21050,350,300,"bu","14:21:25",9663900
21050,350,100,"bu","14:21:25",9663600
21050,350,4000,"bu","14:21:25",9663500
21050,350,1000,"bu","14:21:17",9659500
21050,350,200,"bu","14:21:17",9658500
21050,350,100,"bu","14:21:17",9658300
21050,350,700,"bu","14:21:17",9658200
21050,350,1300,"bu","14:21:13",9657500
21050,350,300,"bu","14:21:13",9656200
21050,350,1000,"bu","14:21:07",9655900
21000,300,200,"sd","14:20:59",9654900
21050,350,300,"bu","14:20:59",9654700
21050,350,1600,"bu","14:20:58",9654400
21050,350,2900,"bu","14:20:52",9652800
21050,350,2000,"bu","14:20:51",9649900
21050,350,100,"bu","14:20:42",9647900
21050,350,1600,"bu","14:20:42",9647800
21050,350,1600,"bu","14:20:27",9646200
21000,300,300,"sd","14:20:15",9644600
21050,350,1600,"bu","14:20:11",9644300
21000,300,200,"sd","14:19:59",9642700
21050,350,1600,"bu","14:19:56",9642500
21050,350,400,"bu","14:19:52",9640900
21050,350,100,"bu","14:19:52",9640500
21050,350,100,"bu","14:19:52",9640400
21050,350,900,"bu","14:19:52",9640300
21000,300,1000,"sd","14:19:48",9639400
21050,350,1600,"bu","14:19:41",9638400
21050,350,300,"bu","14:19:30",9636800
21050,350,1600,"bu","14:19:25",9636500
21050,350,3700,"bu","14:19:19",9634900
21050,350,1600,"bu","14:19:08",9631200
21050,350,100,"bu","14:19:00",9629600
21050,350,100,"bu","14:18:54",9629500
21050,350,600,"bu","14:18:53",9629400
21050,350,1000,"bu","14:18:53",9628800
21000,300,500,"sd","14:18:51",9627800
21050,350,400,"bu","14:18:38",9627300
21050,350,1200,"bu","14:18:38",9626900
21050,350,1600,"bu","14:18:22",9625700
21000,300,1000,"sd","14:18:16",9624100
21050,350,200,"bu","14:18:14",9623100
21050,350,2000,"bu","14:18:10",9622900
21100,400,1500,"bu","14:18:06",9620900
21050,350,100,"bu","14:18:06",9619400
21000,300,600,"sd","14:18:00",9619300
21050,350,1000,"sd","14:18:00",9618700
21050,350,400,"sd","14:18:00",9617700
21100,400,1600,"bu","14:17:51",9617300
21050,350,100,"sd","14:17:49",9615700
21100,400,2300,"bu","14:17:37",9615600
21100,400,1500,"bu","14:17:36",9613300
21050,350,800,"bu","14:17:36",9611800
21050,350,200,"bu","14:17:36",9611000
21050,350,300,"bu","14:17:36",9610800
21050,350,500,"bu","14:17:36",9610500
21050,350,600,"bu","14:17:36",9610000
21050,350,1800,"bu","14:17:33",9609400
21050,350,2400,"bu","14:17:31",9607600
21050,350,3100,"bu","14:17:28",9605200
21050,350,2100,"bu","14:17:25",9602100
21100,400,2500,"bu","14:17:22",9600000
21050,350,300,"bu","14:17:22",9597500
21100,400,1600,"bu","14:17:20",9597200
21100,400,1800,"bu","14:17:19",9595600
21100,400,2600,"bu","14:17:17",9593800
21100,400,500,"bu","14:17:15",9591200
21100,400,1900,"bu","14:17:15",9590700
21100,400,1200,"bu","14:17:09",9588800
21100,400,700,"bu","14:17:09",9587600
21050,350,900,"bu","14:17:09",9586900
21050,350,1000,"sd","14:17:07",9586000
21050,350,100,"sd","14:17:07",9585000
21100,400,1600,"bu","14:17:05",9584900
21050,350,100,"sd","14:17:00",9583300
21100,400,200,"bu","14:16:59",9583200
21100,400,1000,"bu","14:16:59",9583000
21050,350,700,"sd","14:16:56",9582000
21050,350,300,"sd","14:16:56",9581300
21100,400,2400,"bu","14:16:56",9581000
21050,350,800,"sd","14:16:54",9578600
21100,400,2200,"bu","14:16:53",9577800
21050,350,600,"sd","14:16:52",9575600
21050,350,300,"sd","14:16:52",9575000
21050,350,300,"sd","14:16:52",9574700
21050,350,3000,"sd","14:16:52",9574400
21050,350,5800,"sd","14:16:52",9571400
21100,400,2200,"bu","14:16:50",9565600
21100,400,1600,"bu","14:16:49",9563400
21050,350,40000,"sd","14:16:48",9561800
21100,400,2000,"bu","14:16:46",9521800
21100,400,2000,"bu","14:16:43",9519800
21050,350,300,"sd","14:16:39",9517800
21050,350,3800,"sd","14:16:36",9517500
21100,400,1600,"bu","14:16:34",9513700
21100,400,1600,"bu","14:16:18",9512100
21100,400,5000,"bu","14:16:04",9510500
21100,400,1600,"bu","14:16:03",9505500
21100,400,1600,"bu","14:16:03",9503900
21100,400,1700,"bu","14:15:58",9502300
21100,400,100,"bu","14:15:56",9500600
21100,400,1500,"bu","14:15:52",9500500
21150,450,2100,"bu","14:15:49",9499000
21100,400,100,"bu","14:15:49",9496900
21150,450,1100,"bu","14:15:47",9496800
21100,400,500,"bu","14:15:47",9495700
21150,450,100,"bu","14:15:46",9495200
21100,400,1100,"bu","14:15:46",9495100
21100,400,200,"bu","14:15:46",9494000
21100,400,700,"bu","14:15:46",9493800
21100,400,1500,"bu","14:15:45",9493100
21100,400,300,"bu","14:15:42",9491600
21100,400,1800,"bu","14:15:42",9491300
21100,400,700,"bu","14:15:40",9489500
21100,400,600,"bu","14:15:40",9488800
21100,400,500,"bu","14:15:40",9488200
21100,400,4500,"bu","14:15:36",9487700
21100,400,2000,"bu","14:15:36",9483200
21100,400,3000,"bu","14:15:36",9481200
21100,400,500,"bu","14:15:36",9478200
21100,400,200,"bu","14:15:36",9477700
21100,400,4300,"bu","14:15:36",9477500
21100,400,300,"bu","14:15:36",9473200
21100,400,1000,"bu","14:15:36",9472900
21100,400,500,"bu","14:15:36",9471900
21100,400,100,"bu","14:15:36",9471400
21100,400,400,"bu","14:15:36",9471300
21100,400,10000,"bu","14:15:36",9470900
21100,400,500,"bu","14:15:36",9460900
21100,400,1100,"bu","14:15:36",9460400
21100,400,13700,"bu","14:15:36",9459300
21100,400,1600,"bu","14:15:36",9445600
21050,350,100,"sd","14:15:35",9444000
21100,400,1600,"bu","14:15:33",9443900
21100,400,1300,"bu","14:15:32",9442300
21100,400,800,"bu","14:15:32",9441000
21100,400,1600,"bu","14:15:31",9440200
21100,400,1400,"bu","14:15:28",9438600
21100,400,1200,"bu","14:15:24",9437200
21100,400,100,"bu","14:15:22",9436000
21100,400,1200,"bu","14:15:21",9435900
21050,350,300,"sd","14:15:17",9434700
21050,350,100,"sd","14:15:17",9434400
21100,400,1300,"bu","14:15:17",9434300
21100,400,1600,"bu","14:15:16",9433000
21100,400,1000,"bu","14:15:15",9431400
21100,400,200,"bu","14:15:12",9430400
21100,400,800,"bu","14:15:12",9430200
21100,400,1200,"bu","14:15:01",9429400
21100,400,200,"bu","14:15:01",9428200
21100,400,100,"bu","14:15:01",9428000
21100,400,200,"bu","14:15:01",9427900
21100,400,500,"bu","14:15:01",9427700
21050,350,100,"sd","14:15:00",9427200
21100,400,500,"bu","14:15:00",9427100
21100,400,1100,"bu","14:15:00",9426600
21100,400,700,"bu","14:14:58",9425500
21100,400,1000,"bu","14:14:58",9424800
21100,400,400,"bu","14:14:58",9423800
21100,400,1600,"bu","14:14:54",9423400
21100,400,200,"bu","14:14:54",9421800
21100,400,1800,"bu","14:14:51",9421600
21100,400,1000,"bu","14:14:46",9419800
21050,350,600,"bu","14:14:46",9418800
21050,350,1600,"bu","14:14:45",9418200
21050,350,1600,"bu","14:14:43",9416600
21050,350,500,"bu","14:14:43",9415000
21050,350,1400,"bu","14:14:38",9414500
21050,350,3000,"bu","14:14:38",9413100
21050,350,3000,"sd","14:14:33",9410100
21050,350,400,"sd","14:14:33",9407100
21050,350,2000,"sd","14:14:33",9406700
21050,350,2600,"sd","14:14:33",9404700
21000,300,800,"sd","14:14:33",9402100
21000,300,200,"sd","14:14:33",9401300
21000,300,800,"sd","14:14:33",9401100
21000,300,200,"sd","14:14:33",9400300
21100,400,400,"bu","14:14:30",9400100
21100,400,1600,"bu","14:14:30",9399700
21100,400,1000,"bu","14:14:24",9398100
21050,350,100,"sd","14:14:22",9397100
21100,400,1000,"bu","14:14:16",9397000
21100,400,1600,"bu","14:14:14",9396000
21100,400,1200,"bu","14:14:13",9394400
21100,400,200,"bu","14:14:12",9393200
21100,400,1200,"bu","14:14:10",9393000
21100,400,1000,"bu","14:14:06",9391800
21100,400,1000,"bu","14:14:02",9390800
21050,350,300,"sd","14:14:00",9389800
21100,400,1600,"bu","14:13:58",9389500
21100,400,9800,"bu","14:13:55",9387900
21050,350,200,"bu","14:13:55",9378100
21050,350,500,"bu","14:13:53",9377900
21050,350,500,"sd","14:13:45",9377400
21050,350,200,"sd","14:13:45",9376900
21050,350,500,"sd","14:13:45",9376700
21050,350,100,"sd","14:13:45",9376200
21100,400,1000,"bu","14:13:45",9376100
21100,400,1600,"bu","14:13:43",9375100
21050,350,100,"sd","14:13:41",9373500
21100,400,1600,"bu","14:13:27",9373400
21100,400,200,"bu","14:13:20",9371800
21100,400,1400,"bu","14:13:12",9371600
21100,400,200,"bu","14:13:12",9370200
21100,400,800,"bu","14:13:10",9370000
21100,400,1000,"bu","14:13:10",9369200
21150,450,700,"bu","14:12:56",9368200
21100,400,900,"bu","14:12:56",9367500
21100,400,100,"sd","14:12:54",9366600
21100,400,1900,"sd","14:12:45",9366500
21100,400,100,"sd","14:12:45",9364600
21150,450,500,"bu","14:12:40",9363400
21150,450,1100,"bu","14:12:40",9364500
21100,400,2900,"sd","14:12:37",9362900
21100,400,4300,"sd","14:12:37",9360000
21100,400,2800,"sd","14:12:37",9355700
21100,400,100,"sd","14:12:36",9352900
21100,400,3000,"bu","14:12:34",9352800
21100,400,100,"bu","14:12:34",9349800
21100,400,500,"bu","14:12:34",9349700
21100,400,2000,"bu","14:12:34",9349200
21100,400,700,"bu","14:12:34",9347200
21100,400,800,"bu","14:12:34",9346500
21100,400,300,"bu","14:12:26",9345700
21100,400,1600,"bu","14:12:25",9345400
21100,400,300,"bu","14:12:22",9343800
21100,400,500,"bu","14:12:22",9343500
21100,400,100,"bu","14:12:16",9343000
21100,400,1000,"bu","14:12:14",9342900
21100,400,1000,"bu","14:12:14",9341900
21100,400,100,"bu","14:12:14",9340900
21100,400,500,"bu","14:12:14",9340800
21100,400,200,"bu","14:12:14",9340300
21100,400,100,"bu","14:12:14",9340100
21100,400,8700,"bu","14:12:14",9340000
21100,400,100,"bu","14:12:14",9331300
21100,400,3000,"bu","14:12:14",9331200
21100,400,1000,"bu","14:12:14",9328200
21100,400,1000,"bu","14:12:14",9327200
21100,400,1400,"bu","14:12:14",9326200
21100,400,200,"bu","14:12:14",9324800
21100,400,12700,"bu","14:12:14",9324600
21100,400,400,"bu","14:12:14",9311900
21100,400,400,"bu","14:12:14",9311500
21100,400,500,"bu","14:12:14",9311100
21100,400,500,"bu","14:12:14",9310600
21100,400,2000,"bu","14:12:14",9310100
21100,400,500,"bu","14:12:14",9308100
21100,400,1000,"bu","14:12:14",9307600
21100,400,100,"bu","14:12:14",9306600
21100,400,1100,"bu","14:12:14",9306500
21100,400,500,"bu","14:12:14",9305400
21100,400,100,"bu","14:12:10",9304900
21100,400,400,"bu","14:12:10",9304800
21100,400,900,"bu","14:12:10",9304400
21100,400,200,"bu","14:12:10",9303500
21100,400,500,"bu","14:12:05",9303300
21100,400,5000,"bu","14:12:05",9302800
21100,400,100,"bu","14:12:05",9297800
21100,400,1000,"bu","14:12:05",9297700
21050,350,20000,"bu","14:12:05",9296700
21100,400,1000,"bu","14:12:05",9276700
21050,350,200,"bu","14:12:05",9275700
21100,400,3000,"bu","14:12:05",9275500
21050,350,500,"bu","14:12:05",9272500
21100,400,100,"bu","14:12:05",9272000
21050,350,500,"bu","14:12:05",9271900
21100,400,200,"bu","14:12:05",9271400
21050,350,700,"bu","14:12:05",9271200
21100,400,500,"bu","14:12:05",9270500
21050,350,200,"bu","14:12:05",9270000
21050,350,20000,"bu","14:12:05",9269800
21100,400,5000,"bu","14:12:05",9249800
21050,350,800,"bu","14:12:05",9244800
21100,400,7000,"bu","14:12:05",9244000
21050,350,1000,"bu","14:12:05",9237000
21100,400,1500,"bu","14:12:05",9236000
21050,350,2000,"bu","14:12:05",9234500
21000,300,500,"bu","14:12:05",9232500
21050,350,100,"bu","14:12:05",9232000
21100,400,100,"bu","14:12:05",9231900
21000,300,100,"bu","14:12:05",9231800
21050,350,1500,"bu","14:12:05",9231700
21100,400,9600,"bu","14:12:05",9230200
21100,400,100,"bu","14:12:05",9220600
21050,350,100,"bu","14:12:05",9220500
21000,300,500,"bu","14:12:05",9220400
21100,400,700,"bu","14:12:05",9219900
21100,400,17300,"bu","14:12:05",9219200
21050,350,5000,"bu","14:12:05",9201900
21050,350,1100,"bu","14:12:05",9196900
21050,350,100,"bu","14:12:05",9195800
21050,350,1000,"bu","14:12:05",9195700
21050,350,200,"bu","14:12:05",9194700
21050,350,600,"bu","14:12:05",9194500
21050,350,1000,"bu","14:12:05",9193900
21050,350,200,"bu","14:12:05",9192900
21050,350,10100,"bu","14:12:05",9192700
21050,350,5000,"bu","14:12:05",9182600
21000,300,600,"bu","14:12:05",9177600
21050,350,1000,"bu","14:12:05",9177000
21050,350,200,"bu","14:12:05",9176000
21000,300,10000,"bu","14:12:05",9175800
21050,350,5000,"bu","14:12:05",9165800
21000,300,1800,"bu","14:12:05",9160800
21000,300,500,"bu","14:12:05",9159000
21000,300,600,"bu","14:12:05",9158500
21000,300,500,"bu","14:12:05",9157900
21000,300,5000,"bu","14:12:05",9157400
21000,300,1400,"bu","14:12:05",9152400
21000,300,500,"bu","14:12:05",9151000
21000,300,1000,"bu","14:12:05",9150500
21000,300,1500,"bu","14:12:05",9149500
21000,300,500,"bu","14:12:05",9148000
21000,300,8500,"bu","14:12:05",9147500
21000,300,10000,"bu","14:12:05",9139000
21000,300,2600,"bu","14:12:05",9129000
21000,300,200,"bu","14:12:05",9126400
21000,300,500,"bu","14:12:05",9126200
21000,300,5000,"bu","14:12:05",9125700
21000,300,5200,"bu","14:12:05",9120700
21000,300,27000,"bu","14:12:05",9115500
21000,300,1100,"bu","14:12:05",9088500
21000,300,3000,"bu","14:12:05",9087400
21000,300,500,"bu","14:12:05",9084400
21000,300,100,"bu","14:12:05",9083900
21000,300,500,"bu","14:12:05",9083800
21000,300,300,"bu","14:12:05",9083300
21000,300,1600,"bu","14:11:54",9083000
21000,300,1100,"bu","14:11:39",9081400
21000,300,500,"bu","14:11:39",9080300
21000,300,1000,"bu","14:11:23",9079800
21000,300,500,"bu","14:11:23",9078800
21000,300,100,"bu","14:11:23",9078300
21000,300,100,"bu","14:11:12",9078200
21000,300,300,"bu","14:11:12",9078100
21000,300,500,"bu","14:11:12",9077800
21000,300,100,"bu","14:11:12",9077300
21000,300,300,"bu","14:11:12",9077200
20950,250,800,"sd","14:11:08",9076900
20950,250,1000,"sd","14:11:07",9076100
21000,300,700,"bu","14:11:04",9075100
21000,300,900,"bu","14:11:04",9074400
21000,300,100,"bu","14:10:49",9073500
21000,300,1000,"bu","14:10:49",9073400
21000,300,200,"bu","14:10:49",9072400
21000,300,300,"bu","14:10:49",9072200
20950,250,1000,"bu","14:10:35",9071900
20950,250,600,"bu","14:10:35",9070900
20950,250,100,"bu","14:10:35",9070300
20950,250,1000,"bu","14:10:35",9070200
20950,250,1000,"bu","14:10:35",9069200
20950,250,400,"bu","14:10:35",9068200
20950,250,100,"bu","14:10:35",9067800
20950,250,2000,"bu","14:10:35",9067700
20950,250,100,"bu","14:10:35",9065700
20950,250,900,"bu","14:10:35",9065600
20950,250,1200,"bu","14:10:34",9064700
20950,250,1600,"bu","14:10:34",9063500
20950,250,1300,"bu","14:10:33",9061900
20950,250,1700,"bu","14:10:33",9060600
20950,250,300,"bu","14:10:31",9058900
20950,250,400,"bu","14:10:31",9058600
20950,250,300,"bu","14:10:31",9058200
20950,250,200,"bu","14:10:27",9057900
20950,250,5000,"bu","14:10:27",9057700
20950,250,2700,"bu","14:10:27",9052700
20900,200,100,"sd","14:10:23",9050000
20950,250,1600,"bu","14:10:18",9049900
20950,250,200,"bu","14:10:15",9048300
20950,250,500,"bu","14:10:13",9048100
20950,250,4500,"bu","14:10:13",9047600
20950,250,1600,"bu","14:10:03",9043100
20950,250,100,"bu","14:10:03",9041500
20950,250,900,"bu","14:10:01",9041400
20950,250,400,"bu","14:09:59",9040500
20950,250,200,"bu","14:09:54",9040100
20950,250,100,"bu","14:09:54",9039900
20950,250,500,"bu","14:09:54",9039800
20950,250,500,"bu","14:09:49",9039300
20950,250,2000,"bu","14:09:49",9038800
20950,250,1600,"bu","14:09:48",9036800
20950,250,1000,"bu","14:09:46",9035200
20950,250,1600,"bu","14:09:32",9034200
20900,200,200,"bu","14:09:30",9032600
20900,200,500,"bu","14:09:30",9032400
20900,200,100,"bu","14:09:30",9031900
20900,200,2900,"bu","14:09:30",9031800
20900,200,100,"bu","14:09:30",9028900
20900,200,400,"bu","14:09:28",9028800
20900,200,600,"bu","14:09:28",9028400
20900,200,10000,"bu","14:09:27",9027800
20900,200,2000,"bu","14:09:25",9017800
20900,200,200,"bu","14:09:22",9015800
20900,200,1000,"bu","14:09:19",9015600
20900,200,2000,"bu","14:09:19",9014600
20900,200,1600,"bu","14:09:17",9012600
20900,200,100,"bu","14:09:15",9011000
20900,200,14500,"bu","14:09:15",9010900
20900,200,10000,"bu","14:09:13",8996400
20900,200,300,"bu","14:09:12",8986400
20900,200,900,"bu","14:09:11",8986100
20900,200,300,"bu","14:09:11",8985200
20900,200,200,"bu","14:09:11",8984900
20900,200,600,"bu","14:09:11",8984700
20900,200,600,"bu","14:09:11",8984100
20900,200,300,"bu","14:09:11",8983500
20900,200,2700,"bu","14:09:11",8983200
20900,200,400,"bu","14:09:08",8980500
20900,200,1900,"bu","14:09:05",8980100
20900,200,1000,"bu","14:09:04",8978200
20900,200,1000,"bu","14:09:04",8977200
20900,200,400,"bu","14:09:04",8976200
20900,200,15700,"bu","14:09:04",8975800
20900,200,1600,"bu","14:09:02",8960100
20900,200,300,"bu","14:08:59",8958500
20900,200,1600,"bu","14:08:46",8958200
20850,150,100,"sd","14:08:44",8956600
20900,200,600,"bu","14:08:42",8956500
20900,200,1000,"bu","14:08:37",8955900
20900,200,1600,"bu","14:08:31",8954900
20850,150,1000,"sd","14:08:16",8953300
20900,200,1600,"bu","14:08:15",8952300
20900,200,300,"bu","14:08:12",8950700
20850,150,1000,"sd","14:08:03",8950400
20900,200,1600,"bu","14:08:00",8949400
20850,150,5100,"sd","14:07:58",8947800
20900,200,300,"bu","14:07:53",8942700
20850,150,7000,"sd","14:07:47",8942400
20850,150,2000,"sd","14:07:47",8935400
20900,200,1600,"bu","14:07:45",8933400
20850,150,1000,"sd","14:07:41",8931800
20850,150,1000,"sd","14:07:33",8930800
20850,150,200,"sd","14:07:30",8929800
20900,200,1600,"bu","14:07:29",8929600
20850,150,9200,"sd","14:07:23",8928000
20850,150,1700,"sd","14:07:18",8918800
20850,150,300,"sd","14:07:18",8917100
20850,150,1000,"sd","14:07:11",8916800
20900,200,1600,"bu","14:07:10",8915800
20850,150,10000,"sd","14:07:09",8914200
20850,150,200,"sd","14:07:08",8904200
20850,150,1600,"bu","14:07:04",8904000
20850,150,1700,"bu","14:07:04",8902400
20850,150,1800,"bu","14:07:04",8900700
20850,150,100,"bu","14:07:03",8898900
20850,150,2000,"bu","14:07:02",8898800
20850,150,500,"sd","14:06:55",8896800
20850,150,1000,"sd","14:06:55",8896300
20850,150,300,"sd","14:06:55",8895300
20850,150,100,"sd","14:06:55",8895000
20850,150,100,"sd","14:06:55",8894900
20850,150,200,"sd","14:06:55",8894800
20850,150,100,"sd","14:06:55",8894600
20850,150,100,"sd","14:06:55",8894500
20850,150,900,"sd","14:06:55",8894400
20850,150,300,"sd","14:06:55",8893500
20850,150,1000,"sd","14:06:55",8893200
20850,150,10000,"sd","14:06:55",8892200
20850,150,100,"sd","14:06:55",8882200
20850,150,1400,"sd","14:06:55",8882100
20900,200,1600,"bu","14:06:55",8880700
20850,150,1600,"sd","14:06:53",8879100
20850,150,400,"sd","14:06:53",8877500
20900,200,700,"bu","14:06:48",8877100
20850,150,2700,"sd","14:06:42",8876400
20900,200,1600,"bu","14:06:40",8873700
20900,200,500,"bu","14:06:25",8872100
20900,200,1600,"bu","14:06:24",8871600
20850,150,2800,"sd","14:06:23",8870000
20900,200,1600,"bu","14:06:09",8867200
20850,150,500,"sd","14:06:08",8865600
20850,150,3600,"sd","14:06:06",8865100
20850,150,1000,"sd","14:06:05",8861500
20850,150,400,"sd","14:06:05",8860500
20900,200,1200,"bu","14:06:01",8860100
20850,150,100,"sd","14:05:55",8858900
20850,150,700,"sd","14:05:55",8858800
20900,200,1600,"bu","14:05:53",8858100
20900,200,1000,"bu","14:05:42",8856500
20850,150,1300,"sd","14:05:39",8855500
20850,150,500,"sd","14:05:39",8854200
20850,150,2000,"sd","14:05:39",8853700
20850,150,100,"sd","14:05:39",8851700
20850,150,6100,"sd","14:05:39",8851600
20900,200,1600,"bu","14:05:38",8845500
20850,150,20000,"sd","14:05:35",8843900
20900,200,1600,"bu","14:05:23",8823900
20900,200,100,"bu","14:05:18",8822300
20900,200,1600,"bu","14:05:07",8822200
20900,200,1600,"bu","14:04:52",8820600
20850,150,3900,"sd","14:04:52",8819000
20850,150,100,"sd","14:04:52",8815100
20850,150,100,"sd","14:04:52",8815000
20850,150,1000,"sd","14:04:52",8814900
20850,150,2100,"sd","14:04:52",8813900
20900,200,200,"bu","14:04:51",8811800
20850,150,5000,"sd","14:04:48",8811600
20900,200,900,"bu","14:04:36",8806600
20900,200,200,"bu","14:04:36",8805700
20900,200,500,"bu","14:04:36",8805500
20850,150,2900,"sd","14:04:28",8805000
20850,150,5000,"sd","14:04:28",8802100
20850,150,500,"sd","14:04:28",8797100
20850,150,1000,"sd","14:04:28",8796600
20850,150,600,"sd","14:04:28",8795600
20900,200,1000,"unknown","14:04:26",8795000
20950,250,1600,"bu","14:04:21",8794000
20850,150,1400,"sd","14:04:20",8792400
20850,150,100,"sd","14:04:20",8791000
20850,150,1000,"sd","14:04:20",8790900
20850,150,1000,"sd","14:04:20",8789900
20850,150,100,"sd","14:04:20",8788900
20850,150,1100,"sd","14:04:20",8788800
20900,200,1000,"sd","14:04:20",8787700
20900,200,100,"sd","14:04:20",8786700
20900,200,1500,"sd","14:04:20",8786600
20900,200,200,"sd","14:04:20",8785100
20900,200,100,"sd","14:04:20",8784900
20900,200,100,"sd","14:04:20",8784800
20900,200,400,"sd","14:04:20",8784700
20900,200,500,"sd","14:04:20",8784300
20900,200,1400,"sd","14:04:20",8783800
20900,200,100,"sd","14:04:09",8782400
20950,250,1600,"bu","14:04:06",8782300
20900,200,500,"sd","14:04:05",8780700
20900,200,100,"sd","14:04:05",8780200
20900,200,100,"sd","14:04:05",8780100
20900,200,1000,"sd","14:04:05",8780000
20900,200,100,"sd","14:04:05",8779000
20950,250,400,"bu","14:04:03",8778900
20900,200,500,"sd","14:03:59",8778500
20900,200,400,"sd","14:03:57",8778000
20900,200,600,"sd","14:03:57",8777600
20950,250,1600,"bu","14:03:50",8777000
20900,200,300,"sd","14:03:49",8775400
20950,250,1500,"bu","14:03:36",8775100
20950,250,1600,"bu","14:03:35",8773600
20900,200,4100,"sd","14:03:33",8772000
20900,200,100,"sd","14:03:33",8767900
20900,200,800,"sd","14:03:33",8767800
20900,200,200,"sd","14:03:21",8767000
20950,250,1600,"bu","14:03:19",8766800
20950,250,1600,"bu","14:03:03",8765200
20950,250,1600,"bu","14:02:48",8763600
20950,250,100,"bu","14:02:46",8762000
20950,250,1400,"bu","14:02:32",8761900
20900,200,200,"bu","14:02:32",8760500
20900,200,2000,"bu","14:02:30",8760300
20900,200,200,"bu","14:02:30",8758300
20900,200,700,"bu","14:02:29",8758100
20900,200,500,"sd","14:02:27",8757400
20900,200,1000,"sd","14:02:27",8756900
20900,200,300,"sd","14:02:27",8755900
20900,200,1000,"sd","14:02:27",8755600
20900,200,100,"sd","14:02:27",8754600
20900,200,400,"sd","14:02:27",8754500
20900,200,1600,"sd","14:02:27",8754100
20900,200,100,"sd","14:02:27",8752500
20900,200,1100,"sd","14:02:27",8752400
20900,200,800,"sd","14:02:27",8751300
20900,200,2000,"sd","14:02:23",8750500
20900,200,2000,"sd","14:02:21",8748500
20950,250,1600,"bu","14:02:17",8746500
20900,200,1000,"sd","14:02:05",8744900
20950,250,1600,"bu","14:02:02",8743900
20900,200,2400,"sd","14:01:48",8742300
20950,250,1600,"bu","14:01:46",8739900
20900,200,200,"bu","14:01:44",8738300
20900,200,1600,"bu","14:01:44",8738100
20900,200,400,"bu","14:01:41",8736500
20900,200,29600,"bu","14:01:41",8736100
20900,200,500,"bu","14:01:40",8706500
20900,200,500,"bu","14:01:37",8706000
20900,200,500,"bu","14:01:32",8705500
20900,200,1600,"bu","14:01:31",8705000
20900,200,1000,"bu","14:01:29",8703400
20850,150,100,"sd","14:01:28",8702400
20900,200,100,"bu","14:01:19",8702300
20900,200,1600,"bu","14:01:15",8702200
20900,200,1000,"bu","14:01:12",8700600
20900,200,300,"bu","14:01:10",8699600
20900,200,100,"sd","14:01:10",8699300
20900,200,500,"sd","14:01:10",8699200
20900,200,5000,"sd","14:01:10",8698700
20900,200,1000,"sd","14:01:10",8693700
20900,200,100,"sd","14:01:10",8692700
20900,200,2000,"sd","14:01:10",8692600
20900,200,3000,"sd","14:01:10",8690600
20900,200,2000,"sd","14:01:10",8687600
20900,200,100,"sd","14:01:10",8685600
20900,200,100,"sd","14:01:10",8685500
20900,200,100,"sd","14:01:10",8685400
20900,200,1000,"sd","14:01:10",8685300
20900,200,200,"sd","14:01:10",8684300
20900,200,3000,"sd","14:01:10",8684100
20900,200,10000,"sd","14:01:10",8681100
20900,200,200,"sd","14:01:10",8671100
20900,200,500,"sd","14:01:10",8670900
20900,200,34400,"sd","14:01:10",8670400
20900,200,3000,"sd","14:01:06",8636000
20950,250,1600,"bu","14:01:00",8633000
20950,250,1600,"bu","14:00:44",8631400
20950,250,2500,"bu","14:00:40",8629800
20900,200,1500,"sd","14:00:40",8627300
20950,250,1600,"bu","14:00:28",8625800
20950,250,300,"bu","14:00:14",8624200
20950,250,1600,"bu","14:00:13",8623900
20900,200,1500,"sd","14:00:07",8622300
20950,250,500,"bu","14:00:02",8620800
20950,250,1600,"bu","13:59:57",8620300
20900,200,100,"sd","13:59:54",8618700
20900,200,9500,"sd","13:59:51",8618600
20900,200,500,"sd","13:59:51",8609100
20900,200,500,"bu","13:59:42",8608600
20900,200,500,"bu","13:59:42",8608100
20900,200,1000,"bu","13:59:42",8607600
20900,200,100,"bu","13:59:42",8606600
20900,200,100,"bu","13:59:42",8606500
20900,200,400,"bu","13:59:42",8606400
20900,200,4800,"bu","13:59:38",8606000
20900,200,100,"bu","13:59:33",8601200
20900,200,1600,"bu","13:59:27",8601100
20850,150,100,"sd","13:59:23",8599500
20850,150,200,"sd","13:59:19",8599400
20850,150,100,"sd","13:59:17",8599200
20900,200,1000,"bu","13:59:16",8599100
20850,150,200,"bu","13:59:13",8598100
20850,150,200,"bu","13:59:13",8597900
20850,150,600,"bu","13:59:12",8597700
20850,150,1000,"bu","13:59:12",8597100
20850,150,100,"bu","13:59:12",8596100
20850,150,1300,"bu","13:59:12",8596000
20850,150,1600,"bu","13:59:12",8594700
20850,150,300,"bu","13:59:12",8593100
20850,150,100,"bu","13:59:11",8592800
20850,150,200,"bu","13:59:08",8592700
20850,150,5000,"bu","13:59:08",8592500
20850,150,1000,"bu","13:59:04",8587500
20850,150,500,"bu","13:59:03",8586500
20850,150,500,"bu","13:59:03",8586000
20850,150,2500,"bu","13:59:01",8585500
20850,150,500,"bu","13:59:01",8583000
20850,150,500,"bu","13:58:56",8582500
20850,150,500,"bu","13:58:56",8582000
20850,150,100,"bu","13:58:56",8581500
20850,150,100,"bu","13:58:56",8581400
20850,150,400,"bu","13:58:56",8581300
20850,150,100,"bu","13:58:55",8580900
20850,150,400,"bu","13:58:55",8580800
20800,100,2000,"sd","13:58:53",8580400
20850,150,600,"bu","13:58:51",8578400
20850,150,2400,"bu","13:58:51",8577800
20850,150,1000,"bu","13:58:49",8575400
20850,150,1000,"bu","13:58:49",8574400
20850,150,1600,"bu","13:58:41",8573400
20800,100,1600,"bu","13:58:40",8571800
20800,100,100,"bu","13:58:40",8570200
20800,100,3300,"bu","13:58:40",8570100
20800,100,30000,"bu","13:58:40",8566800
20800,100,200,"bu","13:58:38",8536800
20800,100,200,"bu","13:58:38",8536600
20800,100,100,"bu","13:58:38",8536400
20800,100,100,"bu","13:58:38",8536300
20800,100,400,"bu","13:58:37",8536200
20800,100,100,"bu","13:58:37",8535800
20800,100,400,"bu","13:58:37",8535700
20800,100,100,"bu","13:58:37",8535300
20800,100,2000,"bu","13:58:37",8535200
20800,100,700,"bu","13:58:36",8533200
20800,100,300,"bu","13:58:33",8532500
20800,100,2000,"bu","13:58:33",8532200
20800,100,100,"bu","13:58:33",8530200
20800,100,600,"bu","13:58:33",8530100
20800,100,2500,"bu","13:58:30",8529500
20800,100,100,"bu","13:58:30",8527000
20800,100,2400,"bu","13:58:30",8526900
20750,50,6400,"sd","13:58:30",8524500
20750,50,600,"sd","13:58:30",8518100
20800,100,1600,"bu","13:58:29",8517500
20800,100,1000,"bu","13:58:29",8515900
20800,100,2000,"bu","13:58:29",8514900
20800,100,5400,"bu","13:58:29",8512900
20800,100,100,"bu","13:58:28",8507500
20800,100,5000,"bu","13:58:27",8507400
20800,100,1600,"bu","13:58:25",8502400
20800,100,19000,"bu","13:58:23",8500800
20800,100,5000,"bu","13:58:23",8481800
20800,100,1000,"bu","13:58:23",8476800
20800,100,1000,"bu","13:58:20",8475800
20800,100,3000,"bu","13:58:17",8474800
20800,100,200,"bu","13:58:15",8471800
20800,100,1600,"bu","13:58:10",8471600
20800,100,300,"bu","13:58:10",8470000
20800,100,9000,"bu","13:58:10",8469700
20800,100,400,"bu","13:58:07",8460700
20750,50,400,"sd","13:58:02",8460300
20750,50,100,"sd","13:58:02",8459900
20800,100,100,"bu","13:57:57",8459800
20800,100,1000,"bu","13:57:57",8459700
20800,100,100,"bu","13:57:55",8458700
20800,100,1600,"bu","13:57:55",8458600
20800,100,1000,"bu","13:57:52",8457000
20800,100,1000,"bu","13:57:52",8456000
20800,100,2000,"bu","13:57:46",8455000
20800,100,200,"bu","13:57:43",8453000
20750,50,100,"sd","13:57:41",8452800
20750,50,100,"sd","13:57:41",8452700
20800,100,1600,"bu","13:57:39",8452600
20800,100,100,"bu","13:57:37",8451000
20800,100,100,"bu","13:57:30",8450900
20800,100,100,"sd","13:57:29",8450800
20800,100,100,"sd","13:57:29",8450700
20800,100,10000,"sd","13:57:29",8450600
20800,100,1000,"sd","13:57:29",8440600
20800,100,6000,"sd","13:57:29",8439600
20800,100,100,"sd","13:57:29",8433600
20800,100,100,"sd","13:57:29",8433500
20800,100,2600,"sd","13:57:29",8433400
20800,100,100,"sd","13:57:29",8430800
20800,100,10000,"sd","13:57:29",8430700
20800,100,100,"sd","13:57:29",8420700
20800,100,13900,"sd","13:57:29",8420600
20800,100,10000,"sd","13:57:25",8406700
20850,150,1600,"bu","13:57:24",8396700
20800,100,500,"sd","13:57:23",8395100
20800,100,1000,"sd","13:57:14",8394600
20800,100,4600,"sd","13:57:14",8393600
20800,100,300,"sd","13:57:14",8389000
20800,100,200,"sd","13:57:14",8388700
20850,150,500,"bu","13:57:11",8388500
20850,150,1600,"bu","13:57:08",8388000
20800,100,3500,"sd","13:57:08",8386400
20800,100,1500,"sd","13:57:08",8382900
20800,100,1000,"sd","13:57:07",8381400
20800,100,1000,"sd","13:57:03",8380400
20850,150,300,"bu","13:57:02",8379400
20800,100,500,"sd","13:56:59",8379100
20850,150,1600,"bu","13:56:53",8378600
20850,150,1100,"bu","13:56:51",8377000
20800,100,2300,"sd","13:56:48",8375900
20800,100,1700,"sd","13:56:48",8373600
20800,100,2000,"sd","13:56:43",8371900
20800,100,1500,"sd","13:56:41",8369900
20800,100,800,"sd","13:56:41",8368400
20850,150,1600,"bu","13:56:38",8367600
20800,100,2000,"sd","13:56:36",8366000
20800,100,2000,"sd","13:56:35",8364000
20800,100,100,"sd","13:56:32",8362000
20800,100,200,"sd","13:56:31",8361900
20800,100,500,"sd","13:56:31",8361700
20800,100,200,"sd","13:56:31",8361200
20800,100,4100,"sd","13:56:31",8361000
20800,100,5000,"sd","13:56:31",8356900
20800,100,8800,"sd","13:56:31",8351900
20800,100,200,"sd","13:56:27",8343100
20800,100,300,"sd","13:56:24",8342900
20850,150,1600,"bu","13:56:22",8342600
20800,100,1000,"sd","13:56:22",8341000
20800,100,3000,"sd","13:56:22",8340000
20800,100,700,"sd","13:56:22",8337000
20800,100,3000,"sd","13:56:16",8336300
20800,100,500,"sd","13:56:13",8333300
20800,100,1800,"sd","13:56:12",8332800
20850,150,100,"bu","13:56:08",8331000
20850,150,1600,"bu","13:56:07",8330900
20800,100,100,"sd","13:56:05",8329300
20800,100,100,"bu","13:56:05",8329200
20800,100,100,"bu","13:56:04",8329100
20800,100,500,"bu","13:56:04",8329000
20800,100,800,"bu","13:56:04",8328500
20800,100,200,"sd","13:55:55",8327700
20800,100,100,"sd","13:55:55",8327500
20800,100,100,"sd","13:55:55",8327400
20800,100,100,"sd","13:55:55",8327300
20800,100,100,"sd","13:55:53",8327200
20800,100,400,"sd","13:55:53",8327100
20800,100,500,"sd","13:55:53",8326700
20800,100,500,"sd","13:55:52",8326200
20850,150,1600,"bu","13:55:52",8325700
20800,100,100,"sd","13:55:52",8324100
20800,100,2500,"sd","13:55:48",8324000
20800,100,5000,"sd","13:55:44",8321500
20800,100,500,"sd","13:55:43",8316500
20800,100,100,"sd","13:55:42",8316000
20800,100,2000,"sd","13:55:41",8315900
20800,100,12400,"sd","13:55:38",8313900
20800,100,7600,"sd","13:55:38",8301500
20850,150,1600,"bu","13:55:36",8293900
20800,100,100,"sd","13:55:35",8292300
20800,100,500,"sd","13:55:34",8292200
20800,100,1800,"sd","13:55:34",8291700
20800,100,200,"sd","13:55:34",8289900
20800,100,100,"sd","13:55:32",8289700
20800,100,400,"sd","13:55:32",8289600
20800,100,100,"sd","13:55:31",8289200
20800,100,100,"sd","13:55:26",8289100
20800,100,500,"bu","13:55:25",8289000
20800,100,100,"bu","13:55:25",8288500
20800,100,300,"bu","13:55:25",8288400
20800,100,100,"bu","13:55:23",8288100
20800,100,100,"sd","13:55:22",8288000
20800,100,200,"sd","13:55:22",8287900
20800,100,100,"sd","13:55:22",8287700
20800,100,200,"sd","13:55:22",8287600
20800,100,100,"sd","13:55:22",8287400
20850,150,1600,"bu","13:55:21",8287300
20800,100,500,"sd","13:55:20",8285700
20800,100,100,"sd","13:55:20",8285200
20800,100,200,"sd","13:55:20",8285100
20800,100,1000,"sd","13:55:20",8284900
20800,100,100,"sd","13:55:20",8283900
20800,100,1100,"sd","13:55:20",8283800
20800,100,500,"sd","13:55:20",8282700
20800,100,400,"sd","13:55:20",8282200
20800,100,2000,"sd","13:55:20",8281800
20800,100,100,"sd","13:55:20",8279800
20800,100,100,"sd","13:55:19",8279700
20800,100,1000,"sd","13:55:19",8279600
20800,100,5000,"sd","13:55:19",8278600
20800,100,100,"sd","13:55:19",8273600
20800,100,500,"sd","13:55:19",8273500
20800,100,3300,"sd","13:55:19",8273000
20800,100,300,"sd","13:55:19",8269700
20850,150,500,"bu","13:55:19",8269400
20800,100,100,"sd","13:55:17",8268900
20800,100,5000,"sd","13:55:17",8268800
20800,100,1300,"sd","13:55:16",8263800
20800,100,1700,"sd","13:55:16",8262500
20800,100,500,"sd","13:55:16",8260800
20800,100,2100,"sd","13:55:15",8260300
20800,100,100,"sd","13:55:12",8258200
20800,100,1200,"sd","13:55:12",8258100
20800,100,1100,"sd","13:55:08",8256900
20800,100,3300,"sd","13:55:07",8255800
20800,100,1000,"sd","13:55:07",8252500
20800,100,200,"sd","13:55:07",8251500
20800,100,700,"sd","13:55:07",8251300
20800,100,200,"sd","13:55:07",8250600
20800,100,5000,"sd","13:55:07",8250400
20800,100,100,"sd","13:55:07",8245400
20800,100,100,"sd","13:55:07",8245300
20800,100,1000,"sd","13:55:07",8245200
20800,100,100,"sd","13:55:07",8244200
20800,100,300,"sd","13:55:07",8244100
20800,100,1000,"sd","13:55:07",8243800
20800,100,200,"sd","13:55:07",8242800
20800,100,200,"sd","13:55:07",8242600
20800,100,1000,"sd","13:55:07",8242400
20800,100,200,"sd","13:55:07",8241400
20800,100,200,"sd","13:55:07",8241200
20800,100,1000,"sd","13:55:07",8241000
20800,100,200,"sd","13:55:07",8240000
20800,100,200,"sd","13:55:07",8239800
20800,100,100,"sd","13:55:07",8239600
20800,100,100,"sd","13:55:07",8239500
20800,100,100,"sd","13:55:07",8239400
20800,100,1000,"sd","13:55:07",8239300
20800,100,100,"sd","13:55:07",8238300
20800,100,2000,"sd","13:55:07",8238200
20800,100,100,"sd","13:55:07",8236200
20800,100,500,"sd","13:55:07",8236100
20800,100,500,"sd","13:55:07",8235600
20800,100,100,"sd","13:55:07",8235100
20800,100,100,"sd","13:55:07",8235000
20800,100,10000,"sd","13:55:07",8234900
20800,100,100,"sd","13:55:07",8224900
20800,100,100,"sd","13:55:07",8224800
20800,100,100,"sd","13:55:07",8224700
20800,100,600,"sd","13:55:07",8224600
20800,100,100,"sd","13:55:07",8224000
20800,100,100,"sd","13:55:07",8223900
20800,100,500,"sd","13:55:07",8223800
20800,100,100,"sd","13:55:07",8223300
20800,100,100,"sd","13:55:07",8223200
20800,100,2000,"sd","13:55:07",8223100
20800,100,100,"sd","13:55:07",8221100
20800,100,2400,"sd","13:55:07",8221000
20800,100,300,"sd","13:55:07",8218600
20800,100,2000,"sd","13:55:07",8218300
20800,100,600,"sd","13:55:07",8216300
20800,100,1200,"sd","13:55:07",8215700
20800,100,4600,"sd","13:55:07",8214500
20800,100,4100,"sd","13:55:07",8209900
20850,150,500,"bu","13:55:06",8205800
20850,150,1600,"bu","13:55:05",8205300
20800,100,100,"sd","13:55:01",8203700
20800,100,800,"sd","13:54:56",8203600
20800,100,1000,"sd","13:54:56",8202800
20800,100,100,"sd","13:54:56",8201800
20800,100,200,"sd","13:54:56",8201700
20800,100,5000,"sd","13:54:56",8201500
20800,100,300,"sd","13:54:56",8196500
20800,100,200,"sd","13:54:56",8196200
20800,100,100,"sd","13:54:56",8196000
20800,100,500,"sd","13:54:56",8195900
20800,100,100,"sd","13:54:56",8195400
20800,100,300,"sd","13:54:56",8195300
20800,100,1000,"sd","13:54:56",8195000
20800,100,400,"sd","13:54:56",8194000
20800,100,1000,"sd","13:54:56",8193600
20800,100,200,"sd","13:54:56",8192600
20800,100,100,"sd","13:54:56",8192400
20800,100,100,"sd","13:54:56",8192300
20800,100,200,"sd","13:54:56",8192200
20800,100,200,"sd","13:54:56",8192000
20800,100,300,"sd","13:54:56",8191800
20800,100,300,"sd","13:54:56",8191500
20800,100,500,"sd","13:54:56",8191200
20800,100,200,"sd","13:54:56",8190700
20800,100,200,"sd","13:54:56",8190500
20800,100,1000,"sd","13:54:56",8190300
20800,100,500,"sd","13:54:56",8189300
20800,100,300,"sd","13:54:56",8188800
20800,100,500,"sd","13:54:56",8188500
20800,100,100,"sd","13:54:56",8188000
20800,100,200,"sd","13:54:56",8187900
20800,100,300,"sd","13:54:56",8187700
20800,100,800,"sd","13:54:56",8187400
20800,100,900,"sd","13:54:56",8186600
20800,100,1400,"sd","13:54:56",8185700
20800,100,100,"sd","13:54:51",8184300
20850,150,1600,"bu","13:54:50",8184200
20850,150,100,"bu","13:54:50",8182600
20850,150,500,"bu","13:54:49",8182500
20850,150,500,"unknown","13:54:49",8182000
20850,150,200,"sd","13:54:49",8181500
20850,150,10000,"sd","13:54:49",8181300
20850,150,200,"sd","13:54:49",8171300
20850,150,500,"sd","13:54:49",8171100
20850,150,100,"sd","13:54:49",8170600
20850,150,100,"sd","13:54:49",8170500
20850,150,100,"sd","13:54:49",8170400
20850,150,300,"sd","13:54:49",8170300
20850,150,1000,"sd","13:54:49",8170000
20850,150,200,"sd","13:54:49",8169000
20850,150,1000,"sd","13:54:49",8168800
20850,150,500,"sd","13:54:49",8167800
20850,150,5000,"sd","13:54:49",8167300
20850,150,2000,"sd","13:54:49",8162300
20850,150,1000,"sd","13:54:49",8160300
20850,150,100,"sd","13:54:49",8159300
20850,150,500,"sd","13:54:47",8159200
20850,150,5000,"sd","13:54:47",8158700
20850,150,5000,"sd","13:54:46",8153700
20850,150,100,"sd","13:54:46",8148700
20850,150,1000,"sd","13:54:45",8148600
20850,150,2000,"sd","13:54:44",8147600
20850,150,200,"sd","13:54:43",8145600
20850,150,100,"sd","13:54:42",8145400
20850,150,5900,"sd","13:54:42",8145300
20850,150,4100,"sd","13:54:42",8139400
20850,150,10000,"sd","13:54:41",8135300
20850,150,100,"sd","13:54:40",8125300
20850,150,2000,"sd","13:54:38",8125200
20850,150,3800,"sd","13:54:38",8123200
20850,150,300,"sd","13:54:38",8119400
20850,150,900,"sd","13:54:38",8119100
20850,150,100,"sd","13:54:37",8118200
20850,150,200,"sd","13:54:37",8118100
20850,150,700,"sd","13:54:37",8117900
20850,150,300,"sd","13:54:36",8117200
20850,150,100,"sd","13:54:36",8116900
20850,150,100,"sd","13:54:36",8116800
20850,150,200,"sd","13:54:36",8116700
20850,150,500,"sd","13:54:36",8116500
20850,150,500,"sd","13:54:36",8116000
20850,150,5600,"sd","13:54:36",8115500
20850,150,900,"sd","13:54:36",8109900
20850,150,2300,"sd","13:54:35",8109000
20900,200,1600,"bu","13:54:35",8106700
20850,150,800,"sd","13:54:31",8105100
20850,150,2000,"sd","13:54:31",8104300
20850,150,100,"sd","13:54:30",8102300
20850,150,2900,"sd","13:54:27",8102200
20850,150,2100,"sd","13:54:27",8099300
20850,150,900,"sd","13:54:25",8097200
20850,150,9100,"sd","13:54:25",8096300
20850,150,200,"sd","13:54:22",8087200
20900,200,1600,"bu","13:54:19",8087000
20850,150,100,"sd","13:54:19",8085400
20850,150,100,"sd","13:54:15",8085300
20850,150,100,"sd","13:54:11",8085200
20850,150,100,"sd","13:54:08",8085100
20850,150,100,"sd","13:54:05",8085000
20900,200,1600,"bu","13:54:04",8084900
20850,150,200,"sd","13:54:03",8083300
20850,150,600,"sd","13:54:03",8083100
20850,150,200,"sd","13:54:03",8082500
20850,150,100,"sd","13:54:03",8082300
20850,150,600,"sd","13:54:03",8082200
20850,150,300,"sd","13:54:03",8081600
20900,200,1000,"bu","13:53:59",8081300
20850,150,200,"sd","13:53:59",8080300
20850,150,100,"sd","13:53:59",8080100
20850,150,100,"sd","13:53:59",8080000
20900,200,100,"bu","13:53:51",8079900
20900,200,1600,"bu","13:53:49",8079800
20900,200,200,"bu","13:53:47",8078200
20900,200,500,"bu","13:53:43",8078000
20900,200,100,"bu","13:53:40",8077500
20900,200,1600,"bu","13:53:33",8077400
20900,200,500,"bu","13:53:32",8075800
20900,200,1600,"bu","13:53:18",8075300
20900,200,100,"bu","13:53:17",8073700
20900,200,200,"bu","13:53:14",8073600
20900,200,100,"bu","13:53:11",8073400
20900,200,100,"bu","13:53:08",8073300
20900,200,1600,"bu","13:53:03",8073200
20900,200,500,"bu","13:52:56",8071600
20900,200,200,"bu","13:52:55",8071100
20900,200,500,"sd","13:52:54",8070900
20900,200,100,"sd","13:52:54",8070400
20900,200,100,"sd","13:52:54",8070300
20900,200,100,"sd","13:52:54",8070200
20900,200,500,"sd","13:52:54",8070100
20900,200,100,"sd","13:52:54",8069600
20900,200,500,"sd","13:52:54",8069500
20900,200,3000,"sd","13:52:54",8069000
20900,200,1000,"sd","13:52:54",8066000
20900,200,100,"sd","13:52:54",8065000
20900,200,100,"sd","13:52:54",8064900
20900,200,200,"sd","13:52:54",8064800
20900,200,1000,"sd","13:52:54",8064600
20900,200,10000,"sd","13:52:54",8063600
20900,200,500,"sd","13:52:54",8053600
20900,200,500,"sd","13:52:54",8053100
20900,200,200,"sd","13:52:54",8052600
20900,200,1000,"sd","13:52:54",8052400
20900,200,100,"sd","13:52:54",8051400
20900,200,200,"sd","13:52:54",8051300
20900,200,500,"sd","13:52:54",8051100
20900,200,500,"sd","13:52:54",8050600
20900,200,500,"sd","13:52:54",8050100
20900,200,2000,"sd","13:52:54",8049600
20900,200,400,"sd","13:52:54",8047600
20900,200,200,"sd","13:52:54",8047200
20900,200,200,"sd","13:52:54",8047000
20900,200,44400,"sd","13:52:54",8046800
20950,250,1600,"bu","13:52:47",8002400
20900,200,100,"sd","13:52:45",8000800
20900,200,300,"sd","13:52:45",8000700
20900,200,10000,"sd","13:52:45",8000400
20900,200,300,"sd","13:52:45",7990400
20900,200,100,"sd","13:52:45",7990100
20900,200,200,"sd","13:52:45",7990000
20900,200,5600,"sd","13:52:45",7989800
20900,200,100,"sd","13:52:45",7984200
20900,200,1000,"sd","13:52:45",7984100
20900,200,1100,"sd","13:52:45",7983100
20900,200,200,"sd","13:52:45",7982000
20900,200,100,"sd","13:52:45",7981800
20900,200,2000,"sd","13:52:45",7981700
20900,200,3000,"sd","13:52:45",7979700
20900,200,400,"sd","13:52:45",7976700
20900,200,500,"sd","13:52:45",7976300
20900,200,200,"sd","13:52:45",7975800
20900,200,500,"sd","13:52:45",7975600
20900,200,600,"sd","13:52:45",7975100
20900,200,500,"sd","13:52:45",7974500
20900,200,100,"sd","13:52:45",7974000
20900,200,5000,"sd","13:52:45",7973900
20900,200,5000,"sd","13:52:45",7968900
20900,200,500,"sd","13:52:45",7963900
20900,200,500,"sd","13:52:45",7963400
20900,200,25000,"sd","13:52:45",7962900
20900,200,100,"sd","13:52:45",7937900
20900,200,500,"sd","13:52:45",7937800
20900,200,100,"sd","13:52:45",7937300
20900,200,500,"sd","13:52:45",7937200
20900,200,100,"sd","13:52:45",7936700
20900,200,1000,"sd","13:52:45",7936600
20900,200,100,"sd","13:52:45",7935600
20900,200,1000,"sd","13:52:45",7935500
20900,200,1400,"sd","13:52:45",7934500
20900,200,1000,"sd","13:52:45",7933100
20900,200,1000,"sd","13:52:45",7932100
20900,200,100,"sd","13:52:45",7931100
20900,200,300,"sd","13:52:45",7931000
20900,200,100,"sd","13:52:45",7930700
20900,200,100,"sd","13:52:45",7930600
20900,200,1000,"sd","13:52:45",7930500
20900,200,2000,"sd","13:52:45",7929500
20900,200,100,"sd","13:52:45",7927500
20900,200,2000,"sd","13:52:45",7927400
20900,200,1000,"sd","13:52:45",7925400
20900,200,300,"sd","13:52:45",7924400
20900,200,2000,"sd","13:52:45",7924100
20900,200,10000,"sd","13:52:45",7922100
20900,200,100,"sd","13:52:45",7912100
20900,200,100,"sd","13:52:45",7912000
20900,200,100,"sd","13:52:45",7911900
20900,200,1000,"sd","13:52:45",7911800
20900,200,400,"sd","13:52:45",7910800
20900,200,200,"sd","13:52:45",7910400
20900,200,1000,"sd","13:52:45",7910200
20900,200,100,"sd","13:52:45",7909200
20900,200,8300,"sd","13:52:45",7909100
20900,200,1000,"sd","13:52:36",7900800
20950,250,1600,"bu","13:52:32",7899800
20900,200,2000,"sd","13:52:16",7898200
20900,200,5000,"sd","13:52:15",7896200
20950,250,1000,"bu","13:52:14",7891200
20950,250,1600,"bu","13:52:13",7890200
20900,200,200,"sd","13:52:08",7888600
20950,250,100,"bu","13:52:06",7888400
20900,200,200,"sd","13:52:03",7888300
20950,250,1600,"bu","13:51:58",7888100
20950,250,100,"bu","13:51:54",7886500
20900,200,1000,"sd","13:51:46",7886400
20900,200,1000,"sd","13:51:46",7885400
20950,250,1600,"bu","13:51:42",7884400
20950,250,800,"bu","13:51:42",7882800
20900,200,100,"sd","13:51:34",7882000
20900,200,900,"sd","13:51:34",7881900
20950,250,500,"bu","13:51:28",7881000
20950,250,1600,"bu","13:51:27",7880500
20950,250,500,"bu","13:51:23",7878900
20950,250,500,"bu","13:51:15",7878400
20950,250,100,"bu","13:51:15",7877900
20950,250,1000,"sd","13:51:14",7877800
20950,250,1000,"sd","13:51:14",7876800
20950,250,200,"sd","13:51:14",7875800
20950,250,1000,"sd","13:51:14",7875600
20950,250,300,"sd","13:51:14",7874600
20950,250,8800,"sd","13:51:14",7874300
20950,250,1200,"sd","13:51:12",7865500
20950,250,3000,"sd","13:51:12",7864300
20950,250,100,"sd","13:51:12",7861300
20950,250,500,"sd","13:51:12",7861200
20950,250,500,"sd","13:51:12",7860700
20950,250,800,"sd","13:51:12",7860200
20950,250,1100,"sd","13:51:12",7859400
20950,250,400,"sd","13:51:12",7858300
20950,250,1400,"sd","13:51:12",7857900
20950,250,3000,"sd","13:51:12",7856500
20950,250,2000,"sd","13:51:12",7853500
20950,250,2200,"sd","13:51:12",7851500
21000,300,200,"bu","13:51:12",7849300
21000,300,300,"bu","13:51:11",7849100
21000,300,1300,"bu","13:51:11",7848800
20950,250,200,"sd","13:51:11",7847500
21000,300,100,"bu","13:51:07",7847300
21000,300,300,"bu","13:51:05",7847200
21000,300,200,"bu","13:51:05",7846900
21000,300,400,"bu","13:50:56",7846700
21000,300,200,"bu","13:50:56",7846300
21000,300,1000,"bu","13:50:56",7846100
21000,300,200,"bu","13:50:55",7845100
21000,300,800,"bu","13:50:40",7844900
21000,300,800,"bu","13:50:40",7844100
20950,250,1300,"sd","13:50:30",7843300
21000,300,300,"bu","13:50:30",7842000
20950,250,500,"sd","13:50:28",7841700
20950,250,100,"sd","13:50:27",7841200
20950,250,1900,"sd","13:50:27",7841100
21000,300,1600,"bu","13:50:25",7839200
21000,300,1600,"bu","13:50:10",7837600
20950,250,100,"sd","13:50:03",7836000
20950,250,2000,"sd","13:50:00",7835900
21000,300,700,"bu","13:49:54",7833900
21000,300,900,"bu","13:49:54",7833200
21000,300,1600,"bu","13:49:39",7832300
20950,250,30000,"sd","13:49:38",7830700
21000,300,3500,"bu","13:49:34",7800700
21000,300,1600,"bu","13:49:23",7797200
20950,250,9000,"bu","13:49:13",7795600
20950,250,1000,"sd","13:49:09",7786600
21000,300,500,"bu","13:49:08",7785600
20950,250,1100,"bu","13:49:08",7785100
20950,250,100,"bu","13:49:07",7784000
20950,250,8800,"bu","13:48:59",7783900
20950,250,100,"bu","13:48:59",7775100
20950,250,1100,"bu","13:48:59",7775000
20950,250,100,"bu","13:48:57",7773900
20950,250,1600,"bu","13:48:53",7773800
20950,250,200,"bu","13:48:44",7772200
20950,250,5000,"bu","13:48:40",7772000
20950,250,100,"sd","13:48:40",7767000
20950,250,3000,"sd","13:48:40",7766900
20950,250,1000,"sd","13:48:40",7763900
20950,250,5000,"sd","13:48:40",7762900
20950,250,600,"sd","13:48:40",7757900
20950,250,500,"sd","13:48:40",7757300
20950,250,1000,"sd","13:48:40",7756800
20950,250,200,"sd","13:48:40",7755800
20950,250,600,"sd","13:48:40",7755600
21000,300,1600,"bu","13:48:37",7755000
20950,250,500,"sd","13:48:30",7753400
20950,250,10000,"sd","13:48:30",7752900
20950,250,1000,"sd","13:48:30",7742900
20950,250,200,"sd","13:48:30",7741900
20950,250,1000,"sd","13:48:30",7741700
20950,250,500,"sd","13:48:30",7740700
20950,250,100,"sd","13:48:30",7740200
20950,250,2000,"sd","13:48:30",7740100
20950,250,500,"sd","13:48:30",7738100
20950,250,200,"sd","13:48:30",7737600
20950,250,1000,"sd","13:48:30",7737400
20950,250,2000,"sd","13:48:30",7736400
20950,250,1000,"sd","13:48:30",7734400
21000,300,300,"bu","13:48:23",7733400
21000,300,1100,"bu","13:48:23",7733100
21000,300,1000,"bu","13:48:23",7732000
21000,300,8600,"bu","13:48:23",7731000
21000,300,100,"bu","13:48:23",7722400
21000,300,8900,"bu","13:48:23",7722300
21000,300,1600,"bu","13:48:22",7713400
21000,300,5000,"bu","13:48:14",7711800
21000,300,300,"bu","13:48:14",7706800
21000,300,1600,"bu","13:48:07",7706500
21000,300,200,"bu","13:48:03",7704900
21000,300,2400,"bu","13:47:57",7704700
21000,300,600,"bu","13:47:57",7702300
21000,300,400,"bu","13:47:52",7701700
21000,300,100,"bu","13:47:51",7701300
21000,300,500,"bu","13:47:51",7701200
21000,300,600,"bu","13:47:51",7700700
21000,300,1600,"bu","13:47:36",7700100
21000,300,5000,"bu","13:47:27",7698500
21000,300,1600,"bu","13:47:20",7693500
21000,300,100,"bu","13:47:16",7691900
20950,250,100,"sd","13:47:11",7691800
21000,300,1000,"bu","13:47:05",7691700
21000,300,1600,"bu","13:47:05",7690700
21000,300,1600,"bu","13:46:50",7689100
21000,300,1600,"bu","13:46:34",7687500
21000,300,1600,"bu","13:46:19",7685900
20950,250,2000,"sd","13:46:10",7684300
20950,250,200,"sd","13:46:07",7682300
21000,300,1600,"bu","13:46:04",7682100
20950,250,700,"sd","13:46:03",7680500
20950,250,300,"sd","13:46:03",7679800
20950,250,600,"sd","13:46:03",7679500
20950,250,3000,"sd","13:46:03",7678900
20950,250,200,"sd","13:46:03",7675900
20950,250,100,"sd","13:46:03",7675700
20950,250,1000,"sd","13:46:03",7675600
20950,250,300,"sd","13:46:03",7674600
20950,250,500,"sd","13:46:03",7674300
20950,250,300,"sd","13:46:03",7673800
21000,300,2000,"bu","13:45:51",7673500
21000,300,1600,"bu","13:45:48",7671500
21000,300,1600,"bu","13:45:32",7669900
20950,250,200,"sd","13:45:29",7668300
20950,250,1100,"sd","13:45:29",7668100
21000,300,1600,"bu","13:45:17",7667000
21000,300,1600,"bu","13:45:02",7665400
20950,250,100,"sd","13:45:00",7663800
20950,250,300,"sd","13:45:00",7663700
21000,300,23700,"bu","13:44:51",7663400
21000,300,10000,"bu","13:44:51",7639700
21000,300,16300,"bu","13:44:51",7629700
21000,300,1600,"bu","13:44:46",7613400
21000,300,800,"bu","13:44:45",7611800
21000,300,500,"bu","13:44:40",7611000
20950,250,600,"sd","13:44:39",7610500
20950,250,100,"sd","13:44:39",7609900
20950,250,800,"sd","13:44:39",7609800
21000,300,800,"bu","13:44:31",7609000
21000,300,500,"bu","13:44:31",7608200
21000,300,300,"bu","13:44:31",7607700
20950,250,2200,"bu","13:44:19",7607400
20950,250,1000,"bu","13:44:17",7605200
20950,250,1600,"bu","13:44:15",7604200
20950,250,200,"bu","13:44:14",7602600
20950,250,100,"bu","13:44:06",7602400
20950,250,600,"bu","13:44:05",7602300
20950,250,1000,"sd","13:44:05",7601700
20950,250,3000,"sd","13:44:05",7600700
20950,250,100,"sd","13:44:05",7597700
20950,250,300,"sd","13:44:05",7597600
20950,250,1400,"sd","13:44:05",7597300
21000,300,1600,"bu","13:44:00",7595900
20950,250,1000,"sd","13:43:57",7594300
21000,300,200,"bu","13:43:54",7593300
20950,250,300,"bu","13:43:48",7593100
20950,250,700,"bu","13:43:48",7592800
20950,250,1300,"bu","13:43:48",7592100
20950,250,300,"bu","13:43:47",7590800
20950,250,100,"bu","13:43:47",7590500
20950,250,1000,"bu","13:43:45",7590400
20950,250,1100,"bu","13:43:45",7589400
20950,250,500,"bu","13:43:45",7588300
20950,250,1000,"bu","13:43:44",7587800
20950,250,500,"bu","13:43:44",7586800
20950,250,2300,"bu","13:43:44",7586300
20950,250,100,"bu","13:43:44",7584000
20950,250,600,"bu","13:43:44",7583900
20950,250,300,"bu","13:43:40",7583300
20950,250,200,"bu","13:43:40",7583000
20950,250,9800,"bu","13:43:40",7582800
20950,250,100,"bu","13:43:40",7573000
20950,250,700,"bu","13:43:40",7572900
20950,250,100,"bu","13:43:40",7572200
20950,250,18100,"bu","13:43:40",7572100
20950,250,200,"bu","13:43:34",7554000
20950,250,100,"bu","13:43:34",7553800
20950,250,1600,"bu","13:43:29",7553700
20950,250,600,"bu","13:43:29",7552100
20950,250,1000,"bu","13:43:25",7551500
20950,250,1600,"bu","13:43:14",7550500
20950,250,100,"bu","13:43:11",7548900
20950,250,600,"bu","13:43:03",7548800
20950,250,1100,"bu","13:42:59",7548200
20950,250,500,"bu","13:42:59",7547100
20950,250,200,"bu","13:42:49",7546600
20950,250,800,"bu","13:42:49",7546400
20950,250,100,"bu","13:42:48",7545600
20950,250,1000,"bu","13:42:43",7545500
20950,250,100,"bu","13:42:42",7544500
20950,250,1500,"bu","13:42:42",7544400
20950,250,500,"bu","13:42:32",7542900
20950,250,500,"bu","13:42:32",7542400
20950,250,1600,"bu","13:42:26",7541900
20950,250,500,"bu","13:42:23",7540300
20950,250,4200,"bu","13:42:22",7539800
20950,250,800,"bu","13:42:22",7535600
20950,250,1600,"bu","13:42:11",7534800
20950,250,1000,"bu","13:42:07",7533200
20950,250,500,"bu","13:42:03",7532200
20950,250,700,"bu","13:41:56",7531700
20950,250,1600,"bu","13:41:56",7531000
20950,250,100,"bu","13:41:49",7529400
20950,250,1000,"bu","13:41:47",7529300
20900,200,100,"sd","13:41:47",7528300
20950,250,1600,"bu","13:41:40",7528200
20950,250,300,"sd","13:41:30",7526600
20950,250,800,"sd","13:41:30",7526300
20950,250,200,"sd","13:41:29",7525500
21000,300,1600,"bu","13:41:25",7525300
20950,250,2000,"sd","13:41:25",7523700
20950,250,100,"sd","13:41:23",7521700
20950,250,400,"sd","13:41:19",7521600
20950,250,1600,"sd","13:41:19",7521200
20950,250,500,"sd","13:41:19",7519600
20950,250,500,"sd","13:41:19",7519100
20950,250,10000,"sd","13:41:19",7518600
20950,250,400,"sd","13:41:19",7508600
20950,250,2000,"sd","13:41:19",7508200
20950,250,500,"sd","13:41:19",7506200
20950,250,300,"sd","13:41:19",7505700
20950,250,10000,"sd","13:41:19",7505400
20950,250,200,"sd","13:41:19",7495400
20950,250,500,"sd","13:41:19",7495200
20950,250,100,"sd","13:41:19",7494700
20950,250,500,"sd","13:41:19",7494600
20950,250,50000,"sd","13:41:19",7494100
20950,250,600,"sd","13:41:19",7444100
20950,250,100,"sd","13:41:19",7443500
20950,250,10000,"sd","13:41:19",7443400
20950,250,10000,"sd","13:41:19",7433400
20950,250,100,"sd","13:41:19",7423400
20950,250,1700,"sd","13:41:19",7423300
20950,250,100,"sd","13:41:15",7421600
21000,300,500,"bu","13:41:09",7421500
21000,300,800,"bu","13:41:07",7421000
21000,300,800,"bu","13:41:07",7420200
20950,250,100,"sd","13:41:04",7419400
20950,250,100,"sd","13:41:04",7419300
20950,250,500,"sd","13:41:04",7419200
20950,250,100,"sd","13:41:04",7418700
20950,250,100,"sd","13:41:04",7418600
20950,250,700,"sd","13:41:04",7418500
20950,250,200,"sd","13:41:04",7417800
20950,250,100,"sd","13:40:57",7417600
21000,300,200,"bu","13:40:53",7417500
21000,300,100,"bu","13:40:53",7417300
21000,300,100,"bu","13:40:53",7417200
21000,300,300,"bu","13:40:53",7417100
20950,250,200,"sd","13:40:52",7416800
20950,250,300,"sd","13:40:52",7416600
21000,300,200,"bu","13:40:52",7416300
21000,300,500,"bu","13:40:52",7416100
21000,300,900,"bu","13:40:52",7415600
20950,250,200,"sd","13:40:48",7414700
20950,250,800,"sd","13:40:48",7414500
20950,250,100,"sd","13:40:46",7413700
20950,250,500,"sd","13:40:37",7413600
21000,300,1600,"bu","13:40:36",7413100
21000,300,900,"bu","13:40:35",7411500
20950,250,100,"sd","13:40:29",7410600
21000,300,500,"bu","13:40:29",7410500
21000,300,3000,"bu","13:40:27",7410000
21000,300,100,"bu","13:40:22",7407000
21000,300,1600,"bu","13:40:21",7406900
20950,250,100,"sd","13:40:20",7405300
21000,300,500,"bu","13:40:10",7405200
21000,300,1600,"bu","13:40:05",7404700
20950,250,100,"sd","13:40:04",7403100
20950,250,100,"sd","13:39:58",7403000
21000,300,1600,"bu","13:39:50",7402900
20950,250,100,"sd","13:39:49",7401300
20950,250,100,"sd","13:39:40",7401200
21000,300,1600,"bu","13:39:34",7401100
20950,250,100,"sd","13:39:25",7399500
21000,300,1600,"bu","13:39:19",7399400
21000,300,2000,"bu","13:39:13",7397800
21000,300,900,"bu","13:39:07",7395800
21000,300,1600,"bu","13:39:03",7394900
21000,300,600,"bu","13:38:58",7393300
21000,300,1000,"bu","13:38:52",7392700
21000,300,1600,"bu","13:38:48",7391700
21000,300,500,"sd","13:38:40",7390100
21000,300,300,"sd","13:38:40",7389600
21000,300,300,"sd","13:38:40",7389300
21000,300,400,"sd","13:38:40",7389000
21000,300,200,"sd","13:38:40",7388600
21000,300,100,"sd","13:38:40",7388400
21000,300,300,"sd","13:38:40",7388300
21000,300,1000,"sd","13:38:39",7388000
21000,300,500,"sd","13:38:39",7387000
21000,300,700,"sd","13:38:39",7386500
21000,300,400,"sd","13:38:39",7385800
21000,300,300,"sd","13:38:39",7385400
21000,300,700,"sd","13:38:36",7385100
21000,300,100,"sd","13:38:36",7384400
21000,300,200,"sd","13:38:36",7384300
21000,300,500,"sd","13:38:35",7384100
21000,300,500,"sd","13:38:35",7383600
21000,300,500,"sd","13:38:35",7383100
21000,300,500,"sd","13:38:35",7382600
21000,300,800,"sd","13:38:35",7382100
21000,300,500,"sd","13:38:35",7381300
21000,300,100,"sd","13:38:35",7380800
21000,300,300,"sd","13:38:35",7380700
21000,300,200,"sd","13:38:35",7380400
21000,300,200,"sd","13:38:35",7380200
21000,300,600,"sd","13:38:35",7380000
21050,350,1600,"bu","13:38:33",7379400
21000,300,400,"sd","13:38:32",7377800
21000,300,1100,"sd","13:38:32",7377400
21000,300,100,"sd","13:38:32",7376300
21000,300,400,"sd","13:38:32",7376200
21000,300,3300,"sd","13:38:30",7375800
21000,300,6000,"sd","13:38:29",7372500
21000,300,300,"sd","13:38:29",7366500
21000,300,1600,"sd","13:38:29",7366200
21000,300,100,"sd","13:38:29",7364600
21000,300,1000,"sd","13:38:29",7364500
21000,300,1000,"sd","13:38:24",7363500
21050,350,100,"bu","13:38:24",7362500
21000,300,10000,"sd","13:38:21",7362400
21000,300,500,"sd","13:38:21",7352400
21000,300,500,"sd","13:38:21",7351900
21000,300,3000,"sd","13:38:21",7351400
21000,300,100,"sd","13:38:21",7348400
21000,300,100,"sd","13:38:21",7348300
21000,300,200,"sd","13:38:21",7348200
21000,300,2000,"sd","13:38:21",7348000
21000,300,3000,"sd","13:38:21",7346000
21000,300,200,"sd","13:38:21",7343000
21000,300,100,"sd","13:38:21",7342800
21000,300,100,"sd","13:38:21",7342700
21000,300,1000,"sd","13:38:21",7342600
21000,300,3500,"sd","13:38:21",7341600
21000,300,30000,"sd","13:38:21",7338100
21000,300,200,"sd","13:38:21",7308100
21000,300,1500,"sd","13:38:21",7307900
21000,300,500,"sd","13:38:21",7306400
21000,300,3500,"sd","13:38:21",7305900
21000,300,100,"sd","13:38:20",7302400
21050,350,100,"bu","13:38:20",7302300
21000,300,400,"sd","13:38:19",7302200
21000,300,200,"sd","13:38:19",7301800
21000,300,4400,"sd","13:38:19",7301600
21050,350,1600,"bu","13:38:17",7297200
21000,300,1000,"sd","13:38:16",7295600
21000,300,100,"sd","13:38:16",7294600
21000,300,4500,"sd","13:38:13",7294500
21000,300,100,"sd","13:38:13",7290000
21000,300,200,"sd","13:38:13",7289900
21000,300,100,"sd","13:38:13",7289700
21000,300,500,"sd","13:38:13",7289600
21000,300,100,"sd","13:38:13",7289100
21000,300,100,"sd","13:38:13",7289000
21000,300,100,"sd","13:38:13",7288900
21000,300,1000,"sd","13:38:13",7288800
21000,300,100,"sd","13:38:13",7287800
21000,300,10000,"sd","13:38:13",7287700
21000,300,8200,"sd","13:38:13",7277700
21050,350,700,"bu","13:38:05",7269500
21050,350,1600,"bu","13:38:02",7268800
21000,300,1000,"sd","13:37:51",7267200
21000,300,800,"sd","13:37:48",7266200
21000,300,500,"sd","13:37:48",7265400
21000,300,2000,"sd","13:37:48",7264900
21000,300,2000,"sd","13:37:48",7262900
21000,300,10000,"sd","13:37:48",7260900
21000,300,1000,"sd","13:37:48",7250900
21000,300,1000,"sd","13:37:48",7249900
21000,300,1500,"sd","13:37:48",7248900
21000,300,100,"sd","13:37:48",7247400
21000,300,2000,"sd","13:37:48",7247300
21000,300,400,"sd","13:37:48",7245300
21000,300,200,"sd","13:37:48",7244900
21000,300,100,"sd","13:37:48",7244700
21000,300,500,"sd","13:37:48",7244600
21000,300,1500,"sd","13:37:48",7244100
21000,300,1400,"sd","13:37:48",7242600
21050,350,1600,"bu","13:37:46",7241200
21050,350,1600,"bu","13:37:31",7239600
21050,350,400,"bu","13:37:30",7238000
21050,350,1600,"bu","13:37:16",7237600
21050,350,1500,"bu","13:37:12",7236000
21000,300,500,"sd","13:37:12",7234500
21000,300,500,"sd","13:37:08",7234000
21050,350,1600,"bu","13:37:00",7233500
21050,350,100,"bu","13:36:58",7231900
21000,300,100,"sd","13:36:57",7231800
21000,300,1000,"sd","13:36:53",7231700
21050,350,1600,"bu","13:36:45",7230700
21050,350,300,"bu","13:36:44",7229100
21050,350,1600,"bu","13:36:29",7228800
21050,350,1600,"bu","13:36:14",7227200
21000,300,300,"sd","13:36:08",7225600
21000,300,500,"sd","13:36:08",7225300
21000,300,200,"sd","13:36:08",7224800
21050,350,2100,"bu","13:36:06",7224600
21050,350,1600,"bu","13:35:59",7222500
21000,300,900,"sd","13:35:47",7220900
21000,300,1800,"sd","13:35:47",7220000
21000,300,300,"sd","13:35:47",7218200
21050,350,5000,"bu","13:35:45",7217900
21050,350,1600,"bu","13:35:43",7212900
21050,350,1000,"bu","13:35:38",7211300
21050,350,1600,"bu","13:35:28",7210300
21000,300,1000,"sd","13:35:20",7208700
21000,300,2000,"sd","13:35:17",7207700
21050,350,1600,"bu","13:35:12",7205700
21050,350,3000,"bu","13:35:08",7204100
21050,350,500,"bu","13:35:03",7201100
21000,300,200,"sd","13:35:02",7200600
21000,300,300,"sd","13:35:02",7200400
21050,350,1600,"bu","13:34:57",7200100
21050,350,200,"bu","13:34:54",7198500
21050,350,1600,"bu","13:34:42",7198300
21050,350,100,"bu","13:34:42",7196700
21050,350,300,"bu","13:34:32",7196600
21050,350,1600,"bu","13:34:26",7196300
21000,300,1000,"sd","13:34:26",7194700
21050,350,100,"bu","13:34:22",7193700
21000,300,200,"sd","13:34:14",7193600
21000,300,500,"sd","13:34:14",7193400
21000,300,400,"sd","13:34:14",7192900
21050,350,600,"bu","13:34:11",7192500
21050,350,100,"bu","13:34:11",7191900
21050,350,300,"bu","13:34:11",7191800
21050,350,300,"bu","13:34:11",7191500
21050,350,300,"bu","13:34:11",7191200
21050,350,100,"bu","13:33:57",7190900
21050,350,1600,"bu","13:33:56",7190800
21050,350,4000,"bu","13:33:45",7189200
21050,350,1500,"bu","13:33:44",7185200
21050,350,1600,"bu","13:33:40",7183700
21000,300,1000,"sd","13:33:40",7182100
21050,350,100,"bu","13:33:34",7181100
21000,300,200,"sd","13:33:33",7181000
21050,350,1600,"bu","13:33:25",7180800
21050,350,400,"bu","13:33:15",7179200
21000,300,400,"sd","13:33:14",7178800
21000,300,5000,"sd","13:33:14",7178400
21000,300,1000,"sd","13:33:14",7173400
21000,300,200,"sd","13:33:14",7172400
21000,300,5000,"sd","13:33:14",7172200
21000,300,2000,"sd","13:33:14",7167200
21000,300,2100,"sd","13:33:14",7165200
21000,300,200,"sd","13:33:14",7163100
21000,300,2000,"sd","13:33:13",7162900
21000,300,200,"sd","13:33:13",7160900
21000,300,500,"sd","13:33:13",7160700
21000,300,1400,"sd","13:33:13",7160200
21050,350,1100,"bu","13:33:11",7158800
21050,350,500,"bu","13:33:11",7157700
21050,350,1600,"bu","13:33:09",7157200
21050,350,1600,"bu","13:32:54",7155600
21050,350,6000,"bu","13:32:49",7154000
21050,350,100,"bu","13:32:45",7148000
21050,350,500,"bu","13:32:42",7147900
21050,350,1600,"bu","13:32:39",7147400
21050,350,500,"bu","13:32:35",7145800
21050,350,500,"bu","13:32:35",7145300
21050,350,900,"sd","13:32:32",7144800
21050,350,1000,"sd","13:32:32",7143900
21050,350,500,"sd","13:32:32",7142900
21050,350,100,"sd","13:32:32",7142400
21050,350,10000,"sd","13:32:32",7142300
21050,350,3600,"sd","13:32:32",7132300
21050,350,600,"sd","13:32:32",7128700
21050,350,5000,"sd","13:32:32",7128100
21050,350,3000,"sd","13:32:32",7123100
21050,350,100,"sd","13:32:32",7120100
21100,400,100,"bu","13:32:31",7120000
21050,350,4500,"sd","13:32:30",7119900
21100,400,100,"bu","13:32:28",7115400
21100,400,1600,"bu","13:32:23",7115300
21100,400,500,"bu","13:32:22",7113700
21100,400,500,"bu","13:32:20",7113200
21100,400,1600,"bu","13:32:08",7112700
21050,350,1000,"sd","13:31:59",7111100
21050,350,100,"sd","13:31:54",7110100
21100,400,1600,"bu","13:31:53",7110000
21050,350,500,"sd","13:31:51",7108400
21100,400,1600,"bu","13:31:37",7107900
21050,350,400,"sd","13:31:31",7106300
21050,350,100,"sd","13:31:31",7105900
21100,400,1100,"bu","13:31:22",7105800
21100,400,200,"bu","13:31:22",7104700
21100,400,300,"bu","13:31:22",7104500
21050,350,100,"bu","13:31:18",7104200
21050,350,500,"bu","13:31:15",7104100
21050,350,400,"bu","13:31:14",7103600
21050,350,2500,"bu","13:31:14",7103200
21050,350,100,"bu","13:31:14",7100700
21050,350,800,"bu","13:31:10",7100600
21050,350,200,"bu","13:31:10",7099800
21050,350,800,"bu","13:31:07",7099600
21050,350,800,"bu","13:31:07",7098800
21050,350,1200,"bu","13:30:56",7098000
21050,350,100,"bu","13:30:56",7096800
21050,350,1000,"bu","13:30:56",7096700
21050,350,1700,"bu","13:30:56",7095700
21050,350,1000,"bu","13:30:51",7094000
21050,350,1600,"bu","13:30:51",7093000
21050,350,500,"bu","13:30:50",7091400
21050,350,200,"sd","13:30:44",7090900
21050,350,800,"sd","13:30:43",7090700
21050,350,200,"sd","13:30:43",7089900
21100,400,200,"bu","13:30:40",7089700
21100,400,500,"bu","13:30:36",7089500
21100,400,1100,"bu","13:30:36",7089000
21050,350,1000,"sd","13:30:28",7087900
21050,350,1000,"sd","13:30:28",7086900
21100,400,900,"bu","13:30:21",7085900
21100,400,100,"bu","13:30:21",7085000
21100,400,600,"bu","13:30:21",7084900
21100,400,1600,"bu","13:30:05",7084300
21000,300,600,"sd","13:30:00",7082700
21000,300,100,"sd","13:30:00",7082100
21000,300,1000,"sd","13:30:00",7082000
21000,300,3000,"sd","13:29:59",7081000
21000,300,1000,"sd","13:29:59",7078000
21000,300,39800,"sd","13:29:59",7077000
21050,350,100,"sd","13:29:59",7037200
21050,350,1000,"sd","13:29:59",7037100
21050,350,100,"sd","13:29:59",7036100
21050,350,100,"sd","13:29:59",7036000
21050,350,300,"sd","13:29:59",7035900
21050,350,100,"sd","13:29:59",7035600
21050,350,300,"sd","13:29:59",7035500
21050,350,500,"sd","13:29:59",7035200
21050,350,100,"sd","13:29:59",7034700
21050,350,3000,"sd","13:29:59",7034600
21050,350,400,"sd","13:29:59",7031600
21050,350,300,"sd","13:29:59",7031200
21050,350,1000,"sd","13:29:59",7030900
21050,350,100,"sd","13:29:59",7029900
21050,350,500,"sd","13:29:59",7029800
21050,350,1600,"sd","13:29:59",7029300
21050,350,400,"sd","13:29:59",7027700
21050,350,100,"sd","13:29:59",7027300
21050,350,400,"sd","13:29:55",7027200
21050,350,100,"sd","13:29:55",7026800
21050,350,2000,"sd","13:29:54",7026700
21100,400,1600,"bu","13:29:50",7024700
21050,350,900,"sd","13:29:42",7023100
21050,350,100,"sd","13:29:42",7022200
21050,350,400,"sd","13:29:35",7022100
21050,350,4600,"sd","13:29:35",7021700
21100,400,1600,"bu","13:29:35",7017100
21050,350,3000,"sd","13:29:20",7015500
21100,400,1600,"bu","13:29:19",7012500
21100,400,3000,"bu","13:29:17",7010900
21100,400,5000,"bu","13:29:17",7007900
21100,400,200,"bu","13:29:17",7002900
21100,400,100,"bu","13:29:17",7002700
21100,400,100,"bu","13:29:17",7002600
21100,400,100,"bu","13:29:17",7002500
21100,400,900,"bu","13:29:17",7002400
21100,400,500,"bu","13:29:17",7001500
21100,400,11200,"bu","13:29:17",7001000
21100,400,2000,"bu","13:29:17",6989800
21100,400,1000,"bu","13:29:17",6987800
21100,400,500,"bu","13:29:17",6986800
21100,400,2000,"bu","13:29:17",6986300
21100,400,600,"bu","13:29:17",6984300
21100,400,2800,"bu","13:29:17",6983700
21050,350,2000,"sd","13:29:08",6980900
21100,400,1600,"bu","13:29:04",6978900
21100,400,2100,"bu","13:28:58",6977300
21100,400,500,"bu","13:28:56",6975200
21100,400,200,"bu","13:28:53",6974700
21100,400,1600,"bu","13:28:49",6974500
21050,350,5000,"sd","13:28:47",6972900
21050,350,100,"sd","13:28:44",6967900
21100,400,1600,"bu","13:28:33",6967800
21050,350,600,"sd","13:28:30",6966200
21050,350,400,"sd","13:28:27",6965600
21100,400,4600,"bu","13:28:27",6965200
21100,400,5000,"bu","13:28:27",6960600
21100,400,100,"bu","13:28:27",6955600
21100,400,5000,"bu","13:28:27",6955500
21100,400,1000,"bu","13:28:27",6950500
21100,400,4300,"bu","13:28:27",6949500
21050,350,200,"sd","13:28:23",6945200
21100,400,1600,"bu","13:28:18",6945000
21050,350,100,"sd","13:28:15",6943400
21100,400,1600,"bu","13:28:02",6943300
21100,400,500,"bu","13:27:56",6941700
21100,400,300,"bu","13:27:54",6941200
21100,400,200,"bu","13:27:50",6940900
21100,400,1600,"bu","13:27:47",6940700
21050,350,400,"bu","13:27:46",6939100
21050,350,200,"bu","13:27:46",6938700
21050,350,3400,"bu","13:27:46",6938500
21050,350,1600,"bu","13:27:36",6935100
21050,350,8400,"bu","13:27:36",6933500
21050,350,500,"bu","13:27:34",6925100
21050,350,1100,"bu","13:27:32",6924600
21050,350,500,"bu","13:27:32",6923500
21050,350,1500,"bu","13:27:21",6923000
21050,350,100,"bu","13:27:21",6921500
21050,350,8400,"bu","13:27:21",6921400
21050,350,500,"bu","13:27:17",6913000
21050,350,1600,"bu","13:27:17",6912500
21050,350,2200,"bu","13:27:12",6910900
21050,350,2000,"bu","13:27:12",6908700
21050,350,800,"bu","13:27:12",6906700
21050,350,1000,"bu","13:27:11",6905900
21050,350,200,"bu","13:27:07",6904900
21050,350,800,"bu","13:27:07",6904700
21050,350,2000,"bu","13:27:06",6903900
21050,350,100,"bu","13:27:03",6901900
21050,350,1600,"bu","13:27:01",6901800
21050,350,200,"bu","13:27:01",6900200
21050,350,500,"bu","13:26:58",6900000
21050,350,1600,"bu","13:26:58",6899500
21050,350,15000,"bu","13:26:58",6897900
21050,350,1000,"bu","13:26:52",6882900
21050,350,5000,"bu","13:26:47",6881900
21050,350,1600,"bu","13:26:46",6876900
21050,350,300,"bu","13:26:32",6875300
21050,350,1600,"bu","13:26:30",6875000
21050,350,100,"bu","13:26:30",6873400
21050,350,20000,"bu","13:26:26",6873300
21050,350,300,"bu","13:26:23",6853300
21050,350,1600,"bu","13:26:15",6853000
21050,350,600,"bu","13:26:12",6851400
21050,350,700,"bu","13:26:07",6850800
21050,350,1600,"bu","13:26:00",6850100
21050,350,1000,"bu","13:25:59",6848500
21000,300,200,"sd","13:25:47",6847500
21050,350,1600,"bu","13:25:45",6847300
21050,350,100,"bu","13:25:40",6845700
21050,350,1000,"sd","13:25:38",6845600
21050,350,500,"sd","13:25:38",6844600
21050,350,100,"sd","13:25:38",6844100
21050,350,700,"sd","13:25:38",6844000
21050,350,3000,"sd","13:25:38",6843300
21050,350,5000,"sd","13:25:38",6840300
21050,350,300,"sd","13:25:38",6835300
21050,350,4300,"sd","13:25:38",6835000
21050,350,8800,"sd","13:25:38",6830700
21050,350,5000,"sd","13:25:38",6821900
21050,350,1400,"sd","13:25:38",6816900
21050,350,500,"sd","13:25:38",6815500
21050,350,500,"sd","13:25:38",6815000
21050,350,10000,"sd","13:25:38",6814500
21050,350,11200,"sd","13:25:33",6804500
21050,350,500,"sd","13:25:33",6793300
21050,350,3000,"sd","13:25:33",6792800
21050,350,3200,"sd","13:25:33",6789800
21100,400,1600,"bu","13:25:30",6786600
21100,400,200,"bu","13:25:21",6785000
21050,350,1800,"sd","13:25:14",6784800
21050,350,400,"sd","13:25:14",6783000
21050,350,800,"sd","13:25:14",6782600
21100,400,1600,"bu","13:25:14",6781800
21100,400,1500,"bu","13:25:12",6780200
21100,400,2000,"bu","13:25:10",6778700
21050,350,100,"sd","13:25:05",6776700
21100,400,1600,"bu","13:24:59",6776600
21100,400,1400,"bu","13:24:43",6775000
21100,400,200,"bu","13:24:43",6773600
21100,400,100,"bu","13:24:43",6773400
21100,400,700,"bu","13:24:37",6773300
21100,400,500,"bu","13:24:37",6772600
21100,400,800,"bu","13:24:37",6772100
21100,400,100,"bu","13:24:36",6771300
21100,400,1000,"bu","13:24:32",6771200
21100,400,1100,"bu","13:24:30",6770200
21100,400,4900,"bu","13:24:30",6769100
21100,400,1600,"bu","13:24:28",6764200
21100,400,200,"bu","13:24:25",6762600
21050,350,100,"sd","13:24:24",6762400
21100,400,1000,"bu","13:24:23",6762300
21100,400,500,"bu","13:24:13",6761300
21100,400,1600,"bu","13:24:13",6760800
21050,350,100,"sd","13:24:09",6759200
21100,400,1300,"bu","13:24:09",6759100
21100,400,500,"bu","13:24:06",6757800
21100,400,1000,"bu","13:24:03",6757300
21100,400,500,"bu","13:24:01",6756300
21100,400,5000,"bu","13:23:59",6755800
21100,400,1600,"bu","13:23:57",6750800
21100,400,300,"bu","13:23:50",6749200
21100,400,200,"bu","13:23:50",6748900
21100,400,500,"bu","13:23:50",6748700
21100,400,500,"bu","13:23:49",6748200
21100,400,19500,"bu","13:23:43",6747700
21100,400,3000,"bu","13:23:43",6728200
21100,400,3000,"bu","13:23:43",6725200
21100,400,4000,"bu","13:23:43",6722200
21100,400,500,"bu","13:23:43",6718200
21100,400,4000,"bu","13:23:43",6717700
21100,400,1600,"bu","13:23:42",6713700
21100,400,500,"bu","13:23:36",6712100
21100,400,18400,"bu","13:23:29",6711600
21100,400,1000,"bu","13:23:29",6693200
21100,400,600,"bu","13:23:29",6692200
21100,400,400,"bu","13:23:28",6691600
21100,400,200,"bu","13:23:28",6691200
21100,400,5000,"bu","13:23:28",6691000
21100,400,1000,"bu","13:23:28",6686000
21100,400,100,"bu","13:23:27",6685000
21100,400,200,"bu","13:23:27",6684900
21100,400,3500,"bu","13:23:27",6684700
21100,400,1000,"bu","13:23:27",6681200
21100,400,1600,"bu","13:23:26",6680200
21100,400,400,"bu","13:23:16",6678600
21100,400,100,"bu","13:23:16",6678200
21100,400,3100,"bu","13:23:16",6678100
21100,400,100,"bu","13:23:16",6675000
21100,400,100,"bu","13:23:16",6674900
21100,400,6200,"bu","13:23:16",6674800
21100,400,500,"bu","13:23:16",6668600
21100,400,1600,"bu","13:23:11",6668100
21100,400,200,"bu","13:23:04",6666500
21100,400,3000,"bu","13:23:02",6666300
21100,400,300,"bu","13:22:58",6663300
21100,400,1600,"bu","13:22:56",6663000
21100,400,1600,"bu","13:22:40",6661400
21050,350,4000,"sd","13:22:35",6659800
21050,350,1000,"sd","13:22:27",6655800
21100,400,1600,"bu","13:22:25",6654800
21100,400,3400,"bu","13:22:19",6653200
21100,400,100,"bu","13:22:19",6649800
21100,400,200,"bu","13:22:19",6649700
21100,400,200,"bu","13:22:19",6649500
21100,400,200,"bu","13:22:19",6649300
21100,400,400,"bu","13:22:19",6649100
21100,400,2000,"bu","13:22:19",6648700
21100,400,100,"bu","13:22:19",6646700
21100,400,100,"bu","13:22:19",6646600
21100,400,100,"bu","13:22:19",6646500
21100,400,2000,"bu","13:22:19",6646400
21100,400,1000,"bu","13:22:19",6644400
21100,400,500,"bu","13:22:19",6643400
21100,400,100,"bu","13:22:19",6642900
21100,400,100,"bu","13:22:19",6642800
21100,400,100,"bu","13:22:19",6642700
21100,400,14800,"bu","13:22:19",6642600
21050,350,200,"bu","13:22:19",6627800
21050,350,600,"bu","13:22:19",6627600
21050,350,1000,"bu","13:22:19",6627000
21050,350,100,"bu","13:22:19",6626000
21050,350,300,"bu","13:22:19",6625900
21050,350,100,"bu","13:22:19",6625600
21050,350,45000,"bu","13:22:19",6625500
21050,350,2900,"bu","13:22:19",6580500
21050,350,500,"bu","13:22:19",6577600
21050,350,20000,"bu","13:22:19",6577100
21050,350,3900,"bu","13:22:19",6557100
21050,350,5000,"bu","13:22:15",6553200
21050,350,1600,"bu","13:22:10",6548200
21050,350,3000,"bu","13:22:00",6546600
21050,350,1600,"bu","13:21:55",6543600
21050,350,200,"bu","13:21:43",6542000
21050,350,1600,"bu","13:21:39",6541800
21050,350,500,"bu","13:21:30",6540200
21050,350,1600,"bu","13:21:24",6539700
21050,350,100,"bu","13:21:23",6538100
21050,350,900,"bu","13:21:08",6538000
21050,350,700,"bu","13:21:08",6537100
21050,350,200,"bu","13:20:55",6536400
21050,350,1600,"bu","13:20:53",6536200
21050,350,2000,"bu","13:20:52",6534600
21000,300,10000,"sd","13:20:52",6532600
21050,350,500,"bu","13:20:45",6522600
21050,350,4500,"bu","13:20:45",6522100
21050,350,100,"bu","13:20:41",6517600
21050,350,1600,"bu","13:20:38",6517500
21050,350,300,"bu","13:20:36",6515900
21050,350,100,"bu","13:20:35",6515600
21050,350,2000,"bu","13:20:33",6515500
21050,350,1000,"bu","13:20:25",6513500
21050,350,1600,"bu","13:20:22",6512500
21050,350,500,"bu","13:20:12",6510900
21050,350,1600,"bu","13:20:07",6510400
21050,350,100,"sd","13:20:03",6508800
21050,350,200,"sd","13:20:03",6508700
21050,350,2000,"sd","13:20:03",6508500
21050,350,500,"sd","13:20:03",6506500
21050,350,1000,"sd","13:20:03",6506000
21050,350,2000,"sd","13:20:03",6505000
21050,350,900,"sd","13:20:03",6503000
21050,350,500,"sd","13:19:58",6502100
21050,350,600,"sd","13:19:54",6501600
21050,350,500,"sd","13:19:54",6501000
21050,350,5000,"sd","13:19:54",6500500
21050,350,500,"sd","13:19:54",6495500
21050,350,200,"sd","13:19:54",6495000
21050,350,8200,"sd","13:19:54",6494800
21050,350,5000,"sd","13:19:52",6486600
21100,400,1600,"bu","13:19:52",6481600
21050,350,1800,"sd","13:19:48",6480000
21050,350,2500,"sd","13:19:48",6478200
21050,350,10700,"sd","13:19:48",6475700
21100,400,500,"bu","13:19:46",6465000
21050,350,1000,"sd","13:19:40",6464500
21050,350,10000,"sd","13:19:38",6463500
21100,400,1600,"bu","13:19:36",6453500
21050,350,10000,"sd","13:19:28",6451900
21050,350,100,"sd","13:19:26",6441900
21050,350,400,"sd","13:19:22",6441800
21100,400,1500,"bu","13:19:21",6441400
21100,400,100,"bu","13:19:21",6439900
21050,350,7000,"sd","13:19:20",6439800
21050,350,6000,"sd","13:19:13",6432800
21100,400,500,"bu","13:19:06",6426800
21100,400,500,"bu","13:19:06",6426300
21100,400,600,"bu","13:19:06",6425800
21050,350,4000,"sd","13:19:05",6425200
21050,350,800,"sd","13:18:54",6421200
21050,350,2000,"sd","13:18:54",6420400
21050,350,1200,"sd","13:18:54",6418400
21100,400,1600,"bu","13:18:50",6417200
21050,350,1900,"sd","13:18:46",6415600
21050,350,1000,"sd","13:18:46",6413700
21050,350,600,"sd","13:18:46",6412700
21050,350,5000,"sd","13:18:46",6412100
21050,350,3000,"sd","13:18:39",6407100
21100,400,1600,"bu","13:18:35",6404100
21100,400,100,"bu","13:18:32",6402500
21100,400,100,"bu","13:18:31",6402400
21050,350,3000,"sd","13:18:29",6402300
21100,400,1600,"bu","13:18:20",6399300
21050,350,3000,"sd","13:18:19",6397700
21050,350,400,"bu","13:18:17",6394700
21050,350,100,"sd","13:18:10",6394300
21050,350,100,"sd","13:18:09",6394200
21050,350,100,"sd","13:18:09",6394100
21050,350,1300,"sd","13:18:09",6394000
21100,400,1600,"bu","13:18:04",6392700
21050,350,700,"sd","13:18:01",6391100
21050,350,800,"sd","13:18:01",6390400
21100,400,1600,"bu","13:17:49",6389600
21050,350,200,"sd","13:17:43",6388000
21050,350,1200,"sd","13:17:37",6387800
21050,350,100,"sd","13:17:37",6386600
21100,400,200,"bu","13:17:34",6386500
21100,400,500,"bu","13:17:34",6386300
21100,400,900,"bu","13:17:34",6385800
21050,350,500,"sd","13:17:30",6384900
21050,350,200,"sd","13:17:23",6384400
21100,400,100,"bu","13:17:21",6384200
21050,350,200,"bu","13:17:19",6384100
21050,350,1000,"bu","13:17:19",6383900
21050,350,500,"bu","13:17:19",6382900
21050,350,500,"bu","13:17:19",6382400
21050,350,200,"bu","13:17:19",6381900
21050,350,300,"bu","13:17:19",6381700
21050,350,300,"bu","13:17:19",6381400
21050,350,100,"bu","13:17:18",6381100
21050,350,1600,"bu","13:17:17",6381000
21050,350,100,"bu","13:17:16",6379400
21050,350,200,"bu","13:17:13",6379300
21050,350,600,"bu","13:17:12",6379100
21050,350,100,"bu","13:17:12",6378500
21050,350,100,"bu","13:17:12",6378400
21050,350,200,"bu","13:17:12",6378300
21050,350,1000,"bu","13:17:09",6378100
21050,350,500,"bu","13:17:07",6377100
21000,300,300,"sd","13:17:04",6376600
21050,350,3000,"bu","13:17:03",6376300
21050,350,1600,"bu","13:17:02",6373300
21050,350,4700,"bu","13:16:59",6371700
21050,350,3000,"bu","13:16:54",6367000
21050,350,20000,"bu","13:16:50",6364000
21050,350,1600,"bu","13:16:46",6344000
21050,350,1600,"bu","13:16:31",6342400
21000,300,100,"bu","13:16:25",6340800
21000,300,5000,"bu","13:16:24",6340700
21050,350,1200,"bu","13:16:16",6335700
21000,300,400,"bu","13:16:16",6334500
21000,300,500,"bu","13:16:14",6334100
21000,300,700,"sd","13:16:08",6333600
21000,300,3000,"sd","13:16:08",6332900
21000,300,100,"sd","13:16:08",6329900
21000,300,300,"sd","13:16:08",6329800
21000,300,300,"sd","13:16:01",6329500
21000,300,100,"sd","13:16:01",6329200
21050,350,1600,"bu","13:16:01",6329100
21050,350,100,"bu","13:15:55",6327500
21050,350,400,"bu","13:15:51",6327400
21000,300,100,"sd","13:15:49",6327000
21050,350,5000,"bu","13:15:47",6326900
21000,300,2000,"sd","13:15:45",6321900
21000,300,100,"sd","13:15:45",6319900
21000,300,300,"sd","13:15:45",6319800
21000,300,100,"sd","13:15:45",6319500
21000,300,700,"sd","13:15:45",6319400
21000,300,300,"sd","13:15:45",6318700
21050,350,1600,"bu","13:15:45",6318400
21000,300,400,"sd","13:15:40",6316800
21000,300,500,"sd","13:15:40",6316400
21000,300,4100,"sd","13:15:40",6315900
21050,350,100,"bu","13:15:37",6311800
21000,300,5000,"sd","13:15:34",6311700
21000,300,500,"sd","13:15:33",6306700
21050,350,2100,"bu","13:15:32",6306200
21000,300,400,"sd","13:15:30",6304100
21000,300,500,"sd","13:15:30",6303700
21000,300,100,"sd","13:15:30",6303200
21000,300,400,"sd","13:15:30",6303100
21000,300,2800,"sd","13:15:30",6302700
21050,350,1600,"bu","13:15:30",6299900
21000,300,500,"sd","13:15:30",6298300
21000,300,300,"sd","13:15:30",6297800
21000,300,1000,"sd","13:15:25",6297500
21000,300,700,"sd","13:15:21",6296500
21000,300,500,"sd","13:15:21",6295800
21000,300,100,"sd","13:15:21",6295300
21000,300,100,"sd","13:15:21",6295200
21000,300,1000,"sd","13:15:21",6295100
21000,300,1000,"sd","13:15:21",6294100
21000,300,200,"sd","13:15:21",6293100
21000,300,1000,"sd","13:15:21",6292900
21000,300,5000,"sd","13:15:21",6291900
21000,300,400,"sd","13:15:21",6286900
21050,350,17300,"bu","13:15:19",6286500
21050,350,10000,"bu","13:15:19",6269200
21050,350,500,"bu","13:15:19",6259200
21050,350,2000,"bu","13:15:19",6258700
21050,350,100,"bu","13:15:19",6256700
21050,350,1600,"bu","13:15:19",6256600
21050,350,3000,"bu","13:15:19",6255000
21050,350,1500,"bu","13:15:19",6252000
21050,350,1000,"bu","13:15:19",6250500
21050,350,1100,"bu","13:15:19",6249500
21050,350,7100,"bu","13:15:19",6248400
21000,300,300,"sd","13:15:18",6241300
21000,300,1000,"sd","13:15:17",6241000
21000,300,1000,"sd","13:15:17",6240000
21000,300,10000,"sd","13:15:17",6239000
21000,300,100,"sd","13:15:17",6229000
21000,300,7200,"sd","13:15:15",6228900
21000,300,5000,"sd","13:15:15",6221700
21000,300,500,"sd","13:15:15",6216700
21000,300,5000,"sd","13:15:15",6216200
21000,300,10000,"sd","13:15:15",6211200
21000,300,2300,"sd","13:15:15",6201200
21050,350,1600,"bu","13:15:14",6198900
21000,300,3000,"sd","13:15:12",6197300
21000,300,2000,"sd","13:15:04",6194300
21000,300,5000,"sd","13:14:59",6192300
21050,350,1300,"bu","13:14:59",6187300
21050,350,300,"bu","13:14:59",6186000
21050,350,100,"bu","13:14:59",6185700
21050,350,100,"bu","13:14:59",6185600
21000,300,3700,"sd","13:14:53",6185500
21000,300,100,"sd","13:14:52",6181800
21000,300,5000,"sd","13:14:15",6181700
21050,350,900,"bu","13:14:14",6176700
21050,350,100,"bu","13:14:14",6175800
21000,300,5000,"sd","13:14:07",6175700
21000,300,10000,"sd","13:14:05",6170700
21000,300,100,"sd","13:13:53",6160700
21050,350,2000,"bu","13:13:46",6160600
21000,300,2000,"sd","13:13:36",6158600
21050,350,2000,"bu","13:13:27",6156600
21000,300,300,"sd","13:13:24",6154600
21050,350,1500,"bu","13:13:22",6154300
21050,350,5000,"bu","13:13:17",6152800
21050,350,300,"bu","13:13:11",6147800
21050,350,3000,"bu","13:13:06",6147500
21050,350,1000,"bu","13:13:02",6144500
21050,350,1400,"bu","13:12:59",6143500
21000,300,5000,"sd","13:12:59",6142100
21050,350,1000,"bu","13:12:59",6137100
21000,300,100,"sd","13:12:56",6136100
21000,300,1000,"sd","13:12:50",6136000
21050,350,2800,"bu","13:12:47",6135000
21050,350,200,"bu","13:12:47",6132200
21000,300,300,"sd","13:12:39",6132000
21000,300,300,"sd","13:12:39",6131700
21000,300,100,"sd","13:12:32",6131400
21000,300,500,"sd","13:12:04",6131300
21000,300,100,"sd","13:11:56",6130800
21000,300,200,"bu","13:11:35",6130700
21000,300,100,"bu","13:11:35",6130500
21000,300,2000,"bu","13:11:35",6130400
21000,300,700,"bu","13:11:35",6128400
21000,300,1100,"bu","13:11:35",6127700
21000,300,100,"bu","13:11:33",6126600
21000,300,800,"bu","13:11:30",6126500
21000,300,100,"bu","13:11:30",6125700
21000,300,100,"bu","13:11:22",6125600
21000,300,100,"bu","13:11:19",6125500
21000,300,500,"bu","13:11:13",6125400
21000,300,100,"bu","13:11:12",6124900
21000,300,4200,"bu","13:11:06",6124800
21050,350,1000,"bu","13:10:54",6120600
21050,350,5000,"bu","13:10:54",6119600
21050,350,200,"bu","13:10:54",6114600
21050,350,200,"bu","13:10:54",6114400
21050,350,200,"bu","13:10:54",6114200
21050,350,1200,"bu","13:10:54",6114000
21000,300,1000,"bu","13:10:54",6112800
21000,300,2100,"bu","13:10:54",6111800
21000,300,4100,"bu","13:10:54",6109700
21000,300,100,"sd","13:10:51",6105600
21000,300,800,"sd","13:10:51",6105500
21000,300,200,"sd","13:10:51",6104700
21000,300,100,"sd","13:10:51",6104500
21000,300,700,"sd","13:10:51",6104400
21000,300,300,"sd","13:10:48",6103700
21000,300,200,"sd","13:10:48",6103400
21000,300,300,"sd","13:10:48",6103200
21000,300,100,"sd","13:10:48",6102900
21000,300,1100,"sd","13:10:48",6102800
21000,300,900,"sd","13:10:43",6101700
21000,300,4000,"sd","13:10:43",6100800
21000,300,5600,"sd","13:10:43",6096800
21000,300,19500,"sd","13:10:43",6091200
21000,300,1000,"sd","13:10:38",6071700
21000,300,4600,"sd","13:10:32",6070700
21000,300,5000,"sd","13:10:27",6066100
21050,350,700,"bu","13:10:22",6061100
21000,300,1000,"sd","13:10:19",6060400
21050,350,1000,"bu","13:10:09",6059400
21000,300,500,"sd","13:10:09",6058400
21050,350,1000,"bu","13:10:04",6057900
21050,350,100,"bu","13:10:00",6056900
21050,350,800,"bu","13:09:31",6056800
21050,350,200,"sd","13:09:27",6056000
21050,350,400,"sd","13:09:27",6055800
21050,350,1600,"sd","13:09:27",6055400
21050,350,2000,"sd","13:09:06",6053800
21050,350,500,"bu","13:09:03",6051800
21050,350,100,"bu","13:09:03",6051300
21050,350,200,"bu","13:09:03",6051200
21050,350,100,"bu","13:09:03",6051000
21050,350,100,"bu","13:09:03",6050900
21050,350,100,"bu","13:09:03",6050800
21050,350,1000,"bu","13:09:03",6050700
21050,350,500,"bu","13:09:03",6049700
21050,350,100,"bu","13:09:03",6049200
21050,350,100,"bu","13:09:03",6049100
21050,350,3600,"bu","13:09:03",6049000
21050,350,100,"bu","13:08:57",6045400
21050,350,400,"bu","13:08:57",6045300
21050,350,3000,"bu","13:08:54",6044900
21050,350,1000,"bu","13:08:54",6041900
21050,350,1000,"bu","13:08:54",6040900
21050,350,2000,"bu","13:08:51",6039900
21050,350,7700,"bu","13:08:49",6037900
21000,300,1000,"sd","13:08:46",6030200
21050,350,5500,"bu","13:08:40",6029200
21050,350,3000,"bu","13:08:21",6023700
21000,300,100,"sd","13:08:18",6020700
21000,300,11000,"sd","13:08:14",6020600
21000,300,1000,"sd","13:08:12",6009600
21000,300,1000,"bu","13:08:07",6008600
21000,300,100,"bu","13:08:07",6007600
21000,300,200,"bu","13:08:07",6007500
21000,300,1000,"bu","13:08:07",6007300
21000,300,200,"bu","13:08:07",6006300
21000,300,300,"bu","13:08:07",6006100
21000,300,100,"bu","13:08:07",6005800
21000,300,3600,"bu","13:08:07",6005700
21000,300,5000,"bu","13:08:07",6002100
21000,300,100,"bu","13:08:07",5997100
21000,300,6000,"bu","13:08:07",5997000
21000,300,500,"bu","13:08:07",5991000
21000,300,100,"bu","13:08:07",5990500
21000,300,100,"bu","13:08:07",5990400
21000,300,2000,"bu","13:08:07",5990300
21000,300,100,"bu","13:08:07",5988300
21000,300,300,"bu","13:08:07",5988200
21000,300,2000,"bu","13:08:07",5987900
21000,300,500,"bu","13:08:07",5985900
21000,300,300,"bu","13:08:07",5985400
21000,300,200,"bu","13:08:07",5985100
21000,300,1000,"bu","13:08:07",5984900
21000,300,1000,"bu","13:08:07",5983900
21000,300,200,"bu","13:08:07",5982900
21000,300,2000,"bu","13:08:07",5982700
21000,300,100,"bu","13:08:07",5980700
21000,300,200,"bu","13:08:07",5980600
21000,300,2000,"bu","13:08:07",5980400
21000,300,500,"bu","13:08:07",5978400
21000,300,5000,"bu","13:08:07",5977900
21000,300,8000,"bu","13:08:07",5972900
21000,300,10300,"bu","13:08:07",5964900
21000,300,500,"bu","13:08:07",5954600
21000,300,100,"bu","13:08:07",5954100
21000,300,100,"bu","13:08:07",5954000
21000,300,100,"bu","13:08:07",5953900
21000,300,500,"bu","13:08:07",5953800
21000,300,1600,"bu","13:08:02",5953300
21000,300,2000,"bu","13:07:53",5951700
21000,300,2000,"bu","13:07:35",5949700
20950,250,4900,"sd","13:07:31",5947700
20950,250,500,"sd","13:07:23",5942800
20950,250,100,"sd","13:07:07",5942300
20950,250,400,"sd","13:07:01",5942200
20950,250,2000,"sd","13:06:53",5941800
20950,250,2000,"sd","13:06:19",5939800
20950,250,100,"sd","13:06:16",5937800
20950,250,200,"sd","13:06:10",5937700
20950,250,1000,"sd","13:05:52",5937500
20950,250,500,"sd","13:05:49",5936500
21000,300,300,"bu","13:05:48",5936000
20950,250,100,"bu","13:04:59",5935700
20950,250,900,"bu","13:04:59",5935600
20950,250,500,"bu","13:04:59",5934700
20950,250,1000,"bu","13:04:59",5934200
20950,250,900,"bu","13:04:59",5933200
20950,250,900,"bu","13:04:59",5932300
20950,250,600,"bu","13:04:52",5931400
20950,250,400,"bu","13:04:52",5930800
20950,250,300,"bu","13:04:52",5930400
20950,250,200,"bu","13:04:48",5930100
20950,250,900,"bu","13:04:47",5929900
20900,200,2000,"bu","13:04:18",5929000
20900,200,700,"bu","13:04:18",5927000
20900,200,100,"bu","13:04:17",5926300
20900,200,200,"bu","13:04:16",5926200
20900,200,300,"bu","13:04:16",5926000
20900,200,500,"bu","13:04:13",5925700
20900,200,300,"bu","13:04:12",5925200
20900,200,2900,"bu","13:04:09",5924900
20900,200,100,"bu","13:04:09",5922000
20850,150,100,"sd","13:04:06",5921900
20850,150,100,"sd","13:04:06",5921800
20900,200,900,"bu","13:04:05",5921700
20900,200,2100,"bu","13:04:05",5920800
20850,150,900,"sd","13:04:00",5918700
20850,150,100,"sd","13:04:00",5917800
20850,150,400,"sd","13:03:23",5917700
20850,150,300,"sd","13:03:23",5917300
20850,150,100,"sd","13:03:23",5917000
20850,150,100,"sd","13:03:23",5916900
20850,150,200,"sd","13:03:23",5916800
20850,150,1000,"sd","13:03:23",5916600
20850,150,100,"sd","13:03:23",5915600
20850,150,800,"sd","13:03:23",5915500
20850,150,2200,"sd","13:03:22",5914700
20850,150,500,"sd","13:03:22",5912500
20850,150,900,"sd","13:03:22",5912000
20850,150,100,"sd","13:03:20",5911100
20850,150,9000,"sd","13:02:53",5911000
20850,150,100,"sd","13:02:53",5902000
20850,150,100,"sd","13:02:53",5901900
20850,150,1000,"sd","13:02:53",5901800
20850,150,100,"sd","13:02:53",5900800
20850,150,200,"sd","13:02:53",5900700
20850,150,100,"sd","13:02:53",5900500
20850,150,500,"sd","13:02:53",5900400
20850,150,100,"sd","13:02:53",5899900
20850,150,1000,"sd","13:02:53",5899800
20850,150,800,"sd","13:02:53",5898800
20850,150,1000,"sd","13:02:42",5898000
20850,150,5000,"sd","13:02:38",5897000
20850,150,1000,"sd","13:02:35",5892000
20850,150,2000,"sd","13:02:29",5891000
20850,150,200,"sd","13:02:26",5889000
20850,150,1000,"sd","13:02:26",5888800
20850,150,400,"sd","13:02:26",5887800
20850,150,1500,"sd","13:02:03",5887400
20850,150,1600,"sd","13:02:00",5885900
20850,150,1900,"sd","13:01:49",5884300
20900,200,300,"bu","13:01:48",5882400
20850,150,44600,"sd","13:01:47",5882100
20850,150,5000,"sd","13:01:47",5837500
20850,150,400,"sd","13:01:46",5832500
20900,200,400,"bu","13:01:41",5832100
20850,150,1600,"sd","13:01:39",5831700
20850,150,500,"sd","13:01:39",5830100
20850,150,2000,"sd","13:01:39",5829600
20850,150,1800,"sd","13:01:39",5827600
20850,150,1000,"sd","13:01:39",5825800
