"price","change","match_qtty","side","time","total_vol"
12000,-100,1171400,"unknown","14:45:01",16809600
12050,-50,100,"bu","14:29:24",15638200
12050,-50,300,"bu","14:29:20",15638100
12000,-100,500,"sd","14:29:14",15637800
12000,-100,4200,"sd","14:29:02",15637300
12000,-100,800,"sd","14:29:02",15633100
12000,-100,200,"sd","14:29:00",15632300
12000,-100,1000,"bu","14:28:57",15632100
12000,-100,1200,"bu","14:28:57",15631100
12000,-100,1000,"bu","14:28:55",15629900
12000,-100,800,"bu","14:28:53",15628900
12000,-100,1000,"bu","14:28:53",15628100
12000,-100,200,"bu","14:28:53",15627100
11950,-150,300,"sd","14:28:52",15626900
11950,-150,1000,"sd","14:28:52",15626600
11950,-150,1000,"sd","14:28:52",15625600
11950,-150,100,"sd","14:28:52",15624600
11950,-150,5000,"sd","14:28:52",15624500
11950,-150,1000,"sd","14:28:52",15619500
11950,-150,100,"sd","14:28:52",15618500
11950,-150,100,"sd","14:28:52",15618400
11950,-150,200,"sd","14:28:52",15618300
11950,-150,100,"sd","14:28:52",15618100
11950,-150,100,"sd","14:28:52",15618000
11950,-150,100,"sd","14:28:52",15617900
11950,-150,200,"sd","14:28:52",15617800
11950,-150,100,"sd","14:28:52",15617600
11950,-150,3200,"sd","14:28:52",15617500
11950,-150,12300,"sd","14:28:52",15614300
11950,-150,2000,"sd","14:28:52",15602000
11950,-150,100,"sd","14:28:52",15600000
11950,-150,6800,"sd","14:28:51",15599900
11950,-150,500,"sd","14:28:51",15593100
11950,-150,200,"sd","14:28:51",15592600
11950,-150,800,"sd","14:28:51",15592400
11950,-150,300,"sd","14:28:51",15591600
11950,-150,100,"sd","14:28:51",15591300
11950,-150,300,"sd","14:28:51",15591200
11950,-150,2000,"sd","14:28:51",15590900
11950,-150,500,"sd","14:28:51",15588900
11950,-150,1000,"sd","14:28:51",15588400
11950,-150,100,"sd","14:28:51",15587400
11950,-150,100,"sd","14:28:51",15587300
11950,-150,500,"sd","14:28:51",15587200
11950,-150,100,"sd","14:28:51",15586700
11950,-150,400,"sd","14:28:51",15586600
11950,-150,300,"sd","14:28:51",15586200
11950,-150,500,"sd","14:28:51",15585900
11950,-150,200,"sd","14:28:51",15585400
11950,-150,500,"sd","14:28:50",15585200
11950,-150,200,"sd","14:28:50",15584700
11950,-150,1000,"sd","14:28:50",15584500
11950,-150,200,"sd","14:28:50",15583500
11950,-150,7900,"sd","14:28:50",15583300
12000,-100,200,"bu","14:28:49",15575400
12000,-100,100,"bu","14:28:49",15575200
11950,-150,100,"sd","14:28:45",15575100
12000,-100,100,"bu","14:28:44",15575000
12000,-100,500,"bu","14:28:37",15574900
11950,-150,7000,"sd","14:28:37",15574400
11950,-150,100,"sd","14:28:37",15567400
11950,-150,100,"sd","14:28:37",15567300
11950,-150,2000,"sd","14:28:37",15567200
11950,-150,100,"sd","14:28:37",15565200
11950,-150,200,"sd","14:28:37",15565100
11950,-150,200,"sd","14:28:37",15564900
11950,-150,1000,"sd","14:28:37",15564700
11950,-150,1000,"sd","14:28:37",15563700
11950,-150,2000,"sd","14:28:37",15562700
11950,-150,1000,"sd","14:28:37",15560700
11950,-150,1000,"sd","14:28:35",15559700
11950,-150,100,"sd","14:28:35",15558700
11950,-150,4900,"sd","14:28:35",15558600
12000,-100,200,"bu","14:28:33",15553700
11950,-150,2000,"sd","14:28:33",15553500
11950,-150,100,"sd","14:28:29",15551500
11950,-150,10300,"sd","14:28:25",15551400
12000,-100,300,"bu","14:28:24",15541100
12000,-100,200,"bu","14:28:24",15540800
12000,-100,100,"bu","14:28:23",15540600
11950,-150,9800,"sd","14:28:22",15540500
12000,-100,100,"bu","14:28:19",15530700
11950,-150,10300,"sd","14:28:17",15530600
12000,-100,200,"bu","14:28:17",15520300
12000,-100,200,"bu","14:28:15",15520100
11950,-150,100,"sd","14:28:14",15519900
11950,-150,4900,"sd","14:28:12",15519800
12000,-100,1000,"bu","14:28:11",15514900
12000,-100,200,"bu","14:28:10",15513900
12000,-100,800,"bu","14:28:10",15513700
12000,-100,9200,"bu","14:28:09",15512900
12000,-100,19100,"bu","14:28:09",15503700
12000,-100,1000,"bu","14:28:09",15484600
12000,-100,1000,"bu","14:28:09",15483600
12000,-100,69700,"bu","14:28:09",15482600
11950,-150,10300,"sd","14:28:05",15412900
11950,-150,200,"sd","14:27:59",15402600
11950,-150,10300,"sd","14:27:56",15402400
11950,-150,1100,"sd","14:27:49",15392100
12000,-100,15000,"bu","14:27:49",15391000
11950,-150,100,"sd","14:27:44",15376000
11950,-150,16000,"sd","14:27:31",15375900
11950,-150,200,"sd","14:27:28",15359900
12000,-100,500,"bu","14:27:28",15359700
12000,-100,6000,"bu","14:27:25",15359200
12000,-100,1000,"bu","14:27:20",15353200
12000,-100,300,"bu","14:27:18",15352200
11950,-150,100,"sd","14:27:13",15351900
12000,-100,200,"bu","14:27:02",15351800
11950,-150,200,"sd","14:26:58",15351600
12000,-100,200,"bu","14:26:57",15351400
12000,-100,700,"sd","14:26:54",15351200
12000,-100,300,"sd","14:26:54",15350500
12000,-100,6100,"sd","14:26:54",15350200
12000,-100,3900,"sd","14:26:51",15344100
12000,-100,1000,"sd","14:26:51",15340200
12000,-100,500,"sd","14:26:51",15339200
12000,-100,200,"sd","14:26:51",15338700
12000,-100,4400,"sd","14:26:51",15338500
12000,-100,2200,"sd","14:26:51",15334100
12000,-100,200,"sd","14:26:51",15331900
12000,-100,2500,"sd","14:26:51",15331700
12000,-100,100,"sd","14:26:51",15329200
12000,-100,1000,"sd","14:26:44",15329100
12000,-100,2000,"sd","14:26:44",15328100
12000,-100,100,"sd","14:26:44",15326100
12000,-100,200,"sd","14:26:44",15326000
12000,-100,800,"sd","14:26:44",15325800
12000,-100,1000,"sd","14:26:44",15325000
12000,-100,100,"sd","14:26:44",15324000
12000,-100,100,"sd","14:26:44",15323900
12000,-100,2000,"sd","14:26:44",15323800
12000,-100,100,"sd","14:26:44",15321800
12000,-100,1000,"sd","14:26:44",15321700
12000,-100,100,"sd","14:26:44",15320700
12000,-100,100,"sd","14:26:44",15320600
12000,-100,400,"sd","14:26:44",15320500
12000,-100,100,"sd","14:26:44",15320100
12000,-100,100,"sd","14:26:44",15320000
12000,-100,500,"sd","14:26:44",15319900
12000,-100,700,"sd","14:26:44",15319400
12000,-100,65000,"sd","14:26:44",15318700
12000,-100,300,"sd","14:26:44",15253700
12000,-100,5000,"sd","14:26:44",15253400
12000,-100,500,"sd","14:26:44",15248400
12000,-100,500,"sd","14:26:44",15247900
12000,-100,5000,"sd","14:26:44",15247400
12000,-100,1000,"sd","14:26:44",15242400
12000,-100,200,"sd","14:26:44",15241400
12000,-100,1000,"sd","14:26:44",15241200
12000,-100,1000,"sd","14:26:44",15240200
12000,-100,1000,"sd","14:26:44",15239200
12000,-100,100,"sd","14:26:44",15238200
12000,-100,5000,"sd","14:26:44",15238100
12000,-100,100,"sd","14:26:44",15233100
12000,-100,500,"sd","14:26:44",15233000
12000,-100,200,"sd","14:26:44",15232500
12000,-100,500,"sd","14:26:44",15232300
12000,-100,1000,"sd","14:26:44",15231800
12000,-100,100,"sd","14:26:44",15230800
12000,-100,200,"sd","14:26:44",15230700
12000,-100,2100,"sd","14:26:44",15230500
12000,-100,100,"sd","14:26:44",15228400
12000,-100,600,"sd","14:26:44",15228300
12000,-100,300,"sd","14:26:44",15227700
12000,-100,300,"sd","14:26:44",15227400
12000,-100,1000,"sd","14:26:44",15227100
12000,-100,97000,"sd","14:26:44",15226100
12000,-100,100,"sd","14:26:43",15129100
12000,-100,1000,"sd","14:26:42",15129000
12000,-100,200,"sd","14:26:42",15128000
12000,-100,1700,"sd","14:26:32",15127800
12000,-100,1000,"sd","14:26:32",15126100
12000,-100,1000,"sd","14:26:32",15125100
12000,-100,400,"sd","14:26:32",15124100
12000,-100,100,"sd","14:26:32",15123700
12000,-100,400,"sd","14:26:32",15123600
12000,-100,100,"sd","14:26:32",15123200
12000,-100,6500,"sd","14:26:32",15123100
12000,-100,50000,"sd","14:26:29",15116600
12000,-100,9800,"sd","14:26:28",15066600
12000,-100,140000,"sd","14:26:27",15056800
12000,-100,200,"sd","14:26:26",14916800
12000,-100,10600,"sd","14:26:24",14916600
12000,-100,10600,"sd","14:26:13",14906000
12000,-100,18800,"sd","14:26:12",14895400
12000,-100,100,"sd","14:26:12",14876600
12000,-100,14700,"sd","14:26:10",14876500
12000,-100,10000,"sd","14:26:09",14861800
12000,-100,5800,"sd","14:26:08",14851800
12000,-100,8800,"sd","14:26:02",14846000
12000,-100,14100,"sd","14:25:59",14837200
12000,-100,600,"sd","14:25:59",14823100
12000,-100,9800,"sd","14:25:57",14822500
12000,-100,200,"sd","14:25:57",14812700
12050,-50,1000,"bu","14:25:54",14812500
12000,-100,2000,"sd","14:25:52",14811500
12000,-100,9500,"sd","14:25:51",14809500
12000,-100,100,"sd","14:25:42",14800000
12000,-100,11000,"sd","14:25:38",14799900
12000,-100,9800,"sd","14:25:37",14788900
12000,-100,2000,"sd","14:25:36",14779100
12050,-50,500,"bu","14:25:34",14777100
12050,-50,200,"bu","14:25:30",14776600
12000,-100,200,"sd","14:25:26",14776400
12050,-50,100,"bu","14:25:26",14776200
12000,-100,4800,"sd","14:25:21",14776100
12000,-100,600,"sd","14:25:21",14771300
12000,-100,2400,"sd","14:25:20",14770700
12000,-100,1000,"sd","14:25:20",14768300
12000,-100,1000,"sd","14:25:20",14767300
12000,-100,300,"sd","14:25:20",14766300
12000,-100,1000,"sd","14:25:20",14766000
12000,-100,100,"sd","14:25:20",14765000
12000,-100,3000,"sd","14:25:20",14764900
12000,-100,100,"sd","14:25:20",14761900
12000,-100,100,"sd","14:25:20",14761800
12000,-100,100,"sd","14:25:20",14761700
12050,-50,1700,"bu","14:25:19",14761600
12050,-50,10000,"bu","14:25:17",14759900
12000,-100,100,"sd","14:25:14",14749900
12000,-100,100,"sd","14:25:10",14749800
12050,-50,100000,"bu","14:25:08",14749700
12000,-100,700,"sd","14:24:56",14649700
12000,-100,200,"sd","14:24:56",14649000
12000,-100,200,"sd","14:24:56",14648800
12000,-100,1000,"sd","14:24:56",14648600
12000,-100,200,"sd","14:24:56",14647600
12000,-100,5000,"sd","14:24:56",14647400
12000,-100,1200,"sd","14:24:56",14642400
12000,-100,500,"sd","14:24:56",14641200
12000,-100,200,"sd","14:24:56",14640700
12000,-100,600,"sd","14:24:56",14640500
12000,-100,200,"sd","14:24:56",14639900
12000,-100,100,"sd","14:24:40",14639700
12050,-50,100,"bu","14:24:32",14639600
12050,-50,100,"bu","14:24:27",14639500
12050,-50,1300,"bu","14:24:25",14639400
12000,-100,200,"sd","14:24:24",14638100
12000,-100,500,"sd","14:24:20",14637900
12000,-100,4200,"sd","14:24:20",14637400
12000,-100,200,"sd","14:24:20",14633200
12000,-100,4900,"sd","14:24:20",14633000
12050,-50,100,"bu","14:24:16",14628100
12050,-50,100,"bu","14:24:14",14628000
12000,-100,100,"sd","14:24:10",14627900
12000,-100,1000,"sd","14:24:04",14627800
12000,-100,1000,"sd","14:24:04",14626800
12050,-50,200,"bu","14:23:58",14625800
12000,-100,200,"sd","14:23:55",14625600
12000,-100,800,"sd","14:23:51",14625400
12000,-100,1100,"sd","14:23:51",14624600
12000,-100,1000,"sd","14:23:51",14623500
12000,-100,100,"sd","14:23:51",14622500
12000,-100,100,"sd","14:23:51",14622400
12000,-100,100,"sd","14:23:51",14622300
12000,-100,1700,"sd","14:23:51",14622200
12000,-100,100,"sd","14:23:45",14620500
12050,-50,400,"bu","14:23:44",14620400
12050,-50,100,"bu","14:23:42",14620000
12000,-100,100,"sd","14:23:39",14619900
12050,-50,4900,"bu","14:23:38",14619800
12050,-50,3000,"bu","14:23:36",14614900
12050,-50,800,"bu","14:23:27",14611900
12000,-100,200,"sd","14:23:24",14611100
12050,-50,1000,"bu","14:23:19",14610900
12000,-100,100,"sd","14:23:09",14609900
12000,-100,100,"sd","14:23:03",14609800
12050,-50,5000,"bu","14:23:00",14609700
12000,-100,200,"sd","14:22:54",14604700
12050,-50,100000,"bu","14:22:40",14604500
12050,-50,4000,"bu","14:22:39",14504500
12000,-100,100,"sd","14:22:38",14500500
12050,-50,200,"bu","14:22:25",14500400
12000,-100,200,"sd","14:22:23",14500200
12050,-50,1000,"bu","14:22:18",14500000
12000,-100,200,"sd","14:22:15",14499000
12000,-100,100,"sd","14:22:15",14498800
12000,-100,4600,"sd","14:22:15",14498700
12000,-100,100,"sd","14:22:08",14494100
12000,-100,200,"sd","14:21:56",14494000
12000,-100,100,"sd","14:21:53",14493800
12050,-50,200,"bu","14:21:51",14493700
12000,-100,200,"sd","14:21:45",14493500
12000,-100,1500,"sd","14:21:44",14493300
12000,-100,200,"sd","14:21:44",14491800
12000,-100,2000,"sd","14:21:44",14491600
12000,-100,300,"sd","14:21:44",14489600
12000,-100,200,"sd","14:21:40",14489300
12000,-100,200,"sd","14:21:37",14489100
12000,-100,200,"sd","14:21:24",14488900
12000,-100,100,"sd","14:21:22",14488700
12000,-100,1000,"sd","14:21:15",14488600
12000,-100,100,"sd","14:21:15",14487600
12000,-100,100,"sd","14:21:15",14487500
12000,-100,500,"sd","14:21:15",14487400
12000,-100,500,"sd","14:21:15",14486900
12000,-100,100,"sd","14:21:15",14486400
12000,-100,300,"sd","14:21:15",14486300
12000,-100,500,"sd","14:21:15",14486000
12000,-100,100,"sd","14:21:15",14485500
12000,-100,100,"sd","14:21:15",14485400
12000,-100,1000,"sd","14:21:15",14485300
12000,-100,2900,"sd","14:21:15",14484300
12000,-100,300,"sd","14:21:15",14481400
12000,-100,2200,"sd","14:21:15",14481100
12000,-100,100,"sd","14:21:15",14478900
12000,-100,100,"sd","14:21:08",14478800
12000,-100,200,"sd","14:21:07",14478700
12000,-100,200,"sd","14:20:53",14478500
12000,-100,100,"sd","14:20:51",14478300
12000,-100,200,"sd","14:20:37",14478200
12000,-100,200,"sd","14:20:36",14478000
12000,-100,100,"sd","14:20:22",14477800
12000,-100,100,"sd","14:20:21",14477700
12000,-100,100,"sd","14:20:07",14477600
12000,-100,200,"sd","14:20:05",14477500
12000,-100,100,"sd","14:19:51",14477300
12000,-100,100,"sd","14:19:50",14477200
12000,-100,200,"sd","14:19:35",14477100
12000,-100,200,"sd","14:19:35",14476900
12000,-100,100,"sd","14:19:20",14476700
12000,-100,100,"sd","14:19:20",14476600
12050,-50,20000,"bu","14:19:19",14476500
12050,-50,500,"sd","14:19:10",14456500
12050,-50,100,"sd","14:19:10",14456000
12050,-50,200,"sd","14:19:10",14455900
12050,-50,100,"sd","14:19:10",14455700
12050,-50,14700,"sd","14:19:10",14455600
12050,-50,100,"sd","14:19:10",14440900
12050,-50,1000,"sd","14:19:10",14440800
12050,-50,500,"sd","14:19:10",14439800
12050,-50,2000,"sd","14:19:10",14439300
12050,-50,100,"sd","14:19:10",14437300
12050,-50,2000,"sd","14:19:10",14437200
12050,-50,200,"sd","14:19:10",14435200
12050,-50,1000,"sd","14:19:10",14435000
12050,-50,60100,"sd","14:19:10",14434000
12050,-50,10000,"sd","14:19:10",14373900
12050,-50,200,"sd","14:19:10",14363900
12050,-50,200,"sd","14:19:05",14363700
12050,-50,100,"sd","14:19:04",14363500
12050,-50,5000,"sd","14:18:54",14363400
12050,-50,1900,"sd","14:18:50",14358400
12050,-50,100,"sd","14:18:49",14356500
12050,-50,100,"sd","14:18:49",14356400
12100,0,200,"bu","14:18:36",14356300
12050,-50,200,"sd","14:18:34",14356100
12050,-50,200,"sd","14:18:33",14355900
12100,0,12400,"bu","14:18:26",14355700
12100,0,2300,"bu","14:18:26",14343300
12050,-50,1100,"sd","14:18:26",14341000
12100,0,700,"bu","14:18:21",14339900
12100,0,200,"bu","14:18:21",14339200
12100,0,1900,"bu","14:18:21",14339000
12100,0,2100,"bu","14:18:21",14337100
12050,-50,100,"sd","14:18:19",14335000
12050,-50,200,"sd","14:18:16",14334900
12050,-50,100000,"sd","14:18:16",14334700
12050,-50,1200,"sd","14:18:14",14234700
12050,-50,10100,"sd","14:18:07",14233500
12100,0,1000,"bu","14:18:05",14223400
12050,-50,200,"sd","14:18:03",14222400
12050,-50,100,"sd","14:18:01",14222200
12050,-50,1000,"sd","14:17:59",14222100
12050,-50,100,"sd","14:17:55",14221100
12050,-50,2000,"sd","14:17:53",14221000
12050,-50,100,"sd","14:17:48",14219000
12050,-50,100,"sd","14:17:45",14218900
12050,-50,10000,"sd","14:17:41",14218800
12050,-50,3000,"sd","14:17:38",14208800
12050,-50,200,"sd","14:17:33",14205800
12050,-50,200,"sd","14:17:29",14205600
12050,-50,1000,"sd","14:17:24",14205400
12050,-50,100,"sd","14:17:18",14204400
12050,-50,1300,"sd","14:17:14",14204300
12050,-50,100,"sd","14:17:14",14203000
12050,-50,600,"sd","14:17:14",14202900
12050,-50,200,"sd","14:17:13",14202300
12050,-50,3200,"sd","14:17:04",14202100
12050,-50,1800,"sd","14:17:04",14198900
12050,-50,200,"sd","14:17:02",14197100
12050,-50,200,"sd","14:16:59",14196900
12050,-50,200,"sd","14:16:56",14196700
12050,-50,100,"sd","14:16:47",14196500
12050,-50,700,"sd","14:16:43",14196400
12050,-50,400,"sd","14:16:43",14195700
12050,-50,100,"sd","14:16:41",14195300
12050,-50,200,"sd","14:16:32",14195200
12050,-50,100,"sd","14:16:26",14195000
12050,-50,100,"sd","14:16:17",14194900
12050,-50,200,"sd","14:16:11",14194800
12100,0,300,"bu","14:16:04",14194600
12050,-50,200,"sd","14:16:01",14194300
12050,-50,200,"sd","14:15:55",14194100
12050,-50,9600,"sd","14:15:51",14193900
12050,-50,500,"sd","14:15:51",14184300
12050,-50,100,"sd","14:15:46",14183800
12050,-50,400,"sd","14:15:45",14183700
12050,-50,9400,"sd","14:15:45",14183300
12050,-50,5700,"sd","14:15:43",14173900
12050,-50,200,"sd","14:15:39",14168200
12050,-50,1000,"sd","14:15:35",14168000
12100,0,76600,"bu","14:15:34",14167000
12100,0,100,"bu","14:15:34",14090400
12100,0,1000,"bu","14:15:34",14090300
12100,0,1900,"bu","14:15:34",14089300
12100,0,2000,"bu","14:15:34",14087400
12100,0,100,"bu","14:15:34",14085400
12100,0,3000,"bu","14:15:34",14085300
12100,0,500,"bu","14:15:34",14082300
12100,0,500,"bu","14:15:34",14081800
12100,0,20000,"bu","14:15:34",14081300
12100,0,200,"bu","14:15:34",14061300
12100,0,100,"bu","14:15:34",14061100
12100,0,30000,"bu","14:15:34",14061000
12100,0,400,"bu","14:15:34",14031000
12100,0,1000,"bu","14:15:34",14030600
12100,0,1000,"bu","14:15:34",14029600
12100,0,100,"bu","14:15:34",14028600
12100,0,100,"bu","14:15:34",14028500
12100,0,5000,"bu","14:15:34",14028400
12100,0,1000,"bu","14:15:34",14023400
12100,0,2000,"bu","14:15:34",14022400
12100,0,1000,"bu","14:15:34",14020400
12100,0,100,"bu","14:15:34",14019400
12100,0,5000,"bu","14:15:34",14019300
12100,0,500,"bu","14:15:34",14014300
12100,0,600,"bu","14:15:34",14013800
12100,0,1000,"bu","14:15:34",14013200
12100,0,100,"bu","14:15:34",14012200
12100,0,7000,"bu","14:15:34",14012100
12100,0,10000,"bu","14:15:34",14005100
12100,0,400,"bu","14:15:34",13995100
12100,0,500,"bu","14:15:34",13994700
12100,0,900,"bu","14:15:34",13994200
12100,0,500,"bu","14:15:34",13993300
12100,0,36500,"bu","14:15:34",13992800
12100,0,35800,"bu","14:15:34",13956300
12100,0,2000,"bu","14:15:32",13920500
12050,-50,200,"sd","14:15:31",13918500
12050,-50,100,"sd","14:15:24",13918300
12050,-50,200,"sd","14:15:16",13918200
12050,-50,9800,"sd","14:15:16",13918000
12100,0,1000,"bu","14:15:14",13908200
12050,-50,200,"sd","14:15:07",13907200
12050,-50,100,"sd","14:15:00",13907000
12050,-50,200,"sd","14:14:51",13906900
12050,-50,1000,"sd","14:14:49",13906700
12050,-50,9800,"sd","14:14:48",13905700
12050,-50,4500,"sd","14:14:47",13895900
12050,-50,100,"sd","14:14:45",13891400
12050,-50,35500,"sd","14:14:44",13891300
12050,-50,2000,"sd","14:14:44",13855800
12050,-50,4500,"sd","14:14:44",13853800
12050,-50,800,"sd","14:14:44",13849300
12050,-50,1100,"sd","14:14:44",13848500
12050,-50,500,"sd","14:14:44",13847400
12050,-50,2000,"sd","14:14:44",13846900
12050,-50,3600,"sd","14:14:44",13844900
12050,-50,100,"sd","14:14:36",13841300
12050,-50,1000,"sd","14:14:31",13841200
12050,-50,100,"sd","14:14:21",13840200
12050,-50,1200,"sd","14:14:11",13840100
12050,-50,100,"sd","14:14:06",13838900
12100,0,700,"bu","14:13:53",13838800
12050,-50,200,"sd","14:13:50",13838100
12100,0,200,"bu","14:13:44",13837900
12100,0,200,"bu","14:13:44",13837700
12100,0,600,"bu","14:13:44",13837500
12100,0,600,"bu","14:13:44",13836900
12100,0,300,"bu","14:13:44",13836300
12100,0,300,"bu","14:13:44",13836000
12100,0,42000,"bu","14:13:44",13835700
12100,0,5000,"bu","14:13:44",13793700
12100,0,300,"bu","14:13:44",13788700
12100,0,10000,"bu","14:13:44",13788400
12100,0,400,"bu","14:13:44",13778400
12100,0,300,"bu","14:13:44",13778000
12100,0,1000,"bu","14:13:44",13777700
12100,0,100,"bu","14:13:44",13776700
12100,0,200,"bu","14:13:44",13776600
12100,0,700,"bu","14:13:44",13776400
12100,0,800,"bu","14:13:44",13775700
12100,0,900,"bu","14:13:44",13774900
12100,0,200,"bu","14:13:44",13774000
12100,0,100,"bu","14:13:44",13773800
12100,0,1300,"bu","14:13:44",13773700
12100,0,1000,"bu","14:13:44",13772400
12100,0,100,"bu","14:13:44",13771400
12100,0,500,"bu","14:13:44",13771300
12100,0,32800,"bu","14:13:44",13770800
12100,0,300,"bu","14:13:44",13738000
12100,0,1500,"bu","14:13:44",13737700
12100,0,200,"bu","14:13:44",13736200
12100,0,200,"bu","14:13:44",13736000
12100,0,500,"bu","14:13:44",13735800
12100,0,1000,"bu","14:13:44",13735300
12100,0,1000,"bu","14:13:44",13734300
12100,0,2800,"bu","14:13:44",13733300
12100,0,300,"bu","14:13:44",13730500
12100,0,500,"bu","14:13:44",13730200
12100,0,300,"bu","14:13:44",13729700
12100,0,36000,"bu","14:13:44",13729400
12100,0,32900,"bu","14:13:44",13693400
12100,0,100,"bu","14:13:44",13660500
12100,0,300,"bu","14:13:44",13660400
12050,-50,2700,"sd","14:13:36",13660100
12050,-50,1300,"sd","14:13:36",13657400
12050,-50,200,"sd","14:13:34",13656100
12100,0,200,"bu","14:13:32",13655900
12050,-50,200,"sd","14:13:18",13655700
12050,-50,300,"sd","14:13:17",13655500
12050,-50,1200,"sd","14:13:15",13655200
12050,-50,1000,"sd","14:13:15",13654000
12050,-50,1000,"sd","14:13:15",13653000
12050,-50,100,"sd","14:13:15",13652000
12050,-50,1700,"sd","14:13:15",13651900
12050,-50,5000,"sd","14:13:15",13650200
12100,0,300,"bu","14:13:07",13645200
12100,0,1000,"bu","14:13:07",13644900
12100,0,2500,"bu","14:13:07",13643900
12100,0,100,"bu","14:13:07",13641400
12100,0,500,"bu","14:13:07",13641300
12100,0,100,"bu","14:13:07",13640800
12050,-50,100,"sd","14:13:03",13640700
12050,-50,200,"sd","14:12:47",13640600
12100,0,2200,"bu","14:12:42",13640400
12100,0,100,"bu","14:12:42",13638200
12100,0,100,"bu","14:12:42",13638100
12100,0,100,"bu","14:12:42",13638000
12100,0,300,"bu","14:12:42",13637900
12100,0,8400,"bu","14:12:42",13637600
12100,0,1600,"bu","14:12:31",13629200
12100,0,1500,"bu","14:12:31",13627600
12100,0,500,"bu","14:12:31",13626100
12100,0,200,"bu","14:12:31",13625600
12100,0,2500,"bu","14:12:31",13625400
12050,-50,100,"sd","14:12:30",13622900
12050,-50,100,"sd","14:12:30",13622800
12050,-50,300,"sd","14:12:28",13622700
12100,0,2500,"bu","14:12:17",13622400
12100,0,100,"bu","14:12:17",13619900
12100,0,200,"bu","14:12:17",13619800
12100,0,1000,"bu","14:12:17",13619600
12100,0,5300,"bu","14:12:17",13618600
12050,-50,100,"sd","14:12:15",13613300
12050,-50,200,"bu","14:12:13",13613200
12050,-50,300,"bu","14:12:13",13613000
12050,-50,1000,"bu","14:12:13",13612700
12000,-100,500,"sd","14:12:06",13611700
12050,-50,1000,"bu","14:12:05",13611200
12050,-50,2000,"bu","14:12:04",13610200
12050,-50,9200,"bu","14:12:02",13608200
12050,-50,1700,"bu","14:12:00",13599000
12000,-100,100,"sd","14:12:00",13597300
12050,-50,500,"bu","14:11:54",13597200
12050,-50,700,"bu","14:11:49",13596700
12050,-50,100,"bu","14:11:47",13596000
12000,-100,300,"sd","14:11:46",13595900
12000,-100,100,"sd","14:11:45",13595600
12050,-50,9500,"bu","14:11:43",13595500
12050,-50,500,"bu","14:11:43",13586000
12050,-50,8900,"bu","14:11:40",13585500
12050,-50,35100,"sd","14:11:38",13576600
12050,-50,7100,"bu","14:11:38",13541500
12050,-50,36500,"bu","14:11:38",13534400
12050,-50,500,"bu","14:11:38",13497900
12050,-50,300,"bu","14:11:38",13497400
12050,-50,20500,"bu","14:11:38",13497100
12050,-50,14700,"bu","14:11:34",13476600
12000,-100,100,"sd","14:11:29",13461900
12050,-50,4900,"bu","14:11:27",13461800
12050,-50,8400,"bu","14:11:25",13456900
12050,-50,1000,"bu","14:11:25",13448500
12000,-100,100,"sd","14:11:14",13447500
12050,-50,100,"bu","14:11:11",13447400
12050,-50,8900,"bu","14:11:11",13447300
12050,-50,100,"bu","14:11:11",13438400
12050,-50,200,"bu","14:11:11",13438300
12050,-50,9400,"bu","14:11:00",13438100
12000,-100,200,"sd","14:10:58",13428700
12050,-50,900,"bu","14:10:45",13428500
12050,-50,100,"bu","14:10:45",13427600
12000,-100,100,"sd","14:10:44",13427500
12000,-100,200,"sd","14:10:44",13427400
12050,-50,300,"sd","14:10:28",13427200
12050,-50,500,"sd","14:10:28",13426900
12050,-50,1200,"sd","14:10:28",13426400
12050,-50,3800,"sd","14:10:26",13425200
12050,-50,100,"sd","14:10:26",13421400
12050,-50,100,"sd","14:10:26",13421300
12050,-50,300,"sd","14:10:17",13421200
12050,-50,100,"sd","14:10:14",13420900
12050,-50,100,"sd","14:10:06",13420800
12050,-50,200,"sd","14:09:58",13420700
12050,-50,200,"sd","14:09:57",13420500
12100,0,300,"bu","14:09:54",13420300
12050,-50,100,"sd","14:09:42",13420000
12050,-50,300,"bu","14:09:36",13419900
12050,-50,500,"bu","14:09:36",13419600
12050,-50,100,"bu","14:09:36",13419100
12050,-50,300,"bu","14:09:36",13419000
12050,-50,97700,"bu","14:09:36",13418700
12050,-50,2000,"bu","14:09:29",13321000
12000,-100,5000,"sd","14:09:29",13319000
12000,-100,100,"sd","14:09:27",13314000
12000,-100,100,"sd","14:09:11",13313900
12000,-100,1000,"sd","14:08:58",13313800
12000,-100,200,"sd","14:08:55",13312800
12050,-50,10300,"bu","14:08:52",13312600
12050,-50,300,"bu","14:08:52",13302300
12050,-50,500,"bu","14:08:52",13302000
12050,-50,100,"bu","14:08:52",13301500
12050,-50,11100,"bu","14:08:41",13301400
12050,-50,1300,"sd","14:08:40",13290300
12050,-50,1000,"sd","14:08:40",13289000
12050,-50,16300,"sd","14:08:40",13288000
12100,0,4900,"bu","14:08:36",13271700
12100,0,10600,"bu","14:08:26",13266800
12050,-50,100,"sd","14:08:25",13256200
12050,-50,5000,"sd","14:08:24",13256100
12050,-50,200,"bu","14:08:16",13251100
12050,-50,300,"bu","14:08:16",13250900
12050,-50,100,"bu","14:08:16",13250600
12050,-50,100,"bu","14:08:16",13250500
12050,-50,100,"bu","14:08:16",13250400
12050,-50,1000,"bu","14:08:16",13250300
12050,-50,25700,"bu","14:08:16",13249300
12050,-50,10000,"bu","14:08:16",13223600
12050,-50,1000,"bu","14:08:16",13213600
12050,-50,2000,"bu","14:08:16",13212600
12050,-50,5000,"bu","14:08:16",13210600
12050,-50,100,"bu","14:08:16",13205600
12050,-50,36000,"bu","14:08:16",13205500
12050,-50,1000,"bu","14:08:16",13169500
12050,-50,10000,"bu","14:08:16",13168500
12050,-50,5000,"bu","14:08:16",13158500
12050,-50,500,"bu","14:08:16",13153500
12050,-50,2000,"bu","14:08:16",13153000
12050,-50,5000,"bu","14:08:16",13151000
12050,-50,100,"bu","14:08:16",13146000
12050,-50,300,"bu","14:08:16",13145900
12050,-50,173100,"bu","14:08:16",13145600
12000,-100,100,"sd","14:08:15",12972500
12000,-100,30000,"sd","14:08:13",12972400
12050,-50,10000,"bu","14:08:12",12942400
12000,-100,100,"sd","14:08:09",12932400
12050,-50,1000,"bu","14:08:00",12932300
12000,-100,1000,"sd","14:07:57",12931300
12000,-100,200,"sd","14:07:55",12930300
12000,-100,200,"sd","14:07:53",12930100
12050,-50,8900,"bu","14:07:49",12929900
12000,-100,200,"sd","14:07:37",12921000
12050,-50,11100,"bu","14:07:33",12920800
12050,-50,4900,"bu","14:07:24",12909700
12000,-100,600,"sd","14:07:24",12904800
12000,-100,200,"sd","14:07:21",12904200
12000,-100,12800,"sd","14:07:20",12904000
12000,-100,17200,"sd","14:07:20",12891200
12000,-100,300,"sd","14:07:17",12874000
12000,-100,100,"sd","14:07:05",12873700
12000,-100,2800,"sd","14:07:04",12873600
12000,-100,5000,"sd","14:06:53",12870800
12000,-100,200,"sd","14:06:49",12865800
12000,-100,100,"sd","14:06:41",12865600
12000,-100,17800,"sd","14:06:36",12865500
12000,-100,200,"sd","14:06:33",12847700
12000,-100,300,"sd","14:06:33",12847500
12000,-100,100,"sd","14:06:31",12847200
12000,-100,500,"sd","14:06:28",12847100
12000,-100,300,"sd","14:06:23",12846600
12000,-100,100,"sd","14:06:17",12846300
12000,-100,1000,"bu","14:06:13",12846200
12000,-100,2000,"bu","14:06:13",12845200
12000,-100,500,"bu","14:06:13",12843200
12000,-100,100,"bu","14:06:13",12842700
12000,-100,500,"bu","14:06:13",12842600
12000,-100,2000,"bu","14:06:13",12842100
12000,-100,5000,"bu","14:06:13",12840100
12000,-100,1000,"bu","14:06:13",12835100
12000,-100,14800,"bu","14:06:13",12834100
12000,-100,48500,"bu","14:06:13",12819300
12000,-100,26900,"bu","14:06:13",12770800
12000,-100,5000,"bu","14:06:13",12743900
12000,-100,1000,"bu","14:06:13",12738900
12000,-100,2000,"bu","14:06:13",12737900
12000,-100,600,"bu","14:06:13",12735900
12000,-100,2000,"bu","14:06:13",12735300
12000,-100,300,"bu","14:06:13",12733300
12000,-100,14000,"bu","14:06:13",12733000
12000,-100,500,"bu","14:06:13",12719000
12000,-100,5400,"bu","14:06:13",12718500
12000,-100,500,"bu","14:06:13",12713100
12000,-100,9700,"bu","14:06:13",12712600
12000,-100,400,"bu","14:06:13",12702900
12000,-100,1000,"bu","14:06:13",12702500
12000,-100,300,"bu","14:06:13",12701500
12000,-100,5000,"bu","14:06:13",12701200
12000,-100,5000,"bu","14:06:13",12696200
11950,-150,1000,"sd","14:06:07",12691200
12000,-100,200,"bu","14:06:03",12690200
11950,-150,200,"sd","14:06:01",12690000
11950,-150,2000,"sd","14:05:56",12689800
11950,-150,200,"sd","14:05:47",12687800
11950,-150,100,"sd","14:05:45",12687600
11950,-150,200,"sd","14:05:29",12687500
11950,-150,200,"sd","14:05:13",12687300
11950,-150,300,"sd","14:05:03",12687100
11950,-150,100,"sd","14:04:58",12686800
11950,-150,6600,"sd","14:04:44",12686700
11950,-150,200,"sd","14:04:42",12680100
11950,-150,14700,"sd","14:04:40",12679900
11950,-150,9800,"sd","14:04:39",12665200
11950,-150,9100,"sd","14:04:30",12655400
11950,-150,14700,"sd","14:04:29",12646300
11950,-150,200,"sd","14:04:26",12631600
12000,-100,100,"bu","14:04:23",12631400
11950,-150,11200,"sd","14:04:20",12631300
11950,-150,300,"sd","14:04:18",12620100
11950,-150,14700,"sd","14:04:16",12619800
11950,-150,9800,"sd","14:04:14",12605100
11950,-150,100,"sd","14:04:10",12595300
12000,-100,200,"bu","14:04:09",12595200
11950,-150,11100,"sd","14:04:08",12595000
11950,-150,10000,"sd","14:04:00",12583900
11950,-150,200,"sd","14:03:55",12573900
11950,-150,2100,"sd","14:03:49",12573700
11950,-150,7100,"sd","14:03:49",12571600
11950,-150,14700,"sd","14:03:48",12564500
12000,-100,900,"bu","14:03:42",12549800
11950,-150,8200,"sd","14:03:40",12548900
11950,-150,1800,"sd","14:03:40",12540700
11950,-150,100,"sd","14:03:39",12538900
11950,-150,3100,"sd","14:03:39",12538800
11950,-150,700,"sd","14:03:39",12535700
11950,-150,1000,"sd","14:03:39",12535000
11950,-150,5000,"sd","14:03:39",12534000
11950,-150,100,"sd","14:03:33",12529000
11950,-150,100,"sd","14:03:33",12528900
11950,-150,100,"sd","14:03:33",12528800
11950,-150,1900,"sd","14:03:28",12528700
11950,-150,8000,"sd","14:03:28",12526800
11950,-150,4800,"sd","14:03:28",12518800
11950,-150,100,"sd","14:03:25",12514000
11950,-150,100,"sd","14:03:24",12513900
12000,-100,7000,"bu","14:03:20",12513800
12000,-100,1000,"bu","14:03:15",12506800
11950,-150,5000,"sd","14:03:08",12505800
11950,-150,1000,"sd","14:03:08",12500800
11950,-150,3800,"sd","14:03:08",12499800
11950,-150,200,"sd","14:03:08",12496000
11950,-150,100,"sd","14:02:53",12495800
12000,-100,200,"bu","14:02:48",12495700
12000,-100,500,"bu","14:02:47",12495500
12000,-100,500,"bu","14:02:46",12495000
12000,-100,100,"bu","14:02:45",12494500
12000,-100,100,"bu","14:02:43",12494400
12000,-100,800,"bu","14:02:41",12494300
12000,-100,100,"bu","14:02:38",12493500
11950,-150,100,"sd","14:02:37",12493400
12000,-100,3000,"bu","14:02:34",12493300
12000,-100,13000,"bu","14:02:33",12490300
12000,-100,100,"bu","14:02:33",12477300
12000,-100,1000,"bu","14:02:27",12477200
11950,-150,200,"sd","14:02:21",12476200
11950,-150,100,"sd","14:02:10",12476000
12000,-100,4500,"bu","14:02:08",12475900
11950,-150,100,"sd","14:02:06",12471400
12000,-100,4900,"bu","14:02:04",12471300
12000,-100,500,"sd","14:02:02",12466400
12000,-100,1600,"sd","14:02:02",12465900
12000,-100,1000,"sd","14:01:59",12464300
12000,-100,500,"sd","14:01:52",12463300
12000,-100,200,"sd","14:01:49",12462800
12000,-100,1700,"bu","14:01:48",12462600
12000,-100,1000,"sd","14:01:43",12460900
11950,-150,400,"sd","14:01:42",12459900
11950,-150,700,"sd","14:01:42",12459500
11950,-150,12500,"sd","14:01:42",12458800
12000,-100,100,"sd","14:01:42",12446300
12000,-100,500,"sd","14:01:42",12446200
12000,-100,500,"sd","14:01:42",12445700
12000,-100,2500,"sd","14:01:37",12445200
12000,-100,300,"sd","14:01:37",12442700
12000,-100,200,"sd","14:01:37",12442400
12000,-100,400,"sd","14:01:37",12442200
12000,-100,6400,"sd","14:01:37",12441800
12000,-100,100,"sd","14:01:34",12435400
12000,-100,8500,"sd","14:01:28",12435300
12000,-100,6200,"sd","14:01:28",12426800
12000,-100,100,"sd","14:01:22",12420600
12000,-100,100,"sd","14:01:20",12420500
12000,-100,300,"sd","14:01:19",12420400
12000,-100,100,"sd","14:01:18",12420100
12000,-100,3200,"sd","14:01:18",12420000
12000,-100,100,"sd","14:01:18",12416800
12000,-100,500,"sd","14:01:18",12416700
12000,-100,4700,"sd","14:01:18",12416200
12000,-100,100,"sd","14:01:18",12411500
12000,-100,200,"sd","14:01:18",12411400
12000,-100,1000,"sd","14:01:18",12411200
12000,-100,200,"sd","14:01:18",12410200
12000,-100,1500,"sd","14:01:15",12410000
12000,-100,100,"sd","14:01:15",12408500
12000,-100,3200,"sd","14:01:15",12408400
12000,-100,200,"sd","14:01:15",12405200
12000,-100,9700,"sd","14:01:15",12405000
12000,-100,4900,"sd","14:01:09",12395300
12000,-100,200,"sd","14:01:02",12390400
12000,-100,5000,"sd","14:01:00",12390200
12000,-100,14700,"sd","14:00:57",12385200
12000,-100,3100,"sd","14:00:53",12370500
12050,-50,100,"bu","14:00:51",12367400
12000,-100,11200,"sd","14:00:48",12367300
12000,-100,4900,"sd","14:00:46",12356100
12000,-100,200,"sd","14:00:46",12351200
12050,-50,500,"bu","14:00:42",12351000
12000,-100,14700,"sd","14:00:40",12350500
12000,-100,1000,"sd","14:00:40",12335800
12000,-100,10000,"sd","14:00:36",12334800
12000,-100,300,"sd","14:00:34",12324800
12000,-100,200,"sd","14:00:30",12324500
12000,-100,10300,"sd","14:00:27",12324300
12000,-100,9600,"sd","14:00:21",12314000
12000,-100,500,"sd","14:00:21",12304400
12000,-100,200,"sd","14:00:21",12303900
12000,-100,500,"sd","14:00:21",12303700
12000,-100,3900,"sd","14:00:21",12303200
12000,-100,2700,"sd","14:00:15",12299300
12000,-100,100,"sd","14:00:15",12296600
12000,-100,1600,"sd","14:00:12",12296500
12000,-100,9000,"sd","14:00:12",12294900
12000,-100,4600,"sd","14:00:04",12285900
12000,-100,14700,"sd","14:00:03",12281300
12000,-100,100,"sd","13:59:59",12266600
12000,-100,300,"sd","13:59:49",12266500
12000,-100,14700,"sd","13:59:48",12266200
12000,-100,1000,"sd","13:59:44",12251500
12000,-100,200,"sd","13:59:43",12250500
12000,-100,1000,"sd","13:59:36",12250300
12000,-100,100,"sd","13:59:28",12249300
12000,-100,300,"bu","13:59:25",12249200
12000,-100,4000,"bu","13:59:25",12248900
12000,-100,6000,"bu","13:59:22",12244900
12000,-100,5000,"bu","13:59:22",12238900
12000,-100,12100,"bu","13:59:22",12233900
12000,-100,26900,"bu","13:59:22",12221800
12000,-100,1000,"bu","13:59:20",12194900
12000,-100,100,"bu","13:59:15",12193900
11950,-150,100,"sd","13:59:12",12193800
12000,-100,5000,"bu","13:59:11",12193700
12000,-100,1000,"bu","13:59:10",12188700
12000,-100,2000,"bu","13:59:05",12187700
12000,-100,1000,"bu","13:59:04",12185700
12000,-100,2000,"bu","13:59:03",12184700
12000,-100,100,"bu","13:59:02",12182700
11950,-150,1900,"sd","13:58:58",12182600
11950,-150,200,"sd","13:58:56",12180700
12000,-100,10900,"bu","13:58:55",12180500
12000,-100,3000,"bu","13:58:55",12169600
12000,-100,300,"bu","13:58:55",12166600
12000,-100,4000,"bu","13:58:55",12166300
12000,-100,78000,"bu","13:58:55",12162300
12000,-100,10000,"bu","13:58:55",12084300
12000,-100,10000,"bu","13:58:55",12074300
12000,-100,50000,"bu","13:58:55",12064300
12000,-100,33800,"bu","13:58:55",12014300
12000,-100,1000,"bu","13:58:53",11980500
11950,-150,800,"sd","13:58:53",11979500
12000,-100,400,"bu","13:58:51",11978700
11950,-150,100,"sd","13:58:41",11978300
11950,-150,4400,"sd","13:58:35",11978200
11950,-150,100,"sd","13:58:35",11973800
11950,-150,400,"sd","13:58:35",11973700
11950,-150,100,"sd","13:58:24",11973300
11950,-150,100,"sd","13:58:24",11973200
11950,-150,200,"sd","13:58:19",11973100
11950,-150,100,"sd","13:58:19",11972900
11950,-150,100,"sd","13:58:09",11972800
11950,-150,300,"sd","13:58:08",11972700
11950,-150,200,"sd","13:58:08",11972400
11950,-150,500,"sd","13:58:08",11972200
11950,-150,2000,"sd","13:58:08",11971700
12000,-100,2200,"bu","13:58:05",11969700
11950,-150,40000,"sd","13:57:55",11967500
11950,-150,200,"sd","13:57:53",11927500
11950,-150,1000,"sd","13:57:53",11927300
11950,-150,2000,"sd","13:57:50",11926300
12000,-100,100,"bu","13:57:41",11924300
12000,-100,500,"bu","13:57:38",11924200
11950,-150,200,"sd","13:57:37",11923700
11950,-150,300,"bu","13:57:36",11923500
11950,-150,200,"bu","13:57:36",11923200
11950,-150,24600,"bu","13:57:36",11923000
11950,-150,3700,"bu","13:57:36",11898400
11950,-150,225800,"bu","13:57:36",11894700
11950,-150,400,"bu","13:57:35",11668900
11950,-150,1600,"bu","13:57:33",11668500
11950,-150,100,"bu","13:57:32",11666900
11950,-150,100,"bu","13:57:31",11666800
11950,-150,100,"bu","13:57:31",11666700
11950,-150,6100,"bu","13:57:31",11666600
11950,-150,100,"bu","13:57:31",11660500
11950,-150,2000,"bu","13:57:28",11660400
11950,-150,1000,"bu","13:57:27",11658400
11950,-150,500,"bu","13:57:23",11657400
11950,-150,200,"bu","13:57:23",11656900
11900,-200,100,"sd","13:57:22",11656700
11950,-150,500,"bu","13:57:20",11656600
11950,-150,100,"bu","13:57:17",11656100
11950,-150,1000,"bu","13:57:11",11656000
11950,-150,5000,"bu","13:57:08",11655000
11950,-150,200,"bu","13:57:07",11650000
11950,-150,5000,"bu","13:57:06",11649800
11900,-200,200,"sd","13:57:05",11644800
11950,-150,200,"bu","13:57:04",11644600
11900,-200,3700,"sd","13:57:01",11644400
11950,-150,500,"bu","13:56:59",11640700
11900,-200,300,"sd","13:56:57",11640200
11900,-200,100,"sd","13:56:50",11639900
11900,-200,200,"sd","13:56:49",11639800
11900,-200,4100,"sd","13:56:48",11639600
11900,-200,300,"sd","13:56:48",11635500
11900,-200,500,"sd","13:56:48",11635200
11900,-200,3000,"sd","13:56:48",11634700
11900,-200,200,"sd","13:56:48",11631700
11900,-200,200,"sd","13:56:48",11631500
11900,-200,2800,"sd","13:56:48",11631300
11900,-200,7200,"sd","13:56:46",11628500
11900,-200,100,"sd","13:56:46",11621300
11900,-200,200,"sd","13:56:46",11621200
11900,-200,700,"sd","13:56:46",11621000
11900,-200,6500,"sd","13:56:46",11620300
11900,-200,3500,"sd","13:56:40",11613800
11900,-200,200,"sd","13:56:40",11610300
11950,-150,20000,"bu","13:56:39",11610100
11950,-150,2000,"bu","13:56:36",11590100
11900,-200,300,"sd","13:56:35",11588100
11900,-200,1000,"sd","13:56:35",11587800
11900,-200,100,"sd","13:56:35",11586800
11900,-200,3000,"sd","13:56:35",11586700
11900,-200,100,"sd","13:56:35",11583700
11900,-200,1000,"sd","13:56:35",11583600
11900,-200,400,"sd","13:56:35",11582600
11900,-200,200,"sd","13:56:35",11582200
11900,-200,500,"sd","13:56:35",11582000
11900,-200,2000,"sd","13:56:35",11581500
11900,-200,200,"sd","13:56:35",11579500
11900,-200,1200,"sd","13:56:35",11579300
11900,-200,200,"sd","13:56:34",11578100
11900,-200,3600,"sd","13:56:33",11577900
11900,-200,10000,"sd","13:56:33",11574300
11900,-200,1100,"sd","13:56:33",11564300
11950,-150,2000,"bu","13:56:31",11563200
11950,-150,5000,"bu","13:56:30",11561200
11900,-200,3900,"sd","13:56:24",11556200
11900,-200,300,"sd","13:56:24",11552300
11900,-200,2000,"sd","13:56:24",11552000
11900,-200,1000,"sd","13:56:24",11550000
11900,-200,4000,"sd","13:56:24",11549000
11950,-150,400,"bu","13:56:20",11545000
11900,-200,1000,"sd","13:56:19",11544600
11900,-200,700,"sd","13:56:19",11543600
11900,-200,1000,"sd","13:56:19",11542900
11900,-200,1000,"sd","13:56:19",11541900
11900,-200,5000,"sd","13:56:19",11540900
11900,-200,200,"sd","13:56:19",11535900
11900,-200,6200,"sd","13:56:19",11535700
11900,-200,300,"sd","13:56:19",11529500
11900,-200,2000,"sd","13:56:19",11529200
11900,-200,1000,"sd","13:56:19",11527200
11900,-200,200,"sd","13:56:18",11526200
11900,-200,4900,"sd","13:56:16",11526000
11900,-200,8300,"sd","13:56:15",11521100
11950,-150,2900,"bu","13:56:12",11512800
11900,-200,400,"sd","13:56:12",11509900
11900,-200,500,"sd","13:56:12",11509500
11900,-200,500,"sd","13:56:12",11509000
11900,-200,8600,"sd","13:56:12",11508500
11900,-200,300,"sd","13:56:04",11499900
11900,-200,8800,"sd","13:56:03",11499600
11900,-200,3300,"sd","13:56:02",11490800
11900,-200,500,"sd","13:56:02",11487500
11900,-200,100,"sd","13:56:02",11487000
11900,-200,600,"sd","13:56:02",11486900
11900,-200,300,"sd","13:56:02",11486300
11900,-200,3000,"sd","13:56:02",11486000
11900,-200,100,"sd","13:56:02",11483000
11900,-200,2000,"sd","13:56:02",11482900
11900,-200,100,"sd","13:56:02",11480900
11900,-200,900,"sd","13:56:02",11480800
11900,-200,500,"sd","13:56:02",11479900
11900,-200,3300,"sd","13:56:02",11479400
11900,-200,200,"sd","13:56:02",11476100
11950,-150,500,"bu","13:56:01",11475900
11950,-150,1300,"sd","13:55:58",11475400
11950,-150,300,"sd","13:55:58",11474100
11950,-150,1000,"sd","13:55:58",11473800
11950,-150,200,"sd","13:55:58",11472800
11950,-150,100,"sd","13:55:58",11472600
11950,-150,200,"sd","13:55:58",11472500
11950,-150,100,"sd","13:55:58",11472300
11950,-150,100,"sd","13:55:58",11472200
11950,-150,800,"sd","13:55:58",11472100
11950,-150,10000,"sd","13:55:58",11471300
11950,-150,100,"sd","13:55:58",11461300
11950,-150,100,"sd","13:55:58",11461200
11950,-150,100,"sd","13:55:58",11461100
11950,-150,100,"sd","13:55:58",11461000
11950,-150,100,"sd","13:55:58",11460900
11950,-150,100,"sd","13:55:58",11460800
11950,-150,200,"sd","13:55:58",11460700
11950,-150,2100,"sd","13:55:58",11460500
11950,-150,200,"sd","13:55:58",11458400
11950,-150,600,"sd","13:55:58",11458200
11950,-150,200,"sd","13:55:58",11457600
11950,-150,1100,"sd","13:55:58",11457400
11950,-150,500,"sd","13:55:58",11456300
11950,-150,700,"sd","13:55:58",11455800
11950,-150,1800,"sd","13:55:58",11455100
11950,-150,100,"sd","13:55:58",11453300
11950,-150,4500,"sd","13:55:58",11453200
11950,-150,100,"sd","13:55:58",11448700
11950,-150,2400,"sd","13:55:58",11448600
11950,-150,5100,"sd","13:55:58",11446200
11950,-150,500,"sd","13:55:58",11441100
11950,-150,500,"sd","13:55:58",11440600
11950,-150,500,"sd","13:55:58",11440100
11950,-150,10000,"sd","13:55:58",11439600
11950,-150,800,"sd","13:55:58",11429600
11950,-150,2300,"sd","13:55:58",11428800
11950,-150,100,"sd","13:55:58",11426500
11950,-150,2000,"sd","13:55:58",11426400
11950,-150,100,"sd","13:55:58",11424400
11950,-150,10000,"sd","13:55:58",11424300
11950,-150,2000,"sd","13:55:58",11414300
11950,-150,50000,"sd","13:55:58",11412300
11950,-150,300,"sd","13:55:58",11362300
11950,-150,200,"sd","13:55:58",11362000
11950,-150,1600,"sd","13:55:58",11361800
11950,-150,100,"sd","13:55:58",11360200
11950,-150,200,"sd","13:55:58",11360100
11950,-150,1200,"sd","13:55:58",11359900
11950,-150,100,"sd","13:55:58",11358700
11950,-150,100,"sd","13:55:58",11358600
11950,-150,1200,"sd","13:55:58",11358500
11950,-150,10100,"sd","13:55:58",11357300
11950,-150,1500,"sd","13:55:58",11347200
11950,-150,100,"sd","13:55:58",11345700
11950,-150,1000,"sd","13:55:58",11345600
11950,-150,1200,"sd","13:55:58",11344600
11950,-150,1000,"sd","13:55:58",11343400
11950,-150,3000,"sd","13:55:58",11342400
11950,-150,1000,"sd","13:55:58",11339400
11950,-150,200,"sd","13:55:58",11338400
11950,-150,400,"sd","13:55:58",11338200
11950,-150,100,"sd","13:55:58",11337800
11950,-150,1000,"sd","13:55:58",11337700
11950,-150,2100,"sd","13:55:58",11336700
11950,-150,100,"sd","13:55:58",11334600
11950,-150,600,"sd","13:55:58",11334500
11950,-150,10000,"sd","13:55:58",11333900
11950,-150,300,"sd","13:55:58",11323900
11950,-150,1000,"sd","13:55:58",11323600
11950,-150,100,"sd","13:55:58",11322600
11950,-150,1000,"sd","13:55:58",11322500
11950,-150,1000,"sd","13:55:58",11321500
11950,-150,400,"sd","13:55:58",11320500
11950,-150,100,"sd","13:55:58",11320100
11950,-150,23000,"sd","13:55:58",11320000
11950,-150,1000,"sd","13:55:58",11297000
11950,-150,100,"sd","13:55:58",11296000
11950,-150,200,"sd","13:55:58",11295900
11950,-150,20000,"sd","13:55:58",11295700
11950,-150,100,"sd","13:55:58",11275700
11950,-150,100,"sd","13:55:58",11275600
11950,-150,1000,"sd","13:55:58",11275500
11950,-150,500,"sd","13:55:58",11274500
11950,-150,10000,"sd","13:55:58",11274000
11950,-150,500,"sd","13:55:58",11264000
11950,-150,500,"sd","13:55:58",11263500
11950,-150,1000,"sd","13:55:56",11263000
11950,-150,1000,"sd","13:55:56",11262000
11950,-150,400,"sd","13:55:56",11261000
11950,-150,100,"sd","13:55:56",11260600
11950,-150,100,"sd","13:55:56",11260500
11950,-150,5000,"sd","13:55:56",11260400
11950,-150,1000,"sd","13:55:56",11255400
11950,-150,100,"sd","13:55:56",11254400
11950,-150,200,"sd","13:55:56",11254300
11950,-150,900,"sd","13:55:56",11254100
11950,-150,100,"sd","13:55:48",11253200
11950,-150,10000,"sd","13:55:48",11253100
11950,-150,500,"sd","13:55:48",11243100
11950,-150,100,"sd","13:55:48",11242600
11950,-150,1000,"sd","13:55:48",11242500
11950,-150,1000,"sd","13:55:48",11241500
11950,-150,100,"sd","13:55:48",11240500
12000,-100,1900,"sd","13:55:48",11240400
12000,-100,100,"sd","13:55:47",11238500
11950,-150,100,"sd","13:55:40",11238400
11950,-150,500,"sd","13:55:40",11238300
11950,-150,1200,"sd","13:55:40",11237800
11950,-150,200,"sd","13:55:40",11236600
11950,-150,300,"sd","13:55:40",11236400
11950,-150,100,"sd","13:55:40",11236100
11950,-150,300,"sd","13:55:40",11236000
11950,-150,1000,"sd","13:55:40",11235700
12000,-100,200,"bu","13:55:39",11234700
12000,-100,500,"bu","13:55:39",11234500
12000,-100,35800,"bu","13:55:39",11234000
12000,-100,38000,"bu","13:55:39",11198200
12000,-100,13500,"bu","13:55:39",11160200
12000,-100,5000,"bu","13:55:39",11146700
12000,-100,1000,"bu","13:55:39",11141700
12000,-100,1500,"bu","13:55:36",11140700
12000,-100,1000,"bu","13:55:36",11139200
12000,-100,17500,"bu","13:55:36",11138200
11950,-150,2700,"sd","13:55:34",11120700
11950,-150,5000,"sd","13:55:34",11118000
11950,-150,100,"sd","13:55:34",11113000
11950,-150,200,"sd","13:55:34",11112900
11950,-150,500,"sd","13:55:34",11112700
11950,-150,2000,"sd","13:55:34",11112200
11950,-150,1000,"sd","13:55:34",11110200
11950,-150,1000,"sd","13:55:34",11109200
11950,-150,2200,"sd","13:55:34",11108200
11950,-150,7800,"sd","13:55:34",11106000
11950,-150,2000,"sd","13:55:34",11098200
11950,-150,200,"sd","13:55:31",11096200
11950,-150,7800,"sd","13:55:27",11096000
11950,-150,2200,"sd","13:55:27",11088200
11950,-150,14700,"sd","13:55:20",11086000
11950,-150,300,"sd","13:55:20",11071300
11950,-150,2800,"sd","13:55:18",11071000
11950,-150,200,"sd","13:55:18",11068200
11950,-150,700,"sd","13:55:18",11068000
11950,-150,100,"sd","13:55:15",11067300
11950,-150,900,"sd","13:55:15",11067200
11950,-150,100,"sd","13:55:15",11066300
11950,-150,500,"sd","13:55:15",11066200
11950,-150,1000,"sd","13:55:15",11065700
11950,-150,2000,"sd","13:55:15",11064700
11950,-150,100,"sd","13:55:15",11062700
11950,-150,100,"sd","13:55:15",11062600
11950,-150,100,"sd","13:55:15",11062500
11950,-150,2000,"sd","13:55:15",11062400
11950,-150,200,"sd","13:55:15",11060400
11950,-150,200,"sd","13:55:15",11060200
11950,-150,1000,"sd","13:55:15",11060000
11950,-150,100,"sd","13:55:15",11059000
11950,-150,100,"sd","13:55:15",11058900
11950,-150,200,"sd","13:55:15",11058800
11950,-150,100,"sd","13:55:15",11058600
11950,-150,1100,"sd","13:55:15",11058500
12000,-100,2300,"bu","13:55:15",11057400
11950,-150,8300,"sd","13:55:07",11055100
11950,-150,1500,"sd","13:55:07",11046800
11950,-150,500,"sd","13:55:07",11045300
11950,-150,600,"sd","13:55:07",11044800
11950,-150,1000,"sd","13:55:07",11044200
11950,-150,100,"sd","13:55:07",11043200
11950,-150,100,"sd","13:55:07",11043100
11950,-150,300,"sd","13:55:07",11043000
11950,-150,4000,"sd","13:55:07",11042700
11950,-150,100,"sd","13:55:07",11038700
11950,-150,6000,"sd","13:55:07",11038600
11950,-150,500,"sd","13:55:07",11032600
11950,-150,100,"sd","13:55:00",11032100
11950,-150,3700,"sd","13:55:00",11032000
11950,-150,10300,"sd","13:54:57",11028300
12000,-100,500,"bu","13:54:56",11018000
12000,-100,1000,"bu","13:54:54",11017500
11950,-150,100,"sd","13:54:51",11016500
11950,-150,200,"sd","13:54:51",11016400
11950,-150,100,"sd","13:54:51",11016200
11950,-150,1000,"sd","13:54:51",11016100
11950,-150,800,"sd","13:54:51",11015100
11950,-150,100,"sd","13:54:51",11014300
11950,-150,1900,"sd","13:54:51",11014200
11950,-150,200,"sd","13:54:51",11012300
11950,-150,300,"sd","13:54:51",11012100
11950,-150,100,"sd","13:54:51",11011800
11950,-150,200,"sd","13:54:51",11011700
11950,-150,500,"sd","13:54:51",11011500
11950,-150,1500,"sd","13:54:51",11011000
11950,-150,2000,"sd","13:54:51",11009500
11950,-150,100,"sd","13:54:51",11007500
11950,-150,600,"sd","13:54:51",11007400
11950,-150,200,"sd","13:54:51",11006800
11950,-150,100,"sd","13:54:51",11006600
11950,-150,100,"sd","13:54:51",11006500
11950,-150,500,"sd","13:54:51",11006400
11950,-150,100,"sd","13:54:51",11005900
11950,-150,400,"sd","13:54:51",11005800
11950,-150,200,"sd","13:54:51",11005400
11950,-150,200,"sd","13:54:51",11005200
11950,-150,200,"sd","13:54:51",11005000
11950,-150,200,"sd","13:54:51",11004800
11950,-150,100,"sd","13:54:51",11004600
11950,-150,100,"sd","13:54:51",11004500
11950,-150,100,"sd","13:54:51",11004400
11950,-150,2000,"sd","13:54:51",11004300
11950,-150,500,"sd","13:54:51",11002300
12000,-100,1000,"bu","13:54:50",11001800
11950,-150,400,"sd","13:54:48",11000800
11950,-150,500,"sd","13:54:48",11000400
11950,-150,5000,"sd","13:54:48",10999900
11950,-150,300,"sd","13:54:48",10994900
11950,-150,100,"sd","13:54:48",10994600
11950,-150,4300,"sd","13:54:48",10994500
11950,-150,700,"sd","13:54:45",10990200
11950,-150,1500,"sd","13:54:45",10989500
11950,-150,4100,"sd","13:54:45",10988000
11950,-150,2100,"sd","13:54:45",10983900
11950,-150,600,"sd","13:54:45",10981800
11950,-150,100,"sd","13:54:45",10981200
11950,-150,100,"sd","13:54:45",10981100
11950,-150,100,"sd","13:54:45",10981000
11950,-150,500,"sd","13:54:45",10980900
11950,-150,100,"sd","13:54:44",10980400
12000,-100,100,"sd","13:54:40",10980300
12000,-100,2000,"sd","13:54:40",10980200
12000,-100,200,"sd","13:54:40",10978200
12000,-100,5100,"sd","13:54:40",10978000
12000,-100,200,"sd","13:54:40",10972900
12000,-100,1200,"sd","13:54:40",10972700
12000,-100,1100,"sd","13:54:40",10971500
12000,-100,400,"sd","13:54:40",10970400
12000,-100,100,"sd","13:54:40",10970000
12000,-100,1000,"sd","13:54:40",10969900
12000,-100,500,"sd","13:54:40",10968900
12000,-100,2000,"sd","13:54:40",10968400
12000,-100,200,"sd","13:54:40",10966400
12000,-100,200,"sd","13:54:40",10966200
12000,-100,100,"sd","13:54:40",10966000
12000,-100,1500,"sd","13:54:40",10965900
12000,-100,100,"sd","13:54:40",10964400
12000,-100,500,"sd","13:54:40",10964300
12000,-100,200,"sd","13:54:40",10963800
12000,-100,200,"sd","13:54:40",10963600
12000,-100,300,"sd","13:54:40",10963400
12000,-100,1500,"sd","13:54:40",10963100
12000,-100,100,"sd","13:54:40",10961600
12000,-100,10000,"sd","13:54:40",10961500
12000,-100,3000,"sd","13:54:40",10951500
12000,-100,500,"sd","13:54:40",10948500
12000,-100,500,"sd","13:54:40",10948000
12000,-100,100,"sd","13:54:40",10947500
12000,-100,600,"sd","13:54:40",10947400
12000,-100,300,"sd","13:54:40",10946800
12000,-100,200,"sd","13:54:40",10946500
12000,-100,200,"sd","13:54:40",10946300
12000,-100,4200,"sd","13:54:40",10946100
12000,-100,10100,"sd","13:54:40",10941900
12000,-100,1500,"sd","13:54:40",10931800
12000,-100,8600,"sd","13:54:40",10930300
12000,-100,2000,"sd","13:54:40",10921700
12000,-100,5400,"sd","13:54:40",10919700
12000,-100,100,"sd","13:54:40",10914300
12000,-100,1100,"sd","13:54:40",10914200
12000,-100,1100,"sd","13:54:40",10913100
12000,-100,100,"sd","13:54:40",10912000
12000,-100,500,"sd","13:54:40",10911900
12000,-100,2000,"sd","13:54:40",10911400
12000,-100,100000,"sd","13:54:40",10909400
12000,-100,2400,"sd","13:54:40",10809400
12000,-100,100,"sd","13:54:40",10807000
12000,-100,15100,"sd","13:54:40",10806900
12000,-100,3100,"sd","13:54:40",10791800
12000,-100,900,"sd","13:54:40",10788700
12000,-100,1100,"sd","13:54:40",10787800
12000,-100,2000,"sd","13:54:40",10786700
12000,-100,101300,"sd","13:54:40",10784700
12000,-100,300,"sd","13:54:40",10683400
12000,-100,1500,"sd","13:54:40",10683100
12000,-100,100,"sd","13:54:40",10681600
12000,-100,10400,"sd","13:54:40",10681500
12000,-100,500,"sd","13:54:40",10671100
12000,-100,200,"sd","13:54:40",10670600
12000,-100,200,"sd","13:54:40",10670400
12000,-100,23200,"sd","13:54:40",10670200
12000,-100,100,"sd","13:54:40",10647000
12000,-100,1100,"sd","13:54:40",10646900
12000,-100,8400,"sd","13:54:40",10645800
12000,-100,500,"sd","13:54:40",10637400
12000,-100,2800,"sd","13:54:40",10636900
12000,-100,500,"sd","13:54:40",10634100
12000,-100,600,"sd","13:54:40",10633600
12000,-100,1100,"sd","13:54:40",10633000
12000,-100,1100,"sd","13:54:40",10631900
12000,-100,29200,"sd","13:54:40",10630800
12000,-100,100,"sd","13:54:40",10601600
12000,-100,1000,"sd","13:54:40",10601500
12000,-100,3600,"sd","13:54:40",10600500
12000,-100,100,"sd","13:54:40",10596900
12000,-100,300,"sd","13:54:40",10596800
12000,-100,100,"sd","13:54:40",10596500
12000,-100,20100,"sd","13:54:40",10596400
12000,-100,500,"sd","13:54:40",10576300
12000,-100,100,"sd","13:54:40",10575800
12000,-100,5000,"sd","13:54:40",10575700
12000,-100,2000,"sd","13:54:40",10570700
12000,-100,600,"sd","13:54:40",10568700
12000,-100,2000,"sd","13:54:40",10568100
12000,-100,200,"sd","13:54:40",10566100
12000,-100,500,"sd","13:54:40",10565900
12000,-100,200,"sd","13:54:40",10565400
12000,-100,900,"sd","13:54:40",10565200
12000,-100,100,"sd","13:54:40",10564300
12000,-100,200,"sd","13:54:40",10564200
12000,-100,2000,"sd","13:54:40",10564000
12000,-100,200,"sd","13:54:40",10562000
12000,-100,100,"sd","13:54:40",10561800
12000,-100,5100,"sd","13:54:40",10561700
12000,-100,200,"sd","13:54:40",10556600
12000,-100,1000,"sd","13:54:40",10556400
12000,-100,800,"sd","13:54:40",10555400
12000,-100,2000,"sd","13:54:40",10554600
12000,-100,200,"sd","13:54:40",10552600
12000,-100,5000,"sd","13:54:40",10552400
12000,-100,3000,"sd","13:54:40",10547400
12000,-100,2500,"sd","13:54:40",10544400
12000,-100,20000,"sd","13:54:40",10541900
12000,-100,100,"sd","13:54:40",10521900
12000,-100,200,"sd","13:54:40",10521800
12000,-100,1000,"sd","13:54:40",10521600
12000,-100,100,"sd","13:54:40",10520600
12000,-100,500,"sd","13:54:40",10520500
12000,-100,14800,"sd","13:54:40",10520000
12000,-100,200,"sd","13:54:40",10505200
12000,-100,1000,"sd","13:54:40",10505000
12000,-100,900,"sd","13:54:40",10504000
12000,-100,500,"sd","13:54:40",10503100
12000,-100,3700,"sd","13:54:38",10502600
12000,-100,11100,"sd","13:54:37",10498900
12000,-100,14700,"sd","13:54:36",10487800
12000,-100,300,"sd","13:54:34",10473100
12000,-100,5900,"sd","13:54:31",10472800
12000,-100,1000,"sd","13:54:31",10466900
12000,-100,100,"sd","13:54:31",10465900
12000,-100,100,"sd","13:54:29",10465800
12000,-100,1300,"sd","13:54:28",10465700
12000,-100,1000,"sd","13:54:28",10464400
12000,-100,700,"sd","13:54:28",10463400
12000,-100,6500,"sd","13:54:28",10462700
12000,-100,2500,"sd","13:54:27",10456200
12000,-100,200,"sd","13:54:27",10453700
12000,-100,200,"sd","13:54:27",10453500
12000,-100,100,"sd","13:54:27",10453300
12000,-100,6800,"sd","13:54:27",10453200
12000,-100,3200,"sd","13:54:20",10446400
12000,-100,500,"sd","13:54:20",10443200
12000,-100,500,"sd","13:54:20",10442700
12000,-100,100,"sd","13:54:20",10442200
12000,-100,4000,"sd","13:54:20",10442100
12000,-100,600,"sd","13:54:20",10438100
12000,-100,500,"sd","13:54:20",10437500
12000,-100,500,"sd","13:54:20",10437000
12000,-100,4800,"sd","13:54:20",10436500
12000,-100,5200,"sd","13:54:19",10431700
12000,-100,300,"sd","13:54:19",10426500
12000,-100,300,"sd","13:54:19",10426200
12000,-100,200,"sd","13:54:19",10425900
12000,-100,1000,"sd","13:54:19",10425700
12000,-100,1200,"sd","13:54:19",10424700
12000,-100,500,"sd","13:54:19",10423500
12000,-100,100,"sd","13:54:19",10423000
12000,-100,900,"sd","13:54:18",10422900
12000,-100,500,"sd","13:54:18",10422000
12000,-100,2300,"sd","13:54:18",10421500
12000,-100,200,"sd","13:54:13",10419200
12000,-100,10500,"sd","13:54:07",10419000
12000,-100,700,"sd","13:54:07",10408500
12000,-100,1000,"sd","13:54:07",10407800
12000,-100,3000,"sd","13:54:07",10406800
12000,-100,300,"sd","13:54:07",10403800
12000,-100,300,"sd","13:54:07",10403500
12000,-100,5000,"sd","13:54:07",10403200
12000,-100,200,"sd","13:54:07",10398200
12000,-100,200,"sd","13:54:01",10398000
12000,-100,100,"sd","13:54:01",10397800
12000,-100,400,"sd","13:54:01",10397700
12000,-100,500,"sd","13:54:01",10397300
12000,-100,400,"sd","13:54:01",10396800
12000,-100,3000,"sd","13:54:01",10396400
12000,-100,200,"sd","13:54:01",10393400
12000,-100,4000,"sd","13:54:01",10393200
12000,-100,500,"sd","13:54:01",10389200
12000,-100,100,"sd","13:54:01",10388700
12000,-100,5300,"sd","13:54:01",10388600
12000,-100,3100,"sd","13:53:58",10383300
12000,-100,8100,"sd","13:53:58",10380200
12050,-50,2600,"bu","13:53:58",10372100
12000,-100,1900,"sd","13:53:57",10369500
12000,-100,100,"sd","13:53:57",10367600
12000,-100,1700,"sd","13:53:57",10367500
12000,-100,100,"sd","13:53:57",10365800
12050,-50,500,"bu","13:53:54",10365700
12000,-100,1000,"sd","13:53:51",10365200
12000,-100,10500,"sd","13:53:49",10364200
12050,-50,4200,"bu","13:53:46",10353700
12000,-100,9800,"sd","13:53:44",10349500
12000,-100,9800,"sd","13:53:44",10339700
12000,-100,200,"sd","13:53:41",10329900
12000,-100,11200,"sd","13:53:39",10329700
12000,-100,200,"sd","13:53:25",10318500
12050,-50,1000,"bu","13:53:22",10318300
12050,-50,200,"sd","13:53:12",10317300
12050,-50,500,"sd","13:53:12",10317100
12050,-50,500,"sd","13:53:12",10316600
12050,-50,500,"sd","13:53:12",10316100
12050,-50,200,"sd","13:53:12",10315600
12050,-50,500,"sd","13:53:12",10315400
12050,-50,2000,"sd","13:53:12",10314900
12050,-50,500,"sd","13:53:12",10312900
12050,-50,2000,"sd","13:53:12",10312400
12050,-50,100,"sd","13:53:12",10310400
12050,-50,2000,"sd","13:53:12",10310300
12050,-50,300,"sd","13:53:12",10308300
12050,-50,2000,"sd","13:53:12",10308000
12050,-50,33900,"sd","13:53:12",10306000
12050,-50,1000,"sd","13:53:12",10272100
12050,-50,100,"sd","13:53:12",10271100
12050,-50,3000,"sd","13:53:12",10271000
12050,-50,1000,"sd","13:53:12",10268000
12050,-50,200,"sd","13:53:12",10267000
12050,-50,50000,"sd","13:53:12",10266800
12050,-50,200,"sd","13:53:12",10216800
12050,-50,100,"sd","13:53:12",10216600
12050,-50,200,"sd","13:53:12",10216500
12050,-50,1000,"sd","13:53:12",10216300
12050,-50,500,"sd","13:53:12",10215300
12050,-50,300,"sd","13:53:12",10214800
12050,-50,1000,"sd","13:53:12",10214500
12050,-50,2000,"sd","13:53:12",10213500
12050,-50,100,"sd","13:53:12",10211500
12050,-50,1000,"sd","13:53:12",10211400
12050,-50,9300,"sd","13:53:12",10210400
12050,-50,200,"sd","13:53:12",10201100
12050,-50,900,"sd","13:53:12",10200900
12050,-50,1000,"sd","13:53:12",10200000
12050,-50,5000,"sd","13:53:12",10199000
12050,-50,100,"sd","13:53:12",10194000
12050,-50,100,"sd","13:53:12",10193900
12050,-50,100,"sd","13:53:12",10193800
12050,-50,8300,"sd","13:53:12",10193700
12050,-50,15000,"sd","13:53:12",10185400
12050,-50,100,"sd","13:53:12",10170400
12050,-50,1100,"sd","13:53:12",10170300
12050,-50,200,"sd","13:53:12",10169200
12050,-50,5000,"sd","13:53:12",10169000
12050,-50,300,"sd","13:53:12",10164000
12050,-50,100,"sd","13:53:12",10163700
12050,-50,100,"sd","13:53:12",10163600
12050,-50,128300,"sd","13:53:12",10163500
12050,-50,5000,"sd","13:53:12",10035200
12050,-50,100,"sd","13:53:10",10030200
12100,0,200,"bu","13:53:10",10030100
12050,-50,300,"sd","13:53:04",10029900
12050,-50,200,"sd","13:53:01",10029600
12050,-50,200,"sd","13:52:54",10029400
12050,-50,100,"sd","13:52:44",10029200
12100,0,400,"bu","13:52:41",10029100
12050,-50,100,"sd","13:52:39",10028700
12100,0,100,"bu","13:52:38",10028600
12100,0,600,"bu","13:52:33",10028500
12100,0,500,"bu","13:52:32",10027900
12050,-50,200,"sd","13:52:23",10027400
12100,0,100,"bu","13:52:10",10027200
12050,-50,100,"sd","13:52:07",10027100
12050,-50,200,"sd","13:51:51",10027000
12100,0,13800,"bu","13:51:51",10026800
12100,0,2000,"bu","13:51:51",10013000
12100,0,200,"bu","13:51:51",10011000
12100,0,20000,"bu","13:51:51",10010800
12100,0,10000,"bu","13:51:51",9990800
12100,0,2500,"bu","13:51:51",9980800
12100,0,1500,"bu","13:51:51",9978300
12100,0,1200,"bu","13:51:39",9976800
12100,0,500,"bu","13:51:39",9975600
12100,0,200,"bu","13:51:39",9975100
12100,0,100,"bu","13:51:39",9974900
12050,-50,100,"sd","13:51:36",9974800
12050,-50,300,"sd","13:51:34",9974700
12050,-50,5000,"sd","13:51:33",9974400
12050,-50,100,"sd","13:51:20",9969400
12100,0,300,"bu","13:51:08",9969300
12100,0,100,"bu","13:51:08",9969000
12100,0,800,"bu","13:51:07",9968900
12100,0,100,"bu","13:51:07",9968100
12100,0,100,"bu","13:51:07",9968000
12050,-50,100,"sd","13:51:04",9967900
12050,-50,300,"sd","13:50:49",9967800
12050,-50,100,"sd","13:50:49",9967500
12100,0,800,"bu","13:50:49",9967400
12100,0,100,"bu","13:50:46",9966600
12100,0,900,"bu","13:50:46",9966500
12100,0,200,"bu","13:50:44",9965600
12050,-50,300,"sd","13:50:43",9965400
12050,-50,100,"sd","13:50:35",9965100
12050,-50,100,"sd","13:50:33",9965000
12100,0,1000,"bu","13:50:20",9964900
12100,0,400,"bu","13:50:17",9963900
12100,0,200,"bu","13:50:17",9963500
12100,0,900,"bu","13:50:17",9963300
12050,-50,200,"sd","13:50:17",9962400
12100,0,3000,"bu","13:50:10",9962200
12100,0,15000,"bu","13:50:02",9959200
12050,-50,100,"sd","13:50:01",9944200
12100,0,3100,"bu","13:49:57",9944100
12050,-50,1000,"sd","13:49:49",9941000
12050,-50,100,"sd","13:49:46",9940000
12100,0,1900,"bu","13:49:34",9939900
12100,0,100,"bu","13:49:30",9938000
12050,-50,200,"sd","13:49:30",9937900
12050,-50,100,"sd","13:49:27",9937700
12050,-50,300,"sd","13:49:20",9937600
12050,-50,3000,"sd","13:49:17",9937300
12100,0,14800,"bu","13:49:16",9934300
12050,-50,100,"sd","13:49:15",9919500
12100,0,100,"bu","13:49:12",9919400
12100,0,100,"bu","13:49:09",9919300
12050,-50,300,"sd","13:49:00",9919200
12050,-50,100,"sd","13:48:59",9918900
12100,0,200,"bu","13:48:58",9918800
12050,-50,100,"sd","13:48:43",9918600
12100,0,100,"bu","13:48:43",9918500
12100,0,10700,"bu","13:48:39",9918400
12100,0,15000,"bu","13:48:39",9907700
12100,0,300,"bu","13:48:39",9892700
12100,0,5000,"bu","13:48:39",9892400
12100,0,1000,"bu","13:48:39",9887400
12100,0,300,"bu","13:48:39",9886400
12100,0,17700,"bu","13:48:39",9886100
12100,0,100,"bu","13:48:38",9868400
12050,-50,300,"sd","13:48:35",9868300
12050,-50,100,"sd","13:48:28",9868000
12050,-50,3700,"sd","13:48:24",9867900
12100,0,100,"bu","13:48:20",9864200
12050,-50,9800,"sd","13:48:18",9864100
12050,-50,200,"sd","13:48:12",9854300
12050,-50,3700,"sd","13:48:04",9854100
12100,0,10000,"bu","13:48:04",9850400
12100,0,1000,"bu","13:48:01",9840400
12050,-50,100,"sd","13:47:56",9839400
12100,0,400,"bu","13:47:55",9839300
12050,-50,9800,"sd","13:47:51",9838900
12050,-50,300,"sd","13:47:50",9829100
12050,-50,200,"sd","13:47:40",9828800
12100,0,5000,"bu","13:47:26",9828600
12050,-50,200,"sd","13:47:24",9823600
12050,-50,9800,"sd","13:47:21",9823400
12100,0,1000,"bu","13:47:19",9813600
12050,-50,200,"sd","13:47:08",9812600
12100,0,1000,"bu","13:46:58",9812400
12050,-50,200,"sd","13:46:51",9811400
12050,-50,9800,"sd","13:46:49",9811200
12050,-50,100,"sd","13:46:44",9801400
12050,-50,200,"sd","13:46:35",9801300
12050,-50,300,"sd","13:46:21",9801100
12050,-50,100,"sd","13:46:20",9800800
12050,-50,9800,"sd","13:46:19",9800700
12050,-50,300,"sd","13:46:18",9790900
12050,-50,200,"sd","13:46:18",9790600
12050,-50,200,"sd","13:46:04",9790400
12050,-50,100,"sd","13:45:48",9790200
12050,-50,300,"sd","13:45:36",9790100
12050,-50,100,"sd","13:45:32",9789800
12050,-50,100,"sd","13:45:16",9789700
12050,-50,100,"sd","13:45:01",9789600
12050,-50,3000,"sd","13:44:53",9789500
12050,-50,300,"sd","13:44:50",9786500
12050,-50,200,"sd","13:44:45",9786200
12050,-50,200,"sd","13:44:29",9786000
12050,-50,20000,"bu","13:44:19",9785800
12050,-50,300,"bu","13:44:19",9765800
12050,-50,100,"bu","13:44:19",9765500
12050,-50,100,"bu","13:44:19",9765400
12050,-50,200,"bu","13:44:19",9765300
12050,-50,100,"bu","13:44:19",9765100
12050,-50,5000,"bu","13:44:19",9765000
12050,-50,300,"bu","13:44:19",9760000
12050,-50,300,"bu","13:44:19",9759700
12050,-50,12700,"bu","13:44:19",9759400
12050,-50,10000,"bu","13:44:18",9746700
12000,-100,100,"sd","13:44:13",9736700
12050,-50,2000,"bu","13:44:13",9736600
12050,-50,20000,"bu","13:44:11",9734600
12050,-50,100,"bu","13:44:05",9714600
12050,-50,400,"bu","13:44:05",9714500
12050,-50,24800,"bu","13:44:02",9714100
12050,-50,400,"bu","13:44:02",9689300
12050,-50,100,"bu","13:44:02",9688900
12050,-50,7000,"bu","13:44:02",9688800
12000,-100,100,"sd","13:43:58",9681800
12050,-50,200,"bu","13:43:53",9681700
12050,-50,200,"bu","13:43:46",9681500
12050,-50,100,"bu","13:43:44",9681300
12000,-100,100,"sd","13:43:43",9681200
12050,-50,300,"bu","13:43:33",9681100
12000,-100,200,"sd","13:43:27",9680800
12050,-50,13700,"bu","13:43:21",9680600
12050,-50,300,"bu","13:43:21",9666900
12050,-50,6000,"bu","13:43:21",9666600
12000,-100,300,"sd","13:43:20",9660600
12000,-100,200,"sd","13:43:10",9660300
12050,-50,13000,"bu","13:43:02",9660100
12050,-50,9800,"bu","13:43:02",9647100
12050,-50,17800,"bu","13:43:02",9637300
12050,-50,50000,"bu","13:43:02",9619500
12050,-50,500,"bu","13:43:02",9569500
12050,-50,600,"bu","13:43:01",9569000
12050,-50,500,"bu","13:43:01",9568400
12050,-50,7800,"bu","13:43:01",9567900
12050,-50,100,"bu","13:42:56",9560100
12000,-100,100,"sd","13:42:55",9560000
12050,-50,200,"bu","13:42:52",9559900
12050,-50,100,"bu","13:42:46",9559700
12000,-100,200,"sd","13:42:39",9559600
12050,-50,100,"bu","13:42:31",9559400
12000,-100,3000,"sd","13:42:27",9559300
12000,-100,200,"sd","13:42:23",9556300
12050,-50,1000,"bu","13:42:22",9556100
12000,-100,1000,"sd","13:42:10",9555100
12000,-100,200,"sd","13:42:07",9554100
12000,-100,100,"sd","13:41:51",9553900
12000,-100,300,"sd","13:41:51",9553800
12000,-100,300,"sd","13:41:40",9553500
12050,-50,200,"bu","13:41:36",9553200
12000,-100,200,"sd","13:41:35",9553000
12050,-50,500,"bu","13:41:25",9552800
12000,-100,100,"sd","13:41:20",9552300
12000,-100,1000,"sd","13:41:15",9552200
12050,-50,15000,"bu","13:41:09",9551200
12050,-50,1500,"bu","13:41:09",9536200
12000,-100,100,"sd","13:41:08",9534700
12000,-100,1000,"sd","13:41:07",9534600
12000,-100,300,"sd","13:41:05",9533600
12000,-100,100,"sd","13:41:03",9533300
12000,-100,200,"sd","13:40:48",9533200
12050,-50,33100,"bu","13:40:47",9533000
12050,-50,16900,"bu","13:40:47",9499900
12050,-50,20000,"bu","13:40:42",9483000
12000,-100,2000,"sd","13:40:34",9463000
12000,-100,200,"sd","13:40:32",9461000
12050,-50,6900,"bu","13:40:30",9460800
12000,-100,700,"sd","13:40:28",9453900
12050,-50,100,"bu","13:40:27",9453200
12000,-100,100,"sd","13:40:24",9453100
12000,-100,300,"sd","13:40:22",9453000
12000,-100,100,"sd","13:40:16",9452700
12000,-100,200,"sd","13:40:11",9452600
12000,-100,200,"sd","13:40:00",9452400
12000,-100,30000,"sd","13:39:54",9452200
12000,-100,100,"sd","13:39:45",9422200
12000,-100,300,"sd","13:39:36",9422100
12000,-100,100,"sd","13:39:30",9421800
12000,-100,100,"sd","13:39:29",9421700
12000,-100,500,"sd","13:39:29",9421600
12000,-100,200,"sd","13:39:14",9421100
12000,-100,200,"sd","13:39:14",9420900
12000,-100,100,"sd","13:38:59",9420700
12000,-100,300,"sd","13:38:51",9420600
12000,-100,200,"sd","13:38:43",9420300
12000,-100,9800,"sd","13:38:42",9420100
12000,-100,100,"sd","13:38:38",9410300
12000,-100,200,"sd","13:38:26",9410200
12000,-100,100,"sd","13:38:11",9410000
12050,-50,6100,"sd","13:38:07",9409900
12050,-50,200,"sd","13:38:06",9403800
12050,-50,1000,"sd","13:38:04",9403600
12050,-50,1000,"sd","13:38:02",9402600
12050,-50,17400,"sd","13:38:01",9401600
12050,-50,10000,"sd","13:37:59",9384200
12050,-50,7300,"sd","13:37:58",9374200
12050,-50,500,"sd","13:37:58",9366900
12050,-50,100,"sd","13:37:57",9366400
12050,-50,200,"sd","13:37:54",9366300
12050,-50,1100,"sd","13:37:53",9366100
12050,-50,2100,"sd","13:37:53",9365000
12050,-50,1000,"sd","13:37:53",9362900
12050,-50,800,"sd","13:37:53",9361900
12050,-50,700,"sd","13:37:50",9361100
12050,-50,3500,"sd","13:37:50",9360400
12050,-50,12100,"sd","13:37:50",9356900
12050,-50,500,"sd","13:37:42",9344800
12050,-50,500,"sd","13:37:41",9344300
12050,-50,80000,"sd","13:37:40",9343800
12050,-50,100,"sd","13:37:39",9263800
12050,-50,100,"sd","13:37:29",9263700
12050,-50,12800,"sd","13:37:28",9263600
12050,-50,20000,"sd","13:37:26",9250800
12050,-50,100,"sd","13:37:23",9230800
12050,-50,3800,"sd","13:37:22",9230700
12050,-50,1000,"sd","13:37:22",9226900
12050,-50,25200,"sd","13:37:22",9225900
12050,-50,300,"sd","13:37:21",9200700
12050,-50,100,"sd","13:37:21",9200400
12050,-50,50000,"sd","13:37:12",9200300
12050,-50,200,"sd","13:37:07",9150300
12050,-50,7200,"sd","13:37:06",9150100
12050,-50,100,"sd","13:36:57",9142900
12050,-50,100,"sd","13:36:52",9142800
12050,-50,300,"sd","13:36:36",9142700
12050,-50,100,"sd","13:36:36",9142400
12050,-50,1000,"sd","13:36:31",9142300
12050,-50,100,"sd","13:36:25",9141300
12050,-50,1100,"sd","13:36:23",9141200
12050,-50,200,"sd","13:36:20",9140100
12050,-50,100,"sd","13:36:04",9139900
12050,-50,100,"sd","13:35:52",9139800
12050,-50,500,"sd","13:35:52",9139700
12050,-50,300,"sd","13:35:52",9139200
12050,-50,200,"sd","13:35:48",9138900
12050,-50,500,"sd","13:35:38",9138700
12050,-50,100,"sd","13:35:32",9138200
12050,-50,100,"sd","13:35:32",9138100
12050,-50,100,"sd","13:35:32",9138000
12050,-50,1400,"sd","13:35:31",9137900
12050,-50,2400,"sd","13:35:28",9136500
12050,-50,8200,"sd","13:35:20",9134100
12050,-50,6800,"sd","13:35:20",9125900
12050,-50,200,"sd","13:35:16",9119100
12050,-50,2000,"sd","13:35:11",9118900
12050,-50,300,"sd","13:35:07",9116900
12050,-50,200,"sd","13:35:00",9116600
12050,-50,1000,"sd","13:34:57",9116400
12050,-50,100,"sd","13:34:44",9115400
12050,-50,200,"sd","13:34:28",9115300
12050,-50,300,"sd","13:34:22",9115100
12050,-50,5400,"sd","13:34:17",9114800
12050,-50,100,"sd","13:34:17",9109400
12050,-50,500,"sd","13:34:17",9109300
12050,-50,2100,"sd","13:34:17",9108800
12050,-50,10000,"sd","13:34:17",9106700
12050,-50,5000,"sd","13:34:17",9096700
12050,-50,100,"sd","13:34:16",9091700
12050,-50,23100,"sd","13:34:16",9091600
12050,-50,2000,"sd","13:34:16",9068500
12050,-50,1700,"sd","13:34:16",9066500
12050,-50,100,"sd","13:34:12",9064800
12050,-50,200,"sd","13:33:56",9064700
12050,-50,200,"sd","13:33:39",9064500
12050,-50,300,"sd","13:33:37",9064300
12050,-50,200,"sd","13:33:23",9064000
12050,-50,5000,"sd","13:33:10",9063800
12050,-50,200,"sd","13:33:07",9058800
12050,-50,300,"sd","13:32:53",9058600
12050,-50,200,"sd","13:32:51",9058300
12050,-50,100,"bu","13:32:39",9058100
12050,-50,400,"bu","13:32:39",9058000
12050,-50,2000,"bu","13:32:39",9057600
12050,-50,5000,"bu","13:32:39",9055600
12050,-50,4100,"bu","13:32:39",9050600
12000,-100,100,"sd","13:32:38",9046500
12050,-50,600,"bu","13:32:37",9046400
12000,-100,100,"sd","13:32:36",9045800
12050,-50,5000,"bu","13:32:33",9045700
12000,-100,100,"sd","13:32:20",9040700
12050,-50,30300,"bu","13:32:19",9040600
12050,-50,5000,"bu","13:32:19",9010300
12050,-50,100,"bu","13:32:19",9005300
12050,-50,400,"bu","13:32:19",9005200
12050,-50,500,"bu","13:32:19",9004800
12050,-50,2000,"bu","13:32:19",9004300
12050,-50,50000,"bu","13:32:19",9002300
12050,-50,11700,"bu","13:32:19",8952300
12050,-50,100,"bu","13:32:16",8940600
12000,-100,300,"sd","13:32:08",8940500
12000,-100,100,"sd","13:32:04",8940200
12000,-100,100,"sd","13:31:48",8940100
12050,-50,2000,"bu","13:31:48",8940000
12050,-50,100,"bu","13:31:45",8938000
12000,-100,100,"sd","13:31:33",8937900
12050,-50,200,"bu","13:31:30",8937800
12000,-100,200,"sd","13:31:28",8937600
12000,-100,300,"sd","13:31:23",8937400
12000,-100,100,"sd","13:31:18",8937100
12050,-50,900,"bu","13:31:16",8937000
12050,-50,10000,"bu","13:31:14",8936100
12050,-50,8600,"bu","13:31:04",8926100
12050,-50,500,"bu","13:31:04",8917500
12050,-50,1000,"bu","13:31:04",8917000
12050,-50,9800,"bu","13:31:04",8916000
12050,-50,300,"bu","13:31:04",8906200
12050,-50,9800,"bu","13:31:04",8905900
12050,-50,300,"bu","13:31:04",8896100
12050,-50,300,"bu","13:31:04",8895800
12050,-50,10000,"bu","13:31:04",8895500
12050,-50,50000,"bu","13:31:04",8885500
12050,-50,200,"bu","13:31:04",8835500
12050,-50,19200,"bu","13:31:04",8835300
12050,-50,1000,"bu","13:31:02",8816100
12000,-100,200,"sd","13:31:02",8815100
12000,-100,100,"sd","13:30:46",8814900
12000,-100,300,"sd","13:30:37",8814800
12000,-100,200,"sd","13:30:30",8814500
12000,-100,200,"sd","13:30:14",8814300
12000,-100,1000,"sd","13:30:07",8814100
12000,-100,200,"sd","13:30:04",8813100
12050,-50,100,"bu","13:30:00",8812900
12000,-100,100,"sd","13:29:58",8812800
12000,-100,300,"sd","13:29:52",8812700
12000,-100,200,"sd","13:29:42",8812400
12000,-100,900,"sd","13:29:31",8812200
12000,-100,200,"sd","13:29:26",8811300
12000,-100,100,"sd","13:29:10",8811100
12000,-100,200,"sd","13:29:08",8811000
12000,-100,200,"sd","13:28:54",8810800
12050,-50,2000,"bu","13:28:42",8810600
12050,-50,1000,"bu","13:28:41",8808600
12000,-100,100,"sd","13:28:38",8807600
12050,-50,1000,"bu","13:28:23",8807500
12000,-100,100,"sd","13:28:23",8806500
12050,-50,300,"bu","13:28:17",8806400
12050,-50,5000,"bu","13:28:16",8806100
12000,-100,200,"sd","13:28:07",8801100
12000,-100,200,"sd","13:27:51",8800900
12050,-50,3600,"bu","13:27:50",8800700
12000,-100,300,"sd","13:27:38",8797100
12000,-100,200,"sd","13:27:34",8796800
12050,-50,2100,"sd","13:27:32",8796600
12050,-50,500,"sd","13:27:32",8794500
12050,-50,100,"sd","13:27:32",8794000
12050,-50,500,"sd","13:27:32",8793900
12050,-50,1000,"sd","13:27:32",8793400
12050,-50,100,"sd","13:27:32",8792400
12050,-50,1300,"sd","13:27:31",8792300
12050,-50,200,"sd","13:27:18",8791000
12050,-50,1000,"sd","13:27:18",8790800
12050,-50,2400,"bu","13:27:14",8789800
12050,-50,200,"sd","13:27:11",8787400
12050,-50,5000,"sd","13:27:11",8787200
12050,-50,15000,"sd","13:27:11",8782200
12050,-50,2000,"sd","13:27:11",8767200
12050,-50,1500,"sd","13:27:11",8765200
12050,-50,500,"sd","13:27:11",8763700
12050,-50,100,"sd","13:27:11",8763200
12050,-50,1000,"sd","13:27:11",8763100
12050,-50,300,"sd","13:27:11",8762100
12050,-50,500,"sd","13:27:11",8761800
12050,-50,100,"sd","13:27:11",8761300
12050,-50,2500,"sd","13:27:11",8761200
12050,-50,2000,"sd","13:27:11",8758700
12050,-50,8000,"sd","13:27:11",8756700
12050,-50,50000,"sd","13:27:11",8748700
12050,-50,100,"sd","13:27:11",8698700
12050,-50,98100,"sd","13:27:11",8698600
12050,-50,4000,"sd","13:27:11",8600500
12050,-50,1500,"sd","13:27:11",8596500
12050,-50,500,"sd","13:27:11",8595000
12050,-50,500,"sd","13:27:11",8594500
12050,-50,100,"sd","13:27:11",8594000
12050,-50,200,"sd","13:27:11",8593900
12050,-50,3000,"sd","13:27:11",8593700
12050,-50,300,"sd","13:27:11",8590700
12050,-50,100,"sd","13:27:11",8590400
12050,-50,500,"sd","13:27:11",8590300
12050,-50,1900,"sd","13:27:10",8589800
12050,-50,8100,"sd","13:27:10",8587900
12050,-50,1000,"sd","13:27:07",8579800
12050,-50,200,"sd","13:27:02",8578800
12050,-50,100000,"sd","13:27:01",8578600
12050,-50,300,"sd","13:26:53",8478600
12050,-50,100,"sd","13:26:46",8478300
12050,-50,500,"sd","13:26:40",8478200
12050,-50,500,"sd","13:26:40",8477700
12050,-50,100,"sd","13:26:40",8477200
12050,-50,40300,"sd","13:26:40",8477100
12050,-50,300,"sd","13:26:40",8436800
12050,-50,1000,"sd","13:26:40",8436500
12050,-50,8000,"sd","13:26:40",8435500
12050,-50,500,"sd","13:26:40",8427500
12050,-50,500,"sd","13:26:40",8427000
12050,-50,500,"sd","13:26:40",8426500
12050,-50,100,"sd","13:26:40",8426000
12050,-50,100,"sd","13:26:40",8425900
12050,-50,10000,"sd","13:26:40",8425800
12050,-50,100000,"sd","13:26:40",8415800
12050,-50,100,"sd","13:26:40",8315800
12050,-50,10000,"sd","13:26:40",8315700
12050,-50,400,"sd","13:26:40",8305700
12050,-50,100,"sd","13:26:40",8305300
12050,-50,100,"sd","13:26:40",8305200
12050,-50,700,"sd","13:26:40",8305100
12050,-50,100,"sd","13:26:40",8304400
12050,-50,500,"sd","13:26:40",8304300
12050,-50,3000,"sd","13:26:40",8303800
12050,-50,6500,"sd","13:26:40",8300800
12050,-50,1000,"sd","13:26:40",8294300
12050,-50,100,"sd","13:26:40",8293300
12050,-50,200,"sd","13:26:30",8293200
12050,-50,3000,"sd","13:26:19",8293000
12050,-50,200,"sd","13:26:14",8290000
12100,0,500,"bu","13:26:00",8289800
12050,-50,200,"sd","13:25:58",8289300
12100,0,2000,"bu","13:25:45",8289100
12050,-50,5400,"sd","13:25:43",8287100
12050,-50,300,"sd","13:25:43",8281700
12050,-50,200,"sd","13:25:43",8281400
12050,-50,500,"sd","13:25:43",8281200
12050,-50,400,"sd","13:25:43",8280700
12050,-50,3000,"sd","13:25:43",8280300
12050,-50,100,"sd","13:25:43",8277300
12050,-50,6900,"sd","13:25:42",8277200
12050,-50,1000,"sd","13:25:42",8270300
12050,-50,100,"sd","13:25:42",8269300
12050,-50,200,"sd","13:25:42",8269200
12050,-50,1600,"sd","13:25:42",8269000
12050,-50,3400,"sd","13:25:41",8267400
12050,-50,100,"sd","13:25:41",8264000
12050,-50,6300,"sd","13:25:41",8263900
12050,-50,300,"sd","13:25:40",8257600
12050,-50,200,"sd","13:25:26",8257300
12100,0,2000,"bu","13:25:14",8257100
12050,-50,200,"sd","13:25:10",8255100
12100,0,1100,"bu","13:24:57",8254900
12050,-50,200,"sd","13:24:54",8253800
12050,-50,200,"sd","13:24:50",8253600
12050,-50,300,"sd","13:24:38",8253400
12050,-50,200,"sd","13:24:38",8253100
12100,0,100,"bu","13:24:35",8252900
12050,-50,200,"sd","13:24:27",8252800
12050,-50,100,"sd","13:24:23",8252600
12050,-50,200,"sd","13:24:06",8252500
12100,0,2000,"bu","13:24:01",8252300
12100,0,1000,"bu","13:23:58",8250300
12100,0,2000,"bu","13:23:56",8249300
12100,0,3000,"bu","13:23:53",8247300
12050,-50,100,"sd","13:23:51",8244300
12100,0,500,"bu","13:23:45",8244200
12100,0,700,"bu","13:23:45",8243700
12100,0,500,"bu","13:23:45",8243000
12100,0,300,"bu","13:23:45",8242500
12100,0,2000,"bu","13:23:45",8242200
12100,0,100,"bu","13:23:45",8240200
12100,0,100,"bu","13:23:45",8240100
12100,0,900,"bu","13:23:45",8240000
12100,0,100,"bu","13:23:45",8239100
12100,0,400,"bu","13:23:45",8239000
12100,0,1000,"bu","13:23:45",8238600
12100,0,3400,"bu","13:23:45",8237600
12100,0,100,"bu","13:23:43",8234200
12100,0,2000,"bu","13:23:39",8234100
12050,-50,200,"sd","13:23:35",8232100
12100,0,900,"bu","13:23:21",8231900
12100,0,2000,"bu","13:23:20",8231000
12050,-50,100,"sd","13:23:20",8229000
12100,0,3000,"bu","13:23:14",8228900
12050,-50,6000,"sd","13:23:13",8225900
12100,0,1000,"bu","13:23:11",8219900
12100,0,2000,"bu","13:23:11",8218900
12100,0,88400,"bu","13:23:11",8216900
12100,0,8600,"bu","13:23:11",8128500
12100,0,6000,"bu","13:23:09",8119900
12050,-50,300,"sd","13:23:09",8113900
12050,-50,100,"sd","13:23:05",8113600
12100,0,2000,"bu","13:23:01",8113500
12100,0,1200,"bu","13:23:00",8111500
12100,0,1000,"bu","13:22:56",8110300
12100,0,1400,"bu","13:22:54",8109300
12100,0,4600,"bu","13:22:54",8107900
12050,-50,1000,"sd","13:22:53",8103300
12050,-50,200,"sd","13:22:48",8102300
12100,0,10000,"bu","13:22:48",8102100
12100,0,50000,"bu","13:22:48",8092100
12100,0,1200,"bu","13:22:35",8042100
12100,0,3000,"bu","13:22:35",8040900
12100,0,2800,"bu","13:22:35",8037900
12050,-50,100,"sd","13:22:33",8035100
12050,-50,300,"sd","13:22:24",8035000
12050,-50,200,"sd","13:22:17",8034700
12050,-50,100,"sd","13:22:02",8034500
12050,-50,100,"sd","13:21:46",8034400
12100,0,500,"bu","13:21:45",8034300
12050,-50,300,"sd","13:21:38",8033800
12050,-50,2500,"sd","13:21:35",8033500
12050,-50,100,"sd","13:21:35",8031000
12050,-50,100,"sd","13:21:35",8030900
12050,-50,1000,"sd","13:21:35",8030800
12050,-50,5000,"sd","13:21:35",8029800
12050,-50,100,"sd","13:21:35",8024800
12050,-50,1000,"sd","13:21:35",8024700
12050,-50,200,"sd","13:21:35",8023700
12050,-50,100,"sd","13:21:30",8023500
12050,-50,100,"sd","13:21:30",8023400
12050,-50,100,"sd","13:21:28",8023300
12050,-50,4000,"sd","13:21:28",8023200
12050,-50,100,"sd","13:21:28",8019200
12050,-50,100,"sd","13:21:28",8019100
12050,-50,8400,"sd","13:21:28",8019000
12050,-50,2000,"sd","13:21:26",8010600
12050,-50,100,"sd","13:21:21",8008600
12050,-50,100,"sd","13:21:14",8008500
12050,-50,1000,"sd","13:21:03",8008400
12050,-50,200,"sd","13:20:58",8007400
12050,-50,300,"sd","13:20:57",8007200
12050,-50,800,"sd","13:20:55",8006900
12050,-50,100,"sd","13:20:51",8006100
12050,-50,200,"sd","13:20:42",8006000
12050,-50,200,"sd","13:20:26",8005800
12050,-50,800,"sd","13:20:20",8005600
12050,-50,1000,"sd","13:20:16",8004800
12050,-50,100,"sd","13:20:11",8003800
12050,-50,300,"sd","13:20:08",8003700
12050,-50,100,"sd","13:19:56",8003400
12050,-50,200,"sd","13:19:39",8003300
12050,-50,200,"sd","13:19:24",8003100
12050,-50,200,"sd","13:19:23",8002900
12050,-50,300,"sd","13:19:09",8002700
12050,-50,100,"sd","13:19:08",8002400
12050,-50,2000,"sd","13:19:01",8002300
12050,-50,200,"sd","13:18:51",8000300
12050,-50,300,"sd","13:18:38",8000100
12050,-50,100,"sd","13:18:36",7999800
12050,-50,1000,"sd","13:18:35",7999700
12050,-50,1000,"sd","13:18:27",7998700
12050,-50,300,"sd","13:18:24",7997700
12050,-50,100,"sd","13:18:22",7997400
12050,-50,100,"sd","13:18:21",7997300
12050,-50,200,"sd","13:18:05",7997200
12050,-50,500,"sd","13:18:04",7997000
12050,-50,4000,"sd","13:18:04",7996500
12050,-50,5000,"sd","13:18:04",7992500
12050,-50,300,"sd","13:17:55",7987500
12050,-50,300,"sd","13:17:55",7987200
12050,-50,2000,"sd","13:17:54",7986900
12050,-50,1000,"sd","13:17:50",7984900
12050,-50,100,"sd","13:17:49",7983900
12050,-50,14800,"sd","13:17:49",7983800
12050,-50,4200,"sd","13:17:49",7969000
12050,-50,100,"sd","13:17:49",7964800
12050,-50,6800,"sd","13:17:34",7964700
12050,-50,100,"sd","13:17:34",7957900
12050,-50,100,"sd","13:17:34",7957800
12050,-50,38700,"sd","13:17:24",7957700
12050,-50,400,"sd","13:17:24",7919000
12050,-50,200,"sd","13:17:24",7918600
12050,-50,100,"sd","13:17:24",7918400
12050,-50,100,"sd","13:17:24",7918300
12050,-50,4900,"sd","13:17:24",7918200
12050,-50,500,"sd","13:17:24",7913300
12050,-50,100,"sd","13:17:24",7912800
12050,-50,100,"sd","13:17:24",7912700
12050,-50,4900,"sd","13:17:24",7912600
12050,-50,100,"sd","13:17:18",7907700
12050,-50,300,"sd","13:17:09",7907600
12050,-50,200,"sd","13:17:02",7907300
12050,-50,900,"sd","13:16:57",7907100
12050,-50,2000,"sd","13:16:55",7906200
12050,-50,100,"sd","13:16:46",7904200
12050,-50,200,"sd","13:16:30",7904100
12100,0,100,"bu","13:16:20",7903900
12050,-50,100,"sd","13:16:14",7903800
12050,-50,200,"sd","13:15:58",7903700
12050,-50,200,"sd","13:15:42",7903500
12050,-50,300,"sd","13:15:40",7903300
12050,-50,5000,"sd","13:15:31",7903000
12050,-50,200,"sd","13:15:26",7898000
12100,0,100,"bu","13:15:15",7897800
12050,-50,100,"sd","13:15:11",7897700
12050,-50,100,"sd","13:14:55",7897600
12050,-50,300,"sd","13:14:54",7897500
12050,-50,100,"sd","13:14:39",7897200
12050,-50,200,"sd","13:14:23",7897100
12100,0,5000,"bu","13:14:10",7896900
12050,-50,300,"sd","13:14:10",7891900
12050,-50,4200,"sd","13:14:08",7891600
12050,-50,900,"sd","13:14:08",7887400
12050,-50,200,"sd","13:14:07",7886500
12050,-50,200,"sd","13:13:50",7886300
12100,0,200,"bu","13:13:41",7886100
12050,-50,100,"sd","13:13:35",7885900
12050,-50,300,"sd","13:13:24",7885800
12050,-50,100,"sd","13:13:19",7885500
12050,-50,500,"sd","13:13:08",7885400
12050,-50,100,"sd","13:13:04",7884900
12050,-50,200,"sd","13:13:02",7884800
12050,-50,100,"sd","13:12:59",7884600
12050,-50,35000,"sd","13:12:57",7884500
12050,-50,200,"sd","13:12:48",7849500
12050,-50,300,"sd","13:12:39",7849300
12050,-50,300,"sd","13:12:39",7849000
12050,-50,7500,"sd","13:12:32",7848700
12050,-50,200,"sd","13:12:32",7841200
12050,-50,1000,"sd","13:12:21",7841000
12050,-50,100,"sd","13:12:17",7840000
12050,-50,15800,"sd","13:12:14",7839900
12050,-50,100,"sd","13:12:05",7824100
12050,-50,10000,"sd","13:12:01",7824000
12050,-50,200,"sd","13:12:00",7814000
12050,-50,1000,"sd","13:11:58",7813800
12050,-50,300,"sd","13:11:54",7812800
12050,-50,6900,"sd","13:11:50",7812500
12050,-50,1000,"sd","13:11:44",7805600
12050,-50,200,"sd","13:11:44",7804600
12050,-50,200,"sd","13:11:28",7804400
12100,0,1000,"bu","13:11:13",7804200
12050,-50,200,"sd","13:11:12",7803200
12050,-50,300,"sd","13:11:10",7803000
12050,-50,10000,"sd","13:11:01",7802700
12050,-50,200,"sd","13:10:56",7792700
12050,-50,500,"sd","13:10:45",7792500
12050,-50,50000,"sd","13:10:43",7792000
12050,-50,100,"sd","13:10:41",7742000
12050,-50,200,"sd","13:10:25",7741900
12050,-50,100,"sd","13:10:25",7741700
12050,-50,200,"sd","13:10:09",7741600
12100,0,100,"bu","13:10:07",7741400
12050,-50,100,"sd","13:09:57",7741300
12050,-50,5000,"sd","13:09:53",7741200
12050,-50,200,"sd","13:09:53",7736200
12050,-50,300,"sd","13:09:41",7736000
12050,-50,200,"sd","13:09:37",7735700
12050,-50,2300,"sd","13:09:28",7735500
12050,-50,3000,"sd","13:09:23",7733200
12050,-50,200,"sd","13:09:21",7730200
12050,-50,200,"bu","13:09:19",7730000
12050,-50,100,"bu","13:09:19",7729800
12050,-50,2000,"bu","13:09:19",7729700
12050,-50,300,"bu","13:09:19",7727700
12050,-50,300,"bu","13:09:19",7727400
12050,-50,600,"bu","13:09:19",7727100
12050,-50,20000,"bu","13:09:19",7726500
12050,-50,2000,"bu","13:09:19",7706500
12050,-50,100,"bu","13:09:19",7704500
12050,-50,33200,"bu","13:09:19",7704400
12050,-50,5800,"bu","13:09:19",7671200
12050,-50,1000,"bu","13:09:19",7665400
12050,-50,1000,"bu","13:09:19",7664400
12050,-50,7300,"bu","13:09:19",7663400
12000,-100,200,"sd","13:09:04",7656100
12050,-50,2200,"bu","13:08:50",7655900
12050,-50,16800,"bu","13:08:50",7653700
12000,-100,100,"sd","13:08:49",7636900
12050,-50,1000,"bu","13:08:40",7636800
12050,-50,100,"bu","13:08:34",7635800
12000,-100,200,"sd","13:08:33",7635700
12000,-100,100,"sd","13:08:18",7635500
12000,-100,300,"sd","13:08:11",7635400
12000,-100,100,"sd","13:08:03",7635100
12050,-50,500,"sd","13:08:01",7635000
12050,-50,500,"sd","13:08:01",7634500
12050,-50,6100,"sd","13:08:01",7634000
12050,-50,2000,"sd","13:08:00",7627900
12050,-50,200,"sd","13:07:47",7625900
12050,-50,100,"sd","13:07:31",7625700
12050,-50,300,"sd","13:07:26",7625600
12050,-50,100,"sd","13:07:16",7625300
12050,-50,1000,"sd","13:07:04",7625200
12050,-50,100,"bu","13:07:02",7624200
12050,-50,100,"bu","13:07:02",7624100
12000,-100,200,"sd","13:07:00",7624000
12050,-50,2900,"bu","13:06:59",7623800
12050,-50,8000,"bu","13:06:59",7620900
12050,-50,300,"bu","13:06:59",7612900
12050,-50,800,"bu","13:06:59",7612600
12050,-50,1300,"bu","13:06:54",7611800
12050,-50,200,"bu","13:06:53",7610500
12050,-50,5000,"bu","13:06:50",7610300
12000,-100,100,"sd","13:06:45",7605300
12000,-100,300,"sd","13:06:40",7605200
12000,-100,400,"sd","13:06:30",7604900
12000,-100,100,"sd","13:06:30",7604500
12000,-100,100,"sd","13:06:27",7604400
12000,-100,200,"sd","13:06:14",7604300
12050,-50,500,"bu","13:06:05",7604100
12000,-100,200,"sd","13:05:58",7603600
12050,-50,8200,"bu","13:05:47",7603400
12050,-50,100,"bu","13:05:47",7595200
12050,-50,200,"bu","13:05:47",7595100
12050,-50,300,"bu","13:05:47",7594900
12050,-50,1200,"bu","13:05:47",7594600
12000,-100,100,"sd","13:05:42",7593400
12000,-100,100,"sd","13:05:27",7593300
12050,-50,300,"bu","13:05:19",7593200
12000,-100,100,"sd","13:05:12",7592900
12050,-50,500,"unknown","13:05:01",7592800
12000,-100,100,"sd","13:04:57",7592300
12000,-100,200,"sd","13:04:56",7592200
12050,-50,10000,"bu","13:04:54",7592000
12000,-100,4000,"sd","13:04:52",7582000
12050,-50,100,"bu","13:04:51",7578000
12050,-50,300,"bu","13:04:51",7577900
12050,-50,900,"bu","13:04:51",7577600
12050,-50,2500,"bu","13:04:51",7576700
12050,-50,10000,"bu","13:04:51",7574200
12050,-50,20000,"bu","13:04:51",7564200
12050,-50,200,"bu","13:04:51",7544200
12050,-50,100,"bu","13:04:51",7544000
12050,-50,100,"bu","13:04:51",7543900
12050,-50,300,"bu","13:04:51",7543800
12050,-50,200,"bu","13:04:51",7543500
12050,-50,100,"bu","13:04:51",7543300
12050,-50,20000,"bu","13:04:51",7543200
12050,-50,1600,"bu","13:04:51",7523200
12050,-50,500,"bu","13:04:51",7521600
12050,-50,100,"bu","13:04:51",7521100
12050,-50,1000,"bu","13:04:51",7521000
12050,-50,3900,"bu","13:04:51",7520000
12050,-50,100,"bu","13:04:51",7516100
12050,-50,200,"bu","13:04:51",7516000
12050,-50,1800,"bu","13:04:51",7515800
12000,-100,400,"sd","13:04:45",7514000
12000,-100,100,"sd","13:04:44",7513600
12050,-50,4900,"bu","13:04:43",7513500
12000,-100,100,"sd","13:04:41",7508600
12000,-100,500,"sd","13:04:27",7508500
12000,-100,10000,"sd","13:04:27",7508000
12000,-100,300,"sd","13:04:26",7498000
12000,-100,100,"sd","13:04:25",7497700
12000,-100,100,"sd","13:04:25",7497600
12000,-100,9900,"sd","13:04:13",7497500
12000,-100,100,"sd","13:04:13",7487600
12000,-100,100,"sd","13:04:10",7487500
12050,-50,4900,"bu","13:04:06",7487400
12000,-100,1000,"sd","13:04:02",7482500
12000,-100,200,"sd","13:03:54",7481500
12000,-100,1300,"sd","13:03:53",7481300
12000,-100,300,"bu","13:03:47",7480000
12000,-100,400,"bu","13:03:47",7479700
12000,-100,1000,"bu","13:03:47",7479300
12000,-100,900,"bu","13:03:47",7478300
12000,-100,31000,"bu","13:03:47",7477400
12000,-100,100,"bu","13:03:47",7446400
12000,-100,300,"bu","13:03:47",7446300
12000,-100,63400,"bu","13:03:47",7446000
12000,-100,9000,"bu","13:03:46",7382600
11950,-150,200,"sd","13:03:45",7373600
11950,-150,300,"sd","13:03:41",7373400
11950,-150,200,"sd","13:03:38",7373100
12000,-100,100,"bu","13:03:34",7372900
12000,-100,100,"bu","13:03:27",7372800
12000,-100,4900,"bu","13:03:27",7372700
11950,-150,100,"sd","13:03:23",7367800
11950,-150,100,"sd","13:03:07",7367700
12000,-100,3000,"bu","13:03:03",7367600
12000,-100,500,"sd","13:02:55",7364600
12000,-100,13900,"sd","13:02:55",7364100
12000,-100,1000,"sd","13:02:55",7350200
12000,-100,1000,"sd","13:02:55",7349200
12000,-100,1000,"sd","13:02:55",7348200
12000,-100,1400,"sd","13:02:55",7347200
12000,-100,200,"sd","13:02:55",7345800
12000,-100,1000,"sd","13:02:55",7345600
12000,-100,10000,"sd","13:02:55",7344600
12000,-100,2000,"sd","13:02:55",7334600
12000,-100,500,"sd","13:02:55",7332600
12000,-100,1000,"sd","13:02:55",7332100
12000,-100,600,"sd","13:02:55",7331100
12000,-100,500,"sd","13:02:55",7330500
12000,-100,3000,"sd","13:02:55",7330000
12000,-100,300,"sd","13:02:55",7327000
12000,-100,500,"sd","13:02:55",7326700
12000,-100,4400,"sd","13:02:55",7326200
12000,-100,1200,"sd","13:02:55",7321800
12000,-100,500,"sd","13:02:55",7320600
12000,-100,100,"sd","13:02:55",7320100
12000,-100,2000,"sd","13:02:55",7320000
12000,-100,1000,"sd","13:02:55",7318000
12000,-100,2000,"sd","13:02:55",7317000
12000,-100,1100,"sd","13:02:55",7315000
12000,-100,5000,"sd","13:02:55",7313900
12000,-100,1500,"sd","13:02:55",7308900
12000,-100,3000,"sd","13:02:55",7307400
12000,-100,200,"sd","13:02:55",7304400
12000,-100,500,"sd","13:02:55",7304200
12000,-100,4000,"sd","13:02:55",7303700
12000,-100,2000,"sd","13:02:55",7299700
12000,-100,1000,"sd","13:02:55",7297700
12000,-100,1000,"sd","13:02:55",7296700
12000,-100,100,"sd","13:02:55",7295700
12000,-100,300,"sd","13:02:55",7295600
12000,-100,200,"sd","13:02:55",7295300
12000,-100,1000,"sd","13:02:55",7295100
12000,-100,1000,"sd","13:02:55",7294100
12000,-100,100,"sd","13:02:55",7293100
12000,-100,1000,"sd","13:02:55",7293000
12000,-100,1600,"sd","13:02:55",7292000
12000,-100,200,"sd","13:02:55",7290400
12000,-100,600,"sd","13:02:55",7290200
12000,-100,44500,"sd","13:02:55",7289600
12000,-100,1200,"sd","13:02:51",7245100
12000,-100,200,"sd","13:02:51",7243900
12000,-100,4100,"sd","13:02:44",7243700
12000,-100,1000,"sd","13:02:44",7239600
12000,-100,100,"sd","13:02:44",7238600
12000,-100,100,"sd","13:02:44",7238500
12000,-100,1000,"sd","13:02:44",7238400
12000,-100,43700,"sd","13:02:44",7237400
12000,-100,100,"sd","13:02:44",7193700
12000,-100,100,"sd","13:02:40",7193600
12000,-100,200,"sd","13:02:35",7193500
12000,-100,1000,"sd","13:02:34",7193300
12000,-100,400,"sd","13:02:24",7192300
12000,-100,200,"sd","13:02:19",7191900
12000,-100,300,"sd","13:02:15",7191700
12000,-100,300,"sd","13:02:12",7191400
12000,-100,100,"sd","13:02:04",7191100
12000,-100,5000,"sd","13:01:57",7191000
12000,-100,200,"sd","13:01:57",7186000
12000,-100,3600,"sd","13:01:57",7185800
12000,-100,600,"sd","13:01:57",7182200
12000,-100,100,"sd","13:01:57",7181600
12000,-100,5000,"sd","13:01:57",7181500
12000,-100,100,"sd","13:01:57",7176500
12000,-100,100,"sd","13:01:57",7176400
12000,-100,500,"sd","13:01:57",7176300
12000,-100,700,"sd","13:01:57",7175800
12000,-100,200,"sd","13:01:57",7175100
12000,-100,500,"sd","13:01:57",7174900
12000,-100,1000,"sd","13:01:57",7174400
12000,-100,5000,"sd","13:01:57",7173400
12000,-100,500,"sd","13:01:57",7168400
12000,-100,1000,"sd","13:01:57",7167900
12000,-100,100,"sd","13:01:57",7166900
12000,-100,100,"sd","13:01:57",7166800
12000,-100,100,"sd","13:01:57",7166700
12000,-100,10000,"sd","13:01:57",7166600
12000,-100,100,"sd","13:01:57",7156600
12000,-100,1900,"sd","13:01:57",7156500
12000,-100,3000,"sd","13:01:57",7154600
12000,-100,900,"sd","13:01:57",7151600
12000,-100,500,"sd","13:01:57",7150700
12000,-100,100,"sd","13:01:57",7150200
12000,-100,6400,"sd","13:01:57",7150100
12000,-100,500,"sd","13:01:57",7143700
12000,-100,3000,"sd","13:01:57",7143200
12000,-100,200,"sd","13:01:57",7140200
12000,-100,200,"sd","13:01:57",7140000
12000,-100,100,"sd","13:01:57",7139800
12000,-100,5100,"sd","13:01:57",7139700
12000,-100,300,"sd","13:01:57",7134600
12000,-100,50500,"sd","13:01:57",7134300
12000,-100,300,"sd","13:01:57",7083800
12000,-100,500,"sd","13:01:57",7083500
12000,-100,200,"sd","13:01:57",7083000
12000,-100,10000,"sd","13:01:57",7082800
12000,-100,100,"sd","13:01:57",7072800
12000,-100,100,"sd","13:01:57",7072700
12000,-100,1000,"sd","13:01:57",7072600
12000,-100,100,"sd","13:01:57",7071600
12000,-100,200,"sd","13:01:57",7071500
12000,-100,1000,"sd","13:01:57",7071300
12000,-100,3000,"sd","13:01:57",7070300
12000,-100,800,"sd","13:01:57",7067300
12000,-100,1000,"sd","13:01:57",7066500
12000,-100,100000,"sd","13:01:57",7065500
12000,-100,200,"sd","13:01:57",6965500
12000,-100,1000,"sd","13:01:57",6965300
12000,-100,10000,"sd","13:01:57",6964300
12000,-100,33000,"sd","13:01:57",6954300
12000,-100,100,"sd","13:01:57",6921300
12000,-100,20000,"sd","13:01:57",6921200
12000,-100,4900,"sd","13:01:57",6901200
12000,-100,100,"sd","13:01:57",6896300
12000,-100,100,"sd","13:01:57",6896200
12000,-100,2000,"sd","13:01:57",6896100
12000,-100,13100,"sd","13:01:57",6894100
12000,-100,200,"sd","13:01:47",6881000
12000,-100,100,"sd","13:01:46",6880800
12000,-100,100,"sd","13:01:34",6880700
12000,-100,200,"sd","13:01:31",6880600
12000,-100,40000,"sd","13:01:27",6880400
12000,-100,200,"sd","13:01:26",6840400
12000,-100,200,"sd","13:01:15",6840200
12000,-100,100,"sd","13:01:01",6840000
12050,-50,100,"bu","13:00:49",6839900
12050,-50,600,"bu","13:00:44",6839800
12050,-50,2000,"bu","13:00:29",6839200
12050,-50,400,"bu","13:00:17",6837200
12050,-50,1000,"bu","13:00:16",6836800
12050,-50,400,"bu","13:00:12",6835800
12000,-100,5000,"sd","13:00:12",6835400
12050,-50,500,"bu","13:00:10",6830400
12000,-100,20000,"sd","13:00:10",6829900
12050,-50,2000,"bu","13:00:10",6809900
12000,-100,100,"sd","13:00:09",6807900
12000,-100,700,"sd","13:00:09",6807800
12000,-100,200,"sd","13:00:08",6807100
12050,-50,100,"bu","13:00:07",6806900
12050,-50,100,"bu","13:00:06",6806800
12050,-50,100,"bu","13:00:06",6806700
12050,-50,100,"bu","13:00:06",6806600
12050,-50,100,"bu","13:00:06",6806500
12050,-50,200,"bu","13:00:06",6806400
12050,-50,100,"bu","13:00:05",6806200
12050,-50,2600,"bu","13:00:04",6806100
12050,-50,7400,"bu","13:00:04",6803500
12050,-50,100,"bu","13:00:03",6796100
12050,-50,100,"bu","13:00:02",6796000
12050,-50,600,"bu","13:00:02",6795900
12050,-50,500,"bu","13:00:02",6795300
12050,-50,600,"bu","13:00:02",6794800
12000,-100,1000,"sd","13:00:02",6794200
12050,-50,800,"bu","13:00:01",6793200
12050,-50,100,"bu","13:00:00",6792400
12050,-50,100,"bu","13:00:00",6792300
12000,-100,400,"sd","13:00:00",6792200
12050,-50,200,"bu","13:00:00",6791800
12050,-50,400,"bu","13:00:00",6791600
12000,-100,200,"sd","12:59:59",6791200
12050,-50,200,"bu","12:59:59",6791000
12050,-50,800,"bu","12:59:59",6790800
12050,-50,200,"bu","12:59:59",6790000
12000,-100,400,"sd","12:59:59",6789800
12050,-50,1200,"bu","11:29:53",6789400
12050,-50,3800,"bu","11:29:53",6788200
12050,-50,1000,"bu","11:29:37",6784400
12050,-50,500,"sd","11:29:37",6783400
12050,-50,10000,"sd","11:29:37",6782900
12050,-50,2700,"sd","11:29:37",6772900
12050,-50,100,"sd","11:29:37",6770200
12050,-50,20000,"sd","11:29:37",6770100
12050,-50,5000,"sd","11:29:37",6750100
12050,-50,200,"sd","11:29:37",6745100
12050,-50,6700,"sd","11:29:37",6744900
12050,-50,1400,"sd","11:29:12",6738200
12050,-50,300,"sd","11:29:12",6736800
12050,-50,500,"sd","11:29:06",6736500
12050,-50,2000,"sd","11:28:57",6736000
12050,-50,1000,"sd","11:28:52",6734000
12050,-50,100,"sd","11:28:51",6733000
12050,-50,200,"sd","11:28:38",6732900
12050,-50,100,"bu","11:28:33",6732700
12050,-50,200,"bu","11:28:33",6732600
12050,-50,300,"bu","11:28:33",6732400
12050,-50,600,"bu","11:28:33",6732100
12050,-50,400,"bu","11:28:33",6731500
12050,-50,10000,"bu","11:28:33",6731100
12050,-50,1400,"bu","11:28:33",6721100
12050,-50,300,"bu","11:28:33",6719700
12050,-50,1000,"bu","11:28:33",6719400
12050,-50,353500,"bu","11:28:33",6718400
12000,-100,300,"sd","11:28:26",6364900
12000,-100,100,"sd","11:28:23",6364600
12050,-50,20000,"bu","11:28:19",6364500
12000,-100,5000,"sd","11:28:06",6344500
12000,-100,200,"sd","11:28:06",6339500
12000,-100,100,"sd","11:27:50",6339300
12000,-100,300,"sd","11:27:41",6339200
12000,-100,1000,"sd","11:27:38",6338900
12000,-100,100,"sd","11:27:35",6337900
12050,-50,100,"bu","11:27:28",6337800
12050,-50,200,"bu","11:27:23",6337700
12000,-100,200,"sd","11:27:19",6337500
12000,-100,200,"sd","11:27:02",6337300
12000,-100,300,"sd","11:26:56",6337100
12000,-100,200,"sd","11:26:46",6336800
12000,-100,100,"sd","11:26:31",6336600
12000,-100,200,"sd","11:26:15",6336500
12000,-100,300,"sd","11:26:11",6336300
12000,-100,200,"sd","11:25:58",6336000
12050,-50,10000,"bu","11:25:54",6335800
12050,-50,3200,"bu","11:25:47",6325800
12050,-50,100,"bu","11:25:45",6322600
12000,-100,100,"sd","11:25:43",6322500
12050,-50,5000,"bu","11:25:30",6322400
12000,-100,300,"sd","11:25:27",6317400
12000,-100,200,"sd","11:25:27",6317100
12000,-100,200,"sd","11:25:11",6316900
12000,-100,200,"sd","11:24:55",6316700
12000,-100,300,"sd","11:24:42",6316500
12000,-100,100,"sd","11:24:39",6316200
12050,-50,4000,"bu","11:24:38",6316100
12000,-100,100,"sd","11:24:24",6312100
12050,-50,500,"bu","11:24:16",6312000
12000,-100,200,"sd","11:24:08",6311500
12000,-100,300,"sd","11:23:58",6311300
12000,-100,200,"sd","11:23:52",6311000
12050,-50,200,"bu","11:23:48",6310800
12000,-100,200,"sd","11:23:36",6310600
12000,-100,100,"sd","11:23:21",6310400
12000,-100,300,"sd","11:23:13",6310300
12000,-100,200,"sd","11:23:05",6310000
12000,-100,200,"sd","11:22:50",6309800
12050,-50,4000,"bu","11:22:46",6309600
12000,-100,200,"sd","11:22:33",6305600
12000,-100,300,"sd","11:22:27",6305400
12000,-100,200,"sd","11:22:17",6305100
12000,-100,100,"sd","11:22:01",6304900
12050,-50,100,"bu","11:21:53",6304800
12000,-100,200,"sd","11:21:46",6304700
12050,-50,1000,"bu","11:21:34",6304500
12000,-100,1600,"sd","11:21:30",6303500
12000,-100,100,"sd","11:21:30",6301900
12000,-100,100,"sd","11:21:15",6301800
12000,-100,1000,"sd","11:21:03",6301700
12000,-100,200,"sd","11:20:59",6300700
12050,-50,500,"bu","11:20:56",6300500
12050,-50,100,"bu","11:20:51",6300000
12000,-100,100,"sd","11:20:44",6299900
12000,-100,100,"sd","11:20:28",6299800
12000,-100,100,"sd","11:20:13",6299700
12000,-100,300,"sd","11:20:12",6299600
12000,-100,400,"sd","11:20:12",6299300
12050,-50,500,"bu","11:19:59",6298900
12000,-100,200,"sd","11:19:57",6298400
12050,-50,100,"bu","11:19:43",6298200
12000,-100,200,"sd","11:19:41",6298100
12000,-100,300,"sd","11:19:28",6297900
12000,-100,100,"sd","11:19:25",6297600
12050,-50,1000,"bu","11:19:15",6297500
12000,-100,100,"sd","11:19:10",6296500
12000,-100,100,"sd","11:18:55",6296400
12000,-100,300,"sd","11:18:42",6296300
12000,-100,100,"sd","11:18:40",6296000
12000,-100,100,"sd","11:18:24",6295900
12050,-50,1000,"bu","11:18:09",6295800
12000,-100,200,"sd","11:18:08",6294800
12050,-50,5000,"bu","11:17:54",6294600
12000,-100,200,"sd","11:17:52",6289600
12050,-50,1000,"sd","11:17:39",6289400
12050,-50,300,"sd","11:17:39",6288400
12050,-50,5000,"sd","11:17:39",6288100
12050,-50,1000,"sd","11:17:39",6283100
12050,-50,400,"sd","11:17:39",6282100
12050,-50,100,"sd","11:17:39",6281700
12050,-50,100,"sd","11:17:39",6281600
12050,-50,500,"sd","11:17:39",6281500
12050,-50,200,"sd","11:17:39",6281000
12050,-50,81300,"sd","11:17:39",6280800
12050,-50,100,"sd","11:17:36",6199500
12050,-50,12800,"sd","11:17:25",6199400
12050,-50,200,"sd","11:17:19",6186600
12050,-50,300,"sd","11:17:14",6186400
12050,-50,200,"sd","11:17:04",6186100
12100,0,30000,"bu","11:16:57",6185900
12050,-50,100,"sd","11:16:49",6155900
12050,-50,3100,"sd","11:16:45",6155800
