"price","change","match_qtty","side","time","total_vol"
5.7,0.22,47100,"bu","14:45:00",182500
5.64,0.16,4000,"bu","14:29:54",135400
5.64,0.16,1000,"bu","14:29:36",131400
5.65,0.17,100,"bu","14:29:05",130400
5.65,0.17,200,"bu","14:28:47",130300
5.63,0.15,100,"bu","14:27:41",130000
5.65,0.17,100,"bu","14:27:41",130100
5.61,0.13,1800,"bu","14:23:55",129900
5.6,0.12,1000,"bu","14:23:14",128100
5.6,0.12,1700,"bu","14:23:14",127100
5.58,0.1,1200,"bu","14:22:17",125400
5.58,0.1,800,"bu","14:20:15",124200
5.58,0.1,200,"bu","14:20:15",123400
5.58,0.1,600,"bu","14:19:40",123200
5.57,0.09,1400,"bu","14:19:40",122600
5.55,0.07,100,"sd","14:18:25",121200
5.57,0.09,100,"bu","14:16:54",121100
5.56,0.08,200,"sd","14:15:11",121000
5.56,0.08,200,"sd","14:15:11",120800
5.57,0.09,100,"bu","14:11:53",120600
5.57,0.09,700,"bu","14:06:33",120500
5.57,0.09,300,"bu","14:06:33",119800
5.57,0.09,100,"bu","14:04:29",119500
5.55,0.07,1000,"sd","14:03:56",119400
5.55,0.07,200,"sd","14:02:43",118400
5.58,0.1,300,"bu","14:01:34",118200
5.58,0.1,100,"bu","13:58:53",117900
5.58,0.1,3800,"bu","13:58:41",117800
5.6,0.12,200,"bu","13:57:02",114000
5.6,0.12,3100,"bu","13:57:02",113800
5.61,0.13,100,"bu","13:56:54",110700
5.61,0.13,200,"bu","13:56:18",110600
5.61,0.13,100,"bu","13:53:50",110400
5.61,0.13,200,"sd","13:52:54",110300
5.61,0.13,800,"bu","13:52:10",110100
5.61,0.13,1200,"bu","13:52:03",109300
5.61,0.13,1000,"sd","13:52:00",108100
5.65,0.17,1000,"sd","13:51:43",107100
5.7,0.22,1000,"bu","13:51:10",106100
5.7,0.22,200,"bu","13:51:00",105100
5.7,0.22,100,"bu","13:50:37",104900
5.7,0.22,200,"bu","13:50:28",104800
5.7,0.22,300,"bu","13:50:28",104600
5.69,0.21,200,"bu","13:50:28",104300
5.68,0.2,4300,"bu","13:50:28",104100
5.65,0.17,100,"sd","13:50:28",99800
5.65,0.17,2900,"bu","13:50:21",99700
5.65,0.17,2100,"bu","13:50:15",96800
5.65,0.17,800,"bu","13:50:15",94700
5.64,0.16,2100,"bu","13:50:15",93900
5.64,0.16,100,"bu","13:50:01",91800
5.65,0.17,100,"bu","13:49:22",91700
5.65,0.17,200,"bu","13:48:41",91600
5.65,0.17,100,"bu","13:48:28",91400
5.65,0.17,100,"bu","13:48:04",91300
5.65,0.17,300,"bu","13:47:45",91200
5.65,0.17,100,"bu","13:47:14",90900
5.65,0.17,200,"bu","13:47:11",90800
5.65,0.17,100,"bu","13:46:38",90600
5.6,0.12,300,"bu","13:46:22",90500
5.6,0.12,5000,"bu","13:46:22",90200
5.6,0.12,400,"bu","13:46:22",85200
5.59,0.11,500,"bu","13:46:22",84800
5.59,0.11,700,"bu","13:46:22",84300
5.58,0.1,1000,"sd","13:46:10",83600
5.58,0.1,100,"sd","13:46:10",82600
5.58,0.1,700,"sd","13:46:10",82500
5.57,0.09,1400,"sd","13:46:10",81800
5.57,0.09,3600,"bu","13:45:53",80400
5.57,0.09,500,"bu","13:45:53",76800
5.57,0.09,900,"bu","13:45:53",76300
5.57,0.09,200,"bu","13:45:37",75400
5.55,0.07,1000,"sd","13:45:26",75200
5.55,0.07,300,"sd","13:45:26",74200
5.54,0.06,1200,"sd","13:45:26",73900
5.54,0.06,600,"sd","13:45:26",72700
5.54,0.06,1000,"bu","13:45:15",72100
5.52,0.04,1700,"bu","13:45:06",71100
5.51,0.03,100,"sd","13:45:01",69400
5.52,0.04,200,"bu","13:43:22",69300
5.52,0.04,200,"bu","13:42:21",69100
5.52,0.04,100,"bu","13:40:35",68900
5.52,0.04,1000,"sd","13:40:01",68800
5.52,0.04,500,"sd","13:40:01",67800
5.54,0.06,200,"bu","13:38:38",67300
5.54,0.06,100,"bu","13:35:59",67100
5.54,0.06,300,"bu","13:35:37",67000
5.54,0.06,100,"bu","13:35:03",66700
5.52,0.04,500,"bu","13:34:52",66600
5.52,0.04,1000,"bu","13:33:28",66100
5.52,0.04,200,"bu","13:32:18",65100
5.52,0.04,300,"bu","13:31:32",64900
5.52,0.04,200,"bu","13:31:32",64600
5.52,0.04,2000,"bu","13:29:10",64400
5.52,0.04,100,"bu","13:28:15",62400
5.51,0.03,100,"sd","13:27:25",62300
5.51,0.03,700,"sd","13:22:09",62200
5.51,0.03,1300,"sd","13:22:09",61500
5.52,0.04,300,"bu","13:20:33",60200
5.52,0.04,200,"bu","13:09:33",59900
5.52,0.04,100,"bu","13:03:02",59700
5.51,0.03,700,"sd","13:02:54",59600
5.51,0.03,200,"sd","13:02:54",58900
5.51,0.03,700,"sd","13:02:54",58700
5.51,0.03,500,"sd","13:02:54",58000
5.51,0.03,900,"sd","13:02:54",57500
5.52,0.04,1100,"sd","13:02:43",55600
5.52,0.04,1000,"sd","13:02:43",56600
5.55,0.07,200,"bu","13:00:32",54500
5.55,0.07,200,"sd","13:00:00",54300
5.55,0.07,300,"sd","13:00:00",54100
5.57,0.09,100,"bu","11:29:12",53800
5.57,0.09,100,"bu","11:26:40",53700
5.58,0.1,100,"bu","11:21:17",53600
5.55,0.07,1000,"bu","11:17:58",53500
5.55,0.07,700,"bu","11:17:58",52500
5.55,0.07,100,"bu","11:16:30",51800
5.55,0.07,100,"bu","11:11:14",51700
5.52,0.04,1500,"sd","11:11:14",51600
5.52,0.04,1400,"bu","11:10:59",50100
5.52,0.04,200,"bu","11:10:08",48700
5.52,0.04,100,"bu","11:06:01",48500
5.52,0.04,200,"sd","11:05:52",48400
5.52,0.04,3000,"sd","11:05:52",48200
5.52,0.04,100,"sd","11:05:52",45200
5.53,0.05,200,"sd","11:04:47",45100
5.53,0.05,300,"sd","11:04:47",44900
5.55,0.07,100,"bu","11:04:32",44600
5.53,0.05,2600,"sd","10:58:57",44500
5.55,0.07,600,"sd","10:58:14",41900
5.58,0.1,100,"bu","10:58:05",41300
5.55,0.07,1200,"bu","10:57:59",41200
5.55,0.07,200,"bu","10:57:59",40000
5.54,0.06,200,"sd","10:57:54",39800
5.55,0.07,100,"bu","10:57:26",39600
5.55,0.07,1000,"bu","10:56:52",39500
5.55,0.07,1700,"sd","10:56:04",38500
5.58,0.1,200,"bu","10:52:51",36800
5.58,0.1,100,"bu","10:51:17",36600
5.58,0.1,100,"bu","10:47:32",36500
5.58,0.1,1200,"sd","10:46:55",36400
5.58,0.1,500,"sd","10:46:55",35200
5.6,0.12,200,"bu","10:46:21",34700
5.6,0.12,100,"bu","10:44:50",34500
5.6,0.12,300,"bu","10:44:37",34400
5.6,0.12,700,"bu","10:44:37",34100
5.6,0.12,100,"bu","10:43:43",33400
5.6,0.12,500,"bu","10:43:22",33300
5.6,0.12,100,"bu","10:42:22",32800
5.6,0.12,1000,"bu","10:42:12",32700
5.6,0.12,300,"bu","10:42:08",31700
5.6,0.12,100,"bu","10:41:35",31400
5.59,0.11,900,"bu","10:41:35",31300
5.59,0.11,100,"bu","10:41:08",30400
5.55,0.07,1300,"sd","10:41:03",30300
5.55,0.07,1300,"sd","10:41:03",29000
5.55,0.07,300,"bu","10:40:56",27700
5.55,0.07,300,"bu","10:40:11",27400
5.55,0.07,100,"bu","10:39:54",27100
5.53,0.05,2000,"sd","10:39:49",27000
5.53,0.05,400,"sd","10:39:49",25000
5.53,0.05,200,"bu","10:34:53",24600
5.53,0.05,1000,"bu","10:33:21",24400
5.53,0.05,400,"sd","10:33:11",23400
5.53,0.05,1400,"bu","10:32:13",23000
5.53,0.05,500,"bu","10:31:43",21600
5.53,0.05,100,"bu","10:31:11",21100
5.53,0.05,200,"bu","10:31:11",21000
5.53,0.05,500,"bu","10:30:51",20800
5.53,0.05,100,"bu","10:30:39",20300
5.51,0.03,1100,"bu","10:30:35",20200
5.51,0.03,100,"bu","10:29:18",19100
5.5,0.02,100,"sd","10:27:25",19000
5.51,0.03,1800,"bu","10:26:21",18900
5.53,0.05,100,"bu","10:25:30",17100
5.53,0.05,100,"bu","10:24:47",17000
5.51,0.03,100,"bu","10:24:40",16900
5.51,0.03,1100,"bu","10:24:40",16800
5.51,0.03,1000,"bu","10:21:16",15700
5.51,0.03,100,"bu","10:17:54",14700
5.5,0.02,200,"sd","10:15:36",14600
5.51,0.03,100,"bu","10:13:45",14400
5.5,0.02,700,"sd","10:09:32",14300
5.51,0.03,100,"bu","10:08:25",13600
5.5,0.02,800,"bu","10:08:21",13500
5.5,0.02,200,"bu","10:04:54",12700
5.5,0.02,600,"bu","10:00:12",12500
5.5,0.02,100,"sd","09:59:31",11900
5.5,0.02,300,"sd","09:59:31",11800
5.5,0.02,1000,"sd","09:59:31",11500
5.5,0.02,1000,"sd","09:59:31",10500
5.51,0.03,100,"bu","09:54:29",9500
5.5,0.02,200,"sd","09:54:21",9400
5.51,0.03,300,"sd","09:53:32",9200
5.51,0.03,200,"sd","09:53:32",8900
5.52,0.04,100,"sd","09:47:16",8700
5.51,0.03,1000,"sd","09:47:16",8600
5.51,0.03,100,"sd","09:47:16",7600
5.53,0.05,100,"sd","09:35:18",7500
5.55,0.07,100,"bu","09:30:34",7400
5.55,0.07,1000,"bu","09:29:59",7300
5.55,0.07,300,"bu","09:29:56",6300
5.55,0.07,100,"bu","09:29:53",6000
5.55,0.07,300,"bu","09:29:46",5900
5.55,0.07,100,"bu","09:29:00",5600
5.55,0.07,100,"bu","09:27:54",5500
5.55,0.07,100,"bu","09:26:19",5400
5.55,0.07,100,"bu","09:26:19",5300
5.55,0.07,100,"bu","09:24:35",5200
5.55,0.07,100,"sd","09:21:14",5100
5.55,0.07,200,"bu","09:21:01",5000
5.55,0.07,1300,"sd","09:20:49",4800
5.6,0.12,200,"bu","09:19:26",3500
5.6,0.12,100,"bu","09:19:22",3300
5.55,0.07,700,"bu","09:19:15",3200
5.55,0.07,200,"bu","09:19:05",2500
5.51,0.03,200,"sd","09:18:47",2300
5.52,0.04,500,"sd","09:16:46",2100
5.55,0.07,100,"bu","09:16:05",1600
5.55,0.07,100,"bu","09:16:05",1500
5.6,0.12,200,"bu","09:15:20",1400
5.6,0.12,1200,"bu","09:15:01",1200
