"price","change","match_qtty","side","time","total_vol"
6.17,-0.08,32000,"unknown","14:45:03",415900
6.26,0.01,100,"bu","14:29:49",383900
6.26,0.01,7800,"sd","14:26:48",383800
6.26,0.01,700,"sd","14:26:41",376000
6.26,0.01,100,"sd","14:26:32",375300
6.26,0.01,200,"sd","14:25:46",375200
6.27,0.02,200,"bu","14:25:06",375000
6.26,0.01,500,"sd","14:24:49",374800
6.26,0.01,200,"sd","14:24:46",374300
6.26,0.01,100,"sd","14:24:15",374100
6.26,0.01,300,"bu","14:23:40",374000
6.26,0.01,100,"bu","14:23:40",373700
6.26,0.01,11600,"bu","14:23:40",373600
6.25,0,2600,"bu","14:23:40",362000
6.25,0,500,"bu","14:23:40",359400
6.25,0,2000,"bu","14:23:40",358900
6.25,0,1500,"bu","14:23:40",356900
6.24,-0.01,600,"bu","14:23:40",355400
6.24,-0.01,1000,"bu","14:23:40",354800
6.24,-0.01,200,"bu","14:23:40",353800
6.24,-0.01,100,"bu","14:20:57",353600
6.24,-0.01,100,"bu","14:20:57",353500
6.2,-0.05,2000,"bu","14:18:41",353400
6.2,-0.05,1000,"bu","14:15:23",351400
6.19,-0.06,1000,"sd","14:10:14",350400
6.2,-0.05,1000,"sd","14:10:14",349400
6.2,-0.05,2000,"sd","14:09:40",348400
6.2,-0.05,300,"sd","14:09:22",346400
6.2,-0.05,500,"bu","14:08:26",346100
6.2,-0.05,300,"bu","14:08:26",345600
6.2,-0.05,900,"bu","14:08:26",345300
6.17,-0.08,100,"sd","14:07:28",344400
6.17,-0.08,500,"bu","14:07:04",344300
6.17,-0.08,100,"bu","14:06:48",343800
6.17,-0.08,100,"bu","14:06:48",343700
6.17,-0.08,1000,"bu","14:06:48",343600
6.17,-0.08,500,"bu","14:06:30",342600
6.17,-0.08,500,"bu","14:06:29",342100
6.17,-0.08,1000,"bu","14:06:25",341600
6.17,-0.08,4000,"bu","14:06:17",340600
6.17,-0.08,100,"bu","14:06:14",336600
6.17,-0.08,500,"bu","14:06:11",336500
6.17,-0.08,100,"bu","14:05:37",336000
6.17,-0.08,1000,"bu","14:05:32",335900
6.17,-0.08,1000,"sd","14:05:21",334900
6.17,-0.08,100,"sd","14:05:21",333900
6.17,-0.08,100,"sd","14:05:21",333800
6.17,-0.08,100,"sd","14:04:57",333700
6.17,-0.08,100,"sd","14:04:57",333600
6.17,-0.08,100,"sd","14:03:56",333500
6.18,-0.07,100,"sd","14:03:56",333400
6.18,-0.07,500,"sd","14:03:56",333300
6.18,-0.07,500,"sd","14:02:47",332800
6.18,-0.07,100,"sd","14:02:47",332000
6.18,-0.07,300,"sd","14:02:47",332300
6.2,-0.05,100,"sd","14:01:49",331900
6.2,-0.05,1000,"bu","13:59:17",331800
6.2,-0.05,4000,"sd","13:58:54",330800
6.2,-0.05,1000,"bu","13:57:58",326800
6.2,-0.05,1600,"bu","13:57:53",325800
6.2,-0.05,100,"bu","13:55:45",324200
6.2,-0.05,100,"sd","13:55:24",324100
6.2,-0.05,200,"sd","13:55:24",324000
6.2,-0.05,1200,"sd","13:55:24",323800
6.2,-0.05,1000,"sd","13:55:24",322600
6.2,-0.05,500,"sd","13:55:24",321600
6.2,-0.05,300,"sd","13:55:24",321100
6.2,-0.05,200,"sd","13:54:26",320800
6.2,-0.05,100,"sd","13:52:24",320600
6.2,-0.05,200,"sd","13:52:24",320500
6.2,-0.05,200,"sd","13:52:24",320300
6.2,-0.05,1000,"sd","13:52:24",320100
6.2,-0.05,100,"sd","13:52:24",319100
6.2,-0.05,500,"sd","13:52:24",319000
6.2,-0.05,1000,"sd","13:50:43",318500
6.2,-0.05,1000,"sd","13:47:02",317500
6.2,-0.05,5500,"sd","13:45:40",316500
6.2,-0.05,900,"sd","13:45:40",311000
6.21,-0.04,200,"sd","13:45:40",310100
6.2,-0.05,100,"sd","13:45:40",309900
6.21,-0.04,900,"sd","13:45:40",309800
6.2,-0.05,1200,"sd","13:45:40",308900
6.21,-0.04,400,"sd","13:45:40",307700
6.21,-0.04,10000,"sd","13:45:40",307300
6.21,-0.04,100,"sd","13:45:40",297300
6.21,-0.04,100,"sd","13:41:42",297200
6.21,-0.04,200,"sd","13:41:06",297100
6.22,-0.03,200,"sd","13:41:06",296900
6.22,-0.03,1000,"sd","13:41:05",296700
6.22,-0.03,2200,"sd","13:41:05",295700
6.23,-0.02,5000,"sd","13:40:06",293500
6.24,-0.01,1000,"sd","13:40:06",288500
6.24,-0.01,2700,"sd","13:40:06",287500
6.24,-0.01,2300,"bu","13:34:11",284800
6.22,-0.03,1000,"sd","13:33:44",282500
6.22,-0.03,400,"sd","13:33:39",281500
6.23,-0.02,100,"sd","13:33:39",281100
6.22,-0.03,300,"sd","13:30:48",281000
6.22,-0.03,900,"sd","13:29:36",280700
6.23,-0.02,200,"sd","13:29:00",279800
6.23,-0.02,100,"sd","13:29:00",279600
6.23,-0.02,2000,"sd","13:29:00",279500
6.23,-0.02,3000,"sd","13:28:08",277500
6.23,-0.02,500,"sd","13:28:07",274500
6.23,-0.02,2000,"sd","13:27:20",274000
6.23,-0.02,100,"sd","13:26:49",272000
6.24,-0.01,1900,"bu","13:24:58",271900
6.24,-0.01,300,"bu","13:24:43",270000
6.23,-0.02,500,"sd","13:24:28",269700
6.23,-0.02,1900,"sd","13:22:49",269200
6.23,-0.02,7700,"sd","13:22:49",267300
6.24,-0.01,700,"sd","13:22:01",259600
6.23,-0.02,2000,"sd","13:21:37",258900
6.25,0,3400,"bu","13:20:07",256900
6.25,0,500,"bu","13:20:07",253500
6.25,0,100,"bu","13:20:07",253000
6.25,0,600,"bu","13:20:07",252900
6.24,-0.01,400,"bu","13:20:07",252300
6.24,-0.01,1000,"sd","13:19:37",251900
6.24,-0.01,700,"bu","13:17:52",250900
6.24,-0.01,700,"bu","13:17:52",250200
6.23,-0.02,200,"sd","13:17:45",249500
6.23,-0.02,100,"bu","13:17:19",249300
6.23,-0.02,100,"sd","13:15:40",249200
6.23,-0.02,900,"sd","13:15:20",249100
6.24,-0.01,500,"bu","13:14:25",248200
6.24,-0.01,700,"bu","13:12:44",247700
6.24,-0.01,1000,"bu","13:11:13",247000
6.24,-0.01,100,"bu","13:11:06",246000
6.22,-0.03,1000,"sd","13:10:46",245900
6.21,-0.04,1500,"bu","13:05:41",244900
6.21,-0.04,5000,"bu","13:05:41",243400
6.21,-0.04,1000,"bu","13:05:27",238400
6.21,-0.04,3500,"sd","13:05:23",237400
6.21,-0.04,200,"sd","13:04:43",233900
6.21,-0.04,1300,"sd","13:02:59",233700
6.21,-0.04,500,"sd","13:02:59",232400
6.21,-0.04,200,"sd","13:02:59",231900
6.21,-0.04,600,"sd","13:01:55",231700
6.21,-0.04,2500,"sd","13:00:46",231100
6.21,-0.04,5500,"sd","13:00:31",228600
6.22,-0.03,200,"bu","13:00:08",223100
6.22,-0.03,3000,"bu","13:00:08",222900
6.23,-0.02,300,"bu","13:00:07",219900
6.24,-0.01,2000,"bu","13:00:02",219600
6.23,-0.02,200,"sd","13:00:02",217600
6.23,-0.02,500,"sd","13:00:01",217400
6.24,-0.01,200,"sd","13:00:01",216900
6.24,-0.01,500,"sd","13:00:00",216700
6.24,-0.01,1000,"sd","13:00:00",216200
6.25,0,300,"bu","11:28:38",215200
6.25,0,100,"bu","11:27:28",214900
6.25,0,100,"sd","11:27:11",214800
6.25,0,200,"sd","11:26:55",214700
6.25,0,800,"sd","11:24:07",214500
6.25,0,100,"sd","11:24:07",213700
6.25,0,900,"sd","11:24:07",213600
6.25,0,3000,"sd","11:23:42",212700
6.25,0,1000,"sd","11:23:38",209700
6.26,0.01,100,"bu","11:23:36",208700
6.25,0,100,"sd","11:23:25",208600
6.25,0,300,"sd","11:23:25",208500
6.25,0,200,"sd","11:23:25",208200
6.25,0,1300,"sd","11:23:25",208000
6.25,0,100,"sd","11:23:25",206700
6.25,0,700,"sd","11:21:20",206600
6.25,0,600,"sd","11:21:20",205900
6.25,0,400,"sd","11:21:20",205300
6.25,0,600,"sd","11:20:49",204900
6.25,0,400,"sd","11:20:49",204300
6.25,0,200,"sd","11:20:45",203900
6.25,0,800,"sd","11:20:45",203700
6.25,0,500,"sd","11:19:30",202900
6.25,0,2500,"sd","11:18:40",202400
6.25,0,1000,"sd","11:18:40",199900
6.25,0,300,"sd","11:18:39",198900
6.25,0,1000,"sd","11:18:39",198600
6.25,0,100,"sd","11:18:39",197600
6.25,0,900,"sd","11:16:03",197500
6.25,0,1000,"sd","11:16:03",196600
6.25,0,100,"sd","11:15:16",195600
6.25,0,200,"sd","11:15:16",195500
6.26,0.01,100,"sd","11:10:13",195300
6.26,0.01,5000,"sd","11:10:13",195200
6.26,0.01,500,"sd","11:10:13",190200
6.26,0.01,100,"sd","11:10:13",189700
6.26,0.01,300,"sd","11:10:13",189600
6.26,0.01,1300,"sd","11:10:13",189300
6.26,0.01,300,"sd","11:08:39",188000
6.26,0.01,2000,"sd","11:08:21",187700
6.26,0.01,200,"sd","11:07:28",185700
6.27,0.02,200,"sd","11:04:57",185500
6.28,0.03,100,"bu","11:03:05",185300
6.28,0.03,200,"bu","11:01:22",185200
6.3,0.05,5900,"bu","10:55:54",185000
6.3,0.05,7500,"bu","10:55:03",179100
6.3,0.05,100,"bu","10:55:03",171600
6.28,0.03,100,"bu","10:55:03",171500
6.28,0.03,300,"bu","10:55:03",171400
6.28,0.03,2200,"bu","10:54:48",171100
6.28,0.03,200,"bu","10:54:48",168900
6.28,0.03,100,"bu","10:54:48",168700
6.28,0.03,500,"bu","10:54:48",168600
6.26,0.01,200,"sd","10:51:30",168100
6.26,0.01,2000,"sd","10:50:55",167900
6.26,0.01,200,"sd","10:50:49",165900
6.26,0.01,100,"sd","10:46:33",165700
6.26,0.01,200,"sd","10:46:31",165600
6.25,0,400,"sd","10:45:38",165400
6.25,0,100,"sd","10:45:38",165000
6.26,0.01,100,"sd","10:45:38",164900
6.26,0.01,100,"sd","10:45:38",164800
6.26,0.01,100,"sd","10:45:38",164700
6.26,0.01,200,"sd","10:45:38",164600
6.27,0.02,1000,"bu","10:45:34",164400
6.27,0.02,500,"bu","10:44:43",163400
6.27,0.02,200,"bu","10:44:20",162900
6.27,0.02,100,"bu","10:44:12",162700
6.27,0.02,200,"sd","10:43:13",162600
6.27,0.02,100,"bu","10:43:06",162400
6.28,0.03,400,"bu","10:36:55",162300
6.28,0.03,900,"bu","10:34:31",161900
6.28,0.03,1000,"bu","10:34:31",161000
6.28,0.03,3000,"bu","10:34:31",160000
6.28,0.03,100,"bu","10:34:31",157000
6.27,0.02,100,"bu","10:34:12",156900
6.26,0.01,100,"bu","10:33:43",156800
6.26,0.01,100,"sd","10:32:50",156700
6.26,0.01,200,"sd","10:32:50",156600
6.26,0.01,300,"sd","10:32:50",156400
6.26,0.01,200,"sd","10:32:50",156100
6.26,0.01,600,"sd","10:32:50",155900
6.28,0.03,500,"bu","10:31:52",155300
6.26,0.01,500,"sd","10:31:15",154800
6.27,0.02,100,"sd","10:31:15",154300
6.28,0.03,200,"bu","10:29:45",154200
6.28,0.03,200,"bu","10:29:27",154000
6.28,0.03,100,"bu","10:29:27",153800
6.27,0.02,100,"sd","10:26:39",153700
6.27,0.02,100,"bu","10:25:00",153600
6.26,0.01,3200,"sd","10:24:33",153500
6.26,0.01,700,"sd","10:23:49",150300
6.26,0.01,3300,"sd","10:23:49",149600
6.26,0.01,200,"sd","10:22:31",146300
6.27,0.02,100,"bu","10:21:59",146100
6.26,0.01,200,"sd","10:21:36",146000
6.27,0.02,100,"bu","10:21:20",145800
6.27,0.02,800,"sd","10:20:59",145700
6.27,0.02,100,"sd","10:20:49",144900
6.27,0.02,1100,"sd","10:20:49",144800
6.27,0.02,2400,"sd","10:20:49",143700
6.29,0.04,100,"bu","10:20:42",141300
6.27,0.02,1000,"sd","10:20:41",141200
6.27,0.02,200,"sd","10:18:49",140200
6.27,0.02,100,"sd","10:18:49",140000
6.27,0.02,200,"sd","10:18:49",139900
6.31,0.06,1400,"bu","10:17:45",139700
6.31,0.06,500,"bu","10:17:45",138300
6.3,0.05,1000,"bu","10:17:35",137800
6.3,0.05,500,"bu","10:17:35",136800
6.3,0.05,100,"bu","10:17:35",136300
6.3,0.05,2400,"bu","10:17:35",136200
6.3,0.05,3500,"bu","10:17:30",133800
6.3,0.05,1000,"bu","10:17:26",130300
6.3,0.05,1000,"bu","10:16:38",129300
6.3,0.05,6600,"bu","10:16:06",128300
6.3,0.05,2000,"bu","10:16:06",121700
6.29,0.04,1400,"bu","10:16:06",119700
6.3,0.05,1000,"bu","10:14:26",118300
6.3,0.05,500,"bu","10:14:26",117300
6.3,0.05,100,"bu","10:14:26",116800
6.3,0.05,100,"bu","10:14:26",116700
6.3,0.05,300,"bu","10:14:26",116600
6.3,0.05,200,"bu","10:14:25",116300
6.3,0.05,700,"bu","10:12:27",116100
6.3,0.05,1000,"bu","10:12:27",115400
6.3,0.05,1300,"bu","10:12:27",114400
6.3,0.05,1000,"bu","10:11:44",113100
6.3,0.05,1000,"bu","10:09:04",112100
6.3,0.05,700,"bu","10:08:16",111100
6.3,0.05,100,"sd","10:07:58",110400
6.3,0.05,1000,"sd","10:05:46",110300
6.3,0.05,100,"sd","10:05:39",109300
6.3,0.05,100,"sd","10:05:11",109200
6.3,0.05,200,"bu","10:05:06",109100
6.3,0.05,1400,"bu","10:05:06",108900
6.3,0.05,500,"bu","10:05:06",107500
6.3,0.05,1800,"bu","10:05:06",107000
6.3,0.05,200,"bu","10:05:06",105200
6.3,0.05,1300,"bu","10:05:06",105000
6.3,0.05,200,"bu","10:05:06",103700
6.3,0.05,2000,"bu","10:05:06",103500
6.3,0.05,400,"bu","10:05:06",101500
6.3,0.05,1100,"bu","10:04:48",101100
6.3,0.05,1700,"bu","10:04:48",100000
6.28,0.03,500,"bu","10:04:48",98300
6.28,0.03,100,"bu","10:04:48",97800
6.28,0.03,100,"bu","10:04:48",97700
6.28,0.03,100,"bu","10:04:48",97600
6.28,0.03,1000,"bu","10:04:48",97500
6.28,0.03,400,"bu","10:04:48",96500
6.26,0.01,500,"sd","10:04:12",96100
6.26,0.01,300,"sd","10:04:02",95600
6.26,0.01,200,"sd","10:01:33",95300
6.26,0.01,100,"sd","10:01:09",95100
6.26,0.01,100,"sd","10:00:58",95000
6.26,0.01,100,"sd","10:00:50",94900
6.28,0.03,1000,"bu","09:58:12",94800
6.28,0.03,100,"bu","09:57:57",93800
6.27,0.02,200,"sd","09:56:59",93700
6.27,0.02,200,"sd","09:56:42",93500
6.27,0.02,600,"sd","09:56:05",93300
6.27,0.02,100,"sd","09:56:05",92700
6.27,0.02,100,"sd","09:56:05",92600
6.27,0.02,100,"sd","09:55:25",92500
6.27,0.02,100,"sd","09:55:24",92400
6.28,0.03,500,"bu","09:54:55",92300
6.28,0.03,200,"sd","09:54:30",91800
6.28,0.03,900,"sd","09:54:30",91600
6.28,0.03,100,"sd","09:53:13",90700
6.29,0.04,100,"bu","09:52:21",90600
6.29,0.04,300,"bu","09:52:21",90500
6.29,0.04,100,"bu","09:52:21",90200
6.29,0.04,100,"sd","09:51:33",90100
6.3,0.05,100,"bu","09:49:57",90000
6.3,0.05,900,"bu","09:49:57",89900
6.3,0.05,100,"bu","09:49:14",89000
6.3,0.05,3000,"bu","09:49:14",88900
6.3,0.05,500,"bu","09:49:14",85900
6.3,0.05,200,"bu","09:49:14",85400
6.3,0.05,500,"bu","09:49:14",85200
6.3,0.05,100,"bu","09:49:14",84700
6.3,0.05,500,"bu","09:49:14",84600
6.29,0.04,100,"bu","09:49:14",84100
6.29,0.04,200,"sd","09:48:37",84000
6.29,0.04,200,"sd","09:48:35",83800
6.29,0.04,500,"sd","09:48:30",83600
6.29,0.04,1500,"sd","09:48:03",83100
6.29,0.04,2000,"sd","09:46:54",81600
6.29,0.04,100,"sd","09:46:40",79600
6.29,0.04,500,"sd","09:46:30",79500
6.3,0.05,100,"bu","09:45:44",79000
6.29,0.04,100,"bu","09:43:37",78900
6.29,0.04,1000,"bu","09:42:45",78800
6.29,0.04,400,"bu","09:42:21",77800
6.29,0.04,400,"bu","09:42:14",77400
6.29,0.04,1000,"sd","09:40:08",77000
6.29,0.04,1000,"sd","09:40:08",76000
6.3,0.05,100,"sd","09:39:33",75000
6.3,0.05,2500,"sd","09:39:33",74900
6.3,0.05,1500,"sd","09:39:29",72400
6.3,0.05,2600,"sd","09:39:09",70900
6.31,0.06,1200,"sd","09:38:10",68300
6.34,0.09,100,"bu","09:37:58",67100
6.34,0.09,100,"bu","09:37:58",67000
6.34,0.09,200,"bu","09:37:58",66900
6.34,0.09,100,"bu","09:37:58",66700
6.31,0.06,200,"bu","09:37:15",66600
6.31,0.06,300,"bu","09:37:15",66400
6.31,0.06,700,"sd","09:37:00",66100
6.31,0.06,300,"sd","09:36:55",65400
6.31,0.06,2800,"sd","09:36:09",65100
6.31,0.06,2000,"sd","09:36:09",62300
6.31,0.06,500,"sd","09:36:09",60300
6.31,0.06,2200,"sd","09:36:09",59800
6.31,0.06,100,"sd","09:35:02",57600
6.32,0.07,100,"sd","09:35:02",57500
6.32,0.07,100,"sd","09:35:02",57400
6.32,0.07,100,"sd","09:34:57",57300
6.32,0.07,200,"bu","09:34:53",57200
6.32,0.07,400,"sd","09:34:33",57000
6.32,0.07,400,"bu","09:33:56",56600
6.32,0.07,600,"bu","09:33:47",56200
6.32,0.07,100,"bu","09:33:47",55600
6.32,0.07,300,"bu","09:33:47",55500
6.32,0.07,200,"bu","09:33:04",55200
6.32,0.07,100,"bu","09:32:50",55000
6.32,0.07,100,"bu","09:32:37",54900
6.32,0.07,300,"bu","09:32:21",54800
6.32,0.07,100,"bu","09:32:21",54500
6.32,0.07,200,"bu","09:32:12",54400
6.32,0.07,100,"bu","09:32:12",54200
6.32,0.07,400,"bu","09:31:39",54100
6.3,0.05,7000,"sd","09:31:34",53700
6.31,0.06,1000,"sd","09:31:34",46700
6.32,0.07,1900,"bu","09:31:22",45700
6.31,0.06,100,"bu","09:31:01",43800
6.31,0.06,100,"bu","09:31:01",43700
6.31,0.06,2800,"bu","09:31:01",43600
6.3,0.05,1000,"sd","09:30:42",40800
6.3,0.05,200,"sd","09:30:42",39800
6.3,0.05,800,"sd","09:30:42",39600
6.3,0.05,5000,"sd","09:30:42",38800
6.3,0.05,1000,"sd","09:30:42",33800
6.3,0.05,1300,"sd","09:30:42",32800
6.3,0.05,100,"sd","09:30:42",31500
6.3,0.05,300,"sd","09:30:42",31400
6.3,0.05,700,"sd","09:30:42",31100
6.29,0.04,4000,"bu","09:30:24",30400
6.27,0.02,100,"sd","09:30:18",26400
6.27,0.02,500,"sd","09:29:06",26300
6.26,0.01,100,"bu","09:26:57",25800
6.26,0.01,600,"sd","09:26:50",25700
6.28,0.03,1900,"bu","09:26:25",25100
6.26,0.01,200,"bu","09:26:08",23200
6.26,0.01,400,"bu","09:26:08",23000
6.26,0.01,100,"bu","09:25:46",22600
6.26,0.01,500,"sd","09:25:46",22500
6.28,0.03,100,"bu","09:25:37",22000
6.28,0.03,300,"bu","09:24:34",21900
6.25,0,300,"sd","09:22:53",21600
6.26,0.01,500,"unknown","09:22:53",21300
6.25,0,500,"sd","09:22:26",20800
6.25,0,4100,"sd","09:20:59",20300
6.25,0,3000,"sd","09:20:59",16200
6.25,0,500,"sd","09:20:59",13200
6.25,0,100,"sd","09:20:59",12700
6.25,0,300,"sd","09:20:59",12600
6.29,0.04,200,"bu","09:20:43",12300
6.25,0,900,"sd","09:20:30",12100
6.25,0,100,"sd","09:20:30",11200
6.3,0.05,300,"sd","09:18:08",11100
6.3,0.05,100,"sd","09:18:02",10800
6.3,0.05,100,"sd","09:17:47",10700
6.3,0.05,100,"bu","09:17:44",10600
6.3,0.05,100,"sd","09:17:20",10500
6.3,0.05,3000,"bu","09:17:15",10400
6.31,0.06,2100,"bu","09:16:53",7400
6.3,0.05,100,"bu","09:16:53",5300
6.3,0.05,1000,"bu","09:16:53",5200
6.31,0.06,4200,"bu","09:15:01",4200
