"price","change","match_qtty","side","time","total_vol"
18.9,0.4,1123500,"unknown","14:45:02",42535900
19,0.5,500,"sd","14:29:56",41412400
18.95,0.45,100,"sd","14:29:53",41411900
18.95,0.45,8700,"sd","14:29:53",41411800
18.95,0.45,500,"sd","14:29:53",41403100
18.95,0.45,3000,"sd","14:29:53",41402600
18.95,0.45,200,"sd","14:29:52",41399600
18.95,0.45,1000,"sd","14:29:52",41399400
19,0.5,1000,"sd","14:29:52",41398400
19,0.5,10000,"sd","14:29:52",41397400
19,0.5,20000,"sd","14:29:52",41387400
19,0.5,45000,"sd","14:29:52",41367400
19,0.5,25500,"sd","14:29:52",41322400
19,0.5,9000,"sd","14:29:47",41296900
19,0.5,500,"sd","14:29:45",41287900
19.05,0.55,1500,"bu","14:29:45",41287400
19.05,0.55,300,"bu","14:29:42",41285900
19,0.5,3000,"sd","14:29:39",41285600
19,0.5,50000,"sd","14:29:39",41282600
19,0.5,10000,"sd","14:29:38",41232600
19,0.5,200,"sd","14:29:34",41222600
19,0.5,20000,"sd","14:29:31",41222400
19,0.5,100,"sd","14:29:24",41202400
19.05,0.55,4700,"bu","14:29:23",41202300
19.05,0.55,45300,"bu","14:29:23",41197600
19,0.5,500,"sd","14:29:22",41152300
19,0.5,400,"sd","14:29:18",41151800
19,0.5,100,"sd","14:29:13",41151400
19,0.5,1500,"sd","14:29:08",41151300
19,0.5,15000,"sd","14:29:08",41149800
19,0.5,500,"bu","14:29:06",41134800
19,0.5,2000,"bu","14:29:06",41134300
19,0.5,5000,"bu","14:29:06",41132300
19,0.5,200,"bu","14:29:06",41127300
19,0.5,500,"bu","14:29:06",41127100
19,0.5,5000,"bu","14:29:06",41126600
19,0.5,3200,"bu","14:29:06",41121600
19,0.5,500,"bu","14:29:06",41118400
19,0.5,100,"bu","14:29:06",41117900
19,0.5,2100,"bu","14:29:06",41117800
19,0.5,100,"bu","14:29:06",41115700
19,0.5,1000,"bu","14:29:06",41115600
19,0.5,500,"bu","14:29:06",41114600
19,0.5,100,"bu","14:29:06",41114100
19,0.5,6600,"bu","14:29:06",41114000
19,0.5,1000,"bu","14:29:06",41107400
19,0.5,200,"bu","14:29:06",41106400
19,0.5,1000,"bu","14:29:06",41106200
19,0.5,200,"bu","14:29:06",41105200
19,0.5,1500,"bu","14:29:06",41105000
19,0.5,500,"bu","14:29:06",41103500
19,0.5,500,"bu","14:29:06",41103000
19,0.5,5000,"bu","14:29:06",41102500
19,0.5,500,"bu","14:29:06",41097500
19,0.5,200,"bu","14:29:06",41097000
19,0.5,5000,"bu","14:29:06",41096800
19,0.5,1000,"bu","14:29:06",41091800
19,0.5,1000,"bu","14:29:06",41090800
19,0.5,800,"bu","14:29:01",41089800
19,0.5,10400,"bu","14:29:01",41089000
19,0.5,50000,"bu","14:29:01",41078600
19,0.5,10000,"bu","14:29:01",41028600
19,0.5,100,"bu","14:29:01",41018600
19,0.5,1000,"bu","14:29:01",41018500
19,0.5,1500,"bu","14:29:01",41017500
19,0.5,1000,"bu","14:29:01",41016000
19,0.5,10000,"bu","14:29:01",41015000
19,0.5,200,"bu","14:29:01",41005000
19,0.5,100,"bu","14:29:01",41004800
19,0.5,500,"bu","14:29:01",41004700
19,0.5,100,"bu","14:29:01",41004200
19,0.5,2000,"bu","14:29:01",41004100
19,0.5,5000,"bu","14:29:01",41002100
19,0.5,1500,"bu","14:29:01",40997100
19,0.5,39000,"bu","14:29:01",40995600
19,0.5,300,"bu","14:29:01",40956600
19,0.5,100,"bu","14:29:01",40956300
19,0.5,100,"bu","14:29:01",40956200
19,0.5,14000,"bu","14:29:01",40956100
19,0.5,100,"bu","14:29:01",40942100
19,0.5,200,"bu","14:29:01",40942000
19,0.5,2000,"bu","14:29:01",40941800
18.95,0.45,300,"sd","14:29:00",40939800
19,0.5,500,"bu","14:28:58",40939500
18.95,0.45,500,"sd","14:28:58",40939000
18.95,0.45,10000,"sd","14:28:57",40938500
19,0.5,2000,"bu","14:28:55",40928500
19,0.5,100,"bu","14:28:47",40926500
18.95,0.45,5000,"sd","14:28:41",40926400
18.95,0.45,1600,"sd","14:28:35",40921400
19,0.5,100,"bu","14:28:34",40919800
18.95,0.45,1800,"bu","14:28:29",40919700
18.95,0.45,200,"sd","14:28:28",40917900
18.95,0.45,2000,"sd","14:28:28",40917700
18.95,0.45,2000,"sd","14:28:28",40915700
18.95,0.45,500,"bu","14:28:21",40913700
18.95,0.45,500,"bu","14:28:21",40913200
18.9,0.4,1100,"sd","14:28:19",40912700
18.95,0.45,100,"bu","14:28:18",40911600
18.95,0.45,1400,"bu","14:28:15",40911500
18.95,0.45,200,"bu","14:28:15",40910100
18.95,0.45,48400,"bu","14:28:15",40909900
18.9,0.4,2000,"sd","14:28:13",40861500
18.95,0.45,600,"bu","14:28:12",40859500
18.95,0.45,1000,"sd","14:28:11",40858900
18.95,0.45,1000,"sd","14:28:11",40857900
18.9,0.4,300,"sd","14:28:07",40856900
18.9,0.4,100,"sd","14:28:07",40856600
18.9,0.4,200,"sd","14:28:07",40856500
18.9,0.4,200,"sd","14:28:07",40856300
18.9,0.4,1000,"sd","14:28:07",40856100
18.9,0.4,500,"sd","14:28:07",40855100
18.9,0.4,15000,"sd","14:28:07",40854600
18.9,0.4,500,"sd","14:28:07",40839600
18.9,0.4,400,"sd","14:28:07",40839100
18.9,0.4,100,"sd","14:28:07",40838700
18.9,0.4,300,"sd","14:28:07",40838600
18.9,0.4,300,"sd","14:28:07",40838300
18.9,0.4,1000,"sd","14:28:07",40838000
18.9,0.4,900,"sd","14:28:07",40837000
18.9,0.4,200,"sd","14:28:07",40836100
18.9,0.4,1000,"sd","14:28:07",40835900
18.9,0.4,500,"sd","14:28:07",40834900
18.9,0.4,3000,"sd","14:28:07",40834400
18.9,0.4,1000,"sd","14:28:07",40831400
18.9,0.4,100,"sd","14:28:07",40830400
18.9,0.4,100,"sd","14:28:07",40830300
18.9,0.4,300,"sd","14:28:07",40830200
18.9,0.4,500,"sd","14:28:07",40829900
18.9,0.4,100,"sd","14:28:07",40829400
18.9,0.4,400,"sd","14:28:07",40829300
18.9,0.4,2000,"sd","14:28:07",40828900
18.9,0.4,10000,"sd","14:28:07",40826900
18.9,0.4,1000,"sd","14:28:07",40816900
18.9,0.4,200,"sd","14:28:07",40815900
18.9,0.4,500,"sd","14:28:07",40815700
18.9,0.4,300,"sd","14:28:07",40815200
18.9,0.4,700,"sd","14:28:07",40814900
18.9,0.4,1000,"sd","14:28:07",40814200
18.9,0.4,100,"sd","14:28:07",40813200
18.9,0.4,1000,"sd","14:28:07",40813100
18.9,0.4,500,"sd","14:28:07",40812100
18.9,0.4,200,"sd","14:28:07",40811600
18.9,0.4,300,"sd","14:28:07",40811400
18.9,0.4,200,"sd","14:28:07",40811100
18.9,0.4,5000,"sd","14:28:07",40810900
18.9,0.4,500,"sd","14:28:07",40805900
18.9,0.4,2400,"sd","14:28:07",40805400
18.9,0.4,100,"sd","14:28:07",40803000
18.9,0.4,2000,"sd","14:28:07",40802900
18.9,0.4,11900,"sd","14:28:07",40800900
18.95,0.45,3000,"sd","14:28:07",40789000
18.9,0.4,200,"sd","14:28:07",40786000
18.9,0.4,100,"sd","14:28:07",40785800
18.95,0.45,28600,"sd","14:28:07",40785700
18.9,0.4,200,"sd","14:28:07",40757100
18.95,0.45,5000,"sd","14:28:02",40756900
18.95,0.45,6400,"sd","14:28:02",40751900
18.95,0.45,8100,"bu","14:28:01",40745500
18.95,0.45,300,"bu","14:28:00",40737400
18.95,0.45,20200,"bu","14:28:00",40737100
18.95,0.45,5000,"bu","14:28:00",40716900
18.95,0.45,300,"bu","14:28:00",40711900
18.95,0.45,100,"bu","14:28:00",40711600
18.95,0.45,1500,"bu","14:28:00",40711500
18.95,0.45,7400,"bu","14:28:00",40710000
18.95,0.45,25500,"bu","14:28:00",40702600
18.9,0.4,200,"sd","14:27:58",40677100
18.95,0.45,600,"bu","14:27:58",40676900
18.95,0.45,200,"bu","14:27:55",40676300
18.95,0.45,500,"bu","14:27:53",40676100
18.95,0.45,100,"bu","14:27:53",40675600
18.95,0.45,100,"bu","14:27:52",40675500
18.95,0.45,200,"bu","14:27:52",40675400
18.95,0.45,200,"bu","14:27:52",40675200
18.9,0.4,3000,"sd","14:27:50",40675000
18.95,0.45,600,"bu","14:27:37",40672000
18.9,0.4,4500,"sd","14:27:36",40671400
18.95,0.45,100,"bu","14:27:35",40666900
18.95,0.45,1600,"bu","14:27:33",40666800
18.95,0.45,6600,"bu","14:27:33",40665200
18.95,0.45,1500,"bu","14:27:33",40658600
18.95,0.45,100,"bu","14:27:33",40657100
18.95,0.45,200,"bu","14:27:33",40657000
18.95,0.45,700,"bu","14:27:33",40656800
18.95,0.45,1000,"bu","14:27:33",40656100
18.95,0.45,8300,"bu","14:27:33",40655100
18.9,0.4,900,"sd","14:27:32",40646800
18.9,0.4,100,"sd","14:27:32",40645900
18.95,0.45,500,"bu","14:27:31",40645800
18.9,0.4,100,"sd","14:27:30",40645300
18.9,0.4,2000,"sd","14:27:30",40645200
18.9,0.4,200,"sd","14:27:30",40643200
18.9,0.4,2700,"sd","14:27:30",40643000
18.9,0.4,300,"sd","14:27:29",40640300
18.9,0.4,300,"sd","14:27:29",40640000
18.9,0.4,100,"sd","14:27:29",40639700
18.9,0.4,300,"sd","14:27:29",40639600
18.9,0.4,700,"sd","14:27:23",40639300
18.9,0.4,200,"sd","14:27:23",40638600
18.9,0.4,500,"sd","14:27:23",40638400
18.9,0.4,200,"sd","14:27:23",40637900
18.9,0.4,1000,"sd","14:27:23",40637700
18.9,0.4,1000,"sd","14:27:23",40636700
18.9,0.4,900,"sd","14:27:23",40635700
18.95,0.45,100,"bu","14:27:19",40634800
18.95,0.45,2000,"bu","14:27:14",40634700
18.95,0.45,13100,"bu","14:27:09",40632700
18.95,0.45,200,"bu","14:27:09",40619600
18.95,0.45,1000,"bu","14:27:09",40619400
18.95,0.45,5000,"bu","14:27:09",40618400
18.95,0.45,100,"bu","14:27:09",40613400
18.95,0.45,11000,"bu","14:27:09",40613300
18.95,0.45,3000,"bu","14:27:09",40602300
18.95,0.45,14100,"bu","14:27:09",40599300
18.95,0.45,300,"bu","14:27:09",40585200
18.95,0.45,1000,"bu","14:27:09",40584900
18.95,0.45,300,"bu","14:27:09",40583900
18.95,0.45,50900,"bu","14:27:09",40583600
18.9,0.4,5000,"sd","14:27:07",40532700
18.9,0.4,3000,"sd","14:27:06",40527700
18.95,0.45,1000,"bu","14:27:06",40524700
18.95,0.45,100000,"bu","14:27:04",40523700
18.9,0.4,1100,"sd","14:27:01",40423700
18.9,0.4,200,"sd","14:27:01",40422600
18.9,0.4,100,"sd","14:27:01",40422400
18.9,0.4,100,"sd","14:27:01",40422300
18.9,0.4,2200,"sd","14:27:01",40422200
18.95,0.45,10000,"bu","14:27:01",40420000
18.95,0.45,2000,"bu","14:26:53",40410000
18.95,0.45,1000,"bu","14:26:49",40408000
18.95,0.45,1000,"bu","14:26:44",40407000
18.95,0.45,900,"bu","14:26:42",40406000
18.9,0.4,500,"sd","14:26:36",40405100
18.95,0.45,700,"bu","14:26:24",40404600
18.9,0.4,2300,"sd","14:26:13",40403900
18.9,0.4,100,"sd","14:26:13",40401600
18.9,0.4,300,"sd","14:26:13",40401500
18.9,0.4,500,"sd","14:26:13",40401200
18.9,0.4,100,"sd","14:26:13",40400700
18.9,0.4,200,"sd","14:26:13",40400600
18.9,0.4,1000,"sd","14:26:13",40400400
18.9,0.4,500,"sd","14:26:13",40399400
18.95,0.45,100,"bu","14:26:05",40398900
18.9,0.4,200,"sd","14:25:59",40398800
18.95,0.45,500,"bu","14:25:58",40398600
18.95,0.45,1000,"bu","14:25:56",40398100
18.95,0.45,1000,"bu","14:25:47",40397100
18.95,0.45,200,"bu","14:25:46",40396100
18.95,0.45,100,"bu","14:25:46",40395900
18.95,0.45,1500,"bu","14:25:34",40395800
18.95,0.45,1000,"bu","14:25:33",40394300
18.95,0.45,100,"bu","14:25:31",40393300
18.95,0.45,2000,"bu","14:25:31",40393200
18.95,0.45,2000,"bu","14:25:31",40391200
18.95,0.45,20000,"bu","14:25:25",40389200
18.95,0.45,1000,"bu","14:25:19",40369200
18.95,0.45,500,"bu","14:25:18",40368200
18.95,0.45,200,"bu","14:25:18",40367700
18.95,0.45,100,"bu","14:25:09",40367500
18.95,0.45,600,"bu","14:25:09",40367400
18.95,0.45,100,"sd","14:25:06",40366800
18.95,0.45,500,"sd","14:25:06",40366700
19,0.5,56200,"bu","14:24:59",40366200
18.95,0.45,400,"bu","14:24:59",40310000
18.95,0.45,2000,"bu","14:24:59",40309600
18.95,0.45,1400,"bu","14:24:59",40307600
18.95,0.45,3600,"bu","14:24:59",40306200
18.95,0.45,1400,"bu","14:24:59",40302600
18.95,0.45,500,"bu","14:24:59",40301200
18.95,0.45,1000,"bu","14:24:58",40300700
18.95,0.45,900,"bu","14:24:54",40299700
18.95,0.45,11200,"bu","14:24:52",40298800
18.95,0.45,2000,"bu","14:24:52",40287600
18.95,0.45,36800,"bu","14:24:52",40285600
18.95,0.45,1000,"bu","14:24:48",40248800
18.95,0.45,3000,"bu","14:24:46",40247800
18.95,0.45,1500,"bu","14:24:46",40244800
18.95,0.45,100,"bu","14:24:43",40243300
18.95,0.45,300,"bu","14:24:38",40243200
18.95,0.45,1000,"bu","14:24:32",40242900
18.95,0.45,1000,"bu","14:24:31",40241900
18.95,0.45,5000,"bu","14:24:31",40240900
18.95,0.45,100,"bu","14:24:31",40235900
18.95,0.45,1000,"bu","14:24:31",40235800
18.95,0.45,500,"bu","14:24:31",40234800
18.95,0.45,10000,"bu","14:24:31",40234300
18.95,0.45,300,"bu","14:24:31",40224300
18.95,0.45,5000,"bu","14:24:31",40224000
18.95,0.45,500,"bu","14:24:31",40219000
18.95,0.45,20000,"bu","14:24:31",40218500
18.95,0.45,3000,"bu","14:24:31",40198500
18.95,0.45,2000,"bu","14:24:31",40195500
18.95,0.45,500,"unknown","14:24:31",40193500
18.95,0.45,100,"sd","14:24:31",40193000
18.95,0.45,2000,"sd","14:24:31",40192900
18.95,0.45,5300,"sd","14:24:31",40190900
18.95,0.45,4700,"sd","14:24:27",40185600
18.95,0.45,100,"sd","14:24:27",40180900
18.95,0.45,100,"sd","14:24:27",40180800
18.95,0.45,100,"sd","14:24:27",40180700
18.95,0.45,8000,"sd","14:24:27",40180600
19,0.5,200,"bu","14:24:19",40172600
19,0.5,1000,"bu","14:24:18",40172400
18.95,0.45,2000,"sd","14:24:17",40171400
18.95,0.45,10000,"sd","14:24:17",40169400
18.95,0.45,100,"sd","14:24:12",40159400
18.95,0.45,200,"sd","14:24:12",40159300
18.95,0.45,100,"sd","14:24:12",40159100
18.95,0.45,1000,"sd","14:24:12",40159000
18.95,0.45,100,"sd","14:24:12",40158000
19,0.5,300,"bu","14:24:10",40157900
18.95,0.45,5000,"sd","14:24:09",40157600
19,0.5,600,"bu","14:24:04",40152600
19,0.5,4200,"bu","14:24:04",40152000
18.95,0.45,10000,"sd","14:24:02",40147800
18.95,0.45,4900,"sd","14:23:57",40137800
18.95,0.45,100,"sd","14:23:57",40132900
19,0.5,1000,"bu","14:23:56",40132800
18.95,0.45,100,"sd","14:23:52",40131800
18.95,0.45,2800,"sd","14:23:48",40131700
18.95,0.45,3200,"sd","14:23:48",40128900
18.95,0.45,900,"sd","14:23:48",40125700
18.95,0.45,6100,"sd","14:23:48",40124800
18.95,0.45,10000,"sd","14:23:41",40118700
18.95,0.45,1000,"sd","14:23:26",40108700
18.95,0.45,2500,"sd","14:23:25",40107700
18.95,0.45,800,"sd","14:23:23",40105200
18.95,0.45,200,"sd","14:23:00",40104400
18.95,0.45,3800,"bu","14:22:55",40104200
18.95,0.45,2000,"bu","14:22:55",40100400
18.95,0.45,1100,"bu","14:22:55",40098400
18.95,0.45,1000,"bu","14:22:55",40097300
18.95,0.45,21500,"bu","14:22:55",40096300
18.95,0.45,500,"bu","14:22:54",40074800
18.95,0.45,100,"bu","14:22:54",40074300
18.95,0.45,4400,"bu","14:22:54",40074200
18.95,0.45,2000,"bu","14:22:53",40069800
18.95,0.45,100,"bu","14:22:53",40067800
18.95,0.45,1000,"bu","14:22:50",40067700
18.95,0.45,1000,"bu","14:22:48",40066700
18.95,0.45,1500,"bu","14:22:47",40065700
18.95,0.45,500,"bu","14:22:47",40064200
18.95,0.45,9500,"bu","14:22:47",40063700
18.95,0.45,40500,"bu","14:22:47",40054200
18.95,0.45,500,"bu","14:22:46",40013700
18.95,0.45,200,"bu","14:22:45",40013200
18.95,0.45,2000,"bu","14:22:44",40013000
18.95,0.45,200,"bu","14:22:43",40011000
18.95,0.45,50000,"bu","14:22:41",40010800
18.95,0.45,500,"bu","14:22:39",39960800
18.95,0.45,10000,"bu","14:22:37",39960300
18.95,0.45,1000,"bu","14:22:34",39950300
18.95,0.45,1000,"bu","14:22:31",39949300
18.95,0.45,15800,"bu","14:22:29",39948300
18.95,0.45,300,"bu","14:22:23",39932500
18.95,0.45,4300,"bu","14:22:23",39932200
18.95,0.45,400,"bu","14:22:12",39927900
18.95,0.45,100,"bu","14:22:11",39927500
18.95,0.45,200,"bu","14:22:10",39927400
18.95,0.45,2200,"bu","14:22:04",39927200
18.95,0.45,10000,"bu","14:22:02",39925000
18.9,0.4,300,"sd","14:22:02",39915000
18.9,0.4,300,"sd","14:22:02",39914700
18.9,0.4,4400,"sd","14:22:02",39914400
18.95,0.45,100,"bu","14:21:52",39910000
18.95,0.45,100,"bu","14:21:47",39909900
18.95,0.45,600,"bu","14:21:44",39909800
18.95,0.45,1000,"bu","14:21:43",39909200
18.95,0.45,300,"bu","14:21:42",39908200
18.95,0.45,200,"bu","14:21:41",39907900
18.95,0.45,1000,"bu","14:21:38",39907700
18.95,0.45,1700,"bu","14:21:36",39906700
18.95,0.45,100,"bu","14:21:32",39905000
18.95,0.45,300,"bu","14:21:31",39904900
18.95,0.45,100,"bu","14:21:31",39904600
18.95,0.45,3000,"bu","14:21:26",39904500
18.95,0.45,3000,"bu","14:21:22",39901500
18.95,0.45,2000,"bu","14:21:19",39898500
18.95,0.45,800,"bu","14:21:16",39896500
18.95,0.45,500,"bu","14:21:12",39895700
18.95,0.45,10000,"bu","14:21:04",39895200
18.95,0.45,300,"bu","14:21:03",39885200
18.95,0.45,30000,"bu","14:21:03",39884900
18.95,0.45,5700,"sd","14:21:01",39854900
18.95,0.45,1000,"sd","14:21:00",39849200
18.95,0.45,3300,"sd","14:21:00",39848200
18.95,0.45,200,"bu","14:21:00",39844900
18.95,0.45,500,"bu","14:20:58",39844700
18.95,0.45,1000,"bu","14:20:58",39844200
18.95,0.45,300,"bu","14:20:57",39843200
18.95,0.45,4700,"bu","14:20:53",39842900
18.95,0.45,5300,"bu","14:20:53",39838200
18.95,0.45,3000,"bu","14:20:52",39832900
18.95,0.45,10000,"bu","14:20:50",39829900
18.95,0.45,100,"bu","14:20:49",39819900
18.95,0.45,5000,"bu","14:20:44",39819800
18.95,0.45,100,"bu","14:20:43",39814800
18.95,0.45,300,"bu","14:20:42",39814700
18.95,0.45,100,"bu","14:20:39",39814400
18.95,0.45,2000,"bu","14:20:39",39814300
18.95,0.45,20000,"bu","14:20:37",39812300
18.95,0.45,1000,"bu","14:20:37",39792300
18.95,0.45,1000,"bu","14:20:36",39791300
18.95,0.45,100,"bu","14:20:31",39790300
18.95,0.45,200,"bu","14:20:25",39790200
18.95,0.45,100,"sd","14:20:24",39790000
18.95,0.45,2000,"sd","14:20:24",39789900
18.95,0.45,500,"sd","14:20:24",39787900
18.95,0.45,100,"sd","14:20:24",39787400
18.95,0.45,500,"sd","14:20:24",39787300
18.95,0.45,1000,"sd","14:20:24",39786800
18.95,0.45,5000,"sd","14:20:24",39785800
18.95,0.45,200,"sd","14:20:24",39780800
18.95,0.45,100,"sd","14:20:24",39780600
18.95,0.45,100,"sd","14:20:24",39780500
18.95,0.45,500,"sd","14:20:24",39780400
18.95,0.45,100,"sd","14:20:24",39779900
18.95,0.45,200,"sd","14:20:24",39779800
18.95,0.45,4000,"sd","14:20:24",39779600
18.95,0.45,2000,"sd","14:20:24",39775600
18.95,0.45,300,"sd","14:20:24",39773600
18.95,0.45,200,"sd","14:20:24",39773300
18.95,0.45,100,"sd","14:20:24",39773100
18.95,0.45,90000,"sd","14:20:24",39773000
18.95,0.45,1000,"sd","14:20:24",39683000
18.95,0.45,50000,"sd","14:20:24",39682000
18.95,0.45,200,"sd","14:20:24",39632000
18.95,0.45,200,"sd","14:20:24",39631800
18.95,0.45,300,"sd","14:20:24",39631600
18.95,0.45,5100,"sd","14:20:24",39631300
18.95,0.45,100,"sd","14:20:24",39626200
18.95,0.45,100,"sd","14:20:24",39626100
18.95,0.45,500,"sd","14:20:24",39626000
18.95,0.45,1100,"sd","14:20:24",39625500
18.95,0.45,24500,"sd","14:20:24",39624400
18.95,0.45,1000,"sd","14:20:24",39599900
18.95,0.45,10000,"sd","14:20:24",39598900
18.95,0.45,400,"sd","14:20:24",39588900
18.95,0.45,100,"sd","14:20:24",39588500
18.95,0.45,1700,"sd","14:20:24",39588400
18.95,0.45,1000,"sd","14:20:24",39586700
18.95,0.45,200,"sd","14:20:24",39585700
18.95,0.45,2000,"sd","14:20:24",39585500
18.95,0.45,200,"sd","14:20:24",39583500
18.95,0.45,3000,"sd","14:20:24",39583300
18.95,0.45,1000,"sd","14:20:24",39580300
18.95,0.45,600,"sd","14:20:24",39579300
18.95,0.45,1000,"sd","14:20:24",39578700
18.95,0.45,500,"sd","14:20:24",39577700
18.95,0.45,10000,"sd","14:20:24",39577200
18.95,0.45,1000,"sd","14:20:24",39567200
19,0.5,4000,"bu","14:20:23",39566200
18.95,0.45,1900,"sd","14:20:21",39562200
18.95,0.45,10000,"sd","14:20:19",39560300
18.95,0.45,200,"sd","14:20:18",39550300
19,0.5,500,"bu","14:20:16",39550100
19,0.5,100,"bu","14:20:11",39549600
18.95,0.45,10000,"sd","14:20:09",39549500
19,0.5,2000,"bu","14:20:08",39539500
19,0.5,15700,"bu","14:20:06",39537500
19,0.5,1000,"bu","14:20:03",39521800
19,0.5,5000,"bu","14:20:02",39520800
19,0.5,10000,"bu","14:19:57",39515800
19,0.5,200,"bu","14:19:49",39505800
19,0.5,200,"bu","14:19:44",39505600
19,0.5,100,"bu","14:19:35",39505400
19,0.5,2200,"bu","14:19:33",39505300
19,0.5,100,"bu","14:19:33",39503100
19,0.5,3700,"bu","14:19:32",39503000
19,0.5,6300,"bu","14:19:32",39499300
19,0.5,1000,"bu","14:19:28",39493000
19,0.5,2700,"bu","14:19:20",39492000
19,0.5,100,"bu","14:19:20",39489300
19,0.5,7200,"bu","14:19:20",39489200
19,0.5,2800,"bu","14:19:19",39482000
19,0.5,10000,"bu","14:19:19",39479200
19,0.5,100,"bu","14:19:19",39469200
19,0.5,300,"bu","14:19:19",39469100
19,0.5,16800,"bu","14:19:19",39468800
19,0.5,200,"bu","14:19:18",39452000
19,0.5,200,"bu","14:19:18",39451800
19,0.5,2000,"bu","14:19:17",39451600
19,0.5,200,"bu","14:19:17",39449600
19,0.5,6000,"bu","14:19:16",39449400
19,0.5,700,"bu","14:19:13",39443400
19,0.5,5000,"bu","14:19:12",39442700
19,0.5,500,"bu","14:19:11",39437700
19,0.5,200,"bu","14:19:09",39437200
19,0.5,500,"bu","14:19:06",39437000
19,0.5,10000,"bu","14:19:00",39436500
19,0.5,5000,"bu","14:18:59",39426500
19,0.5,7800,"bu","14:18:57",39421500
19,0.5,1000,"bu","14:18:57",39413700
19,0.5,1000,"bu","14:18:52",39412700
19,0.5,2900,"bu","14:18:52",39411700
19,0.5,1000,"bu","14:18:50",39408800
19,0.5,1000,"sd","14:18:50",39407800
19,0.5,100,"sd","14:18:50",39406800
19,0.5,300,"sd","14:18:50",39406700
19,0.5,1000,"sd","14:18:50",39406400
19,0.5,8300,"sd","14:18:50",39405400
19,0.5,1000,"sd","14:18:50",39397100
19,0.5,500,"sd","14:18:50",39396100
19,0.5,100,"sd","14:18:50",39395600
19,0.5,1000,"sd","14:18:50",39395500
19,0.5,100,"sd","14:18:50",39394500
19,0.5,500,"sd","14:18:50",39394400
19,0.5,15000,"sd","14:18:50",39393900
19,0.5,10000,"sd","14:18:50",39378900
19,0.5,100,"sd","14:18:50",39368900
19,0.5,1600,"sd","14:18:43",39368800
19,0.5,100,"sd","14:18:39",39367200
19,0.5,400,"sd","14:18:39",39367100
19,0.5,9600,"sd","14:18:31",39366700
19,0.5,400,"sd","14:18:31",39357100
19,0.5,9600,"bu","14:18:30",39356700
19,0.5,100,"bu","14:18:25",39347100
19,0.5,500,"bu","14:18:24",39347000
19,0.5,30000,"bu","14:18:21",39346500
19,0.5,3000,"bu","14:18:21",39316500
19,0.5,1500,"bu","14:18:21",39313500
19,0.5,1000,"bu","14:18:21",39312000
19,0.5,200,"bu","14:18:19",39311000
19,0.5,5000,"sd","14:18:18",39310800
19,0.5,100,"sd","14:18:18",39305800
19,0.5,1000,"sd","14:18:18",39305700
19,0.5,1000,"sd","14:18:18",39304700
19,0.5,400,"sd","14:18:18",39303700
19,0.5,5000,"sd","14:18:18",39303300
19,0.5,300,"sd","14:18:18",39298300
19,0.5,30000,"sd","14:18:18",39298000
19,0.5,1000,"sd","14:18:18",39268000
19,0.5,2000,"sd","14:18:18",39267000
19,0.5,8300,"sd","14:18:18",39265000
19,0.5,3600,"sd","14:18:13",39256700
19,0.5,26500,"sd","14:18:12",39253100
19,0.5,5000,"bu","14:18:09",39226600
19,0.5,10000,"bu","14:18:09",39221600
19,0.5,3000,"bu","14:18:09",39211600
19,0.5,100,"bu","14:18:09",39208600
19,0.5,1000,"bu","14:18:09",39208500
19,0.5,92500,"bu","14:18:09",39207500
19,0.5,1000,"bu","14:18:07",39115000
19,0.5,500,"bu","14:18:06",39114000
19,0.5,6000,"bu","14:18:03",39113500
19,0.5,2000,"bu","14:18:03",39107500
19,0.5,200,"bu","14:18:03",39105500
19,0.5,11800,"bu","14:18:03",39105300
19,0.5,100,"bu","14:18:03",39093500
19,0.5,4000,"bu","14:18:02",39093400
19,0.5,8000,"bu","14:17:59",39089400
19,0.5,200,"bu","14:17:59",39081400
19,0.5,2500,"bu","14:17:58",39081200
19,0.5,100,"bu","14:17:55",39078700
19,0.5,10000,"bu","14:17:51",39078600
19,0.5,3000,"bu","14:17:51",39068600
19,0.5,500,"bu","14:17:50",39065600
19,0.5,12600,"bu","14:17:47",39065100
19,0.5,3000,"bu","14:17:45",39052500
19,0.5,1000,"bu","14:17:43",39049500
19,0.5,500,"bu","14:17:40",39048500
19,0.5,10000,"bu","14:17:36",39048000
19,0.5,10000,"bu","14:17:33",39038000
19,0.5,10000,"bu","14:17:29",39028000
19,0.5,900,"bu","14:17:28",39018000
19,0.5,8000,"bu","14:17:28",39017100
19,0.5,100,"bu","14:17:26",39009100
19,0.5,200,"bu","14:17:26",39009000
19,0.5,100,"bu","14:17:25",39008800
19,0.5,2000,"bu","14:17:25",39008700
19,0.5,1400,"bu","14:17:22",39006700
19,0.5,200,"bu","14:17:22",39005300
19,0.5,3300,"bu","14:17:22",39005100
19,0.5,900,"bu","14:17:22",39001800
19,0.5,8700,"bu","14:17:22",39000900
19,0.5,200,"bu","14:17:21",38992200
19,0.5,900,"bu","14:17:21",38992000
19,0.5,10000,"bu","14:17:21",38991100
19,0.5,100,"bu","14:17:12",38981100
19,0.5,1000,"bu","14:17:12",38981000
19,0.5,100,"bu","14:17:12",38980000
19,0.5,200,"bu","14:17:12",38979900
19,0.5,100,"bu","14:17:12",38979700
19,0.5,1700,"bu","14:17:12",38979600
19,0.5,2900,"bu","14:17:12",38977900
19,0.5,1000,"bu","14:17:12",38975000
19,0.5,34500,"bu","14:17:12",38974000
19,0.5,5200,"bu","14:17:12",38939500
19,0.5,1000,"bu","14:17:12",38934300
19,0.5,200,"bu","14:17:12",38933300
19,0.5,400,"bu","14:17:12",38933100
19,0.5,500,"bu","14:17:12",38932700
19,0.5,100,"bu","14:17:12",38932200
19,0.5,1000,"bu","14:17:12",38932100
19,0.5,2000,"bu","14:17:07",38931100
19,0.5,500,"bu","14:17:07",38929100
19,0.5,2000,"bu","14:17:07",38928600
19,0.5,500,"bu","14:17:05",38926600
19,0.5,5000,"bu","14:17:03",38926100
19,0.5,500,"bu","14:17:03",38921100
19,0.5,100,"bu","14:17:03",38920600
19,0.5,87000,"bu","14:17:03",38920500
19,0.5,1000,"bu","14:17:02",38833500
19,0.5,500,"bu","14:16:58",38832500
19,0.5,3000,"bu","14:16:51",38832000
19,0.5,13400,"bu","14:16:48",38829000
19,0.5,1000,"bu","14:16:48",38815600
19,0.5,1000,"bu","14:16:48",38814600
19,0.5,14600,"bu","14:16:48",38813600
19,0.5,500,"bu","14:16:47",38799000
19,0.5,1000,"bu","14:16:46",38798500
19,0.5,1000,"bu","14:16:44",38797500
19,0.5,400,"bu","14:16:44",38796500
19,0.5,400,"bu","14:16:39",38796100
19,0.5,40000,"bu","14:16:34",38795700
19,0.5,100,"bu","14:16:34",38755700
19,0.5,20000,"bu","14:16:31",38755600
19,0.5,300,"bu","14:16:25",38735600
19,0.5,100,"bu","14:16:12",38735300
19,0.5,1000,"bu","14:16:12",38735200
19,0.5,8000,"bu","14:16:04",38734200
19,0.5,500,"bu","14:16:00",38726200
19,0.5,2000,"bu","14:15:55",38725700
19,0.5,800,"bu","14:15:53",38723700
19,0.5,9300,"bu","14:15:48",38722900
19,0.5,10400,"bu","14:15:48",38713600
19,0.5,400,"bu","14:15:48",38703200
19,0.5,1000,"bu","14:15:48",38702800
19,0.5,8900,"bu","14:15:48",38701800
19,0.5,100,"bu","14:15:42",38692900
19,0.5,200,"bu","14:15:19",38692800
18.95,0.45,500,"sd","14:15:08",38692600
19,0.5,5000,"bu","14:15:07",38692100
19,0.5,600,"bu","14:15:04",38687100
19,0.5,10000,"bu","14:15:03",38686500
19,0.5,5000,"bu","14:14:59",38676500
19,0.5,5300,"bu","14:14:56",38671500
19,0.5,1000,"bu","14:14:49",38666200
19,0.5,200,"bu","14:14:47",38665200
19,0.5,1000,"bu","14:14:47",38665000
19,0.5,1100,"bu","14:14:44",38664000
19,0.5,300,"bu","14:14:41",38662900
19,0.5,1000,"bu","14:14:39",38662600
19,0.5,1000,"bu","14:14:39",38661600
19,0.5,1000,"bu","14:14:37",38660600
19,0.5,2500,"bu","14:14:37",38659600
19,0.5,3000,"bu","14:14:37",38657100
19,0.5,500,"bu","14:14:37",38654100
19,0.5,2000,"bu","14:14:37",38653600
19,0.5,300,"sd","14:14:37",38651600
19,0.5,200,"bu","14:14:32",38651300
19,0.5,100,"bu","14:14:32",38651100
19,0.5,100,"bu","14:14:32",38651000
19,0.5,2300,"bu","14:14:32",38650900
19,0.5,10000,"bu","14:14:32",38648600
19,0.5,1000,"bu","14:14:29",38638600
19,0.5,61000,"bu","14:14:29",38637600
19,0.5,1000,"bu","14:14:28",38576600
19,0.5,6300,"bu","14:14:26",38575600
19,0.5,1300,"bu","14:14:26",38569300
19,0.5,5000,"bu","14:14:26",38568000
19,0.5,12100,"bu","14:14:22",38563000
19,0.5,200,"bu","14:14:22",38550900
19,0.5,900,"bu","14:14:22",38550700
19,0.5,100,"bu","14:14:22",38549800
19,0.5,200,"bu","14:14:22",38549700
19,0.5,5000,"bu","14:14:22",38549500
19,0.5,5000,"bu","14:14:22",38544500
19,0.5,20000,"bu","14:14:22",38539500
19,0.5,500,"bu","14:14:21",38519500
19,0.5,500,"bu","14:14:21",38519000
19,0.5,5000,"bu","14:14:21",38518500
19,0.5,1000,"bu","14:14:21",38513500
19,0.5,1000,"bu","14:14:21",38512500
19,0.5,5000,"bu","14:14:21",38511500
19,0.5,100,"bu","14:14:21",38506500
19,0.5,100,"bu","14:14:21",38506400
19,0.5,500,"bu","14:14:21",38506300
19,0.5,100,"bu","14:14:21",38505800
19,0.5,2000,"bu","14:14:21",38505700
19,0.5,1000,"bu","14:14:21",38503700
19,0.5,3000,"bu","14:14:21",38502700
19,0.5,500,"bu","14:14:21",38499700
19,0.5,19600,"bu","14:14:21",38499200
19,0.5,200,"bu","14:14:21",38479600
19,0.5,1000,"bu","14:14:21",38479400
19,0.5,200,"bu","14:14:21",38478400
19,0.5,1000,"bu","14:14:21",38478200
19,0.5,2000,"bu","14:14:21",38477200
19,0.5,2200,"bu","14:14:21",38475200
19,0.5,2800,"bu","14:14:18",38473000
19,0.5,200,"bu","14:14:18",38470200
19,0.5,400,"bu","14:14:17",38470000
19,0.5,100,"bu","14:14:17",38469600
19,0.5,300,"bu","14:14:17",38469500
19,0.5,100,"bu","14:14:17",38469200
19,0.5,100,"bu","14:14:17",38469100
19,0.5,5000,"bu","14:14:17",38469000
19,0.5,100,"bu","14:14:17",38464000
19,0.5,300,"bu","14:14:17",38463900
19,0.5,1500,"bu","14:14:17",38463600
19,0.5,2100,"bu","14:14:17",38462100
19,0.5,7900,"bu","14:14:14",38460000
19,0.5,700,"bu","14:14:14",38452100
19,0.5,10000,"bu","14:14:14",38451400
19,0.5,1600,"bu","14:14:14",38441400
19,0.5,200,"bu","14:14:14",38439800
19,0.5,300,"bu","14:14:14",38439600
19,0.5,3700,"bu","14:14:14",38439300
19,0.5,20000,"bu","14:14:14",38435600
19,0.5,200,"bu","14:14:14",38415600
19,0.5,500,"bu","14:14:14",38415400
19,0.5,500,"bu","14:14:14",38414900
19,0.5,100,"bu","14:14:14",38414400
19,0.5,500,"bu","14:14:14",38414300
19,0.5,1000,"bu","14:14:14",38413800
19,0.5,700,"bu","14:14:14",38412800
19,0.5,400,"bu","14:14:14",38412100
19,0.5,1000,"bu","14:14:14",38411700
19,0.5,100,"bu","14:14:14",38410700
19,0.5,200,"bu","14:14:14",38410600
19,0.5,800,"bu","14:14:14",38410400
19,0.5,5000,"bu","14:14:14",38409600
19,0.5,2500,"bu","14:14:14",38404600
19,0.5,1100,"bu","14:14:14",38402100
19,0.5,1000,"bu","14:14:14",38401000
19,0.5,1000,"bu","14:14:14",38400000
19,0.5,1000,"bu","14:14:13",38399000
19,0.5,900,"bu","14:14:13",38398000
19,0.5,200,"bu","14:14:13",38397100
19,0.5,1600,"bu","14:14:13",38396900
19,0.5,1000,"bu","14:14:13",38395300
19,0.5,300,"bu","14:14:13",38394300
19,0.5,1300,"bu","14:14:13",38394000
19,0.5,500,"bu","14:14:13",38392700
19,0.5,200,"bu","14:14:13",38392200
19,0.5,2000,"bu","14:14:06",38392000
19,0.5,300,"bu","14:14:06",38390000
19,0.5,100,"bu","14:14:06",38389700
19,0.5,500,"bu","14:14:06",38389600
19,0.5,1000,"bu","14:14:06",38389100
19,0.5,100,"bu","14:14:06",38388100
19,0.5,400,"bu","14:14:06",38388000
19,0.5,100,"bu","14:14:06",38387600
19,0.5,3000,"bu","14:14:06",38387500
19,0.5,2500,"bu","14:14:06",38384500
19,0.5,10000,"bu","14:14:06",38382000
19,0.5,4800,"bu","14:14:06",38372000
19,0.5,7000,"bu","14:14:06",38367200
19,0.5,15200,"bu","14:14:06",38360200
19,0.5,20000,"bu","14:14:06",38345000
19,0.5,100,"bu","14:14:06",38325000
19,0.5,200,"bu","14:14:06",38324900
19,0.5,2000,"bu","14:14:06",38324700
19,0.5,9400,"bu","14:14:06",38322700
19,0.5,10000,"bu","14:14:06",38313300
19,0.5,100,"bu","14:14:06",38303300
19,0.5,200,"bu","14:14:06",38303200
19,0.5,7000,"bu","14:14:06",38303000
19,0.5,400,"bu","14:14:04",38296000
19,0.5,4200,"bu","14:14:02",38295600
19,0.5,4200,"bu","14:14:00",38291400
19,0.5,5800,"bu","14:14:00",38287200
19,0.5,27000,"bu","14:13:49",38281400
19,0.5,12700,"bu","14:13:48",38254400
19,0.5,10000,"bu","14:13:48",38241700
19,0.5,200,"bu","14:13:48",38231700
19,0.5,4100,"bu","14:13:48",38231500
19,0.5,100,"bu","14:13:46",38227400
18.95,0.45,7500,"sd","14:13:46",38227300
18.95,0.45,400,"sd","14:13:34",38219800
19,0.5,23000,"bu","14:13:32",38219400
19,0.5,22800,"bu","14:13:32",38196400
19,0.5,200,"bu","14:13:32",38173600
19,0.5,700,"bu","14:13:17",38173400
19,0.5,2000,"bu","14:13:17",38172700
18.95,0.45,5000,"sd","14:13:03",38170700
18.95,0.45,200,"sd","14:12:58",38165700
18.95,0.45,200,"sd","14:12:57",38165500
19,0.5,700,"bu","14:12:55",38165300
18.95,0.45,4000,"sd","14:12:53",38164600
18.95,0.45,500,"sd","14:12:40",38160600
19,0.5,8000,"bu","14:12:38",38160100
18.95,0.45,25100,"sd","14:12:37",38152100
18.95,0.45,300,"sd","14:12:37",38127000
18.95,0.45,24600,"sd","14:12:37",38126700
19,0.5,400,"bu","14:12:33",38102100
19,0.5,5000,"bu","14:12:27",38101700
18.95,0.45,25400,"sd","14:12:26",38096700
18.95,0.45,500,"sd","14:12:26",38071300
18.95,0.45,2000,"sd","14:12:26",38070800
18.95,0.45,100,"sd","14:12:26",38068800
18.95,0.45,100,"sd","14:12:26",38068700
18.95,0.45,10000,"sd","14:12:26",38068600
18.95,0.45,2000,"sd","14:12:26",38058600
18.95,0.45,1000,"sd","14:12:26",38056600
18.95,0.45,300,"sd","14:12:26",38055600
18.95,0.45,300,"sd","14:12:26",38055300
18.95,0.45,8300,"sd","14:12:26",38055000
18.95,0.45,1000,"sd","14:12:22",38046700
18.95,0.45,100,"sd","14:12:21",38045700
18.95,0.45,15000,"sd","14:11:58",38045600
18.95,0.45,20000,"sd","14:11:56",38030600
18.95,0.45,200,"sd","14:11:51",38010600
19,0.5,300,"bu","14:11:43",38010400
19,0.5,200,"bu","14:11:42",38010100
18.95,0.45,5000,"sd","14:11:39",38009900
19,0.5,3000,"bu","14:11:29",38004900
19,0.5,5000,"bu","14:11:18",38001900
18.95,0.45,400,"sd","14:11:18",37996900
18.95,0.45,4600,"sd","14:11:18",37996500
18.95,0.45,5400,"sd","14:11:12",37991900
18.95,0.45,200,"sd","14:11:12",37986500
18.95,0.45,100,"sd","14:11:12",37986300
18.95,0.45,1900,"sd","14:11:12",37986200
18.95,0.45,10000,"sd","14:11:12",37984300
18.95,0.45,100,"sd","14:11:12",37974300
18.95,0.45,500,"sd","14:11:12",37974200
18.95,0.45,1800,"sd","14:11:12",37973700
18.95,0.45,300,"sd","14:10:56",37971900
18.95,0.45,100,"sd","14:10:52",37971600
18.95,0.45,200,"sd","14:10:50",37971500
18.95,0.45,600,"bu","14:10:48",37971300
18.95,0.45,200,"bu","14:10:48",37970700
18.95,0.45,500,"sd","14:10:47",37970500
18.95,0.45,700,"sd","14:10:47",37970000
18.95,0.45,100,"bu","14:10:42",37969300
18.95,0.45,200,"bu","14:10:42",37969200
18.95,0.45,800,"bu","14:10:41",37969000
18.95,0.45,800,"bu","14:10:41",37968200
18.95,0.45,48400,"bu","14:10:41",37967400
18.95,0.45,1600,"bu","14:10:41",37919000
18.95,0.45,3400,"bu","14:10:41",37917400
18.9,0.4,2000,"sd","14:10:38",37914000
18.95,0.45,1000,"bu","14:10:37",37912000
18.95,0.45,200,"bu","14:10:36",37911000
18.95,0.45,100,"bu","14:10:34",37910800
18.95,0.45,4400,"bu","14:10:31",37910700
18.95,0.45,200,"bu","14:10:31",37906300
18.95,0.45,800,"bu","14:10:31",37906100
18.95,0.45,20000,"bu","14:10:31",37905300
18.95,0.45,24600,"bu","14:10:31",37885300
18.95,0.45,600,"bu","14:10:28",37860700
18.95,0.45,300,"bu","14:10:23",37860100
18.95,0.45,300,"bu","14:10:21",37859800
18.95,0.45,400,"bu","14:10:20",37859500
18.95,0.45,1000,"bu","14:10:16",37859100
18.9,0.4,2900,"sd","14:10:15",37858100
18.95,0.45,500,"bu","14:10:08",37855200
18.95,0.45,300,"bu","14:10:06",37854700
18.95,0.45,1000,"bu","14:10:03",37854400
18.95,0.45,2000,"bu","14:10:02",37853400
18.95,0.45,100,"bu","14:09:57",37851400
18.95,0.45,18900,"bu","14:09:53",37851300
18.95,0.45,1100,"bu","14:09:53",37832400
18.95,0.45,5000,"bu","14:09:53",37831300
18.95,0.45,200,"bu","14:09:47",37826300
18.95,0.45,300,"bu","14:09:38",37826100
18.95,0.45,100,"bu","14:09:37",37825800
18.95,0.45,8000,"bu","14:09:34",37825700
18.95,0.45,4000,"bu","14:09:29",37817700
18.95,0.45,500,"bu","14:09:24",37813700
18.95,0.45,100,"bu","14:09:23",37813200
18.95,0.45,100,"bu","14:09:21",37813100
18.95,0.45,300,"bu","14:09:20",37813000
18.95,0.45,10000,"bu","14:09:18",37812700
18.95,0.45,100,"bu","14:09:15",37802700
18.95,0.45,200,"bu","14:09:14",37802600
18.95,0.45,100,"bu","14:09:13",37802400
18.95,0.45,1000,"bu","14:09:13",37802300
18.95,0.45,100,"bu","14:09:05",37801300
18.95,0.45,500,"bu","14:09:02",37801200
18.95,0.45,10000,"bu","14:09:01",37800700
18.95,0.45,500,"bu","14:08:57",37790700
18.95,0.45,500,"sd","14:08:55",37790200
18.95,0.45,2000,"sd","14:08:55",37789700
18.95,0.45,5000,"sd","14:08:55",37787700
18.95,0.45,5000,"sd","14:08:55",37782700
18.95,0.45,1000,"sd","14:08:55",37777700
18.95,0.45,300,"sd","14:08:55",37776700
18.95,0.45,500,"sd","14:08:55",37776400
18.95,0.45,1000,"sd","14:08:55",37775900
18.95,0.45,300,"sd","14:08:55",37774900
18.95,0.45,1000,"sd","14:08:55",37774600
18.95,0.45,2000,"sd","14:08:55",37773600
18.95,0.45,500,"sd","14:08:55",37771600
18.95,0.45,2000,"sd","14:08:55",37771100
18.95,0.45,100,"sd","14:08:55",37769100
18.95,0.45,10000,"sd","14:08:55",37769000
18.95,0.45,2000,"sd","14:08:55",37759000
18.95,0.45,5200,"sd","14:08:55",37757000
18.95,0.45,500,"sd","14:08:55",37751800
18.95,0.45,9500,"sd","14:08:55",37751300
18.95,0.45,9400,"sd","14:08:55",37741800
18.95,0.45,1000,"sd","14:08:40",37732400
18.95,0.45,6000,"sd","14:08:39",37731400
18.95,0.45,200,"sd","14:08:28",37725400
18.95,0.45,100,"sd","14:08:21",37725200
18.95,0.45,20000,"sd","14:08:16",37725100
18.95,0.45,13300,"sd","14:08:08",37705100
18.95,0.45,5000,"sd","14:08:08",37691800
18.95,0.45,1700,"sd","14:08:08",37686800
19,0.5,200,"bu","14:08:01",37685100
19,0.5,600,"bu","14:07:57",37684900
19,0.5,500,"bu","14:07:57",37684300
19,0.5,300,"bu","14:07:57",37683800
18.95,0.45,300,"sd","14:07:47",37683500
18.95,0.45,300,"sd","14:07:47",37683200
18.95,0.45,100,"sd","14:07:46",37682900
18.95,0.45,12200,"sd","14:07:46",37682800
18.95,0.45,4700,"sd","14:07:46",37670600
18.95,0.45,2000,"sd","14:07:46",37665900
18.95,0.45,500,"sd","14:07:46",37663900
18.95,0.45,500,"sd","14:07:46",37663400
18.95,0.45,500,"sd","14:07:40",37662900
18.95,0.45,7300,"sd","14:07:28",37662400
18.95,0.45,9000,"sd","14:07:28",37655100
18.95,0.45,5000,"sd","14:07:28",37646100
18.95,0.45,100,"sd","14:07:28",37641100
18.95,0.45,500,"sd","14:07:28",37641000
18.95,0.45,300,"sd","14:07:28",37640500
18.95,0.45,900,"sd","14:07:28",37640200
18.95,0.45,500,"sd","14:07:26",37639300
19,0.5,100,"bu","14:07:20",37638800
18.95,0.45,600,"sd","14:07:17",37638700
18.95,0.45,300,"sd","14:07:17",37638100
18.95,0.45,3000,"sd","14:07:17",37637800
18.95,0.45,1000,"sd","14:07:17",37634800
18.95,0.45,100,"sd","14:07:17",37633800
18.95,0.45,1000,"sd","14:07:17",37633700
18.95,0.45,1000,"sd","14:07:17",37632700
18.95,0.45,13000,"sd","14:07:17",37631700
18.95,0.45,100,"sd","14:07:15",37618700
18.95,0.45,5000,"sd","14:07:14",37618600
19,0.5,400,"bu","14:07:10",37613600
19,0.5,100,"bu","14:07:10",37613200
19,0.5,200,"bu","14:07:10",37613100
19,0.5,200,"bu","14:07:10",37612900
19,0.5,1500,"bu","14:07:10",37612700
18.95,0.45,200,"sd","14:07:10",37611200
18.95,0.45,100,"sd","14:07:06",37611000
18.95,0.45,100,"sd","14:06:56",37610900
18.95,0.45,1500,"sd","14:06:43",37610800
18.95,0.45,500,"sd","14:06:43",37609300
18.95,0.45,500,"bu","14:06:37",37608800
18.95,0.45,300,"bu","14:06:37",37608300
18.95,0.45,100,"bu","14:06:37",37608000
18.95,0.45,100,"bu","14:06:37",37607900
18.95,0.45,6800,"bu","14:06:37",37607800
18.95,0.45,500,"bu","14:06:37",37601000
18.95,0.45,200,"bu","14:06:37",37600500
18.95,0.45,4000,"bu","14:06:35",37600300
18.95,0.45,9200,"bu","14:06:35",37596300
18.95,0.45,1000,"bu","14:06:35",37587100
18.95,0.45,1000,"bu","14:06:35",37586100
18.95,0.45,500,"bu","14:06:35",37585100
18.95,0.45,200,"bu","14:06:35",37584600
18.95,0.45,1000,"bu","14:06:35",37584400
18.95,0.45,37100,"bu","14:06:35",37583400
18.95,0.45,400,"bu","14:06:33",37546300
18.95,0.45,15000,"bu","14:06:31",37545900
18.95,0.45,10000,"bu","14:06:31",37530900
18.95,0.45,300,"bu","14:06:29",37520900
18.95,0.45,5000,"bu","14:06:28",37520600
18.95,0.45,5000,"bu","14:06:28",37515600
18.95,0.45,2000,"bu","14:06:26",37510600
18.95,0.45,5000,"bu","14:06:26",37508600
18.95,0.45,100,"bu","14:06:24",37503600
18.95,0.45,1000,"bu","14:06:23",37503500
18.95,0.45,100,"bu","14:06:22",37502500
18.95,0.45,8000,"bu","14:06:22",37502400
18.95,0.45,100,"bu","14:06:20",37494400
18.95,0.45,10000,"bu","14:06:19",37494300
18.95,0.45,1000,"bu","14:06:18",37484300
18.95,0.45,200,"bu","14:06:17",37483300
18.9,0.4,700,"sd","14:06:14",37483100
18.9,0.4,100,"sd","14:06:14",37482400
18.9,0.4,5000,"sd","14:06:14",37482300
18.9,0.4,500,"sd","14:06:14",37477300
18.9,0.4,2000,"sd","14:06:14",37476800
18.9,0.4,500,"sd","14:06:14",37474800
18.9,0.4,100,"sd","14:06:14",37474300
18.9,0.4,1000,"sd","14:06:14",37474200
18.9,0.4,300,"sd","14:06:14",37473200
18.9,0.4,1000,"sd","14:06:14",37472900
18.9,0.4,1000,"sd","14:06:14",37471900
18.9,0.4,500,"sd","14:06:14",37470900
18.9,0.4,1000,"sd","14:06:14",37470400
18.9,0.4,1000,"sd","14:06:14",37469400
18.9,0.4,100,"sd","14:06:14",37468400
18.9,0.4,500,"sd","14:06:14",37468300
18.9,0.4,1000,"sd","14:06:14",37467800
18.9,0.4,3700,"sd","14:06:14",37466800
18.95,0.45,30000,"bu","14:06:13",37463100
18.95,0.45,100,"bu","14:06:06",37433100
18.9,0.4,1400,"sd","14:06:06",37433000
18.9,0.4,200,"sd","14:06:05",37431600
18.95,0.45,39600,"bu","14:06:03",37431400
18.95,0.45,10400,"bu","14:06:03",37391800
18.95,0.45,1500,"bu","14:06:01",37381400
18.95,0.45,100,"bu","14:06:00",37379900
18.95,0.45,500,"bu","14:06:00",37379800
18.95,0.45,100,"bu","14:05:59",37379300
18.95,0.45,600,"bu","14:05:57",37379200
18.95,0.45,100,"bu","14:05:57",37378600
18.95,0.45,300,"bu","14:05:57",37378500
18.95,0.45,600,"bu","14:05:44",37378200
18.95,0.45,49400,"bu","14:05:44",37377600
18.95,0.45,600,"bu","14:05:42",37328200
18.95,0.45,7100,"bu","14:05:42",37327600
18.95,0.45,1800,"bu","14:05:42",37320500
18.95,0.45,2000,"bu","14:05:40",37318700
18.95,0.45,500,"bu","14:05:32",37316700
18.95,0.45,7200,"bu","14:05:31",37316200
18.9,0.4,200,"sd","14:05:31",37309000
18.9,0.4,4700,"sd","14:05:31",37308800
18.9,0.4,9700,"sd","14:05:31",37304100
18.9,0.4,300,"sd","14:05:31",37294400
18.9,0.4,100,"sd","14:05:31",37294100
18.9,0.4,3200,"sd","14:05:31",37294000
18.9,0.4,100,"sd","14:05:31",37290800
18.9,0.4,500,"sd","14:05:31",37290700
18.9,0.4,300,"sd","14:05:31",37290200
18.9,0.4,500,"sd","14:05:31",37289900
18.9,0.4,100,"sd","14:05:31",37289400
18.9,0.4,300,"sd","14:05:31",37289300
18.95,0.45,100,"bu","14:05:30",37289000
18.95,0.45,600,"bu","14:05:26",37288900
18.95,0.45,100,"bu","14:05:14",37288300
18.95,0.45,600,"bu","14:05:14",37288200
18.95,0.45,3000,"bu","14:05:13",37287600
18.95,0.45,4000,"sd","14:05:09",37284600
18.95,0.45,300,"sd","14:05:09",37280600
18.95,0.45,8000,"sd","14:05:09",37280300
18.95,0.45,100,"sd","14:05:09",37272300
18.95,0.45,10000,"sd","14:05:09",37272200
18.95,0.45,100,"sd","14:05:09",37262200
18.95,0.45,900,"sd","14:05:09",37262100
18.95,0.45,3600,"sd","14:05:09",37261200
18.95,0.45,26400,"sd","14:05:07",37257600
18.95,0.45,100,"sd","14:05:07",37231200
18.95,0.45,200,"sd","14:05:06",37231100
18.95,0.45,5000,"sd","14:05:06",37230900
18.95,0.45,3000,"sd","14:05:06",37225900
18.95,0.45,20000,"sd","14:05:06",37222900
18.95,0.45,1000,"sd","14:05:06",37202900
18.95,0.45,1000,"sd","14:05:06",37201900
18.95,0.45,3300,"sd","14:05:06",37200900
18.95,0.45,16700,"sd","14:05:02",37197600
18.95,0.45,2000,"sd","14:05:02",37180900
18.95,0.45,300,"sd","14:05:02",37178900
18.95,0.45,1000,"sd","14:05:02",37178600
18.95,0.45,4000,"sd","14:04:55",37177600
18.95,0.45,100,"sd","14:04:55",37173600
18.95,0.45,5900,"sd","14:04:55",37173500
18.95,0.45,100,"sd","14:04:52",37167600
18.95,0.45,4000,"sd","14:04:45",37167500
18.95,0.45,6000,"sd","14:04:45",37163500
18.95,0.45,1700,"sd","14:04:44",37157500
18.95,0.45,200,"sd","14:04:33",37155800
18.95,0.45,100,"sd","14:04:25",37155600
18.95,0.45,5000,"sd","14:04:21",37155500
18.95,0.45,1000,"sd","14:04:19",37150500
18.95,0.45,100,"sd","14:04:03",37149500
18.95,0.45,300,"sd","14:04:01",37149400
18.95,0.45,500,"sd","14:03:59",37149100
19,0.5,100,"bu","14:03:59",37148600
18.95,0.45,1000,"sd","14:03:50",37148500
18.95,0.45,500,"sd","14:03:47",37147500
18.95,0.45,2000,"sd","14:03:41",37147000
19,0.5,100,"bu","14:03:41",37145000
18.95,0.45,200,"sd","14:03:27",37144900
18.95,0.45,1400,"bu","14:03:19",37144700
18.95,0.45,200,"bu","14:03:19",37143300
18.95,0.45,300,"bu","14:03:19",37143100
18.95,0.45,1000,"bu","14:03:19",37142800
18.95,0.45,100,"bu","14:03:17",37141800
18.95,0.45,100,"bu","14:03:15",37141700
18.95,0.45,1000,"bu","14:03:15",37141600
18.95,0.45,3800,"bu","14:03:12",37140600
18.95,0.45,1000,"bu","14:03:12",37136800
18.95,0.45,100,"bu","14:03:12",37135800
18.95,0.45,300,"bu","14:03:12",37135700
18.95,0.45,300,"bu","14:03:12",37135400
18.95,0.45,100,"bu","14:03:12",37135100
18.95,0.45,300,"bu","14:03:12",37135000
18.95,0.45,5000,"bu","14:03:12",37134700
18.95,0.45,2000,"bu","14:03:12",37129700
18.95,0.45,300,"bu","14:03:12",37127700
18.95,0.45,600,"bu","14:03:12",37127400
18.95,0.45,500,"bu","14:03:12",37126800
18.95,0.45,5700,"bu","14:03:12",37126300
18.95,0.45,10000,"bu","14:03:11",37120600
18.9,0.4,500,"sd","14:03:09",37110600
18.95,0.45,100,"bu","14:03:08",37110100
18.95,0.45,500,"bu","14:03:07",37110000
18.95,0.45,5000,"bu","14:03:07",37109500
18.9,0.4,100,"sd","14:03:06",37104500
18.95,0.45,1000,"bu","14:03:05",37104400
18.95,0.45,3000,"bu","14:03:03",37103400
18.95,0.45,10000,"bu","14:03:01",37100400
18.95,0.45,500,"bu","14:03:00",37090400
18.95,0.45,3000,"bu","14:02:55",37089900
18.95,0.45,1000,"bu","14:02:42",37086900
18.95,0.45,10000,"bu","14:02:41",37085900
18.95,0.45,5000,"bu","14:02:36",37075900
18.95,0.45,1000,"bu","14:02:34",37070900
18.95,0.45,1000,"bu","14:02:28",37069900
18.95,0.45,300,"bu","14:02:27",37068900
18.95,0.45,100,"sd","14:02:24",37068600
18.95,0.45,500,"sd","14:02:24",37068500
18.95,0.45,2000,"sd","14:02:24",37068000
18.95,0.45,10000,"sd","14:02:24",37066000
18.95,0.45,3000,"sd","14:02:24",37056000
18.95,0.45,100000,"sd","14:02:24",37053000
18.95,0.45,52300,"sd","14:02:24",36953000
18.95,0.45,500,"sd","14:02:23",36900700
18.95,0.45,300,"sd","14:02:07",36900200
18.95,0.45,100,"bu","14:02:00",36899900
18.95,0.45,300,"bu","14:02:00",36899800
18.95,0.45,500,"bu","14:02:00",36899500
18.95,0.45,100,"bu","14:02:00",36899000
18.95,0.45,200,"bu","14:02:00",36898900
18.95,0.45,1000,"bu","14:02:00",36898700
18.95,0.45,10000,"bu","14:02:00",36897700
18.95,0.45,25000,"bu","14:02:00",36887700
18.9,0.4,5000,"sd","14:01:59",36862700
18.95,0.45,100,"bu","14:01:58",36857700
18.95,0.45,2000,"bu","14:01:57",36857600
18.95,0.45,500,"bu","14:01:53",36855600
18.95,0.45,10000,"bu","14:01:53",36855100
18.9,0.4,7700,"sd","14:01:53",36845100
18.9,0.4,300,"sd","14:01:53",36837400
18.95,0.45,12100,"bu","14:01:52",36837100
18.95,0.45,1000,"bu","14:01:52",36825000
18.95,0.45,6900,"bu","14:01:52",36824000
18.95,0.45,3100,"bu","14:01:50",36817100
18.95,0.45,500,"bu","14:01:50",36814000
18.95,0.45,16400,"bu","14:01:50",36813500
18.95,0.45,100,"bu","14:01:50",36797100
18.95,0.45,800,"bu","14:01:44",36797000
18.95,0.45,1000,"bu","14:01:43",36796200
18.95,0.45,4000,"bu","14:01:42",36795200
18.95,0.45,600,"bu","14:01:42",36791200
18.95,0.45,10000,"bu","14:01:33",36790600
18.95,0.45,100,"bu","14:01:32",36780600
18.95,0.45,500,"bu","14:01:25",36780500
18.95,0.45,200,"bu","14:01:23",36780000
18.9,0.4,4000,"sd","14:01:22",36779800
18.95,0.45,7300,"bu","14:01:19",36775800
18.95,0.45,500,"bu","14:01:19",36768500
18.95,0.45,11000,"bu","14:01:19",36768000
18.95,0.45,700,"bu","14:01:19",36757000
18.95,0.45,70500,"bu","14:01:19",36756300
18.95,0.45,13500,"bu","14:01:11",36685800
18.95,0.45,6500,"bu","14:01:11",36672300
18.95,0.45,500,"bu","14:01:09",36665800
18.95,0.45,3000,"bu","14:01:07",36665300
18.95,0.45,800,"bu","14:01:06",36662300
18.95,0.45,1000,"bu","14:01:06",36661500
18.95,0.45,45200,"bu","14:01:06",36660500
18.95,0.45,500,"bu","14:00:58",36615300
18.95,0.45,2000,"bu","14:00:52",36614800
18.9,0.4,500,"sd","14:00:52",36612800
18.9,0.4,1000,"sd","14:00:47",36612300
18.95,0.45,400,"bu","14:00:46",36611300
18.9,0.4,1000,"sd","14:00:43",36610900
18.9,0.4,200,"sd","14:00:27",36609900
18.9,0.4,200,"sd","14:00:27",36609700
18.95,0.45,200,"sd","14:00:26",36609500
18.95,0.45,100,"sd","14:00:26",36609300
18.95,0.45,100,"sd","14:00:26",36609200
18.95,0.45,200,"sd","14:00:26",36609100
18.95,0.45,1300,"sd","14:00:26",36608900
18.95,0.45,50000,"sd","14:00:25",36607600
18.95,0.45,3000,"sd","14:00:25",36557600
18.95,0.45,5000,"sd","14:00:24",36554600
18.95,0.45,17200,"sd","14:00:23",36549600
18.95,0.45,50000,"sd","14:00:20",36532400
18.95,0.45,500,"sd","14:00:20",36482400
18.95,0.45,100,"sd","14:00:20",36481900
18.95,0.45,100,"sd","14:00:20",36481800
18.95,0.45,10000,"sd","14:00:20",36481700
18.95,0.45,100,"sd","14:00:20",36471700
18.95,0.45,200,"sd","14:00:20",36471600
18.95,0.45,2000,"sd","14:00:20",36471400
18.95,0.45,1200,"sd","14:00:20",36469400
18.95,0.45,5000,"sd","14:00:20",36468200
18.95,0.45,2700,"sd","14:00:20",36463200
18.95,0.45,23500,"sd","14:00:20",36460500
18.95,0.45,500,"sd","14:00:20",36437000
18.95,0.45,4000,"sd","14:00:20",36436500
18.95,0.45,100,"sd","14:00:20",36432500
18.95,0.45,5000,"sd","14:00:20",36432400
18.95,0.45,1500,"sd","14:00:16",36427400
18.95,0.45,500,"sd","14:00:15",36425900
18.95,0.45,1000,"sd","14:00:12",36425400
18.95,0.45,300,"sd","14:00:11",36424400
18.95,0.45,300,"sd","14:00:11",36424100
18.95,0.45,500,"sd","14:00:07",36423800
18.95,0.45,7700,"sd","14:00:04",36423300
18.95,0.45,500,"sd","14:00:03",36415600
18.95,0.45,200,"sd","14:00:03",36415100
18.95,0.45,100,"sd","14:00:03",36414900
18.95,0.45,30000,"sd","14:00:03",36414800
18.95,0.45,2000,"sd","14:00:03",36384800
18.95,0.45,100,"sd","14:00:03",36382800
18.95,0.45,500,"sd","14:00:03",36382700
18.95,0.45,2000,"sd","14:00:03",36382200
18.95,0.45,5000,"sd","14:00:03",36380200
18.95,0.45,200,"sd","14:00:03",36375200
18.95,0.45,100,"sd","14:00:03",36375000
18.95,0.45,100,"sd","14:00:03",36374900
18.95,0.45,9200,"sd","14:00:03",36374800
18.95,0.45,3000,"sd","13:59:58",36365600
18.95,0.45,100,"sd","13:59:53",36362600
18.95,0.45,400,"sd","13:59:52",36362500
18.95,0.45,1000,"sd","13:59:51",36362100
18.95,0.45,1000,"sd","13:59:50",36361100
18.95,0.45,500,"sd","13:59:47",36360100
18.95,0.45,100,"sd","13:59:47",36359600
18.95,0.45,10000,"sd","13:59:46",36359500
19,0.5,1000,"bu","13:59:45",36349500
18.95,0.45,1800,"sd","13:59:35",36348500
18.95,0.45,1700,"sd","13:59:35",36346700
18.95,0.45,3000,"sd","13:59:35",36345000
18.95,0.45,400,"sd","13:59:35",36342000
18.95,0.45,3000,"sd","13:59:35",36341600
18.95,0.45,100,"sd","13:59:35",36338600
18.95,0.45,200,"sd","13:59:32",36338500
18.95,0.45,100,"sd","13:59:32",36338300
18.95,0.45,100,"sd","13:59:32",36338200
18.95,0.45,200,"sd","13:59:32",36338100
18.95,0.45,200,"sd","13:59:32",36337900
19,0.5,3000,"bu","13:59:30",36337700
18.95,0.45,2500,"sd","13:59:29",36334700
18.95,0.45,1000,"sd","13:59:29",36332200
18.95,0.45,2000,"sd","13:59:29",36331200
18.95,0.45,2200,"sd","13:59:29",36329200
18.95,0.45,2400,"sd","13:59:23",36327000
18.95,0.45,600,"sd","13:59:23",36324600
18.95,0.45,3400,"sd","13:59:23",36324000
18.95,0.45,1500,"sd","13:59:19",36320600
18.95,0.45,5100,"sd","13:59:17",36319100
18.95,0.45,3000,"sd","13:59:17",36314000
18.95,0.45,100,"sd","13:59:17",36311000
18.95,0.45,10000,"sd","13:59:17",36310900
18.95,0.45,1000,"sd","13:59:17",36300900
18.95,0.45,500,"sd","13:59:17",36299900
18.95,0.45,100,"sd","13:59:17",36299400
18.95,0.45,1000,"sd","13:59:17",36299300
18.95,0.45,2000,"sd","13:59:17",36298300
18.95,0.45,100,"sd","13:59:17",36296300
18.95,0.45,2000,"sd","13:59:17",36296200
18.95,0.45,25100,"sd","13:59:17",36294200
18.95,0.45,800,"sd","13:59:13",36269100
18.95,0.45,7700,"sd","13:59:04",36268300
18.95,0.45,4100,"sd","13:58:59",36260600
19,0.5,1000,"bu","13:58:53",36256500
18.95,0.45,12300,"sd","13:58:49",36255500
18.95,0.45,2000,"sd","13:58:49",36243200
18.95,0.45,200,"sd","13:58:49",36241200
18.95,0.45,1000,"sd","13:58:49",36241000
18.95,0.45,500,"sd","13:58:49",36240000
18.95,0.45,1000,"sd","13:58:49",36239500
18.95,0.45,100,"sd","13:58:49",36238500
18.95,0.45,1000,"sd","13:58:49",36238400
18.95,0.45,100,"sd","13:58:49",36237400
18.95,0.45,1800,"sd","13:58:49",36237300
18.95,0.45,8200,"sd","13:58:48",36235500
18.95,0.45,500,"sd","13:58:48",36227300
18.95,0.45,1000,"sd","13:58:48",36226800
18.95,0.45,3000,"sd","13:58:48",36225800
18.95,0.45,10000,"sd","13:58:48",36222800
18.95,0.45,1000,"sd","13:58:48",36212800
18.95,0.45,6000,"sd","13:58:48",36211800
18.95,0.45,100,"sd","13:58:48",36205800
18.95,0.45,200,"sd","13:58:48",36205700
18.95,0.45,100,"sd","13:58:41",36205500
18.95,0.45,500,"sd","13:58:41",36205400
18.95,0.45,100,"sd","13:58:41",36204900
18.95,0.45,500,"sd","13:58:41",36204800
18.95,0.45,500,"sd","13:58:41",36204300
18.95,0.45,800,"sd","13:58:41",36203800
19,0.5,1500,"bu","13:58:40",36203000
18.95,0.45,200,"sd","13:58:33",36201500
18.95,0.45,100,"sd","13:58:33",36201300
18.95,0.45,100,"sd","13:58:33",36201200
18.95,0.45,500,"sd","13:58:33",36201100
18.95,0.45,2000,"sd","13:58:33",36200600
18.95,0.45,30000,"sd","13:58:33",36198600
18.95,0.45,2300,"sd","13:58:33",36168600
18.95,0.45,3000,"sd","13:58:33",36166300
18.95,0.45,1000,"sd","13:58:33",36163300
18.95,0.45,800,"sd","13:58:33",36162300
18.95,0.45,200,"sd","13:58:30",36161500
18.95,0.45,100,"sd","13:58:30",36161300
18.95,0.45,200,"sd","13:58:30",36161200
18.95,0.45,1000,"sd","13:58:30",36161000
18.95,0.45,1000,"sd","13:58:30",36160000
18.95,0.45,2000,"sd","13:58:30",36159000
18.95,0.45,200,"sd","13:58:30",36157000
18.95,0.45,700,"sd","13:58:30",36156800
18.95,0.45,100,"sd","13:58:30",36156100
18.95,0.45,14500,"sd","13:58:30",36156000
19,0.5,1000,"bu","13:58:02",36141500
19,0.5,500,"bu","13:57:55",36140500
18.95,0.45,7700,"sd","13:57:42",36140000
18.95,0.45,1000,"sd","13:57:32",36132300
19,0.5,100,"bu","13:57:31",36131300
18.95,0.45,7700,"sd","13:57:31",36131200
19,0.5,2000,"bu","13:57:28",36123500
18.95,0.45,7700,"sd","13:57:21",36121500
18.95,0.45,2000,"sd","13:57:20",36113800
18.95,0.45,200,"sd","13:57:18",36111800
18.95,0.45,7700,"sd","13:57:12",36111600
19,0.5,1000,"bu","13:57:11",36103900
19,0.5,100,"bu","13:57:08",36102900
19,0.5,1000,"bu","13:57:04",36102800
18.95,0.45,7700,"sd","13:57:04",36101800
18.95,0.45,7700,"sd","13:56:55",36094100
18.95,0.45,7700,"sd","13:56:43",36086400
19,0.5,500,"bu","13:56:37",36078700
19,0.5,7100,"sd","13:56:33",36078200
19,0.5,10000,"sd","13:56:33",36071100
19,0.5,100,"sd","13:56:33",36061100
19,0.5,500,"sd","13:56:33",36061000
19,0.5,600,"sd","13:56:33",36060500
19,0.5,200,"sd","13:56:33",36059900
19,0.5,100,"sd","13:56:33",36059700
19,0.5,500,"sd","13:56:33",36059600
19,0.5,2500,"sd","13:56:33",36059100
19,0.5,300,"sd","13:56:33",36056600
19,0.5,2000,"sd","13:56:33",36056300
19,0.5,200,"sd","13:56:30",36054300
19,0.5,2700,"sd","13:56:30",36054100
19,0.5,7300,"sd","13:56:30",36051400
19,0.5,7700,"sd","13:56:24",36044100
19,0.5,10000,"sd","13:56:22",36036400
19,0.5,5000,"sd","13:56:22",36026400
19.05,0.55,1000,"bu","13:56:20",36021400
19,0.5,1000,"sd","13:56:18",36020400
19,0.5,8400,"sd","13:56:15",36019400
19,0.5,400,"sd","13:56:15",36011000
19,0.5,2500,"sd","13:56:15",36010600
19,0.5,700,"sd","13:56:15",36008100
19,0.5,30000,"sd","13:56:13",36007400
19,0.5,2000,"sd","13:56:12",35977400
19,0.5,100,"sd","13:56:11",35975400
19,0.5,5000,"sd","13:56:06",35975300
19,0.5,31500,"sd","13:56:05",35970300
19,0.5,2700,"sd","13:56:04",35938800
19,0.5,1000,"sd","13:56:04",35936100
19,0.5,2000,"sd","13:56:04",35935100
19,0.5,2000,"sd","13:56:04",35933100
19,0.5,400,"sd","13:56:04",35931100
19,0.5,3000,"sd","13:56:04",35930700
19,0.5,5200,"sd","13:56:04",35927700
19,0.5,200,"sd","13:56:04",35922500
19,0.5,100,"sd","13:56:04",35922300
19,0.5,100,"sd","13:56:04",35922200
19,0.5,1000,"sd","13:56:04",35922100
19,0.5,1700,"sd","13:56:04",35921100
19,0.5,100,"sd","13:56:04",35919400
19,0.5,10500,"sd","13:56:04",35919300
19,0.5,25300,"sd","13:55:56",35908800
19,0.5,13000,"sd","13:55:49",35883500
19,0.5,500,"sd","13:55:49",35870500
19,0.5,100,"sd","13:55:49",35870000
19,0.5,2000,"sd","13:55:49",35869900
19,0.5,1000,"sd","13:55:49",35867900
19,0.5,500,"sd","13:55:49",35866900
19,0.5,2000,"sd","13:55:49",35866400
19,0.5,30900,"sd","13:55:49",35864400
19,0.5,500,"sd","13:55:47",35833500
19,0.5,29600,"sd","13:55:40",35833000
19,0.5,20400,"sd","13:55:40",35803400
19,0.5,40600,"sd","13:55:35",35783000
19,0.5,500,"sd","13:55:35",35742400
19,0.5,8900,"sd","13:55:35",35741900
19,0.5,1900,"sd","13:55:35",35733000
19.05,0.55,1000,"bu","13:55:30",35731100
19,0.5,2000,"sd","13:55:29",35730100
19,0.5,500,"sd","13:55:24",35728100
19,0.5,8700,"sd","13:55:06",35727600
19,0.5,30000,"sd","13:55:06",35718900
19,0.5,100,"sd","13:55:06",35688900
19,0.5,500,"sd","13:55:06",35688800
19,0.5,1300,"sd","13:55:06",35688300
19,0.5,1000,"sd","13:55:06",35687000
19,0.5,200,"sd","13:55:06",35686000
19,0.5,100,"sd","13:55:06",35685800
19,0.5,500,"sd","13:55:06",35685700
19,0.5,20000,"sd","13:55:06",35685200
19,0.5,21600,"sd","13:55:06",35665200
19,0.5,16000,"sd","13:55:06",35643600
19,0.5,11000,"sd","13:54:55",35627600
19,0.5,27000,"sd","13:54:55",35616600
19,0.5,1000,"sd","13:54:55",35589600
19,0.5,3900,"sd","13:54:55",35588600
19,0.5,2000,"sd","13:54:55",35584700
19,0.5,5100,"sd","13:54:55",35582700
19.05,0.55,1000,"bu","13:54:38",35577600
19,0.5,500,"sd","13:54:38",35576600
19.05,0.55,1000,"bu","13:54:36",35576100
19,0.5,4000,"sd","13:54:33",35575100
19,0.5,300,"sd","13:54:28",35571100
19.05,0.55,6100,"bu","13:54:25",35570800
19,0.5,300,"sd","13:54:06",35564700
19.05,0.55,5000,"bu","13:53:51",35564400
19.05,0.55,1000,"bu","13:53:48",35559400
19,0.5,70000,"sd","13:53:38",35558400
19,0.5,10600,"sd","13:53:37",35488400
19.05,0.55,600,"bu","13:53:29",35477800
19,0.5,500,"sd","13:53:25",35477200
19,0.5,200,"sd","13:53:25",35476700
19,0.5,200,"sd","13:53:16",35476500
19.05,0.55,100,"bu","13:53:13",35476300
19.05,0.55,1000,"bu","13:52:57",35476200
19.05,0.55,1000,"bu","13:52:55",35475200
19,0.5,2000,"sd","13:52:55",35474200
19,0.5,6300,"sd","13:52:52",35472200
19,0.5,25000,"sd","13:52:52",35465900
19,0.5,5000,"sd","13:52:52",35440900
19,0.5,1000,"sd","13:52:52",35435900
19,0.5,30000,"sd","13:52:52",35434900
19,0.5,300,"sd","13:52:52",35404900
19,0.5,10000,"sd","13:52:52",35404600
19,0.5,100,"sd","13:52:52",35394600
19,0.5,20000,"sd","13:52:52",35394500
19,0.5,2300,"sd","13:52:52",35374500
19.05,0.55,1500,"bu","13:52:40",35372200
19,0.5,2000,"sd","13:52:35",35370700
19,0.5,500,"sd","13:52:26",35368700
19.05,0.55,100,"bu","13:52:25",35368200
19,0.5,15200,"sd","13:52:24",35368100
19,0.5,30000,"sd","13:52:24",35352900
19,0.5,2400,"sd","13:52:24",35322900
19,0.5,300,"sd","13:52:24",35320500
19,0.5,100,"sd","13:52:24",35320200
19,0.5,1000,"sd","13:52:24",35320100
19,0.5,2000,"sd","13:52:24",35319100
19,0.5,500,"sd","13:52:23",35317100
19,0.5,500,"sd","13:52:12",35316600
19,0.5,17400,"sd","13:52:12",35316100
19,0.5,100,"sd","13:52:12",35298700
19,0.5,4200,"sd","13:52:12",35298600
19,0.5,900,"sd","13:52:12",35294400
19,0.5,5500,"sd","13:52:12",35293500
19,0.5,500,"sd","13:52:12",35288000
19,0.5,200,"sd","13:52:12",35287500
19,0.5,20000,"sd","13:52:12",35287300
19,0.5,400,"sd","13:52:12",35267300
19,0.5,300,"sd","13:52:12",35266900
19.05,0.55,5000,"bu","13:52:11",35266600
19,0.5,100,"sd","13:52:10",35261600
19.05,0.55,1000,"bu","13:52:06",35261500
19,0.5,500,"sd","13:51:56",35260500
19.05,0.55,500,"bu","13:51:56",35260000
19,0.5,300,"sd","13:51:48",35259500
19,0.5,61400,"sd","13:51:43",35259200
19,0.5,100,"sd","13:51:43",35197800
19,0.5,100,"sd","13:51:43",35197700
19,0.5,2800,"sd","13:51:43",35197600
19,0.5,4400,"sd","13:51:43",35194800
19,0.5,1200,"sd","13:51:43",35190400
19.05,0.55,100,"bu","13:51:35",35189200
19,0.5,5000,"sd","13:51:27",35189100
19,0.5,100,"sd","13:51:24",35184100
19,0.5,1000,"sd","13:51:18",35184000
19,0.5,1500,"sd","13:51:17",35183000
19,0.5,1000,"sd","13:51:16",35181500
19.05,0.55,1000,"bu","13:51:15",35180500
19,0.5,200,"sd","13:51:01",35179500
19,0.5,600,"sd","13:51:01",35179300
19,0.5,100,"sd","13:51:01",35178700
19,0.5,2000,"sd","13:51:01",35178600
19,0.5,2000,"sd","13:51:01",35176600
19,0.5,1000,"sd","13:51:01",35174600
19,0.5,400,"sd","13:51:01",35173600
19,0.5,1400,"sd","13:51:01",35173200
19,0.5,100,"sd","13:51:00",35171800
19,0.5,5300,"sd","13:50:57",35171700
19,0.5,1000,"sd","13:50:49",35166400
19,0.5,500,"sd","13:50:44",35165400
19.05,0.55,1000,"bu","13:50:42",35164900
19,0.5,1300,"sd","13:50:32",35163900
19.05,0.55,1000,"bu","13:50:25",35162600
19,0.5,7700,"sd","13:50:19",35161600
19.05,0.55,500,"bu","13:50:13",35153900
19,0.5,30700,"sd","13:50:07",35153400
19,0.5,19300,"sd","13:50:07",35122700
19,0.5,2000,"sd","13:50:05",35103400
19,0.5,700,"sd","13:49:56",35101400
19,0.5,9000,"sd","13:49:51",35100700
19,0.5,500,"sd","13:49:48",35091700
19,0.5,500,"sd","13:49:45",35091200
19,0.5,3000,"sd","13:49:37",35090700
19.05,0.55,1000,"bu","13:49:33",35087700
19,0.5,1000,"sd","13:49:27",35086700
19,0.5,200,"sd","13:49:16",35085700
19,0.5,200,"sd","13:48:56",35085500
19,0.5,11600,"sd","13:48:43",35085300
19,0.5,1000,"sd","13:48:43",35073700
19,0.5,1000,"sd","13:48:43",35072700
19,0.5,500,"sd","13:48:43",35071700
19,0.5,100,"sd","13:48:43",35071200
19,0.5,200,"sd","13:48:43",35071100
19,0.5,100,"sd","13:48:43",35070900
19,0.5,38400,"sd","13:48:43",35070800
19,0.5,16000,"sd","13:48:43",35032400
19,0.5,31100,"sd","13:48:43",35016400
19.05,0.55,1000,"bu","13:48:42",34985300
19,0.5,500,"sd","13:48:38",34984300
19,0.5,500,"sd","13:48:37",34983800
19,0.5,1100,"sd","13:48:31",34983300
19,0.5,600,"sd","13:48:18",34982200
19,0.5,1000,"sd","13:48:17",34981600
19,0.5,30200,"sd","13:48:14",34980600
19,0.5,10000,"sd","13:48:14",34950400
19,0.5,200,"sd","13:48:14",34940400
19,0.5,100,"sd","13:48:14",34940200
19,0.5,100,"sd","13:48:14",34940100
19,0.5,400,"sd","13:48:14",34940000
19,0.5,9000,"sd","13:48:14",34939600
19,0.5,3000,"bu","13:48:01",34930600
19,0.5,2600,"bu","13:48:01",34927600
19,0.5,300,"bu","13:48:01",34925000
19,0.5,100,"bu","13:48:01",34924700
19,0.5,1000,"bu","13:48:01",34924600
19,0.5,5000,"bu","13:48:01",34923600
19,0.5,1500,"bu","13:48:01",34918600
19,0.5,1000,"bu","13:48:01",34917100
19,0.5,5000,"bu","13:48:01",34916100
19,0.5,1000,"bu","13:48:01",34911100
19,0.5,2000,"bu","13:48:01",34910100
19,0.5,18500,"bu","13:48:01",34908100
19,0.5,10000,"bu","13:48:00",34889600
19,0.5,500,"bu","13:47:53",34879600
19,0.5,1000,"bu","13:47:52",34879100
19,0.5,500,"bu","13:47:49",34878100
19,0.5,2000,"bu","13:47:49",34877600
19,0.5,200,"bu","13:47:49",34875600
19,0.5,100,"bu","13:47:48",34875400
19,0.5,100,"bu","13:47:47",34875300
19,0.5,500,"bu","13:47:46",34875200
19,0.5,500,"bu","13:47:44",34874700
19,0.5,200,"bu","13:47:39",34874200
19,0.5,2000,"bu","13:47:38",34874000
19,0.5,200,"bu","13:47:37",34872000
19,0.5,500,"bu","13:47:34",34871800
19,0.5,45300,"bu","13:47:32",34871300
19,0.5,103200,"bu","13:47:32",34826000
19,0.5,1000,"bu","13:47:32",34722800
19,0.5,50000,"bu","13:47:32",34721800
19,0.5,500,"bu","13:47:32",34671800
19,0.5,800,"bu","13:47:30",34671300
19,0.5,100,"bu","13:47:17",34670500
19,0.5,700,"bu","13:47:06",34670400
19,0.5,500,"bu","13:47:06",34669700
19,0.5,500,"bu","13:47:03",34669200
19,0.5,1000,"bu","13:47:01",34668700
19,0.5,1000,"bu","13:47:00",34667700
19,0.5,17100,"bu","13:47:00",34666700
19,0.5,1000,"bu","13:47:00",34649600
19,0.5,3000,"bu","13:47:00",34648600
19,0.5,700,"bu","13:47:00",34645600
19,0.5,500,"bu","13:47:00",34644900
19,0.5,20000,"bu","13:47:00",34644400
19,0.5,1000,"bu","13:47:00",34624400
19,0.5,1000,"bu","13:47:00",34623400
19,0.5,200,"bu","13:47:00",34622400
19,0.5,900,"bu","13:47:00",34622200
19,0.5,500,"bu","13:47:00",34621300
19,0.5,1000,"bu","13:47:00",34620800
19,0.5,700,"bu","13:47:00",34619800
19,0.5,200,"bu","13:47:00",34619100
19,0.5,100,"bu","13:47:00",34618900
19,0.5,100,"bu","13:47:00",34618800
19,0.5,1000,"bu","13:47:00",34618700
19,0.5,500,"bu","13:46:49",34617700
19,0.5,100,"bu","13:46:48",34617200
19,0.5,1000,"bu","13:46:48",34617100
19,0.5,6000,"bu","13:46:42",34616100
19,0.5,500,"bu","13:46:40",34610100
19,0.5,1000,"bu","13:46:37",34609600
19,0.5,1000,"bu","13:46:37",34608600
19,0.5,300,"bu","13:46:37",34607600
19,0.5,200,"bu","13:46:37",34607300
19,0.5,500,"bu","13:46:34",34607100
19,0.5,9700,"bu","13:46:32",34606600
19,0.5,300,"bu","13:46:32",34596900
19,0.5,10000,"bu","13:46:30",34596600
19,0.5,1000,"bu","13:46:09",34586600
19,0.5,100,"bu","13:46:07",34585600
19,0.5,200,"bu","13:46:05",34585500
18.95,0.45,500,"sd","13:46:03",34585300
19,0.5,6000,"bu","13:46:01",34584800
19,0.5,10000,"bu","13:46:00",34578800
19,0.5,100,"bu","13:45:59",34568800
19,0.5,20000,"bu","13:45:55",34568700
19,0.5,3000,"bu","13:45:55",34548700
18.95,0.45,3200,"sd","13:45:53",34545700
19,0.5,20000,"bu","13:45:51",34542500
19,0.5,29300,"bu","13:45:48",34522500
19,0.5,5000,"bu","13:45:48",34493200
19,0.5,15700,"bu","13:45:48",34488200
19,0.5,200,"bu","13:45:38",34472500
19,0.5,1000,"bu","13:45:18",34472300
19,0.5,100,"bu","13:45:16",34471300
19,0.5,2000,"bu","13:45:12",34471200
19,0.5,1000,"bu","13:44:28",34469200
19,0.5,900,"bu","13:44:17",34468200
19,0.5,100,"bu","13:44:13",34467300
18.95,0.45,500,"sd","13:44:12",34467200
19,0.5,100,"bu","13:44:03",34466700
19,0.5,900,"bu","13:43:36",34466600
19,0.5,100,"bu","13:43:36",34465700
19,0.5,500,"bu","13:43:36",34465600
19,0.5,200,"bu","13:43:29",34465100
19,0.5,700,"bu","13:43:21",34464900
19,0.5,4300,"bu","13:43:21",34464200
19,0.5,700,"bu","13:43:20",34459900
19,0.5,300,"bu","13:43:20",34459200
19,0.5,1000,"bu","13:43:20",34458900
19,0.5,500,"bu","13:43:02",34457900
19,0.5,500,"sd","13:42:55",34457400
19,0.5,100,"sd","13:42:55",34456900
19,0.5,4600,"sd","13:42:55",34456800
19,0.5,700,"sd","13:42:53",34452200
19,0.5,2000,"sd","13:42:52",34451500
19,0.5,1000,"sd","13:42:50",34449500
19,0.5,300,"sd","13:42:50",34448500
19,0.5,2500,"sd","13:42:49",34448200
19,0.5,300,"bu","13:42:46",34445700
19,0.5,10000,"bu","13:42:46",34445400
19,0.5,6200,"bu","13:42:46",34435400
19,0.5,100,"bu","13:42:46",34429200
19,0.5,1000,"bu","13:42:46",34429100
19,0.5,100,"bu","13:42:43",34428100
19,0.5,100,"bu","13:42:43",34428000
19,0.5,300,"bu","13:42:43",34427900
19,0.5,1000,"bu","13:42:43",34427600
19,0.5,2200,"bu","13:42:43",34426600
19,0.5,900,"sd","13:42:42",34424400
19,0.5,4100,"sd","13:42:42",34423500
19,0.5,500,"sd","13:42:42",34419400
19,0.5,200,"sd","13:42:41",34418900
19,0.5,200,"sd","13:42:40",34418700
19,0.5,100,"sd","13:42:40",34418500
19,0.5,1700,"sd","13:42:40",34418400
19,0.5,100,"sd","13:42:40",34416700
19,0.5,1000,"sd","13:42:39",34416600
19,0.5,2000,"sd","13:42:37",34415600
19,0.5,1000,"sd","13:42:37",34413600
19,0.5,300,"sd","13:42:37",34412600
19,0.5,5000,"sd","13:42:37",34412300
19,0.5,500,"sd","13:42:37",34407300
19,0.5,1500,"sd","13:42:37",34406800
19,0.5,200,"sd","13:42:37",34405300
19,0.5,1500,"sd","13:42:37",34405100
19,0.5,100,"sd","13:42:37",34403600
19,0.5,1400,"sd","13:42:37",34403500
19,0.5,200,"sd","13:42:37",34402100
19,0.5,100,"sd","13:42:37",34401900
19,0.5,100,"sd","13:42:37",34401800
19,0.5,100,"sd","13:42:37",34401700
19,0.5,100,"sd","13:42:36",34401600
19,0.5,1500,"sd","13:42:35",34401500
19,0.5,1700,"sd","13:42:34",34400000
19,0.5,200,"sd","13:42:34",34398300
19,0.5,400,"sd","13:42:34",34398100
19,0.5,2000,"sd","13:42:34",34397700
19,0.5,100,"sd","13:42:33",34395700
19,0.5,1000,"sd","13:42:33",34395600
19,0.5,10000,"sd","13:42:33",34394600
19,0.5,3700,"sd","13:42:33",34384600
19,0.5,200,"sd","13:42:33",34380900
19,0.5,5100,"sd","13:42:33",34380700
19,0.5,5000,"sd","13:42:33",34375600
19,0.5,600,"sd","13:42:33",34370600
19,0.5,500,"sd","13:42:33",34370000
19,0.5,500,"sd","13:42:33",34369500
19,0.5,3000,"sd","13:42:33",34369000
19,0.5,14400,"sd","13:42:33",34366000
19,0.5,10000,"sd","13:42:33",34351600
19,0.5,500,"sd","13:42:33",34341600
19,0.5,100,"sd","13:42:33",34341100
19,0.5,500,"sd","13:42:33",34341000
19,0.5,2000,"sd","13:42:33",34340500
19,0.5,300,"sd","13:42:33",34338500
19,0.5,5000,"sd","13:42:33",34338200
19,0.5,300,"sd","13:42:33",34333200
19,0.5,300,"sd","13:42:33",34332900
19,0.5,5100,"sd","13:42:33",34332600
19,0.5,1000,"sd","13:42:33",34327500
19,0.5,200,"sd","13:42:33",34326500
19,0.5,400,"sd","13:42:33",34326300
19,0.5,2000,"sd","13:42:33",34325900
19,0.5,8200,"sd","13:42:33",34323900
19,0.5,100,"sd","13:42:33",34315700
19,0.5,1100,"sd","13:42:33",34315600
19,0.5,200,"sd","13:42:33",34314500
19,0.5,3000,"sd","13:42:33",34314300
19,0.5,6300,"sd","13:42:33",34311300
19,0.5,500,"sd","13:42:33",34305000
19,0.5,1000,"sd","13:42:33",34304500
19,0.5,5300,"sd","13:42:33",34303500
19,0.5,1100,"sd","13:42:33",34298200
19,0.5,1000,"sd","13:42:33",34297100
19,0.5,300,"sd","13:42:33",34296100
19,0.5,100,"sd","13:42:33",34295800
19,0.5,1000,"sd","13:42:31",34295700
19,0.5,2700,"sd","13:42:30",34294700
19,0.5,1400,"sd","13:42:30",34292000
19,0.5,2000,"sd","13:42:30",34290600
19,0.5,8000,"sd","13:42:30",34288600
19,0.5,900,"sd","13:42:30",34280600
19,0.5,4100,"sd","13:42:29",34279700
19,0.5,300,"sd","13:42:29",34275600
19,0.5,1000,"sd","13:42:28",34275300
19,0.5,4600,"sd","13:42:28",34274300
19,0.5,200,"sd","13:42:27",34269700
19,0.5,10000,"sd","13:42:25",34269500
19,0.5,800,"sd","13:42:12",34259500
19,0.5,100,"sd","13:42:11",34258700
19,0.5,1000,"sd","13:42:11",34258600
19,0.5,500,"sd","13:42:10",34257600
19,0.5,4500,"sd","13:42:05",34257100
19,0.5,34900,"sd","13:42:03",34252600
19,0.5,43400,"sd","13:41:59",34217700
19,0.5,100,"sd","13:41:59",34174300
19,0.5,6500,"sd","13:41:59",34174200
19,0.5,100,"sd","13:41:58",34167700
19.05,0.55,1000,"bu","13:41:55",34167600
19,0.5,4400,"sd","13:41:51",34166600
19,0.5,1500,"sd","13:41:47",34162200
19,0.5,500,"sd","13:41:43",34160700
19,0.5,1500,"sd","13:41:40",34160200
19,0.5,30000,"sd","13:41:37",34158700
19,0.5,500,"sd","13:41:35",34128700
19,0.5,500,"sd","13:41:25",34128200
19,0.5,1000,"sd","13:41:21",34127700
19,0.5,500,"sd","13:41:21",34126700
19,0.5,3000,"sd","13:41:21",34126200
19,0.5,100,"sd","13:41:20",34123200
19,0.5,46900,"sd","13:41:20",34123100
19,0.5,10000,"sd","13:41:17",34076200
19.05,0.55,1000,"bu","13:41:04",34066200
19.05,0.55,100,"bu","13:40:59",34065200
19.05,0.55,200,"bu","13:40:32",34065100
19.05,0.55,1000,"bu","13:40:14",34064900
19,0.5,100,"sd","13:40:09",34063900
19.05,0.55,500,"bu","13:39:50",34063800
19.05,0.55,700,"bu","13:39:48",34063300
19,0.5,100,"sd","13:39:46",34062600
19.05,0.55,1000,"bu","13:39:23",34062500
19.05,0.55,500,"bu","13:39:18",34061500
19.05,0.55,100,"bu","13:39:01",34061000
19,0.5,300,"sd","13:39:00",34060900
19,0.5,10000,"sd","13:38:59",34060600
19,0.5,1000,"sd","13:38:45",34050600
19,0.5,100,"sd","13:38:45",34049600
19.05,0.55,16100,"bu","13:38:43",34049500
19.05,0.55,3900,"bu","13:38:43",34033400
19,0.5,10000,"sd","13:38:43",34029500
19,0.5,3000,"sd","13:38:34",34019500
19.05,0.55,1000,"bu","13:38:31",34016500
19,0.5,200,"sd","13:38:29",34015500
19,0.5,18300,"sd","13:38:09",34015300
19,0.5,1000,"sd","13:38:09",33997000
19,0.5,200,"sd","13:38:09",33996000
19,0.5,500,"sd","13:38:09",33995800
19,0.5,700,"sd","13:38:09",33995300
19,0.5,1000,"sd","13:38:07",33994600
19,0.5,100,"sd","13:37:53",33993600
19.05,0.55,100,"bu","13:37:48",33993500
19.05,0.55,1000,"bu","13:37:40",33993400
19.05,0.55,4000,"bu","13:37:39",33992400
19.05,0.55,500,"bu","13:37:39",33988400
19.05,0.55,300,"bu","13:37:39",33987900
19.05,0.55,500,"bu","13:37:39",33987600
19.05,0.55,1000,"bu","13:37:39",33987100
19.05,0.55,2000,"bu","13:37:39",33986100
19.05,0.55,100,"bu","13:37:39",33984100
19.05,0.55,1700,"bu","13:37:39",33984000
19.05,0.55,500,"bu","13:37:39",33982300
19.05,0.55,1000,"bu","13:37:39",33981800
19.05,0.55,100,"bu","13:37:39",33980800
19.05,0.55,500,"bu","13:37:39",33980700
19.05,0.55,100,"bu","13:37:39",33980200
19.05,0.55,1000,"bu","13:37:39",33980100
19.05,0.55,100,"bu","13:37:39",33979100
19.05,0.55,1000,"bu","13:37:39",33979000
19.05,0.55,2000,"bu","13:37:39",33978000
19.05,0.55,13600,"bu","13:37:39",33976000
19,0.5,200,"sd","13:37:39",33962400
19,0.5,300,"sd","13:37:39",33962200
19,0.5,300,"sd","13:37:39",33961900
19,0.5,200,"sd","13:37:39",33961600
19,0.5,800,"sd","13:37:37",33961400
19,0.5,200,"sd","13:37:37",33960600
19,0.5,1000,"sd","13:37:34",33960400
19,0.5,2700,"sd","13:37:17",33959400
19,0.5,1000,"sd","13:37:17",33956700
19,0.5,6300,"sd","13:37:17",33955700
19.05,0.55,300,"bu","13:37:11",33949400
19.05,0.55,1400,"bu","13:37:09",33949100
19,0.5,7200,"sd","13:37:02",33947700
19,0.5,100,"sd","13:37:02",33940500
19,0.5,200,"sd","13:37:02",33940400
19,0.5,500,"sd","13:37:02",33940200
19,0.5,1300,"sd","13:37:02",33939700
19,0.5,3700,"sd","13:37:00",33938400
19,0.5,1000,"sd","13:37:00",33934700
19,0.5,4500,"sd","13:37:00",33933700
19,0.5,800,"sd","13:37:00",33929200
19.05,0.55,1000,"bu","13:37:00",33928400
19.05,0.55,20000,"bu","13:36:53",33927400
19.05,0.55,1000,"bu","13:36:50",33907400
19.05,0.55,1200,"bu","13:36:32",33906400
19.05,0.55,200,"bu","13:36:32",33905200
19,0.5,200,"sd","13:36:32",33905000
19,0.5,300,"sd","13:36:32",33904800
19.05,0.55,400,"bu","13:36:26",33904500
19,0.5,10000,"sd","13:36:22",33904100
19.05,0.55,1000,"bu","13:36:20",33894100
19.05,0.55,400,"bu","13:36:16",33893100
19.05,0.55,2000,"bu","13:36:11",33892700
19.05,0.55,300,"bu","13:36:08",33890700
19.05,0.55,100,"bu","13:35:59",33890400
19.05,0.55,1000,"bu","13:35:59",33890300
19.05,0.55,1000,"bu","13:35:56",33889300
19,0.5,9700,"sd","13:35:55",33888300
19,0.5,300,"sd","13:35:55",33878600
19,0.5,200,"sd","13:35:55",33878300
19,0.5,5000,"sd","13:35:55",33878100
19,0.5,100,"sd","13:35:55",33873100
19,0.5,5000,"sd","13:35:55",33873000
19,0.5,500,"sd","13:35:55",33868000
19,0.5,300,"sd","13:35:55",33867500
19,0.5,100,"sd","13:35:55",33867200
19,0.5,1000,"sd","13:35:55",33867100
19,0.5,7800,"sd","13:35:55",33866100
19.05,0.55,200,"bu","13:35:47",33858300
19,0.5,7200,"sd","13:35:39",33858100
19,0.5,1000,"sd","13:35:39",33850900
19,0.5,200,"sd","13:35:39",33849900
19,0.5,1600,"sd","13:35:39",33849700
19,0.5,500,"sd","13:35:36",33848100
19,0.5,1900,"sd","13:35:35",33847600
19,0.5,600,"sd","13:35:35",33845700
19,0.5,100,"sd","13:35:35",33845100
19,0.5,300,"sd","13:35:35",33845000
19,0.5,100,"sd","13:35:35",33844700
19,0.5,100,"sd","13:35:35",33844600
19,0.5,500,"sd","13:35:35",33844500
19,0.5,500,"sd","13:35:35",33844000
19,0.5,5900,"sd","13:35:35",33843500
19.05,0.55,100,"bu","13:35:32",33837600
19.05,0.55,1000,"bu","13:35:24",33837500
19.05,0.55,500,"bu","13:35:23",33836500
19.05,0.55,3000,"bu","13:35:21",33836000
19,0.5,900,"sd","13:35:20",33833000
19,0.5,100,"sd","13:35:19",33832100
19.05,0.55,100,"bu","13:35:19",33832000
19.05,0.55,1000,"bu","13:35:13",33831900
19.05,0.55,200,"bu","13:35:12",33830900
19.05,0.55,300,"bu","13:35:10",33830700
19.05,0.55,100,"bu","13:35:08",33830400
19.05,0.55,1000,"bu","13:35:08",33830300
19,0.5,200,"sd","13:35:07",33829300
19,0.5,2900,"sd","13:35:07",33829100
19,0.5,300,"sd","13:35:07",33826200
19,0.5,1000,"sd","13:35:07",33825900
19,0.5,1000,"sd","13:35:07",33824900
19,0.5,1000,"sd","13:35:07",33823900
19,0.5,100,"sd","13:35:07",33822900
19,0.5,500,"sd","13:35:07",33822800
19,0.5,500,"sd","13:35:07",33822300
19,0.5,100,"sd","13:35:07",33821800
19,0.5,10000,"sd","13:35:07",33821700
19,0.5,300,"sd","13:35:07",33811700
19,0.5,1300,"sd","13:35:07",33811400
19,0.5,1000,"sd","13:35:07",33810100
19.05,0.55,1000,"bu","13:35:01",33809100
19.05,0.55,2800,"bu","13:35:00",33808100
19.05,0.55,2000,"bu","13:34:57",33805300
19.05,0.55,500,"bu","13:34:57",33803300
19.05,0.55,3200,"bu","13:34:54",33802800
19.05,0.55,300,"bu","13:34:52",33799600
19.05,0.55,1000,"bu","13:34:52",33799300
19.05,0.55,25000,"bu","13:34:45",33798300
19.05,0.55,1000,"bu","13:34:42",33773300
19.05,0.55,200,"bu","13:34:39",33772300
19.05,0.55,5000,"bu","13:34:37",33772100
19.05,0.55,400,"bu","13:34:29",33767100
19.05,0.55,200,"bu","13:34:24",33766700
19.05,0.55,500,"bu","13:34:18",33766500
19.05,0.55,1000,"bu","13:34:16",33766000
19.05,0.55,100,"bu","13:34:10",33765000
19,0.5,200,"sd","13:34:08",33764900
19.05,0.55,3400,"bu","13:34:08",33764700
19.05,0.55,500,"bu","13:34:08",33761300
19.05,0.55,2500,"bu","13:34:08",33760800
19.05,0.55,1600,"bu","13:34:08",33758300
19,0.5,400,"sd","13:34:07",33756700
19,0.5,200,"sd","13:34:07",33756300
19,0.5,4400,"sd","13:34:07",33756100
19.05,0.55,400,"bu","13:34:07",33751700
19.05,0.55,600,"bu","13:34:07",33751300
19.05,0.55,1400,"bu","13:33:57",33750700
19.05,0.55,500,"bu","13:33:57",33749300
19.05,0.55,10700,"bu","13:33:57",33748800
19,0.5,100,"sd","13:33:44",33738100
19.05,0.55,100,"bu","13:33:41",33738000
19,0.5,100,"sd","13:33:34",33737900
19.05,0.55,23200,"bu","13:33:33",33737800
19,0.5,400,"sd","13:33:31",33714600
19,0.5,100,"sd","13:33:31",33714200
19,0.5,4500,"sd","13:33:31",33714100
19,0.5,600,"sd","13:33:29",33709600
19,0.5,4900,"sd","13:33:26",33709000
19,0.5,100,"sd","13:33:26",33704100
19.05,0.55,1000,"bu","13:33:25",33704000
19,0.5,900,"sd","13:33:05",33703000
19,0.5,400,"sd","13:33:05",33702100
19.05,0.55,10000,"bu","13:33:04",33701700
19.05,0.55,1000,"bu","13:32:56",33691700
19,0.5,100,"sd","13:32:50",33690700
19.05,0.55,54000,"bu","13:32:49",33690600
19.05,0.55,500,"bu","13:32:49",33636600
19.05,0.55,10000,"bu","13:32:49",33636100
19.05,0.55,2000,"bu","13:32:49",33626100
19.05,0.55,3000,"bu","13:32:49",33624100
19.05,0.55,1000,"bu","13:32:49",33621100
19.05,0.55,200,"bu","13:32:49",33620100
19.05,0.55,10000,"bu","13:32:49",33619900
19.05,0.55,19300,"bu","13:32:49",33609900
19.05,0.55,100,"bu","13:32:48",33590600
19,0.5,100,"sd","13:32:39",33590500
19.05,0.55,100,"bu","13:32:36",33590400
19,0.5,1400,"sd","13:32:35",33590300
19,0.5,3600,"sd","13:32:35",33588900
19.05,0.55,1000,"bu","13:32:35",33585300
19,0.5,200,"sd","13:32:33",33584300
19,0.5,400,"sd","13:32:27",33584100
19,0.5,2000,"sd","13:32:22",33583700
19.05,0.55,5000,"bu","13:32:21",33581700
19.05,0.55,500,"bu","13:32:03",33576700
19.05,0.55,8000,"bu","13:31:56",33576200
19.05,0.55,1000,"bu","13:31:43",33568200
19.05,0.55,1000,"bu","13:31:43",33567200
19,0.5,5000,"sd","13:31:41",33566200
19,0.5,1000,"sd","13:31:37",33561200
19,0.5,100,"sd","13:31:23",33560200
19.05,0.55,500,"bu","13:31:22",33560100
19.05,0.55,600,"bu","13:31:19",33559600
19,0.5,500,"sd","13:31:06",33559000
19.05,0.55,1500,"bu","13:31:04",33558500
19,0.5,500,"sd","13:31:01",33557000
19,0.5,600,"sd","13:31:00",33556500
19,0.5,400,"sd","13:31:00",33555900
19,0.5,500,"sd","13:30:55",33555500
19.05,0.55,1000,"bu","13:30:52",33555000
19,0.5,100,"sd","13:30:52",33554000
19,0.5,200,"sd","13:30:52",33553900
19,0.5,1000,"bu","13:30:49",33553700
19,0.5,200,"bu","13:30:49",33552700
19,0.5,200,"bu","13:30:49",33552500
19,0.5,800,"bu","13:30:49",33552300
19,0.5,200,"bu","13:30:48",33551500
19,0.5,100,"bu","13:30:48",33551300
19,0.5,3000,"bu","13:30:47",33551200
19,0.5,5000,"bu","13:30:46",33548200
19,0.5,5000,"bu","13:30:44",33543200
19,0.5,1700,"bu","13:30:43",33538200
19,0.5,600,"bu","13:30:43",33536500
19,0.5,500,"bu","13:30:42",33535900
19,0.5,1000,"bu","13:30:41",33535400
19,0.5,500,"bu","13:30:40",33534400
19,0.5,5000,"bu","13:30:39",33533900
19,0.5,500,"bu","13:30:39",33528900
19,0.5,3000,"bu","13:30:39",33528400
19,0.5,1600,"bu","13:30:38",33525400
19,0.5,1000,"bu","13:30:38",33523800
19,0.5,1000,"bu","13:30:37",33522800
18.95,0.45,100,"sd","13:30:35",33521800
19,0.5,500,"bu","13:30:34",33521700
19,0.5,500,"bu","13:30:34",33521200
19,0.5,5000,"bu","13:30:33",33520700
19,0.5,6500,"bu","13:30:33",33515700
19,0.5,100,"bu","13:30:33",33509200
19,0.5,1800,"bu","13:30:33",33509100
19,0.5,100,"bu","13:30:33",33507300
19,0.5,1500,"bu","13:30:33",33507200
19,0.5,5000,"bu","13:30:32",33505700
19,0.5,300,"bu","13:30:31",33500700
19,0.5,200,"bu","13:30:30",33500400
19,0.5,2000,"bu","13:30:30",33500200
19,0.5,500,"bu","13:30:29",33498200
19,0.5,5000,"bu","13:30:28",33497700
19,0.5,5000,"bu","13:30:28",33492700
19,0.5,10000,"bu","13:30:28",33487700
19,0.5,5000,"bu","13:30:27",33477700
19,0.5,500,"bu","13:30:25",33472700
19,0.5,5000,"bu","13:30:25",33472200
19,0.5,60000,"bu","13:30:25",33467200
19,0.5,20000,"bu","13:30:25",33407200
19,0.5,500,"bu","13:30:25",33387200
19,0.5,1000,"bu","13:30:25",33386700
19,0.5,900,"bu","13:30:25",33385700
19,0.5,1000,"bu","13:30:25",33384800
19,0.5,200,"bu","13:30:25",33383800
19,0.5,300,"bu","13:30:25",33383600
19,0.5,400,"bu","13:30:25",33383300
19,0.5,15700,"bu","13:30:25",33382900
19,0.5,500,"bu","13:30:21",33367200
19,0.5,200,"bu","13:30:21",33366700
19,0.5,1000,"bu","13:30:20",33366500
18.95,0.45,5000,"sd","13:30:19",33365500
18.95,0.45,1000,"sd","13:30:16",33360500
19,0.5,2500,"bu","13:30:15",33359500
19,0.5,300,"bu","13:30:12",33357000
19,0.5,3000,"bu","13:30:12",33356700
19,0.5,900,"bu","13:30:11",33353700
19,0.5,100,"bu","13:30:09",33352800
19,0.5,500,"bu","13:30:08",33352700
19,0.5,100,"bu","13:30:06",33352200
19,0.5,2000,"bu","13:30:05",33352100
19,0.5,200,"bu","13:30:01",33350100
19,0.5,800,"bu","13:30:01",33349900
19,0.5,1000,"bu","13:30:01",33349100
19,0.5,500,"bu","13:30:01",33348100
19,0.5,1000,"bu","13:30:00",33347600
19,0.5,5000,"bu","13:29:59",33346600
19,0.5,1500,"bu","13:29:59",33341600
19,0.5,1000,"bu","13:29:59",33340100
19,0.5,100,"bu","13:29:59",33339100
19,0.5,20000,"bu","13:29:57",33339000
19,0.5,10000,"bu","13:29:57",33319000
19,0.5,300,"bu","13:29:56",33309000
19,0.5,700,"bu","13:29:55",33308700
19,0.5,4000,"bu","13:29:55",33308000
19,0.5,300,"bu","13:29:54",33304000
19,0.5,1000,"bu","13:29:52",33303700
19,0.5,500,"bu","13:29:49",33302700
19,0.5,100,"bu","13:29:49",33302200
19,0.5,5500,"bu","13:29:49",33302100
19,0.5,400,"bu","13:29:49",33296600
19,0.5,2000,"bu","13:29:49",33296200
19,0.5,800,"bu","13:29:49",33294200
19,0.5,100,"bu","13:29:49",33293400
19,0.5,25800,"bu","13:29:49",33293300
19,0.5,500,"bu","13:29:49",33267500
19,0.5,2300,"bu","13:29:49",33267000
19,0.5,100,"bu","13:29:49",33264700
19,0.5,300,"bu","13:29:49",33264600
19,0.5,700,"bu","13:29:49",33264300
19,0.5,2000,"bu","13:29:49",33263600
19,0.5,5000,"bu","13:29:49",33261600
19,0.5,200,"bu","13:29:49",33256600
19,0.5,15200,"bu","13:29:49",33256400
19,0.5,1000,"bu","13:29:49",33241200
19,0.5,2500,"bu","13:29:49",33240200
19,0.5,1800,"bu","13:29:49",33237700
19,0.5,2000,"bu","13:29:49",33235900
19,0.5,100000,"bu","13:29:49",33233900
19,0.5,2000,"bu","13:29:49",33133900
19,0.5,1500,"bu","13:29:49",33131900
19,0.5,900,"bu","13:29:49",33130400
19,0.5,200,"bu","13:29:49",33129500
19,0.5,200,"bu","13:29:49",33129300
19,0.5,2700,"bu","13:29:49",33129100
19,0.5,3000,"bu","13:29:49",33126400
19,0.5,2500,"bu","13:29:49",33123400
19,0.5,1000,"bu","13:29:49",33120900
19,0.5,1900,"bu","13:29:49",33119900
19,0.5,500,"bu","13:29:49",33118000
19,0.5,1000,"bu","13:29:49",33117500
19,0.5,100,"bu","13:29:49",33116500
19,0.5,500,"bu","13:29:49",33116400
19,0.5,100,"bu","13:29:49",33115900
19,0.5,3000,"bu","13:29:49",33115800
19,0.5,300,"bu","13:29:49",33112800
19,0.5,100,"bu","13:29:49",33112500
19,0.5,800,"bu","13:29:49",33112400
19,0.5,300,"bu","13:29:49",33111600
19,0.5,1000,"bu","13:29:49",33111300
19,0.5,2000,"bu","13:29:49",33110300
19,0.5,600,"bu","13:29:49",33108300
19,0.5,5000,"bu","13:29:49",33107700
19,0.5,100,"bu","13:29:48",33102700
19,0.5,800,"bu","13:29:44",33102600
19,0.5,100,"bu","13:29:41",33101800
19,0.5,100,"bu","13:29:39",33101700
19,0.5,400,"bu","13:29:39",33101600
19,0.5,100,"bu","13:29:36",33101200
19,0.5,100,"bu","13:29:36",33101100
19,0.5,200,"bu","13:29:35",33101000
19,0.5,500,"bu","13:29:35",33100800
19,0.5,700,"bu","13:29:27",33100300
19,0.5,500,"bu","13:29:25",33099600
19,0.5,400,"bu","13:29:19",33099100
19,0.5,700,"bu","13:29:18",33098700
19,0.5,600,"bu","13:29:16",33098000
19,0.5,200,"bu","13:29:16",33097400
19,0.5,6400,"bu","13:29:13",33097200
19,0.5,1600,"bu","13:29:13",33090800
19,0.5,1000,"bu","13:29:10",33089200
19,0.5,700,"bu","13:29:10",33088200
19,0.5,9700,"bu","13:29:03",33087500
19,0.5,300,"bu","13:29:03",33077800
19,0.5,700,"bu","13:29:01",33077500
19,0.5,700,"bu","13:28:53",33076800
19,0.5,200,"bu","13:28:50",33076100
18.95,0.45,50000,"sd","13:28:49",33075900
19,0.5,700,"bu","13:28:44",33025900
18.95,0.45,10000,"sd","13:28:37",33025200
19,0.5,700,"bu","13:28:36",33015200
19,0.5,100,"bu","13:28:35",33014500
19,0.5,100,"bu","13:28:31",33014400
18.95,0.45,200,"sd","13:28:30",33014300
18.95,0.45,4600,"sd","13:28:29",33014100
19,0.5,700,"bu","13:28:27",33009500
19,0.5,500,"bu","13:28:26",33008800
19,0.5,300,"bu","13:28:26",33008300
18.95,0.45,1000,"sd","13:28:23",33008000
19,0.5,1000,"bu","13:28:22",33007000
19,0.5,1000,"bu","13:28:20",33006000
19,0.5,700,"bu","13:28:19",33005000
18.95,0.45,5000,"sd","13:28:11",33004300
19,0.5,100,"bu","13:28:11",32999300
18.95,0.45,100,"sd","13:28:10",32999200
19,0.5,700,"bu","13:28:10",32999100
19,0.5,10000,"bu","13:28:06",32998400
19,0.5,2000,"bu","13:28:06",32988400
19,0.5,2000,"bu","13:28:05",32986400
18.95,0.45,10000,"sd","13:28:04",32984400
19,0.5,800,"bu","13:28:02",32974400
19,0.5,10000,"bu","13:27:55",32973600
18.95,0.45,20000,"sd","13:27:55",32963600
18.95,0.45,500,"sd","13:27:54",32943600
19,0.5,700,"bu","13:27:53",32943100
18.95,0.45,6000,"sd","13:27:52",32942400
19,0.5,100,"bu","13:27:50",32936400
19,0.5,700,"bu","13:27:45",32936300
19,0.5,700,"bu","13:27:36",32935600
19,0.5,1000,"bu","13:27:29",32934900
19,0.5,700,"bu","13:27:27",32933900
18.95,0.45,100,"sd","13:27:23",32933200
19,0.5,3000,"bu","13:27:21",32933100
18.95,0.45,10000,"sd","13:27:21",32930100
19,0.5,8000,"bu","13:27:20",32920100
19,0.5,700,"bu","13:27:19",32912100
19,0.5,2100,"bu","13:27:17",32911400
19,0.5,700,"bu","13:27:10",32909300
18.95,0.45,600,"sd","13:27:09",32908600
18.95,0.45,1000,"sd","13:27:09",32908000
18.95,0.45,100,"sd","13:27:09",32907000
18.95,0.45,200,"sd","13:27:09",32906900
18.95,0.45,100,"sd","13:27:09",32906700
19,0.5,2200,"bu","13:27:05",32906600
19,0.5,700,"bu","13:27:02",32904400
18.95,0.45,100,"sd","13:27:01",32903700
19,0.5,700,"bu","13:26:53",32903600
18.95,0.45,100,"sd","13:26:50",32902900
18.95,0.45,400,"sd","13:26:50",32902800
18.95,0.45,2500,"sd","13:26:50",32902400
19,0.5,700,"bu","13:26:45",32899900
19,0.5,1500,"bu","13:26:39",32899200
19,0.5,1000,"bu","13:26:38",32897700
18.95,0.45,5000,"sd","13:26:37",32896700
19,0.5,700,"bu","13:26:36",32891700
19,0.5,18800,"bu","13:26:31",32891000
19,0.5,1500,"bu","13:26:31",32872200
19,0.5,1000,"bu","13:26:31",32870700
19,0.5,200,"bu","13:26:31",32869700
19,0.5,1000,"bu","13:26:31",32869500
19,0.5,600,"bu","13:26:31",32868500
19,0.5,1000,"bu","13:26:30",32867900
19,0.5,700,"bu","13:26:28",32866900
19,0.5,300,"bu","13:26:25",32866200
19,0.5,100,"bu","13:26:24",32865900
19,0.5,1000,"bu","13:26:20",32865800
19,0.5,300,"bu","13:26:19",32864800
19,0.5,300,"bu","13:26:19",32864500
19,0.5,200,"bu","13:26:19",32864200
19,0.5,900,"bu","13:26:19",32864000
19,0.5,400,"bu","13:26:15",32863100
19,0.5,700,"bu","13:26:11",32862700
19,0.5,3200,"bu","13:26:08",32862000
19,0.5,100,"bu","13:26:08",32858800
19,0.5,700,"bu","13:26:08",32858700
19,0.5,1000,"bu","13:26:04",32858000
19,0.5,1000,"bu","13:26:03",32857000
19,0.5,300,"bu","13:26:02",32856000
19,0.5,400,"bu","13:26:02",32855700
19,0.5,30000,"bu","13:26:02",32855300
19,0.5,100,"sd","13:25:57",32825300
19,0.5,400,"sd","13:25:57",32825200
19,0.5,14000,"sd","13:25:57",32824800
19,0.5,100,"sd","13:25:57",32810800
19,0.5,100,"sd","13:25:57",32810700
19,0.5,500,"sd","13:25:57",32810600
19,0.5,100,"sd","13:25:57",32810100
19,0.5,200,"sd","13:25:57",32810000
19,0.5,100,"sd","13:25:57",32809800
19,0.5,100,"sd","13:25:57",32809700
19,0.5,5000,"sd","13:25:57",32809600
19,0.5,1000,"sd","13:25:57",32804600
19,0.5,15000,"sd","13:25:57",32803600
19,0.5,2500,"sd","13:25:57",32788600
19,0.5,22500,"sd","13:25:57",32786100
19,0.5,100,"sd","13:25:57",32763600
19,0.5,7000,"sd","13:25:57",32763500
19,0.5,300,"sd","13:25:57",32756500
19,0.5,100,"sd","13:25:57",32756200
19,0.5,400,"sd","13:25:57",32756100
19,0.5,2000,"sd","13:25:57",32755700
19.05,0.55,700,"bu","13:25:54",32753700
19,0.5,1200,"sd","13:25:54",32753000
19,0.5,2500,"sd","13:25:51",32751800
19,0.5,200,"sd","13:25:51",32749300
19,0.5,1000,"sd","13:25:50",32749100
19,0.5,200,"sd","13:25:48",32748100
19.05,0.55,1000,"bu","13:25:47",32747900
19,0.5,10000,"sd","13:25:46",32746900
19,0.5,2100,"sd","13:25:46",32736900
19,0.5,2000,"sd","13:25:46",32734800
19,0.5,100,"sd","13:25:46",32732800
19,0.5,5300,"sd","13:25:46",32732700
19,0.5,500,"sd","13:25:46",32727400
19,0.5,500,"sd","13:25:46",32726900
19,0.5,2000,"sd","13:25:46",32726400
19,0.5,600,"sd","13:25:46",32724400
19,0.5,200,"sd","13:25:46",32723800
19,0.5,2000,"sd","13:25:46",32723600
19,0.5,8400,"sd","13:25:46",32721600
19,0.5,1100,"sd","13:25:46",32713200
19,0.5,500,"sd","13:25:46",32712100
19,0.5,500,"sd","13:25:46",32711600
19,0.5,30000,"sd","13:25:46",32711100
19,0.5,4000,"sd","13:25:46",32681100
19,0.5,10000,"sd","13:25:46",32677100
19,0.5,1300,"sd","13:25:46",32667100
19,0.5,1000,"sd","13:25:46",32665800
19,0.5,20300,"sd","13:25:46",32664800
19,0.5,5200,"sd","13:25:46",32644500
19,0.5,400,"sd","13:25:46",32639300
19,0.5,1000,"sd","13:25:46",32638900
19,0.5,10000,"sd","13:25:46",32637900
19,0.5,30000,"sd","13:25:46",32627900
19,0.5,500,"sd","13:25:46",32597900
19,0.5,200,"sd","13:25:46",32597400
19,0.5,5100,"sd","13:25:46",32597200
19,0.5,1200,"sd","13:25:46",32592100
19,0.5,2900,"sd","13:25:46",32590900
19,0.5,100,"sd","13:25:46",32588000
19,0.5,88200,"sd","13:25:46",32587900
19,0.5,500,"sd","13:25:46",32499700
19,0.5,1000,"sd","13:25:46",32499200
19,0.5,1000,"sd","13:25:46",32498200
19,0.5,3100,"sd","13:25:46",32497200
19,0.5,200,"sd","13:25:46",32494100
19,0.5,200,"sd","13:25:46",32493900
19,0.5,3500,"sd","13:25:46",32493700
19,0.5,1200,"sd","13:25:46",32490200
19,0.5,300,"sd","13:25:46",32489000
19,0.5,100,"sd","13:25:46",32488700
19,0.5,1000,"sd","13:25:46",32488600
19,0.5,500,"sd","13:25:46",32487600
19,0.5,100,"sd","13:25:46",32487100
19,0.5,40000,"sd","13:25:46",32487000
19,0.5,10000,"sd","13:25:46",32447000
19,0.5,1000,"sd","13:25:46",32437000
19,0.5,500,"sd","13:25:46",32436000
19,0.5,500,"sd","13:25:46",32435500
19,0.5,100,"sd","13:25:46",32435000
19.05,0.55,700,"bu","13:25:45",32434900
19,0.5,900,"sd","13:25:43",32434200
19,0.5,100,"sd","13:25:43",32433300
19,0.5,200,"sd","13:25:43",32433200
19,0.5,1000,"sd","13:25:43",32433000
19,0.5,300,"sd","13:25:43",32432000
19,0.5,10000,"sd","13:25:43",32431700
19,0.5,1700,"sd","13:25:43",32421700
19,0.5,1100,"sd","13:25:43",32420000
19.05,0.55,700,"bu","13:25:36",32418900
19,0.5,2000,"sd","13:25:35",32418200
19,0.5,1900,"sd","13:25:34",32416200
19,0.5,100,"sd","13:25:34",32414300
19,0.5,5000,"sd","13:25:34",32414200
19,0.5,13000,"sd","13:25:34",32409200
19,0.5,7000,"sd","13:25:33",32396200
19,0.5,300,"sd","13:25:29",32389200
19.05,0.55,700,"bu","13:25:28",32388900
19,0.5,5000,"sd","13:25:27",32388200
19,0.5,100,"sd","13:25:25",32383200
19,0.5,50000,"sd","13:25:20",32383100
19.05,0.55,700,"bu","13:25:19",32333100
19,0.5,200,"sd","13:25:19",32332400
19.05,0.55,700,"bu","13:25:11",32332200
19,0.5,500,"sd","13:25:09",32331500
19,0.5,5400,"sd","13:25:06",32331000
19.05,0.55,700,"bu","13:25:02",32325600
19,0.5,5000,"sd","13:25:01",32324900
19.05,0.55,200,"bu","13:24:58",32319900
19,0.5,1000,"sd","13:24:57",32319700
19,0.5,10000,"sd","13:24:57",32318700
19.05,0.55,1000,"bu","13:24:56",32308700
19.05,0.55,3300,"bu","13:24:54",32307700
19.05,0.55,6700,"bu","13:24:54",32304400
19.05,0.55,300,"bu","13:24:54",32297700
19.05,0.55,400,"bu","13:24:54",32297400
19,0.5,200,"sd","13:24:53",32297000
19,0.5,1000,"sd","13:24:52",32296800
19,0.5,1000,"sd","13:24:49",32295800
19.05,0.55,500,"bu","13:24:45",32294800
19.05,0.55,300,"bu","13:24:45",32294300
19.05,0.55,700,"bu","13:24:37",32294000
19,0.5,100,"sd","13:24:35",32293300
19,0.5,200,"sd","13:24:32",32293200
19,0.5,600,"sd","13:24:32",32293000
19,0.5,8000,"sd","13:24:30",32292400
19.05,0.55,700,"bu","13:24:28",32284400
19,0.5,10000,"sd","13:24:26",32283700
19,0.5,300,"sd","13:24:21",32273700
19.05,0.55,700,"bu","13:24:20",32273400
19,0.5,2000,"sd","13:24:17",32272700
19,0.5,5000,"sd","13:24:11",32270700
19.05,0.55,700,"bu","13:24:11",32265700
19.05,0.55,1000,"bu","13:24:06",32265000
19.05,0.55,700,"bu","13:24:03",32264000
19.05,0.55,100,"bu","13:23:58",32263300
19,0.5,500,"sd","13:23:56",32263200
19.05,0.55,700,"bu","13:23:54",32262700
19.05,0.55,700,"bu","13:23:46",32262000
19,0.5,1000,"sd","13:23:43",32261300
19,0.5,1900,"sd","13:23:40",32260300
19.05,0.55,700,"bu","13:23:37",32258400
19.05,0.55,6000,"bu","13:23:32",32257700
19.05,0.55,200,"bu","13:23:32",32251700
19.05,0.55,200,"bu","13:23:32",32251500
19.05,0.55,100,"bu","13:23:32",32251300
19.05,0.55,20000,"bu","13:23:32",32251200
19.05,0.55,500,"bu","13:23:32",32231200
19.05,0.55,200,"bu","13:23:32",32230700
19.05,0.55,200,"bu","13:23:32",32230500
19.05,0.55,5000,"bu","13:23:32",32230300
19.05,0.55,2000,"bu","13:23:32",32225300
19.05,0.55,13000,"bu","13:23:32",32223300
19.05,0.55,4100,"bu","13:23:32",32210300
19.05,0.55,300,"bu","13:23:32",32206200
19.05,0.55,2000,"bu","13:23:32",32205900
19.05,0.55,1000,"bu","13:23:32",32203900
19.05,0.55,500,"bu","13:23:32",32202900
19.05,0.55,500,"bu","13:23:32",32202400
19.05,0.55,2500,"bu","13:23:32",32201900
19.05,0.55,1000,"bu","13:23:32",32199400
19.05,0.55,700,"bu","13:23:32",32198400
19.05,0.55,700,"bu","13:23:28",32197700
19.05,0.55,200,"bu","13:23:25",32197000
19.05,0.55,700,"bu","13:23:20",32196800
19.05,0.55,1000,"bu","13:23:14",32196100
19.05,0.55,500,"bu","13:23:11",32195100
19.05,0.55,800,"bu","13:23:11",32194600
19,0.5,500,"sd","13:23:09",32193800
19.05,0.55,700,"bu","13:23:03",32193300
19.05,0.55,700,"bu","13:22:54",32192600
19,0.5,4000,"sd","13:22:54",32191900
19.05,0.55,700,"bu","13:22:46",32187900
19,0.5,2000,"sd","13:22:38",32187200
19.05,0.55,31000,"bu","13:22:38",32185200
19.05,0.55,2000,"bu","13:22:38",32154200
19.05,0.55,1900,"bu","13:22:38",32152200
19.05,0.55,2000,"bu","13:22:38",32150300
19.05,0.55,500,"bu","13:22:38",32148300
19.05,0.55,200,"bu","13:22:38",32147800
19.05,0.55,500,"bu","13:22:38",32147600
19.05,0.55,11900,"bu","13:22:38",32147100
19.05,0.55,700,"bu","13:22:37",32135200
19,0.5,400,"sd","13:22:36",32134500
19.05,0.55,1000,"bu","13:22:34",32134100
19.05,0.55,700,"bu","13:22:29",32133100
19.05,0.55,600,"bu","13:22:23",32132400
19.05,0.55,400,"bu","13:22:23",32131800
19.05,0.55,700,"bu","13:22:20",32131400
19.05,0.55,700,"bu","13:22:12",32130700
19.05,0.55,3200,"bu","13:22:04",32130000
19.05,0.55,1000,"bu","13:22:04",32126800
19.05,0.55,2000,"bu","13:22:04",32125800
19.05,0.55,5000,"bu","13:22:04",32123800
19.05,0.55,8800,"bu","13:22:04",32118800
19.05,0.55,700,"bu","13:22:03",32110000
19.05,0.55,30000,"bu","13:22:01",32109300
19,0.5,20000,"sd","13:21:58",32079300
19.05,0.55,200,"bu","13:21:56",32059300
19.05,0.55,4800,"bu","13:21:56",32059100
19.05,0.55,700,"bu","13:21:55",32054300
19.05,0.55,100,"bu","13:21:51",32053600
19.05,0.55,700,"bu","13:21:46",32053500
19.05,0.55,3000,"bu","13:21:45",32052800
19.05,0.55,800,"bu","13:21:38",32049800
19.05,0.55,1000,"bu","13:21:32",32049000
19,0.5,200,"sd","13:21:30",32048000
19.05,0.55,700,"bu","13:21:29",32047800
19.05,0.55,100,"sd","13:21:22",32047100
19.05,0.55,2000,"sd","13:21:22",32047000
19.05,0.55,600,"sd","13:21:22",32045000
19.05,0.55,200,"sd","13:21:22",32044400
19.05,0.55,27600,"sd","13:21:22",32044200
19.1,0.6,1000,"bu","13:21:22",32016600
19.1,0.6,900,"bu","13:21:22",32015600
19.05,0.55,2400,"sd","13:21:21",32014700
19.05,0.55,1000,"sd","13:21:21",32012300
19.05,0.55,1000,"sd","13:21:21",32011300
19.05,0.55,100,"sd","13:21:21",32010300
19.05,0.55,500,"sd","13:21:21",32010200
19.05,0.55,1000,"sd","13:21:21",32009700
19.05,0.55,1500,"sd","13:21:21",32008700
19.05,0.55,2000,"sd","13:21:21",32007200
19.05,0.55,100,"sd","13:21:21",32005200
19.05,0.55,300,"sd","13:21:21",32005100
19.05,0.55,3000,"sd","13:21:21",32004800
19.05,0.55,200,"sd","13:21:21",32001800
19.05,0.55,500,"sd","13:21:21",32001600
19.05,0.55,300,"sd","13:21:21",32001100
19.05,0.55,1000,"sd","13:21:21",32000800
19.05,0.55,5100,"sd","13:21:21",31999800
19.05,0.55,1000,"sd","13:21:20",31994700
19.1,0.6,700,"bu","13:21:20",31993700
19.05,0.55,900,"sd","13:21:18",31993000
19.05,0.55,100,"sd","13:21:18",31992100
19.05,0.55,5000,"sd","13:21:15",31992000
19.05,0.55,1000,"sd","13:21:13",31987000
19.05,0.55,500,"sd","13:21:13",31986000
19.05,0.55,200,"sd","13:21:12",31985500
19.1,0.6,600,"bu","13:21:12",31985300
19.1,0.6,100,"bu","13:21:12",31984700
19.1,0.6,100,"bu","13:21:09",31984600
19.05,0.55,8200,"sd","13:21:08",31984500
19.05,0.55,500,"sd","13:21:08",31976300
19.05,0.55,4000,"sd","13:21:08",31975800
19.05,0.55,2000,"sd","13:21:08",31971800
19.05,0.55,100,"sd","13:21:08",31969800
19.05,0.55,25000,"sd","13:21:08",31969700
19.05,0.55,800,"sd","13:21:08",31944700
19.05,0.55,900,"sd","13:21:08",31943900
19.05,0.55,500,"sd","13:21:08",31943000
19.05,0.55,4300,"sd","13:21:08",31942500
19.05,0.55,200,"sd","13:21:08",31938200
19.05,0.55,100,"sd","13:21:08",31938000
19.05,0.55,500,"sd","13:21:08",31937900
19.05,0.55,1000,"sd","13:21:08",31937400
19.05,0.55,200,"sd","13:21:08",31936400
19.05,0.55,1700,"sd","13:21:08",31936200
19.05,0.55,400,"sd","13:21:05",31934500
19.05,0.55,100,"sd","13:21:03",31934100
19.1,0.6,700,"bu","13:21:03",31934000
19.1,0.6,500,"bu","13:20:56",31933300
19.1,0.6,700,"bu","13:20:55",31932800
19.05,0.55,100,"sd","13:20:53",31932100
19.05,0.55,1000,"sd","13:20:48",31932000
19.1,0.6,700,"bu","13:20:46",31931000
19.05,0.55,2000,"sd","13:20:45",31930300
19.05,0.55,2000,"sd","13:20:42",31928300
19.1,0.6,1000,"bu","13:20:42",31926300
19.1,0.6,700,"bu","13:20:38",31925300
19.05,0.55,2700,"sd","13:20:37",31924600
19.05,0.55,2300,"sd","13:20:37",31921900
19.05,0.55,1000,"sd","13:20:36",31919600
19.05,0.55,2200,"sd","13:20:36",31918600
19.05,0.55,1700,"sd","13:20:36",31916400
19.05,0.55,100,"sd","13:20:36",31914700
19.1,0.6,5000,"bu","13:20:31",31914600
19.1,0.6,500,"bu","13:20:29",31909600
19.1,0.6,200,"bu","13:20:29",31909100
19.05,0.55,3200,"sd","13:20:28",31908900
19.05,0.55,500,"sd","13:20:24",31905700
19.1,0.6,700,"bu","13:20:21",31905200
19.1,0.6,100,"bu","13:20:12",31904500
19.1,0.6,600,"bu","13:20:12",31904400
19.05,0.55,2100,"sd","13:20:05",31903800
19.05,0.55,3000,"sd","13:20:05",31901700
19.05,0.55,500,"sd","13:20:05",31898700
19.05,0.55,400,"sd","13:20:05",31898200
19.1,0.6,700,"bu","13:20:04",31897800
19.05,0.55,100,"sd","13:19:58",31897100
19.1,0.6,700,"bu","13:19:55",31897000
19.1,0.6,100,"bu","13:19:55",31896300
19.1,0.6,900,"bu","13:19:50",31896200
19.1,0.6,100,"bu","13:19:50",31895300
19.1,0.6,100,"bu","13:19:47",31895200
19.1,0.6,600,"bu","13:19:47",31895100
19.05,0.55,9500,"sd","13:19:46",31894500
19.05,0.55,15500,"sd","13:19:46",31885000
19.1,0.6,1000,"bu","13:19:46",31869500
19.05,0.55,4500,"sd","13:19:46",31868500
19.05,0.55,500,"sd","13:19:46",31864000
19.05,0.55,1000,"sd","13:19:39",31863500
19.05,0.55,3800,"sd","13:19:39",31862500
19.05,0.55,200,"sd","13:19:39",31858700
19.05,0.55,4500,"sd","13:19:39",31858500
19.05,0.55,400,"sd","13:19:39",31854000
19.05,0.55,300,"sd","13:19:39",31853600
19.1,0.6,700,"bu","13:19:38",31853300
19.1,0.6,100,"bu","13:19:34",31852600
19.05,0.55,1000,"sd","13:19:34",31852500
19.1,0.6,700,"bu","13:19:29",31851500
19.1,0.6,2900,"bu","13:19:28",31850800
19.1,0.6,100,"bu","13:19:28",31847900
19.1,0.6,2000,"bu","13:19:28",31847800
19.1,0.6,700,"bu","13:19:21",31845800
19.1,0.6,700,"bu","13:19:12",31845100
19.05,0.55,2300,"sd","13:19:09",31844400
19.05,0.55,700,"sd","13:19:09",31842100
19.1,0.6,700,"bu","13:19:04",31841400
19.1,0.6,1000,"bu","13:18:59",31840700
19.05,0.55,2000,"sd","13:18:58",31839700
19.1,0.6,700,"bu","13:18:55",31837700
19.05,0.55,7300,"sd","13:18:48",31837000
19.05,0.55,2700,"sd","13:18:48",31829700
19.1,0.6,700,"bu","13:18:47",31827000
19.05,0.55,1200,"sd","13:18:46",31826300
19.1,0.6,100,"bu","13:18:45",31825100
19.1,0.6,1000,"bu","13:18:44",31825000
19.05,0.55,2000,"sd","13:18:44",31824000
19.05,0.55,100,"sd","13:18:40",31822000
19.1,0.6,700,"bu","13:18:38",31821900
19.1,0.6,700,"bu","13:18:30",31821200
19.05,0.55,3000,"sd","13:18:23",31820500
19.1,0.6,800,"bu","13:18:21",31817500
19.1,0.6,200,"bu","13:18:13",31816700
19.1,0.6,500,"bu","13:18:13",31816500
19.1,0.6,1000,"bu","13:18:09",31816000
19.05,0.55,100,"sd","13:18:08",31815000
19.05,0.55,2000,"sd","13:18:08",31814900
19.05,0.55,5000,"sd","13:18:08",31812900
19.05,0.55,1900,"sd","13:18:08",31807900
19.05,0.55,11000,"sd","13:18:08",31806000
19.05,0.55,5000,"sd","13:18:08",31795000
19.1,0.6,700,"bu","13:18:04",31790000
19.05,0.55,100,"sd","13:18:01",31789300
19.05,0.55,100,"sd","13:17:58",31789200
19.05,0.55,500,"sd","13:17:58",31789100
19.1,0.6,700,"bu","13:17:56",31788600
19.05,0.55,100,"sd","13:17:49",31787900
19.05,0.55,100,"sd","13:17:48",31787800
19.1,0.6,700,"bu","13:17:47",31787700
19.05,0.55,500,"sd","13:17:44",31787000
19.05,0.55,2500,"sd","13:17:44",31786500
19.05,0.55,500,"sd","13:17:44",31784000
19.05,0.55,1000,"sd","13:17:44",31783500
19.05,0.55,1300,"sd","13:17:44",31782500
19.05,0.55,2200,"sd","13:17:44",31781200
19.05,0.55,1000,"sd","13:17:44",31779000
19.1,0.6,700,"bu","13:17:39",31778000
19.1,0.6,1000,"bu","13:17:38",31777300
19.1,0.6,700,"bu","13:17:30",31776300
19.05,0.55,100,"sd","13:17:27",31775600
19.1,0.6,100,"bu","13:17:24",31775500
19.1,0.6,100,"bu","13:17:22",31775400
19.1,0.6,700,"bu","13:17:21",31775300
19.1,0.6,1000,"bu","13:17:18",31774600
19.1,0.6,700,"bu","13:17:13",31773600
19.1,0.6,300,"bu","13:17:05",31772900
19.1,0.6,700,"bu","13:17:04",31772600
19.1,0.6,10000,"bu","13:16:56",31771900
19.1,0.6,700,"bu","13:16:56",31761900
19.05,0.55,300,"sd","13:16:54",31761200
19.05,0.55,500,"sd","13:16:50",31760900
19.1,0.6,800,"bu","13:16:47",31760400
19.1,0.6,1000,"bu","13:16:46",31759600
19.1,0.6,100,"bu","13:16:40",31758600
19.1,0.6,700,"bu","13:16:39",31758500
19.1,0.6,700,"bu","13:16:30",31757800
19.1,0.6,8000,"bu","13:16:27",31757100
19.1,0.6,1000,"bu","13:16:26",31749100
19.1,0.6,700,"bu","13:16:22",31748100
19.05,0.55,300,"sd","13:16:18",31747400
19.05,0.55,4100,"sd","13:16:18",31747100
19.1,0.6,700,"bu","13:16:13",31743000
19.1,0.6,80000,"bu","13:16:07",31742300
19.1,0.6,700,"bu","13:16:05",31662300
19.1,0.6,700,"bu","13:15:56",31661600
19.05,0.55,100,"sd","13:15:53",31660900
19.1,0.6,3000,"bu","13:15:52",31660800
19.1,0.6,300,"bu","13:15:49",31657800
19.1,0.6,700,"bu","13:15:48",31657500
19.1,0.6,5000,"bu","13:15:41",31656800
19.1,0.6,700,"bu","13:15:39",31651800
19.1,0.6,1000,"bu","13:15:36",31651100
19.1,0.6,700,"bu","13:15:30",31650100
19.1,0.6,700,"bu","13:15:22",31649400
