"price","change","match_qtty","side","time","total_vol"
13800,-50,9900,"unknown","14:44:59",97500
13800,-50,100,"bu","14:26:02",87600
13750,-100,3400,"sd","14:25:44",87500
13750,-100,100,"sd","14:25:44",84100
13750,-100,2500,"sd","14:25:44",84000
13800,-50,1000,"bu","14:24:55",81500
13800,-50,200,"bu","14:24:17",80500
13800,-50,1000,"sd","14:24:01",80300
13800,-50,100,"sd","14:24:01",79300
13800,-50,200,"sd","14:24:01",79200
13800,-50,100,"sd","14:24:01",79000
13800,-50,1000,"sd","14:24:01",78900
13800,-50,1000,"sd","14:24:01",77900
13800,-50,1400,"sd","14:24:01",76900
13800,-50,400,"bu","14:19:49",75500
13800,-50,400,"bu","14:19:33",75100
13800,-50,100,"bu","14:19:24",74700
13800,-50,100,"bu","14:19:01",74600
13800,-50,900,"bu","14:19:01",74500
13750,-100,2100,"sd","14:18:25",73600
13750,-100,300,"sd","14:18:01",71500
13750,-100,100,"sd","14:16:58",71200
13850,0,200,"bu","14:14:27",71100
13800,-50,300,"sd","14:12:41",70900
13800,-50,1000,"sd","14:12:41",70600
13800,-50,400,"sd","14:12:41",69600
13800,-50,200,"bu","14:10:57",69200
13800,-50,100,"sd","14:10:38",69000
13800,-50,1000,"sd","14:10:38",68900
13800,-50,200,"sd","14:10:38",67900
13800,-50,500,"sd","14:10:38",67700
13800,-50,500,"sd","14:09:10",67200
13800,-50,100,"sd","14:09:10",66700
13800,-50,500,"sd","14:09:10",66600
13850,0,300,"bu","14:07:08",66100
13850,0,700,"bu","14:07:08",65800
13850,0,1000,"bu","14:06:05",65100
13850,0,1300,"bu","14:05:14",64100
13850,0,300,"bu","14:05:14",62800
13850,0,200,"bu","14:00:35",62500
13800,-50,100,"bu","13:57:52",62300
13800,-50,200,"bu","13:57:52",62200
13800,-50,300,"bu","13:57:52",62000
13800,-50,800,"bu","13:57:40",61700
13800,-50,500,"bu","13:57:35",60900
13800,-50,100,"bu","13:57:20",60400
13800,-50,500,"bu","13:57:19",60300
13800,-50,100,"bu","13:56:52",59800
13800,-50,100,"bu","13:56:03",59700
13800,-50,300,"sd","13:55:39",59600
13800,-50,3000,"sd","13:55:33",59300
13800,-50,1300,"sd","13:55:33",56300
13800,-50,100,"sd","13:55:33",55000
13800,-50,300,"sd","13:55:33",54900
13800,-50,100,"sd","13:55:33",54600
13800,-50,100,"sd","13:55:33",54500
13800,-50,900,"sd","13:55:33",54400
13800,-50,100,"sd","13:53:07",53500
13800,-50,100,"sd","13:53:07",53400
13800,-50,100,"sd","13:53:07",53300
13800,-50,500,"sd","13:52:08",53200
13850,0,100,"bu","13:49:57",52700
13800,-50,300,"sd","13:49:15",52600
13800,-50,100,"sd","13:49:15",52300
13800,-50,100,"sd","13:49:15",52200
13800,-50,100,"sd","13:49:15",52100
13800,-50,100,"sd","13:49:15",52000
13800,-50,200,"sd","13:49:15",51900
13800,-50,300,"sd","13:49:15",51700
13800,-50,1000,"sd","13:49:15",51400
13800,-50,100,"sd","13:49:15",50400
13800,-50,100,"sd","13:49:15",50300
13800,-50,300,"sd","13:49:15",50200
13800,-50,500,"sd","13:49:15",49900
13800,-50,100,"sd","13:49:15",49400
13800,-50,200,"sd","13:49:15",49300
13800,-50,100,"sd","13:49:15",49100
13800,-50,100,"sd","13:49:15",49000
13800,-50,100,"sd","13:49:15",48900
13800,-50,200,"sd","13:49:15",48800
13800,-50,3000,"sd","13:49:15",48600
13850,0,200,"sd","13:47:15",45600
13850,0,200,"sd","13:46:53",45400
13850,0,300,"sd","13:46:53",45200
13850,0,200,"sd","13:46:53",44900
13850,0,1300,"sd","13:46:53",44700
13850,0,2000,"sd","13:45:59",43400
13850,0,300,"bu","13:38:33",41400
13850,0,600,"bu","13:38:20",41100
13850,0,5000,"bu","13:38:05",40500
13850,0,200,"sd","13:37:45",35500
13850,0,100,"sd","13:35:51",35300
13850,0,100,"sd","13:35:51",35200
13850,0,500,"sd","13:35:51",35100
13850,0,1000,"sd","13:35:51",34600
13850,0,100,"sd","13:35:51",33600
13850,0,100,"sd","13:35:51",33500
13850,0,200,"sd","13:35:51",33400
13850,0,300,"sd","13:35:51",33200
13850,0,400,"sd","13:35:51",32900
13850,0,100,"sd","13:35:29",32500
13850,0,3900,"sd","13:35:29",32400
13850,0,1000,"sd","13:35:15",28500
13850,0,200,"sd","13:33:58",27500
13900,50,200,"bu","13:27:20",27300
13900,50,100,"bu","13:18:39",27100
13850,0,500,"sd","13:18:30",27000
13850,0,300,"sd","13:12:04",26500
13850,0,100,"sd","13:09:22",26200
13850,0,1000,"sd","13:09:22",26100
13850,0,3900,"sd","13:09:22",25100
13850,0,500,"sd","13:05:23",21200
13850,0,600,"sd","13:05:17",20700
13850,0,3800,"sd","13:05:17",20100
13850,0,100,"sd","13:05:17",16300
13900,50,200,"bu","11:26:25",16200
13900,50,2100,"bu","11:26:16",16000
13900,50,200,"bu","11:18:32",13900
13850,0,100,"sd","10:56:05",13700
13900,50,100,"sd","10:55:29",13600
13900,50,100,"sd","10:55:29",13500
13900,50,100,"sd","10:55:29",13400
13900,50,200,"sd","10:55:29",13300
13900,50,2000,"sd","10:55:29",13100
13900,50,1000,"sd","10:55:29",11100
13900,50,500,"sd","10:55:29",10100
13900,50,2400,"sd","10:55:29",9600
13900,50,200,"sd","10:51:37",7200
13900,50,300,"sd","10:44:00",7000
13900,50,100,"sd","10:42:16",6700
13950,100,400,"bu","10:36:14",6600
13950,100,100,"bu","10:36:14",6200
13950,100,600,"bu","10:20:08",6100
13900,50,400,"sd","10:11:37",5500
13900,50,600,"sd","10:11:37",5100
13900,50,900,"sd","09:52:12",4500
13900,50,500,"bu","09:49:49",3600
13900,50,100,"sd","09:42:29",3100
13900,50,200,"sd","09:42:29",3000
13950,100,100,"sd","09:42:29",2800
13950,100,100,"sd","09:42:29",2700
13950,100,100,"bu","09:32:16",2600
13950,100,1000,"bu","09:32:16",2500
13950,100,500,"bu","09:32:16",1500
13950,100,400,"bu","09:32:16",1000
14000,150,500,"bu","09:22:49",600
13900,50,100,"sd","09:17:39",100
