"price","change","match_qtty","side","time","total_vol"
23800,0,51600,"unknown","14:45:00",2797200
23750,-50,1000,"bu","14:29:49",2745600
23750,-50,1400,"bu","14:29:35",2744600
23750,-50,400,"bu","14:29:29",2743200
23750,-50,300,"bu","14:29:26",2742800
23750,-50,900,"bu","14:29:11",2742500
23750,-50,1000,"bu","14:29:08",2741600
23750,-50,1700,"bu","14:28:50",2740600
23700,-100,400,"sd","14:28:14",2738900
23750,-50,1200,"bu","14:28:09",2738500
23750,-50,15000,"sd","14:27:57",2737300
23750,-50,1000,"sd","14:27:57",2722300
23750,-50,1500,"sd","14:27:57",2721300
23750,-50,1400,"sd","14:27:44",2719800
23750,-50,10000,"sd","14:27:38",2718400
23750,-50,3100,"sd","14:26:45",2708400
23750,-50,6900,"sd","14:26:45",2705300
23800,0,500,"bu","14:26:26",2698400
23800,0,600,"bu","14:26:12",2697900
23800,0,1900,"bu","14:26:00",2697300
23800,0,1900,"bu","14:25:38",2695400
23800,0,8000,"bu","14:25:33",2693500
23800,0,2000,"bu","14:25:32",2685500
23800,0,500,"bu","14:25:27",2683500
23800,0,24000,"bu","14:25:24",2683000
23800,0,1500,"bu","14:24:49",2659000
23800,0,900,"bu","14:24:40",2657500
23800,0,1100,"bu","14:24:29",2656600
23800,0,1700,"bu","14:24:23",2655500
23800,0,100,"bu","14:24:23",2653800
23800,0,200,"bu","14:24:23",2653700
23800,0,1300,"bu","14:23:58",2653500
23800,0,2000,"bu","14:23:51",2652200
23800,0,1900,"bu","14:23:46",2650200
23800,0,4900,"bu","14:23:45",2648300
23750,-50,3100,"sd","14:23:43",2643400
23750,-50,1700,"sd","14:23:43",2640300
23750,-50,2000,"sd","14:23:38",2638600
23750,-50,2800,"bu","14:23:35",2636600
23750,-50,2500,"bu","14:23:27",2633800
23750,-50,12000,"bu","14:23:24",2631300
23750,-50,1900,"bu","14:23:22",2619300
23750,-50,5000,"bu","14:23:17",2617400
23750,-50,10000,"bu","14:23:16",2612400
23750,-50,2000,"bu","14:23:14",2602400
23750,-50,90000,"bu","14:23:08",2600400
23750,-50,12000,"bu","14:23:06",2510400
23750,-50,11800,"sd","14:23:00",2498400
23800,0,2000,"bu","14:22:50",2486600
23800,0,1700,"bu","14:22:28",2484600
23800,0,3500,"bu","14:22:09",2482900
23800,0,600,"bu","14:22:03",2479400
23750,-50,200,"bu","14:21:58",2478800
23750,-50,1000,"bu","14:21:54",2478600
23750,-50,1100,"sd","14:21:44",2477600
23800,0,1600,"bu","14:21:43",2476500
23800,0,1400,"bu","14:21:38",2474900
23750,-50,1000,"bu","14:21:29",2473500
23750,-50,2000,"bu","14:21:29",2472500
23700,-100,200,"sd","14:21:24",2470500
23700,-100,400,"sd","14:21:24",2470300
23750,-50,4000,"bu","14:21:20",2469900
23750,-50,1100,"bu","14:21:14",2465900
23750,-50,2500,"bu","14:21:08",2464800
23750,-50,1900,"bu","14:21:02",2462300
23750,-50,3100,"bu","14:20:52",2460400
23700,-100,1900,"bu","14:20:48",2457300
23700,-100,100,"bu","14:20:48",2455400
23700,-100,3300,"bu","14:20:48",2455300
23700,-100,3600,"bu","14:20:41",2452000
23700,-100,1100,"bu","14:20:40",2448400
23700,-100,1400,"bu","14:20:30",2447300
23650,-150,1500,"bu","14:20:23",2445900
23650,-150,500,"bu","14:20:07",2444400
23650,-150,1000,"bu","14:19:33",2443900
23650,-150,1000,"bu","14:19:31",2442900
23650,-150,8500,"bu","14:19:19",2441900
23650,-150,1300,"bu","14:19:17",2433400
23650,-150,200,"bu","14:19:04",2432100
23650,-150,10000,"bu","14:18:40",2431900
23650,-150,1000,"bu","14:18:33",2421900
23650,-150,1000,"bu","14:17:09",2420900
23600,-200,23800,"bu","14:16:19",2419900
23600,-200,8000,"bu","14:15:57",2396100
23600,-200,10000,"bu","14:15:45",2388100
23600,-200,1000,"bu","14:14:59",2378100
23600,-200,3100,"bu","14:14:59",2377100
23600,-200,200,"bu","14:13:36",2374000
23600,-200,100,"bu","14:13:29",2373800
23600,-200,100,"bu","14:13:15",2373700
23600,-200,6500,"bu","14:10:59",2373600
23550,-250,2300,"bu","14:10:50",2367100
23500,-300,400,"sd","14:10:45",2364800
23500,-300,100,"sd","14:10:45",2364400
23500,-300,300,"sd","14:10:45",2364300
23500,-300,20000,"sd","14:10:45",2364000
23500,-300,19200,"sd","14:10:45",2344000
23550,-250,1000,"bu","14:10:42",2324800
23550,-250,500,"bu","14:10:32",2323800
23550,-250,12000,"bu","14:10:30",2323300
23550,-250,100,"bu","14:10:21",2311300
23550,-250,100,"bu","14:09:41",2311200
23550,-250,200,"bu","14:09:20",2311100
23550,-250,200,"bu","14:09:15",2310900
23550,-250,5100,"bu","14:08:51",2310700
23550,-250,1500,"sd","14:08:43",2305600
23550,-250,23000,"sd","14:08:30",2304100
23650,-150,5000,"bu","14:08:05",2281100
23600,-200,5000,"sd","14:07:27",2276100
23400,-400,23700,"sd","14:07:12",2271100
23400,-400,80000,"sd","14:07:12",2247400
23450,-350,14000,"sd","14:07:12",2167400
23450,-350,300,"sd","14:07:12",2153400
23450,-350,10000,"sd","14:07:12",2153100
23500,-300,200,"sd","14:07:12",2143100
23500,-300,3000,"sd","14:07:12",2142900
23500,-300,1200,"sd","14:07:12",2139900
23500,-300,300,"sd","14:07:12",2138700
23500,-300,10000,"sd","14:07:12",2138400
23500,-300,1000,"sd","14:07:12",2128400
23500,-300,19000,"sd","14:07:12",2127400
23500,-300,500,"sd","14:07:12",2108400
23500,-300,2200,"sd","14:07:12",2107900
23500,-300,100,"sd","14:07:12",2105700
23500,-300,900,"sd","14:07:12",2105600
23500,-300,1200,"sd","14:07:12",2104700
23500,-300,500,"sd","14:07:12",2103500
23500,-300,100,"sd","14:07:12",2103000
23500,-300,100,"sd","14:07:12",2102900
23500,-300,2000,"sd","14:07:12",2102800
23550,-250,2000,"sd","14:07:12",2100800
23550,-250,2100,"sd","14:07:12",2098800
23550,-250,300,"sd","14:07:12",2096700
23550,-250,100,"sd","14:07:12",2096400
23550,-250,500,"sd","14:07:12",2096300
23550,-250,200,"sd","14:07:11",2095800
23550,-250,58000,"sd","14:07:11",2095600
23550,-250,100,"sd","14:07:11",2037600
23550,-250,100,"sd","14:07:11",2037500
23550,-250,300,"sd","14:07:11",2037400
23550,-250,1000,"sd","14:07:11",2037100
23600,-200,700,"bu","14:07:11",2036100
23600,-200,1000,"bu","14:07:01",2035400
23600,-200,100,"bu","14:06:47",2034400
23600,-200,5600,"bu","14:06:42",2034300
23600,-200,900,"bu","14:06:17",2028700
23600,-200,100,"bu","14:05:39",2027800
23600,-200,100,"bu","14:05:25",2027700
23600,-200,100,"bu","14:05:18",2027600
23600,-200,3000,"bu","14:05:13",2027500
23600,-200,400,"bu","14:05:09",2024500
23600,-200,100,"bu","14:05:09",2024100
23600,-200,200,"bu","14:05:03",2024000
23600,-200,500,"bu","14:04:51",2023800
23600,-200,1000,"sd","14:04:45",2023300
23600,-200,2000,"sd","14:04:45",2022300
23600,-200,100,"sd","14:04:45",2020300
23600,-200,1500,"sd","14:04:45",2020200
23600,-200,100,"sd","14:04:45",2018700
23600,-200,10500,"sd","14:04:45",2018600
23600,-200,10000,"sd","14:04:39",2008100
23650,-150,7000,"bu","14:04:23",1998100
23600,-200,3500,"bu","14:01:26",1991100
23600,-200,100,"sd","14:00:57",1987600
23600,-200,200,"sd","14:00:57",1987500
23600,-200,3000,"sd","14:00:57",1987300
23600,-200,3200,"sd","14:00:57",1984300
23650,-150,12000,"bu","14:00:43",1981100
23600,-200,15800,"sd","14:00:14",1969100
23600,-200,2000,"sd","14:00:14",1953300
23600,-200,5000,"sd","14:00:14",1951300
23600,-200,200,"sd","14:00:14",1946300
23600,-200,6000,"sd","14:00:14",1946100
23600,-200,2000,"sd","14:00:14",1940100
23600,-200,29000,"sd","14:00:14",1938100
23600,-200,71000,"sd","13:59:58",1909100
23600,-200,200,"sd","13:59:58",1838100
23600,-200,200,"sd","13:59:58",1837900
23600,-200,8000,"sd","13:59:58",1837700
23600,-200,900,"sd","13:59:58",1829700
23600,-200,2000,"sd","13:59:58",1828800
23600,-200,5000,"sd","13:59:58",1826800
23600,-200,1000,"sd","13:59:58",1821800
23600,-200,2000,"sd","13:59:58",1820800
23650,-150,2000,"sd","13:59:58",1818800
23650,-150,200,"sd","13:59:58",1816800
23650,-150,100,"sd","13:59:58",1816600
23650,-150,15000,"sd","13:59:58",1816500
23650,-150,200,"sd","13:59:58",1801500
23650,-150,8500,"sd","13:59:58",1801300
23650,-150,100,"sd","13:59:58",1792800
23650,-150,1100,"sd","13:59:58",1792700
23650,-150,500,"sd","13:59:55",1791600
23650,-150,1000,"sd","13:59:08",1791100
23700,-100,1000,"sd","13:58:04",1790100
23700,-100,4600,"sd","13:58:04",1789100
23700,-100,5400,"sd","13:57:57",1784500
23700,-100,13600,"sd","13:57:57",1779100
23750,-50,100,"bu","13:57:07",1765500
23750,-50,4700,"sd","13:56:39",1765400
23750,-50,100,"sd","13:56:39",1760700
23750,-50,500,"sd","13:56:39",1760600
23750,-50,1000,"sd","13:56:26",1760100
23750,-50,5000,"sd","13:56:14",1759100
23750,-50,4300,"bu","13:55:28",1754100
23750,-50,1400,"bu","13:55:18",1749800
23750,-50,1000,"bu","13:55:18",1748400
23750,-50,1600,"bu","13:55:18",1747400
23750,-50,10000,"bu","13:55:05",1745800
23700,-100,400,"sd","13:54:36",1735800
23700,-100,200,"sd","13:54:36",1735400
23700,-100,2400,"sd","13:54:36",1735200
23700,-100,1000,"sd","13:53:35",1732800
23750,-50,2600,"bu","13:51:28",1731800
23750,-50,4000,"bu","13:48:26",1729200
23750,-50,5500,"bu","13:48:09",1725200
23750,-50,2500,"bu","13:48:09",1719700
23750,-50,2000,"bu","13:48:09",1717200
23700,-100,2400,"sd","13:47:38",1715200
23700,-100,1000,"sd","13:47:14",1712800
23750,-50,2400,"bu","13:47:11",1711800
23750,-50,3500,"bu","13:46:59",1709400
23700,-100,3600,"bu","13:46:24",1705900
23700,-100,5000,"bu","13:46:20",1702300
23700,-100,5000,"bu","13:46:00",1697300
23700,-100,3600,"bu","13:45:47",1692300
23700,-100,3600,"bu","13:44:46",1688700
23650,-150,4900,"bu","13:44:38",1685100
23650,-150,500,"sd","13:44:28",1680200
23650,-150,300,"sd","13:44:28",1679700
23650,-150,200,"sd","13:44:28",1679400
23650,-150,1500,"sd","13:44:28",1679200
23650,-150,7600,"sd","13:44:28",1677700
23650,-150,1300,"sd","13:44:15",1670100
23650,-150,10000,"sd","13:44:15",1668800
23650,-150,700,"sd","13:44:15",1658800
23650,-150,3300,"sd","13:44:09",1658100
23650,-150,100,"sd","13:44:09",1654800
23650,-150,2000,"sd","13:44:09",1654700
23650,-150,2200,"sd","13:42:18",1652700
23650,-150,900,"sd","13:41:21",1650500
23650,-150,1000,"sd","13:40:46",1649600
23700,-100,1600,"bu","13:40:11",1648600
23700,-100,100,"bu","13:39:13",1647000
23700,-100,500,"sd","13:38:46",1646900
23700,-100,10000,"sd","13:38:15",1646400
23700,-100,500,"sd","13:38:15",1636400
23700,-100,30000,"sd","13:38:15",1635900
23700,-100,13500,"sd","13:38:15",1605900
23750,-50,17100,"bu","13:37:49",1592400
23750,-50,2900,"bu","13:37:49",1575300
23750,-50,9100,"sd","13:36:59",1572400
23750,-50,2900,"sd","13:36:53",1563300
23750,-50,5400,"sd","13:36:53",1560400
23750,-50,2000,"sd","13:36:53",1555000
23750,-50,1000,"sd","13:36:53",1553000
23750,-50,1700,"sd","13:36:53",1552000
23750,-50,8300,"sd","13:36:47",1550300
23750,-50,1700,"sd","13:36:47",1542000
23750,-50,100,"sd","13:35:05",1540300
23750,-50,3000,"sd","13:34:40",1540200
23750,-50,200,"sd","13:34:35",1537200
23750,-50,2100,"sd","13:34:35",1537000
23800,0,800,"bu","13:34:06",1534900
23800,0,2000,"bu","13:33:45",1534100
23800,0,500,"bu","13:32:22",1532100
23800,0,100,"bu","13:32:11",1531600
23800,0,1700,"bu","13:32:08",1531500
23800,0,2000,"bu","13:32:00",1529800
23800,0,2900,"bu","13:31:51",1527800
23800,0,14600,"bu","13:31:48",1524900
23800,0,4900,"bu","13:31:39",1510300
23800,0,39400,"bu","13:31:22",1505400
23800,0,20600,"bu","13:31:22",1466000
23800,0,1000,"bu","13:31:21",1445400
23800,0,1400,"bu","13:31:15",1444400
23800,0,800,"sd","13:31:04",1443000
23800,0,700,"bu","13:30:54",1442200
23800,0,100,"sd","13:30:49",1441500
23800,0,7400,"sd","13:30:49",1441400
23800,0,36800,"sd","13:30:49",1434000
23850,50,1100,"bu","13:30:20",1397200
23850,50,100,"bu","13:30:09",1396100
23850,50,700,"bu","13:30:09",1396000
23850,50,5000,"bu","13:29:43",1395300
23850,50,500,"bu","13:29:37",1390300
23850,50,3000,"bu","13:29:18",1389800
23850,50,2700,"bu","13:29:01",1386800
23850,50,500,"bu","13:28:12",1384100
23850,50,2900,"bu","13:27:32",1383600
23850,50,2000,"bu","13:27:18",1380700
23850,50,100,"bu","13:27:10",1378700
23850,50,2000,"bu","13:26:37",1378600
23850,50,600,"bu","13:26:17",1376600
23850,50,200,"bu","13:26:17",1376000
23850,50,200,"bu","13:26:17",1375800
23850,50,800,"bu","13:26:09",1375600
23850,50,1700,"bu","13:25:45",1374800
23850,50,300,"bu","13:25:36",1373100
23850,50,1400,"bu","13:25:27",1372800
23850,50,700,"bu","13:25:14",1371400
23850,50,4900,"sd","13:25:12",1370700
23850,50,100,"bu","13:24:57",1365800
23850,50,1400,"bu","13:24:49",1365700
23850,50,2000,"bu","13:24:42",1364300
23850,50,1700,"bu","13:24:39",1362300
23850,50,1800,"bu","13:24:38",1360600
23850,50,4200,"bu","13:24:38",1358800
23850,50,6000,"bu","13:24:31",1354600
23850,50,5400,"bu","13:24:25",1348600
23850,50,1400,"bu","13:24:19",1343200
23850,50,1000,"bu","13:24:18",1341800
23850,50,1700,"bu","13:24:11",1340800
23850,50,100,"bu","13:24:10",1339100
23850,50,3600,"bu","13:24:06",1339000
23850,50,1200,"bu","13:24:04",1335400
23850,50,9000,"bu","13:23:58",1334200
23850,50,800,"bu","13:23:56",1325200
23850,50,1500,"bu","13:23:51",1324400
23850,50,2300,"bu","13:23:46",1322900
23850,50,3000,"bu","13:23:44",1320600
23850,50,1900,"bu","13:23:39",1317600
23850,50,12900,"sd","13:23:34",1315700
23850,50,300,"bu","13:23:32",1302800
23850,50,800,"bu","13:23:32",1302500
23850,50,1000,"bu","13:23:15",1301700
23850,50,2600,"bu","13:23:10",1300700
23850,50,600,"bu","13:22:42",1298100
23850,50,400,"bu","13:22:42",1297500
23850,50,100,"bu","13:22:35",1297100
23850,50,100,"bu","13:22:35",1297000
23850,50,1000,"bu","13:22:35",1296900
23850,50,300,"bu","13:22:19",1295900
23850,50,1200,"bu","13:22:09",1295600
23850,50,1000,"bu","13:22:00",1294400
23850,50,100,"bu","13:21:59",1293400
23850,50,1800,"bu","13:21:39",1293300
23850,50,800,"bu","13:21:03",1291500
23850,50,600,"bu","13:20:38",1290700
23850,50,1000,"bu","13:20:20",1290100
23800,0,200,"bu","13:20:19",1289100
23800,0,4000,"bu","13:20:19",1288900
23800,0,1000,"bu","13:20:19",1284900
23800,0,5500,"bu","13:20:16",1283900
23800,0,2000,"bu","13:19:49",1278400
23800,0,1100,"bu","13:19:37",1276400
23800,0,1900,"bu","13:18:46",1275300
23800,0,500,"bu","13:18:18",1273400
23750,-50,2000,"sd","13:18:06",1272900
23800,0,700,"bu","13:18:01",1270900
23800,0,1200,"bu","13:17:29",1270200
23800,0,5000,"sd","13:17:11",1269000
23800,0,1100,"sd","13:17:11",1264000
23800,0,3500,"bu","13:16:33",1262900
23800,0,1400,"bu","13:16:33",1259400
23800,0,1400,"bu","13:16:23",1258000
23800,0,7200,"sd","13:16:14",1256600
23800,0,100,"bu","13:16:05",1249400
23800,0,2000,"bu","13:16:05",1249300
23800,0,200,"bu","13:16:05",1247300
23800,0,500,"bu","13:16:05",1247100
23800,0,2500,"bu","13:15:58",1246600
23800,0,1500,"bu","13:15:58",1244100
23800,0,3000,"bu","13:14:54",1242600
23800,0,500,"bu","13:14:49",1239600
23800,0,500,"bu","13:14:49",1239100
23800,0,800,"bu","13:14:49",1238600
23800,0,500,"bu","13:14:41",1237800
23750,-50,500,"sd","13:13:50",1237300
23750,-50,6000,"sd","13:13:40",1236800
23750,-50,1200,"sd","13:13:34",1230800
23800,0,1900,"bu","13:13:25",1229600
23800,0,10000,"bu","13:13:14",1227700
23800,0,1000,"bu","13:12:50",1217700
23800,0,100,"bu","13:12:10",1216700
23750,-50,100,"bu","13:12:02",1216600
23750,-50,8100,"bu","13:12:02",1216500
23750,-50,2000,"bu","13:11:52",1208400
23750,-50,800,"bu","13:11:48",1206400
23750,-50,300,"bu","13:11:45",1205600
23750,-50,5000,"bu","13:11:41",1205300
23750,-50,3700,"bu","13:11:34",1200300
23750,-50,1000,"bu","13:11:25",1196600
23750,-50,2100,"bu","13:11:19",1195600
23750,-50,400,"bu","13:11:19",1193500
23750,-50,1900,"bu","13:11:14",1193100
23750,-50,1700,"bu","13:10:56",1191200
23750,-50,1100,"bu","13:10:52",1189500
23750,-50,500,"bu","13:10:39",1188400
23750,-50,800,"bu","13:10:21",1187900
23750,-50,1000,"bu","13:09:36",1187100
23700,-100,500,"bu","13:09:01",1186100
23700,-100,700,"bu","13:08:45",1185600
23700,-100,6000,"bu","13:08:42",1184900
23700,-100,1800,"bu","13:08:35",1178900
23700,-100,2100,"bu","13:08:23",1177100
23700,-100,1500,"bu","13:08:09",1175000
23700,-100,1200,"bu","13:07:49",1173500
23700,-100,1200,"bu","13:07:26",1172300
23700,-100,200,"bu","13:07:26",1171100
23700,-100,1000,"bu","13:06:52",1170900
23650,-150,500,"sd","13:06:47",1169900
23650,-150,3400,"bu","13:05:29",1169400
23650,-150,5000,"bu","13:05:22",1166000
23650,-150,500,"bu","13:05:18",1161000
23650,-150,1800,"bu","13:05:17",1160500
23650,-150,500,"bu","13:05:10",1158700
23650,-150,1900,"bu","13:05:05",1158200
23650,-150,1400,"bu","13:04:58",1156300
23600,-200,2400,"sd","13:04:49",1154900
23650,-150,2300,"bu","13:04:45",1152500
23700,-100,5700,"bu","13:04:34",1150200
23650,-150,4300,"bu","13:04:34",1144500
23650,-150,1000,"sd","13:04:26",1140200
23650,-150,2000,"sd","13:04:26",1139200
23650,-150,12700,"sd","13:04:26",1137200
23700,-100,3400,"bu","13:04:25",1124500
23650,-150,5700,"sd","13:04:20",1121100
23700,-100,1700,"bu","13:04:19",1115400
23700,-100,3400,"bu","13:04:19",1113700
23650,-150,1300,"sd","13:04:15",1110300
23700,-100,1900,"bu","13:04:13",1109000
23650,-150,300,"sd","13:04:09",1107100
23650,-150,9700,"sd","13:04:09",1106800
23650,-150,300,"sd","13:03:31",1097100
23650,-150,7500,"sd","13:03:31",1090100
23650,-150,6700,"sd","13:03:31",1096800
23700,-100,400,"sd","13:03:13",1082600
23700,-100,9300,"sd","13:03:13",1082200
23750,-50,700,"bu","13:03:08",1072900
23700,-100,700,"sd","13:03:08",1072200
23700,-100,1600,"sd","13:03:08",1071500
23700,-100,5100,"sd","13:02:54",1069900
23700,-100,6900,"sd","13:02:54",1064800
23750,-50,200,"sd","13:02:48",1057900
23750,-50,14700,"sd","13:02:48",1057700
23750,-50,5300,"sd","13:02:43",1043000
23750,-50,4700,"sd","13:02:43",1037700
23750,-50,300,"sd","13:02:37",1033000
23750,-50,2700,"sd","13:02:37",1023700
23750,-50,2000,"sd","13:02:37",1032700
23750,-50,7000,"sd","13:02:37",1030700
23800,0,200,"bu","13:02:22",1021000
23800,0,1100,"bu","13:01:21",1020800
23800,0,600,"bu","13:00:44",1019700
23800,0,33800,"sd","13:00:40",1019100
23800,0,500,"sd","13:00:15",985300
23800,0,100,"sd","13:00:01",984800
23800,0,500,"sd","13:00:01",984700
23800,0,5100,"bu","11:29:10",984200
23800,0,400,"sd","11:29:03",979100
23800,0,2000,"sd","11:29:03",978700
23800,0,900,"sd","11:29:03",976700
23800,0,200,"sd","11:29:03",975800
23800,0,20400,"sd","11:29:03",975600
23800,0,8600,"sd","11:28:48",955200
23800,0,1400,"sd","11:28:48",946600
23850,50,300,"bu","11:26:28",945200
23800,0,3000,"sd","11:26:06",944900
23800,0,200,"sd","11:23:26",941900
23800,0,100,"sd","11:21:59",941700
23800,0,200,"sd","11:20:59",941600
23800,0,2000,"sd","11:19:39",941400
23800,0,2000,"sd","11:19:38",939400
23800,0,100,"sd","11:16:20",937400
23850,50,5600,"bu","11:15:10",937300
23850,50,1700,"bu","11:14:12",931700
23850,50,300,"bu","11:14:12",930000
23800,0,1200,"sd","11:13:58",929700
23800,0,1000,"bu","11:13:33",928500
23800,0,500,"bu","11:13:32",927500
23800,0,1300,"bu","11:13:32",927000
23800,0,5000,"bu","11:13:19",925700
23750,-50,1000,"sd","11:13:16",920700
23800,0,4000,"bu","11:13:08",919700
23800,0,4000,"bu","11:13:04",915700
23800,0,7800,"bu","11:12:51",911700
23800,0,2300,"bu","11:12:43",903900
23800,0,2000,"bu","11:12:37",901600
23800,0,10000,"bu","11:12:20",899600
23800,0,2000,"bu","11:12:06",889600
23800,0,9100,"bu","11:11:57",887600
23800,0,2500,"bu","11:11:50",878500
23800,0,2500,"bu","11:11:50",876000
23800,0,500,"bu","11:11:17",873500
23800,0,1300,"bu","11:10:36",873000
23800,0,1000,"bu","11:09:28",871700
23800,0,1200,"bu","11:08:48",870700
23800,0,1500,"bu","11:08:32",869500
23800,0,1000,"bu","11:07:07",868000
23800,0,800,"bu","11:06:23",867000
23800,0,200,"bu","11:05:25",866200
23800,0,600,"bu","11:05:25",866000
23800,0,600,"bu","11:04:47",865400
23800,0,1100,"bu","11:03:40",864800
23800,0,1700,"bu","11:02:46",863700
23750,-50,100,"sd","11:01:25",862000
23750,-50,200,"bu","11:00:13",861900
23750,-50,3500,"bu","11:00:13",861700
23750,-50,1500,"bu","11:00:08",858200
23750,-50,1200,"bu","10:59:47",856700
23750,-50,1100,"bu","10:59:16",855500
23750,-50,7500,"bu","10:59:03",854400
23750,-50,2000,"bu","10:58:49",846900
23700,-100,13100,"bu","10:58:22",844900
23700,-100,5000,"bu","10:58:05",831800
23700,-100,2300,"bu","10:57:55",826800
23700,-100,2000,"bu","10:57:49",824500
23650,-150,1000,"sd","10:57:24",822500
23650,-150,31100,"bu","10:57:16",821500
23650,-150,2100,"bu","10:57:08",790400
23600,-200,1000,"sd","10:57:05",788300
23650,-150,600,"bu","10:57:04",787300
23650,-150,900,"bu","10:57:00",786700
23650,-150,2000,"bu","10:56:55",785800
23650,-150,13300,"bu","10:56:45",783800
23650,-150,9500,"bu","10:56:45",770500
23600,-200,1100,"sd","10:56:36",761000
23650,-150,2000,"bu","10:56:32",759900
23650,-150,1200,"bu","10:56:27",757900
23650,-150,1000,"bu","10:55:00",756700
23600,-200,12500,"sd","10:54:28",755700
23600,-200,3000,"sd","10:54:28",743200
23600,-200,300,"sd","10:54:28",740200
23600,-200,200,"sd","10:54:28",739900
23650,-150,1400,"sd","10:53:35",739700
23650,-150,1000,"sd","10:53:35",738300
23650,-150,2000,"sd","10:53:35",737300
23650,-150,1900,"sd","10:53:35",735300
23700,-100,10000,"bu","10:53:34",733400
23650,-150,4000,"sd","10:53:15",723400
23700,-100,100,"bu","10:53:13",719400
23700,-100,2900,"bu","10:53:10",719300
23700,-100,700,"bu","10:53:02",716400
23650,-150,5600,"sd","10:53:01",715700
23650,-150,100,"sd","10:53:01",710100
23650,-150,100,"sd","10:53:01",710000
23650,-150,400,"sd","10:53:01",709900
23700,-100,1000,"bu","10:52:52",709500
23650,-150,3600,"sd","10:52:51",708500
23650,-150,3300,"sd","10:52:41",704900
23650,-150,4200,"sd","10:52:41",701600
23650,-150,3000,"sd","10:52:30",697400
23650,-150,900,"sd","10:52:30",694400
23650,-150,12100,"sd","10:52:30",693500
23700,-100,1600,"bu","10:52:27",681400
23700,-100,6700,"sd","10:51:21",679800
23750,-50,4600,"sd","10:51:20",673100
23750,-50,500,"bu","10:51:05",668500
23750,-50,1600,"bu","10:51:05",668000
23700,-100,10000,"sd","10:51:05",666400
23750,-50,2700,"bu","10:50:51",656400
23700,-100,4000,"sd","10:50:41",653700
23700,-100,1000,"sd","10:50:41",649700
23750,-50,600,"bu","10:50:41",648700
23750,-50,900,"bu","10:50:37",648100
23750,-50,2100,"bu","10:50:31",647200
23750,-50,5000,"bu","10:50:05",645100
23750,-50,500,"bu","10:46:41",640100
23700,-100,900,"bu","10:42:13",639600
23700,-100,100,"bu","10:42:00",638700
23700,-100,400,"bu","10:41:59",638600
23700,-100,1000,"bu","10:41:56",638200
23700,-100,1200,"bu","10:40:19",637200
23700,-100,1000,"bu","10:39:53",636000
23700,-100,8100,"bu","10:38:42",635000
23700,-100,1100,"bu","10:37:40",626900
23700,-100,1300,"bu","10:36:40",625800
23650,-150,900,"sd","10:36:37",624500
23700,-100,100,"sd","10:36:11",623600
23700,-100,200,"sd","10:36:11",623500
23700,-100,5600,"sd","10:36:11",623300
23700,-100,6200,"sd","10:35:57",617700
23700,-100,800,"sd","10:35:57",611500
23700,-100,2600,"sd","10:35:47",610700
23750,-50,1300,"bu","10:35:14",608100
23750,-50,1000,"bu","10:34:13",606800
23700,-100,3900,"sd","10:33:50",605800
23700,-100,700,"sd","10:33:33",601900
23700,-100,300,"sd","10:33:33",601200
23750,-50,4300,"sd","10:33:15",600900
23750,-50,700,"sd","10:33:07",596600
23750,-50,100,"sd","10:33:07",595900
23750,-50,6200,"sd","10:33:07",595800
23800,0,600,"bu","10:32:49",589600
23800,0,1200,"bu","10:31:31",589000
23800,0,1000,"bu","10:30:00",587800
23750,-50,2000,"sd","10:29:41",586800
23750,-50,1800,"bu","10:28:38",584800
23750,-50,10000,"sd","10:28:37",583000
23750,-50,200,"sd","10:28:37",573000
23750,-50,4000,"sd","10:28:37",572800
23800,0,1600,"bu","10:27:58",568800
23800,0,1400,"bu","10:27:28",567200
23750,-50,5000,"sd","10:27:18",565800
23800,0,1800,"bu","10:27:08",560800
23800,0,1500,"bu","10:26:26",559000
23800,0,1100,"bu","10:25:58",557500
23800,0,1800,"bu","10:25:48",556400
23800,0,2300,"bu","10:25:38",554600
23800,0,700,"bu","10:25:30",552300
23800,0,300,"bu","10:25:28",551600
23800,0,10000,"bu","10:25:22",551300
23800,0,1500,"bu","10:25:16",541300
23800,0,5000,"bu","10:25:09",539800
23800,0,800,"bu","10:25:04",534800
23800,0,500,"bu","10:25:01",534000
23800,0,2300,"bu","10:24:57",533500
23800,0,2000,"bu","10:24:51",531200
23800,0,1400,"bu","10:24:47",529200
23800,0,7800,"sd","10:24:27",527800
23850,50,1500,"bu","10:24:17",520000
23800,0,200,"bu","10:24:08",518500
23800,0,100,"bu","10:24:08",518300
23800,0,200,"bu","10:24:08",518200
23800,0,1000,"bu","10:24:08",518000
23800,0,1000,"bu","10:24:08",517000
23800,0,1000,"bu","10:24:00",516000
23800,0,300,"bu","10:24:00",515000
23800,0,500,"bu","10:24:00",514700
23800,0,200,"bu","10:24:00",514200
23800,0,400,"bu","10:22:46",514000
23800,0,200,"bu","10:22:41",513600
23800,0,400,"bu","10:21:44",513400
23800,0,100,"bu","10:21:44",513000
23800,0,400,"bu","10:21:21",512900
23800,0,600,"bu","10:21:21",512500
23800,0,100,"bu","10:21:04",511900
23800,0,1300,"bu","10:20:59",511800
23800,0,1100,"bu","10:19:45",510500
23800,0,700,"bu","10:18:33",509400
23800,0,900,"bu","10:17:37",508700
23750,-50,600,"sd","10:16:24",507800
23800,0,800,"bu","10:16:05",507200
23800,0,1300,"bu","10:15:48",506400
23800,0,200,"bu","10:15:20",505100
23800,0,800,"bu","10:15:20",504900
23800,0,900,"bu","10:14:41",504100
23800,0,1300,"bu","10:14:19",503200
23800,0,100,"bu","10:14:16",501900
23800,0,1000,"bu","10:14:13",501800
23800,0,1200,"bu","10:14:03",500800
23800,0,1700,"bu","10:13:55",499600
23800,0,300,"bu","10:13:55",497900
23800,0,500,"bu","10:13:50",497600
23750,-50,20400,"bu","10:13:45",497100
23750,-50,1200,"bu","10:13:44",476700
23750,-50,1300,"sd","10:13:39",475500
23750,-50,12100,"sd","10:13:39",474200
23800,0,1000,"bu","10:13:38",462100
23800,0,1300,"bu","10:13:31",461100
23800,0,5000,"bu","10:13:23",459800
23800,0,1600,"bu","10:13:17",454800
23800,0,300,"bu","10:13:13",453200
23800,0,8000,"bu","10:12:00",452900
23750,-50,1000,"bu","10:11:12",444900
23750,-50,300,"bu","10:11:12",443900
23750,-50,1500,"bu","10:11:12",443600
23750,-50,100,"bu","10:11:12",442100
23750,-50,5000,"bu","10:11:12",442000
23700,-100,500,"sd","10:11:10",437000
23750,-50,5000,"bu","10:11:02",436500
23750,-50,1200,"bu","10:10:45",431500
23750,-50,100,"bu","10:09:13",430300
23750,-50,1000,"bu","10:08:42",430200
23750,-50,9000,"bu","10:07:42",429200
23750,-50,1200,"bu","10:05:52",420200
23750,-50,100,"bu","10:05:39",419000
23750,-50,100,"bu","10:03:55",418900
23750,-50,3000,"bu","10:03:30",418800
23750,-50,5000,"bu","10:02:55",415800
23700,-100,49600,"bu","10:01:55",410800
23700,-100,500,"sd","10:01:43",361200
23700,-100,5100,"sd","10:01:43",360700
23700,-100,200,"sd","10:01:43",355600
23700,-100,4600,"sd","10:01:43",355400
23750,-50,700,"bu","10:01:14",350800
23750,-50,900,"bu","10:00:45",350100
23750,-50,1400,"bu","10:00:24",349200
23750,-50,1500,"bu","10:00:09",347800
23750,-50,400,"bu","10:00:07",346300
23750,-50,10000,"bu","10:00:00",345900
23750,-50,4400,"bu","09:59:58",335900
23750,-50,5600,"bu","09:59:58",331500
23750,-50,2300,"bu","09:59:51",325900
23750,-50,2000,"bu","09:59:44",323600
23750,-50,1400,"bu","09:59:39",321600
23750,-50,400,"bu","09:59:31",320200
23750,-50,300,"bu","09:57:06",319800
23750,-50,1000,"bu","09:57:01",319500
23750,-50,1000,"bu","09:56:17",318500
23700,-100,600,"sd","09:56:13",317500
23750,-50,200,"bu","09:56:07",316900
23700,-100,2300,"bu","09:55:58",316700
23700,-100,1000,"bu","09:55:56",314400
23700,-100,700,"bu","09:55:52",313400
23700,-100,2000,"bu","09:55:50",312700
23650,-150,6300,"bu","09:55:43",310700
23650,-150,2900,"bu","09:55:37",304400
23650,-150,100,"sd","09:55:36",301500
23650,-150,100,"sd","09:55:36",301400
23650,-150,100,"sd","09:55:36",301300
23650,-150,6900,"sd","09:55:36",301200
23650,-150,2400,"sd","09:55:36",294300
23650,-150,1000,"sd","09:55:36",291900
23650,-150,9200,"sd","09:55:36",290900
23700,-100,100,"bu","09:53:05",281700
23700,-100,7000,"bu","09:53:05",281600
23700,-100,100,"bu","09:53:03",274600
23700,-100,6800,"sd","09:52:56",274500
23700,-100,200,"sd","09:52:31",267700
23700,-100,2000,"bu","09:52:27",267500
23700,-100,500,"bu","09:52:27",265500
23700,-100,500,"bu","09:52:27",265000
23700,-100,100,"bu","09:50:13",264500
23650,-150,800,"sd","09:50:13",264400
23650,-150,800,"sd","09:50:13",263600
23650,-150,1200,"sd","09:50:13",262800
23650,-150,300,"sd","09:50:11",261600
23650,-150,100,"sd","09:50:11",261300
23650,-150,1000,"sd","09:50:11",261200
23650,-150,4500,"sd","09:50:11",260200
23650,-150,1300,"sd","09:50:11",255700
23700,-100,2000,"bu","09:50:05",254400
23700,-100,20000,"bu","09:49:27",252400
23700,-100,7000,"bu","09:48:43",232400
23700,-100,900,"bu","09:47:05",225400
23700,-100,1100,"bu","09:46:20",224500
23700,-100,500,"bu","09:45:42",223400
23700,-100,100,"bu","09:45:16",222900
23700,-100,15000,"bu","09:44:14",222800
23700,-100,300,"bu","09:44:02",207800
23700,-100,2500,"bu","09:42:37",207500
23700,-100,7500,"bu","09:42:37",205000
23700,-100,1600,"bu","09:41:10",197500
23650,-150,1000,"sd","09:41:06",195900
23700,-100,1500,"bu","09:39:29",194900
23700,-100,1100,"bu","09:39:06",193400
23700,-100,300,"bu","09:39:00",192300
23700,-100,4700,"sd","09:38:55",192000
23700,-100,500,"sd","09:38:53",187300
23700,-100,300,"sd","09:38:53",186800
23700,-100,5000,"bu","09:38:44",186500
23700,-100,2300,"bu","09:38:35",181500
23700,-100,1000,"bu","09:38:29",179200
23700,-100,3600,"bu","09:38:10",178200
23700,-100,400,"bu","09:38:10",174600
23700,-100,1000,"bu","09:38:10",174200
23700,-100,1200,"bu","09:38:05",173200
23700,-100,2200,"bu","09:37:48",172000
23700,-100,2000,"bu","09:37:37",169800
23700,-100,900,"bu","09:37:35",167800
23700,-100,900,"sd","09:37:28",166900
23700,-100,1000,"sd","09:37:28",166000
23700,-100,400,"sd","09:37:28",165000
23700,-100,200,"sd","09:37:28",164600
23700,-100,5000,"sd","09:37:28",164400
23700,-100,2600,"sd","09:37:28",159400
23700,-100,3000,"sd","09:37:10",156800
23750,-50,1000,"bu","09:35:57",153800
23750,-50,700,"bu","09:35:06",152800
23700,-100,4000,"sd","09:35:01",152100
23750,-50,600,"bu","09:34:38",148100
23750,-50,3500,"sd","09:32:19",147500
23750,-50,1300,"sd","09:32:04",144000
23800,0,2000,"bu","09:31:39",142700
23750,-50,1000,"sd","09:31:34",140700
23750,-50,4200,"bu","09:31:30",139700
23750,-50,100,"bu","09:31:29",135500
23750,-50,100,"bu","09:31:13",135400
23750,-50,5600,"bu","09:31:13",135300
23750,-50,1000,"bu","09:31:08",129700
23750,-50,800,"bu","09:31:04",128700
23750,-50,600,"bu","09:31:02",127900
23750,-50,1500,"bu","09:30:57",127300
23700,-100,1000,"bu","09:30:49",125800
23700,-100,5000,"bu","09:30:45",124800
23700,-100,200,"bu","09:30:42",119800
23700,-100,200,"bu","09:30:42",119600
23700,-100,800,"bu","09:30:40",119400
23700,-100,200,"bu","09:30:40",118600
23700,-100,500,"bu","09:30:36",118400
23700,-100,200,"bu","09:30:36",117900
23700,-100,100,"bu","09:30:03",117700
23700,-100,800,"bu","09:29:36",117600
23650,-150,800,"sd","09:27:21",116800
23650,-150,3000,"sd","09:26:59",116000
23650,-150,100,"sd","09:24:44",113000
23700,-100,100,"bu","09:24:41",112900
23700,-100,1000,"bu","09:23:02",112800
23700,-100,100,"bu","09:22:25",111800
23650,-150,1000,"bu","09:21:36",111700
23650,-150,200,"bu","09:21:36",110700
23650,-150,300,"bu","09:21:36",110500
23650,-150,200,"bu","09:21:28",110200
23650,-150,1800,"bu","09:21:28",110000
23650,-150,900,"bu","09:21:24",108200
23650,-150,1000,"bu","09:19:31",107300
23650,-150,1000,"bu","09:18:31",106300
23650,-150,500,"bu","09:18:12",105300
23650,-150,600,"bu","09:17:19",104800
23650,-150,100,"bu","09:16:59",104200
23650,-150,100,"bu","09:16:48",104100
23650,-150,500,"bu","09:16:46",104000
23650,-150,1000,"bu","09:16:25",103500
23650,-150,900,"bu","09:16:10",102500
23650,-150,2000,"bu","09:15:53",101600
23650,-150,200,"bu","09:15:52",99600
23650,-150,1300,"bu","09:15:35",99400
23650,-150,1100,"bu","09:15:15",98100
23600,-200,97000,"unknown","09:15:00",97000
