"price","change","match_qtty","side","time","total_vol"
14750,400,51300,"unknown","14:45:00",816900
14700,350,200,"bu","14:29:20",765600
14700,350,2800,"bu","14:29:20",765400
14650,300,400,"bu","14:28:38",762600
14650,300,1100,"bu","14:28:38",762200
14650,300,500,"bu","14:28:26",761100
14650,300,3900,"bu","14:27:37",760600
14650,300,1200,"bu","14:26:57",756700
14650,300,1200,"sd","14:26:22",755500
14650,300,1700,"sd","14:26:22",754300
14650,300,400,"sd","14:26:22",752600
14650,300,100,"sd","14:25:39",752200
14650,300,3900,"sd","14:25:24",752100
14650,300,1000,"sd","14:25:24",748200
14650,300,100,"sd","14:25:24",747200
14650,300,200,"sd","14:25:00",747100
14650,300,200,"sd","14:24:30",746900
14650,300,800,"sd","14:24:30",746700
14700,350,3000,"bu","14:23:58",745900
14700,350,600,"bu","14:23:30",742900
14700,350,600,"bu","14:23:25",742300
14700,350,1000,"bu","14:23:25",741700
14700,350,400,"bu","14:23:25",740700
14700,350,100,"bu","14:21:50",740300
14700,350,300,"bu","14:21:50",740200
14700,350,2600,"bu","14:21:49",739900
14700,350,2600,"bu","14:21:38",737300
14700,350,200,"bu","14:21:30",734700
14700,350,4600,"bu","14:18:20",734500
14700,350,400,"bu","14:18:20",729900
14700,350,100,"bu","14:17:46",729500
14650,300,400,"sd","14:17:43",729400
14650,300,600,"sd","14:17:43",729000
14700,350,200,"bu","14:17:12",728400
14700,350,100,"bu","14:16:50",728200
14700,350,100,"bu","14:16:11",728100
14650,300,200,"bu","14:15:39",728000
14650,300,500,"bu","14:15:39",727800
14650,300,200,"bu","14:15:39",727300
14650,300,100,"bu","14:15:39",727100
14650,300,500,"bu","14:15:30",727000
14650,300,2000,"bu","14:14:57",726500
14650,300,3000,"bu","14:14:43",724500
14600,250,200,"sd","14:13:52",721500
14600,250,1200,"sd","14:13:20",721300
14600,250,300,"sd","14:13:02",720100
14600,250,5000,"sd","14:13:02",719800
14600,250,200,"sd","14:13:02",714800
14600,250,200,"sd","14:13:02",714600
14600,250,1000,"sd","14:13:02",714400
14600,250,300,"sd","14:13:02",713400
14600,250,1000,"sd","14:13:02",713100
14600,250,300,"sd","14:13:02",712100
14600,250,100,"sd","14:13:02",711800
14600,250,1700,"sd","14:13:02",711700
14650,300,400,"bu","14:11:57",710000
14650,300,600,"bu","14:11:57",709600
14650,300,1000,"bu","14:11:57",709000
14650,300,500,"bu","14:09:32",708000
14650,300,2900,"sd","14:09:24",707500
14650,300,200,"bu","14:09:06",704600
14650,300,100,"bu","14:09:06",704400
14650,300,500,"bu","14:09:06",704300
14650,300,500,"sd","14:07:44",703800
14650,300,1500,"sd","14:07:26",703300
14650,300,3500,"sd","14:07:26",701800
14650,300,100,"sd","14:06:51",698300
14600,250,1300,"sd","14:04:43",698200
14600,250,2000,"sd","14:04:43",696900
14600,250,100,"sd","14:04:43",694900
14600,250,1000,"sd","14:04:43",694800
14600,250,1000,"sd","14:04:43",693800
14600,250,10000,"sd","14:04:43",692800
14600,250,500,"sd","14:04:43",682800
14600,250,100,"sd","14:04:43",682300
14600,250,500,"sd","14:04:43",682200
14600,250,3500,"sd","14:04:43",681700
14600,250,5300,"sd","14:03:28",678200
14600,250,4300,"sd","14:02:42",672900
14650,300,500,"sd","14:02:42",668600
14650,300,100,"sd","14:02:42",668100
14650,300,100,"sd","14:02:42",668000
14650,300,200,"sd","14:02:26",667900
14650,300,700,"sd","14:02:18",667700
14650,300,200,"sd","14:02:18",667000
14650,300,100,"sd","14:02:18",666800
14650,300,200,"sd","14:02:04",666700
14650,300,9700,"sd","14:01:53",666500
14650,300,300,"sd","14:01:53",656800
14650,300,400,"sd","14:01:12",656500
14650,300,400,"sd","14:01:01",656100
14650,300,6300,"bu","13:59:45",655700
14600,250,1000,"sd","13:59:43",649400
14650,300,1000,"bu","13:59:30",648400
14650,300,2000,"sd","13:59:16",647400
14650,300,700,"sd","13:59:16",645400
14700,350,100,"bu","13:58:58",644700
14700,350,500,"bu","13:58:58",644600
14700,350,100,"bu","13:58:58",644100
14700,350,500,"bu","13:58:58",644000
14700,350,800,"bu","13:58:58",643500
14650,300,1300,"sd","13:58:29",642700
14650,300,1000,"sd","13:58:29",641400
14650,300,1000,"sd","13:58:29",640400
14650,300,1000,"sd","13:58:29",639400
14650,300,1500,"sd","13:58:29",638400
14650,300,100,"sd","13:58:29",636900
14650,300,4100,"sd","13:58:29",636800
14650,300,100,"sd","13:57:57",632700
14650,300,800,"sd","13:57:01",632600
14650,300,100,"sd","13:56:58",631800
14650,300,1200,"sd","13:56:56",631700
14650,300,8700,"sd","13:56:14",630500
14650,300,5000,"sd","13:56:14",621800
14650,300,100,"sd","13:56:14",616800
14650,300,1000,"sd","13:56:14",616700
14650,300,3000,"sd","13:56:14",615700
14650,300,1000,"sd","13:56:14",612700
14650,300,100,"sd","13:56:14",611700
14650,300,1000,"sd","13:56:14",611600
14650,300,1000,"sd","13:56:14",610600
14650,300,100,"sd","13:56:14",609600
14650,300,5000,"sd","13:56:14",609500
14700,350,1500,"bu","13:56:07",604500
14700,350,700,"bu","13:54:51",603000
14700,350,800,"bu","13:54:42",602300
14700,350,200,"bu","13:54:42",601500
14700,350,100,"bu","13:54:07",601300
14700,350,1900,"sd","13:54:03",601200
14700,350,200,"sd","13:54:03",599300
14700,350,1000,"sd","13:54:03",599100
14700,350,800,"sd","13:54:03",598100
14700,350,500,"sd","13:54:03",597300
14700,350,4200,"sd","13:54:03",596800
14700,350,1000,"sd","13:54:03",592600
14700,350,1000,"sd","13:54:03",591600
14700,350,1000,"sd","13:54:03",590600
14700,350,8100,"sd","13:54:03",589600
14700,350,1000,"sd","13:53:30",581500
14700,350,900,"sd","13:51:04",580500
14700,350,700,"sd","13:51:04",579600
14700,350,500,"sd","13:51:04",578900
14700,350,900,"sd","13:51:04",578400
14700,350,1300,"sd","13:50:23",577500
14700,350,200,"sd","13:49:57",576200
14750,400,100,"bu","13:49:23",576000
14700,350,1500,"sd","13:48:43",575900
14700,350,2100,"sd","13:48:43",574400
14700,350,2000,"sd","13:48:38",572300
14700,350,3900,"bu","13:48:20",570300
14700,350,2600,"bu","13:48:14",566400
14700,350,1200,"bu","13:48:09",563800
14700,350,2000,"bu","13:47:49",562600
14700,350,300,"bu","13:47:26",560600
14700,350,200,"sd","13:45:46",560300
14700,350,1200,"sd","13:45:46",560100
14700,350,500,"sd","13:45:46",558900
14700,350,500,"sd","13:45:46",558400
14700,350,100,"sd","13:45:46",557900
14700,350,500,"sd","13:45:46",557800
14700,350,500,"bu","13:44:17",557300
14700,350,500,"bu","13:44:10",556800
14700,350,1000,"bu","13:44:10",556300
14700,350,1500,"bu","13:44:10",555300
14700,350,500,"bu","13:44:10",553800
14700,350,500,"bu","13:44:04",553300
14700,350,1000,"bu","13:43:41",552800
14700,350,600,"bu","13:43:03",551800
14650,300,900,"sd","13:42:49",551200
14650,300,3100,"sd","13:42:49",550300
14700,350,100,"bu","13:41:53",547200
14700,350,4300,"bu","13:41:47",547100
14700,350,700,"bu","13:41:47",542800
14650,300,1900,"sd","13:40:17",542100
14650,300,100,"sd","13:40:17",540200
14650,300,200,"sd","13:40:17",540100
14650,300,1000,"sd","13:40:17",539900
14650,300,2900,"sd","13:40:17",538900
14650,300,2000,"sd","13:40:17",536000
14650,300,500,"sd","13:40:17",534000
14650,300,100,"sd","13:40:17",533500
14650,300,1300,"sd","13:40:17",533400
14700,350,200,"sd","13:40:03",532100
14700,350,3900,"sd","13:40:03",531900
14700,350,1000,"sd","13:40:03",528000
14700,350,1000,"sd","13:40:03",527000
14700,350,100,"sd","13:40:03",526000
14700,350,300,"sd","13:40:03",525900
14700,350,800,"sd","13:40:03",525600
14700,350,200,"sd","13:39:05",524800
14700,350,100,"sd","13:39:05",524600
14700,350,100,"sd","13:39:04",524500
14700,350,700,"sd","13:39:04",524400
14700,350,500,"bu","13:37:57",523700
14700,350,800,"bu","13:37:57",523200
14700,350,200,"bu","13:37:55",522400
14700,350,800,"bu","13:37:55",522200
14700,350,300,"bu","13:37:46",521400
14700,350,500,"bu","13:37:46",521100
14700,350,200,"bu","13:37:46",520600
14700,350,2600,"bu","13:37:32",520400
14700,350,1000,"bu","13:37:32",517800
14700,350,400,"bu","13:37:32",516800
14700,350,100,"bu","13:37:32",516400
14700,350,400,"bu","13:37:32",516300
14700,350,100,"bu","13:37:32",515900
14700,350,100,"bu","13:37:32",515800
14700,350,100,"bu","13:37:32",515700
14700,350,200,"bu","13:37:32",515600
14700,350,1000,"bu","13:37:16",515400
14700,350,100,"bu","13:37:08",514400
14700,350,1000,"bu","13:37:02",514300
14700,350,500,"bu","13:36:16",513300
14700,350,400,"bu","13:36:16",512800
14700,350,100,"bu","13:36:16",512400
14700,350,100,"bu","13:35:53",512300
14700,350,100,"bu","13:35:53",512200
14700,350,100,"bu","13:35:53",512100
14700,350,100,"bu","13:35:53",512000
14700,350,200,"bu","13:35:53",511900
14700,350,1400,"bu","13:35:53",511700
14700,350,2000,"bu","13:35:24",510300
14700,350,1000,"bu","13:34:37",508300
14700,350,600,"bu","13:34:28",507300
14700,350,9400,"bu","13:34:28",506700
14700,350,600,"bu","13:32:48",497300
14700,350,1000,"bu","13:32:48",496700
14700,350,2000,"bu","13:32:48",495700
14700,350,700,"bu","13:32:48",493700
14700,350,300,"bu","13:32:48",493000
14700,350,600,"bu","13:32:48",492700
14700,350,200,"bu","13:32:48",492100
14700,350,1000,"bu","13:32:48",491900
14700,350,100,"bu","13:32:48",490900
14700,350,100,"bu","13:32:48",490800
14700,350,3000,"bu","13:32:48",490700
14700,350,100,"bu","13:32:48",487700
14700,350,1000,"bu","13:32:48",487600
14700,350,100,"bu","13:32:48",486600
14700,350,100,"bu","13:32:48",486500
14700,350,100,"bu","13:32:48",486400
14700,350,400,"bu","13:32:48",486300
14650,300,1000,"bu","13:32:28",485900
14650,300,2000,"bu","13:32:28",484900
14650,300,100,"bu","13:32:28",482900
14650,300,100,"bu","13:32:28",482800
14650,300,300,"bu","13:32:28",482700
14650,300,100,"bu","13:32:28",482400
14650,300,300,"bu","13:32:28",482300
14650,300,200,"bu","13:32:28",482000
14650,300,100,"bu","13:32:28",481800
14650,300,100,"bu","13:32:28",481700
14650,300,200,"bu","13:32:28",481600
14650,300,800,"bu","13:32:28",481400
14650,300,1000,"bu","13:32:28",480600
14650,300,1000,"bu","13:31:41",479600
14650,300,3000,"bu","13:31:32",478600
14650,300,4000,"bu","13:31:32",475600
14650,300,200,"bu","13:31:26",471600
14600,250,300,"sd","13:29:59",471400
14600,250,600,"sd","13:29:29",471100
14600,250,100,"sd","13:27:52",470500
14600,250,200,"sd","13:27:52",470400
14600,250,6800,"sd","13:26:56",470200
14600,250,100,"sd","13:26:56",463400
14600,250,5100,"sd","13:26:56",463300
14600,250,4900,"sd","13:26:26",458200
14600,250,1000,"sd","13:26:26",453300
14600,250,1100,"sd","13:26:26",452300
14600,250,200,"sd","13:24:45",451200
14650,300,1000,"bu","13:23:18",451000
14600,250,1000,"bu","13:22:54",450000
14600,250,2200,"bu","13:22:54",449000
14600,250,5000,"bu","13:22:53",446800
14600,250,2800,"bu","13:22:35",441800
14600,250,400,"bu","13:22:35",439000
14600,250,1800,"bu","13:22:35",438600
14600,250,2000,"bu","13:21:20",436800
14600,250,500,"bu","13:21:04",434800
14600,250,3700,"bu","13:20:55",434300
14600,250,10000,"bu","13:20:55",430600
14600,250,1300,"bu","13:20:55",420600
14500,150,100,"sd","13:20:52",419300
14500,150,900,"sd","13:20:28",419200
14550,200,100,"sd","13:20:28",418300
14600,250,1000,"bu","13:18:41",418200
14600,250,100,"bu","13:17:37",417200
14600,250,1000,"bu","13:16:59",417100
14600,250,100,"bu","13:16:58",416100
14600,250,500,"sd","13:16:26",416000
14600,250,200,"sd","13:16:26",415500
14600,250,5800,"sd","13:16:26",415300
14600,250,400,"sd","13:15:36",409500
14600,250,2500,"sd","13:15:24",409100
14600,250,300,"sd","13:15:00",406600
14600,250,500,"bu","13:12:32",406300
14600,250,500,"bu","13:12:32",405800
14500,150,100,"sd","13:10:03",405300
14500,150,1000,"sd","13:10:03",405200
14500,150,500,"sd","13:08:21",404200
14500,150,500,"sd","13:08:21",403700
14600,250,2900,"sd","13:07:55",403200
14600,250,1000,"bu","13:07:53",400300
14600,250,500,"bu","13:07:53",399300
14600,250,500,"bu","13:07:53",398800
14600,250,100,"bu","13:07:53",398300
14550,200,200,"bu","13:07:17",398200
14500,150,500,"sd","13:07:15",398000
14500,150,1000,"sd","13:06:40",397500
14500,150,800,"bu","13:05:16",396500
14500,150,200,"sd","13:04:55",395700
14500,150,300,"sd","13:03:19",395500
14500,150,6700,"sd","13:03:19",395200
14500,150,1000,"sd","13:03:01",388500
14500,150,2300,"sd","13:02:41",387500
14500,150,1500,"sd","13:02:41",385200
14500,150,100,"sd","13:02:41",383700
14500,150,200,"sd","13:02:41",383600
14500,150,800,"sd","13:02:41",383400
14500,150,1100,"sd","13:02:41",382600
14550,200,300,"bu","13:01:49",381500
14500,150,400,"sd","13:00:20",381200
14500,150,7000,"sd","13:00:10",380800
14500,150,200,"sd","13:00:10",373800
14500,150,2800,"sd","13:00:10",373600
14550,200,200,"bu","13:00:10",370800
14550,200,100,"bu","13:00:10",370600
14550,200,200,"bu","13:00:10",370500
14500,150,300,"sd","13:00:10",370300
14600,250,5000,"bu","13:00:03",370000
14600,250,5000,"bu","13:00:03",365000
14500,150,100,"sd","13:00:01",360000
14500,150,500,"sd","11:29:26",359900
14500,150,1300,"sd","11:29:22",359400
14500,150,600,"sd","11:29:22",358100
14500,150,600,"sd","11:29:22",357500
14500,150,3900,"sd","11:29:09",356900
14500,150,5500,"sd","11:27:59",353000
14500,150,1000,"sd","11:27:59",347500
14500,150,4500,"sd","11:27:59",346500
14550,200,1800,"sd","11:27:59",342000
14550,200,1000,"sd","11:27:59",340200
14550,200,100,"sd","11:27:59",339200
14600,250,100,"sd","11:24:58",339100
14600,250,4900,"bu","11:22:36",339000
14600,250,100,"bu","11:20:18",334100
14600,250,100,"bu","11:20:18",334000
14600,250,1000,"bu","11:19:20",333900
14550,200,400,"bu","11:18:11",332900
14550,200,100,"bu","11:16:52",332500
14550,200,2000,"bu","11:16:37",332400
14550,200,700,"sd","11:16:17",330400
14550,200,800,"sd","11:16:17",329700
14550,200,500,"bu","11:15:23",328900
14550,200,1000,"bu","11:14:31",328400
14500,150,500,"sd","11:13:35",327400
14500,150,1000,"sd","11:13:35",326900
14500,150,100,"sd","11:13:35",325900
14500,150,1500,"sd","11:13:35",325800
14500,150,400,"sd","11:13:35",324300
14550,200,1100,"sd","11:13:35",323900
14550,200,5400,"sd","11:13:35",322800
14550,200,1000,"sd","11:12:31",317400
14550,200,1100,"bu","11:12:13",316400
14550,200,900,"sd","11:11:48",315300
14600,250,400,"bu","11:11:22",314400
14600,250,4000,"bu","11:10:22",314000
14600,250,1000,"bu","11:10:12",310000
14600,250,1500,"bu","11:09:57",309000
14600,250,100,"bu","11:04:57",307500
14600,250,100,"bu","10:58:38",307400
14600,250,200,"bu","10:58:10",307300
14650,300,800,"bu","10:55:39",307100
14650,300,100,"bu","10:55:39",306300
14600,250,200,"bu","10:55:21",306200
14600,250,800,"bu","10:55:21",306000
14600,250,1000,"bu","10:55:11",305200
14600,250,200,"bu","10:54:50",304200
14600,250,400,"bu","10:54:50",304000
14550,200,200,"bu","10:54:50",303600
14550,200,200,"bu","10:54:50",303400
14550,200,1000,"bu","10:54:46",303200
14550,200,1000,"bu","10:54:37",302200
14500,150,2000,"sd","10:54:33",301200
14550,200,1000,"bu","10:54:23",299200
14500,150,100,"sd","10:50:05",298200
14500,150,6200,"sd","10:49:29",298100
14550,200,300,"bu","10:48:29",291900
14500,150,400,"sd","10:48:27",291600
14500,150,900,"sd","10:47:39",291200
14500,150,100,"sd","10:47:39",290300
14550,200,2000,"sd","10:47:11",290200
14550,200,1500,"sd","10:47:11",288200
14600,250,1600,"sd","10:46:32",286700
14600,250,3400,"sd","10:46:14",285100
14600,250,300,"sd","10:46:14",281700
14600,250,1400,"sd","10:46:14",281400
14600,250,500,"sd","10:46:14",280000
14600,250,100,"sd","10:46:14",279500
14600,250,4300,"sd","10:46:14",279400
14600,250,3000,"sd","10:45:38",275100
14600,250,200,"sd","10:41:13",272100
14600,250,500,"bu","10:38:50",271900
14600,250,2000,"bu","10:38:50",271400
14600,250,2000,"bu","10:38:33",269400
14600,250,1000,"sd","10:38:30",267400
14650,300,7800,"bu","10:37:23",266400
14650,300,400,"bu","10:37:23",258600
14600,250,400,"bu","10:37:23",258200
14600,250,300,"bu","10:37:23",257800
14600,250,100,"bu","10:37:23",257500
14600,250,100,"bu","10:35:06",257400
14600,250,400,"bu","10:32:40",257300
14600,250,100,"sd","10:31:10",256900
14650,300,200,"sd","10:28:34",256800
14650,300,100,"sd","10:28:17",256600
14650,300,1300,"sd","10:28:09",256500
14650,300,100,"sd","10:27:54",255200
14650,300,100,"sd","10:27:22",255100
14700,350,100,"bu","10:26:01",255000
14700,350,200,"bu","10:25:07",254900
14700,350,100,"bu","10:25:06",254700
14700,350,1400,"bu","10:25:00",254600
14700,350,500,"bu","10:24:38",253200
14700,350,300,"sd","10:24:09",252700
14750,400,900,"bu","10:24:09",252400
14700,350,1000,"sd","10:24:09",251500
14700,350,100,"sd","10:24:04",250500
14700,350,1000,"sd","10:23:57",250400
14700,350,1200,"sd","10:23:51",249400
14700,350,1000,"sd","10:23:51",248200
14700,350,1000,"sd","10:23:51",247200
14700,350,2000,"sd","10:23:46",246200
14700,350,800,"sd","10:23:41",244200
14700,350,100,"sd","10:23:37",243400
14700,350,100,"bu","10:23:12",243300
14700,350,200,"bu","10:23:12",243200
14700,350,800,"bu","10:23:12",243000
14700,350,500,"bu","10:23:11",242200
14700,350,2000,"bu","10:23:11",241700
14700,350,300,"bu","10:23:11",239700
14650,300,100,"bu","10:23:03",239400
14650,300,4500,"bu","10:23:03",239300
14650,300,5000,"bu","10:23:01",234800
14650,300,500,"bu","10:22:58",229800
14600,250,100,"sd","10:22:45",229300
14600,250,100,"bu","10:22:45",229200
14600,250,800,"bu","10:22:38",229100
14600,250,1200,"sd","10:22:34",228300
14600,250,100,"sd","10:22:34",227100
14650,300,100,"bu","10:22:30",227000
14600,250,100,"sd","10:22:29",226900
14600,250,100,"bu","10:22:18",226800
14600,250,100,"bu","10:22:18",226700
14600,250,500,"bu","10:22:18",226600
14600,250,100,"bu","10:22:18",226100
14600,250,100,"bu","10:22:15",226000
14600,250,500,"bu","10:22:15",225900
14600,250,1400,"bu","10:22:15",225400
14600,250,700,"bu","10:22:11",224000
14600,250,1900,"bu","10:22:06",223300
14600,250,300,"bu","10:22:06",221400
14600,250,300,"bu","10:22:06",221100
14550,200,100,"sd","10:21:27",220800
14550,200,3500,"bu","10:21:27",220700
14550,200,3000,"bu","10:21:24",217200
14550,200,1000,"bu","10:21:22",214200
14550,200,2500,"bu","10:21:15",213200
14550,200,300,"bu","10:21:15",210700
14550,200,300,"bu","10:21:15",210400
14550,200,900,"bu","10:21:15",210100
14500,150,100,"bu","10:20:54",209200
14500,150,100,"bu","10:20:54",209100
14500,150,1000,"bu","10:20:54",209000
14450,100,2000,"bu","10:20:11",208000
14450,100,2800,"bu","10:20:11",206000
14450,100,2700,"bu","10:20:11",203200
14450,100,4000,"bu","10:20:10",200500
14400,50,500,"sd","10:19:48",196500
14450,100,5000,"bu","10:19:45",196000
14400,50,2200,"sd","10:19:10",191000
14400,50,1000,"sd","10:19:10",188800
14400,50,1800,"sd","10:19:10",187800
14450,100,100,"bu","10:18:47",186000
14400,50,200,"sd","10:18:07",185900
14400,50,3000,"sd","10:18:07",185700
14400,50,800,"sd","10:18:07",182700
14450,100,1000,"bu","10:17:53",181900
14450,100,2000,"bu","10:17:51",180900
14450,100,1000,"bu","10:17:43",178900
14450,100,4200,"bu","10:17:27",177900
14450,100,600,"bu","10:17:27",172500
14450,100,1200,"bu","10:17:27",173700
14400,50,200,"bu","10:14:04",171900
14400,50,2000,"bu","10:12:46",171700
14400,50,100,"sd","10:11:53",169700
14400,50,900,"sd","10:11:53",169600
14400,50,100,"bu","10:11:05",168700
14400,50,100,"bu","10:10:40",168600
14400,50,400,"bu","10:10:40",168500
14400,50,2500,"bu","10:10:40",168100
14400,50,100,"bu","10:10:01",165600
14400,50,100,"bu","10:09:59",165500
14400,50,300,"bu","10:08:28",165400
14400,50,200,"bu","10:08:28",165100
14400,50,1600,"bu","10:07:57",164900
14400,50,1000,"bu","10:07:57",163300
14400,50,300,"bu","10:07:57",162300
14400,50,100,"bu","10:07:57",162000
14350,0,100,"bu","10:07:57",161900
14350,0,4900,"bu","10:07:57",161800
14350,0,1000,"bu","10:07:46",156900
14350,0,4100,"bu","10:07:32",155900
14350,0,900,"bu","10:07:32",151800
14350,0,400,"bu","10:06:04",150900
14350,0,600,"bu","10:06:04",150500
14350,0,300,"bu","10:04:40",149900
14350,0,1000,"bu","10:03:20",149600
14350,0,100,"bu","10:00:46",148600
14350,0,400,"bu","10:00:46",148500
14350,0,1000,"bu","10:00:46",148100
14350,0,100,"bu","10:00:46",147100
14350,0,400,"bu","10:00:46",147000
14350,0,500,"bu","10:00:39",146600
14350,0,300,"bu","10:00:15",146100
14350,0,7500,"bu","09:59:41",145800
14350,0,100,"bu","09:58:27",138300
14350,0,1000,"bu","09:56:35",138200
14150,-200,3000,"sd","09:55:13",137200
14150,-200,200,"sd","09:55:13",134200
14150,-200,500,"sd","09:55:13",134000
14150,-200,500,"sd","09:55:13",133500
14150,-200,500,"sd","09:55:13",133000
14150,-200,2500,"sd","09:55:13",132500
14200,-150,5000,"sd","09:55:13",130000
14200,-150,200,"sd","09:55:13",125000
14200,-150,100,"sd","09:55:13",124800
14200,-150,2000,"sd","09:55:13",124700
14200,-150,1000,"sd","09:55:13",122700
14200,-150,100,"sd","09:55:13",121700
14200,-150,500,"sd","09:55:13",121600
14200,-150,500,"sd","09:55:13",121100
14200,-150,500,"sd","09:55:13",120600
14300,-50,200,"bu","09:52:17",120100
14300,-50,100,"sd","09:52:09",119900
14300,-50,1000,"sd","09:52:09",119800
14300,-50,1600,"sd","09:52:09",118800
14300,-50,400,"sd","09:51:51",117200
14300,-50,1000,"sd","09:51:37",116800
14300,-50,900,"sd","09:50:34",115800
14300,-50,500,"sd","09:50:25",114900
14300,-50,600,"sd","09:50:15",114400
14300,-50,400,"sd","09:50:15",113800
14300,-50,100,"bu","09:49:05",113400
14300,-50,2000,"bu","09:49:05",113300
14300,-50,1000,"bu","09:47:43",111300
14200,-150,500,"sd","09:47:36",110300
14300,-50,300,"bu","09:44:29",109800
14300,-50,500,"sd","09:43:31",109500
14300,-50,200,"sd","09:43:31",109000
14350,0,200,"bu","09:42:11",108800
14350,0,100,"bu","09:42:11",108600
14350,0,900,"bu","09:42:04",108500
14350,0,100,"bu","09:42:04",107600
14350,0,100,"bu","09:41:24",107500
14350,0,200,"bu","09:41:24",107400
14300,-50,100,"sd","09:41:24",107200
14300,-50,100,"sd","09:41:24",107100
14300,-50,500,"sd","09:41:24",107000
14350,0,300,"bu","09:39:34",106500
14300,-50,100,"sd","09:39:23",106200
14300,-50,500,"bu","09:38:50",106100
14300,-50,300,"bu","09:38:50",105600
14300,-50,300,"bu","09:38:32",105300
14200,-150,600,"sd","09:38:25",105000
14200,-150,1400,"bu","09:38:23",104400
14150,-200,500,"sd","09:38:12",103000
14200,-150,500,"bu","09:38:01",102500
14200,-150,100,"bu","09:37:36",102000
14100,-250,300,"sd","09:35:49",101900
14100,-250,100,"sd","09:35:07",101600
14100,-250,100,"bu","09:34:32",101500
14100,-250,8100,"bu","09:34:31",101400
14100,-250,2800,"bu","09:34:05",93300
14050,-300,3000,"sd","09:34:01",90500
14050,-300,2000,"sd","09:33:58",87500
14050,-300,100,"sd","09:32:37",85500
14100,-250,200,"bu","09:32:23",85400
14050,-300,4500,"sd","09:32:20",85200
14050,-300,5000,"sd","09:32:20",80700
14050,-300,500,"sd","09:32:20",75700
14050,-300,100,"sd","09:32:20",75200
14050,-300,100,"sd","09:32:20",75100
14050,-300,100,"sd","09:32:20",75000
14050,-300,1000,"sd","09:32:20",74900
14050,-300,1100,"sd","09:32:20",73900
14050,-300,200,"sd","09:32:20",72800
14050,-300,100,"sd","09:32:20",72600
14050,-300,2000,"sd","09:32:20",72500
14050,-300,300,"sd","09:32:20",70500
14100,-250,1000,"bu","09:32:18",70200
14050,-300,700,"sd","09:32:15",69200
14100,-250,1900,"bu","09:32:03",68500
14100,-250,100,"bu","09:32:01",66600
14100,-250,200,"bu","09:31:55",66500
14100,-250,100,"bu","09:31:51",66300
14100,-250,100,"bu","09:31:51",66200
14100,-250,400,"bu","09:31:34",66100
14100,-250,200,"bu","09:31:33",65700
14100,-250,100,"bu","09:31:28",65500
14100,-250,500,"sd","09:31:15",65400
14100,-250,5200,"sd","09:31:15",64900
14100,-250,500,"sd","09:31:15",59700
14100,-250,500,"sd","09:30:44",59200
14100,-250,200,"sd","09:30:44",58700
14100,-250,1000,"sd","09:30:44",58500
14100,-250,100,"sd","09:30:44",57500
14100,-250,2000,"sd","09:30:44",57400
14100,-250,100,"sd","09:30:44",55400
14100,-250,2000,"sd","09:30:44",55300
14100,-250,100,"sd","09:30:44",53300
14100,-250,800,"sd","09:30:44",53200
14150,-200,200,"sd","09:30:44",52400
14100,-250,1600,"sd","09:30:44",52200
14150,-200,400,"sd","09:30:44",50600
14100,-250,2000,"sd","09:30:44",50200
14150,-200,200,"sd","09:30:44",48200
14150,-200,800,"sd","09:30:44",48000
14150,-200,100,"sd","09:30:44",47200
14150,-200,100,"sd","09:30:44",47100
14150,-200,100,"sd","09:30:44",47000
14150,-200,1000,"sd","09:30:44",46900
14150,-200,1000,"sd","09:30:44",45900
14150,-200,100,"sd","09:30:44",44900
14150,-200,800,"sd","09:30:44",44800
14150,-200,400,"sd","09:30:44",44000
14200,-150,4000,"sd","09:30:44",43600
14200,-150,100,"sd","09:30:44",39600
14200,-150,200,"sd","09:30:44",39500
14200,-150,100,"sd","09:30:44",39300
14200,-150,1200,"bu","09:28:57",39200
14200,-150,700,"bu","09:28:39",38000
14200,-150,200,"bu","09:28:12",37300
14200,-150,5000,"bu","09:28:08",37100
14200,-150,100,"bu","09:27:53",32100
14200,-150,100,"bu","09:27:18",32000
14200,-150,3000,"bu","09:27:13",31900
14200,-150,100,"bu","09:26:47",28900
14200,-150,100,"bu","09:26:08",28800
14200,-150,500,"bu","09:25:32",28700
14200,-150,500,"sd","09:25:11",28200
14200,-150,1000,"sd","09:25:11",27700
14250,-100,200,"sd","09:25:11",26700
14250,-100,200,"sd","09:25:11",26500
14250,-100,400,"sd","09:25:11",26300
14200,-150,500,"sd","09:25:11",25900
14250,-100,100,"sd","09:25:11",25400
14200,-150,700,"sd","09:25:11",25300
14250,-100,1000,"sd","09:25:11",24600
14200,-150,200,"sd","09:25:11",23600
14250,-100,100,"sd","09:25:11",23400
14250,-100,2000,"sd","09:25:11",23300
14300,-50,100,"bu","09:24:46",21300
14300,-50,200,"sd","09:24:42",21200
14300,-50,500,"sd","09:24:42",21000
14300,-50,100,"sd","09:24:42",20500
14300,-50,800,"sd","09:24:42",20400
14300,-50,100,"sd","09:24:42",19600
14300,-50,100,"sd","09:24:42",19500
14300,-50,200,"sd","09:24:42",19400
14300,-50,100,"sd","09:24:35",19200
14300,-50,10400,"sd","09:24:11",19100
14300,-50,200,"sd","09:24:11",8700
14300,-50,800,"sd","09:24:11",8500
14300,-50,1000,"sd","09:24:11",7700
14350,0,500,"sd","09:24:11",6700
14350,0,100,"sd","09:24:11",6200
14350,0,900,"bu","09:24:04",6100
14350,0,100,"sd","09:23:28",5200
14300,-50,300,"sd","09:21:13",5100
14350,0,200,"sd","09:19:57",4800
14350,0,100,"sd","09:19:57",4600
14350,0,200,"sd","09:19:57",4500
14350,0,200,"sd","09:18:11",4300
14350,0,500,"sd","09:17:18",4100
14350,0,500,"sd","09:17:16",3600
14350,0,100,"bu","09:16:35",3100
14350,0,200,"sd","09:15:48",3000
14350,0,100,"sd","09:15:48",2800
14350,0,100,"sd","09:15:48",2700
14350,0,100,"bu","09:15:15",2600
14350,0,2500,"bu","09:15:00",2500
