"price","change","match_qtty","side","time","total_vol"
29600,0,21600,"bu","14:45:00",129700
29450,-150,100,"bu","14:29:33",108100
29450,-150,3100,"sd","14:28:11",108000
29500,-100,300,"bu","14:27:39",104900
29450,-150,100,"sd","14:27:33",104600
29450,-150,500,"sd","14:27:11",104500
29450,-150,500,"bu","14:25:40",104000
29500,-100,800,"bu","14:24:23",103500
29450,-150,200,"bu","14:24:23",102700
29450,-150,300,"bu","14:22:51",102500
29450,-150,1000,"bu","14:22:51",102200
29450,-150,1200,"bu","14:22:51",101200
29450,-150,100,"bu","14:20:36",100000
29450,-150,600,"sd","14:14:02",99900
29450,-150,1100,"sd","14:14:02",99300
29450,-150,100,"sd","14:13:28",98200
29450,-150,100,"sd","14:11:14",98100
29500,-100,100,"bu","14:09:30",98000
29450,-150,300,"bu","14:08:52",97900
29450,-150,100,"bu","14:08:13",97600
29200,-400,1700,"sd","14:02:03",97500
29200,-400,300,"sd","14:01:25",95800
29200,-400,300,"sd","14:00:07",95500
29200,-400,1600,"bu","13:58:15",95200
29200,-400,100,"sd","13:58:04",93600
29200,-400,500,"sd","13:58:04",93500
29200,-400,1000,"sd","13:58:04",93000
29200,-400,900,"sd","13:58:04",92000
29200,-400,100,"sd","13:58:04",91100
29200,-400,1700,"sd","13:58:04",91000
29200,-400,300,"sd","13:57:28",89300
29200,-400,100,"sd","13:57:28",89000
29200,-400,100,"sd","13:57:28",88900
29250,-350,100,"sd","13:57:07",88800
29250,-350,1000,"sd","13:57:07",88700
29250,-350,200,"sd","13:57:07",87700
29250,-350,300,"sd","13:57:07",87500
29250,-350,500,"sd","13:57:07",87200
29250,-350,100,"sd","13:57:07",86700
29300,-300,200,"bu","13:55:40",86600
29300,-300,100,"sd","13:55:33",86400
29300,-300,100,"sd","13:55:33",86300
29300,-300,1500,"sd","13:55:33",86200
29300,-300,500,"bu","13:53:46",84700
29300,-300,500,"sd","13:53:29",84200
29350,-250,200,"sd","13:53:29",83700
29350,-250,200,"sd","13:53:29",83500
29350,-250,1800,"bu","13:52:53",83300
29350,-250,200,"sd","13:50:15",81500
29350,-250,500,"sd","13:47:47",81300
29500,-100,1900,"bu","13:43:31",80800
29500,-100,1100,"bu","13:43:31",78900
29500,-100,500,"bu","13:43:31",77800
29500,-100,200,"bu","13:43:31",77300
29400,-200,300,"bu","13:43:31",77100
29400,-200,200,"bu","13:43:15",76800
29400,-200,200,"bu","13:43:15",76600
29400,-200,100,"bu","13:43:15",76400
29400,-200,500,"bu","13:43:15",76300
29400,-200,100,"bu","13:41:00",75800
29400,-200,1900,"bu","13:41:00",75700
29350,-250,100,"sd","13:40:24",73800
29350,-250,500,"bu","13:40:02",73700
29350,-250,700,"bu","13:40:02",73200
29350,-250,500,"bu","13:38:10",72500
29350,-250,800,"sd","13:37:07",72000
29350,-250,100,"sd","13:31:41",71200
29350,-250,200,"bu","13:26:56",71100
29350,-250,100,"bu","13:26:56",70900
29350,-250,500,"bu","13:25:37",70800
29350,-250,200,"bu","13:24:10",70300
29350,-250,100,"bu","13:24:07",70100
29350,-250,100,"bu","13:23:07",70000
29300,-300,700,"bu","13:22:52",69900
29300,-300,300,"bu","13:22:52",69200
29300,-300,5000,"bu","13:21:57",68900
29200,-400,300,"sd","13:15:46",63900
29200,-400,700,"sd","13:13:02",63600
29200,-400,100,"sd","13:13:02",62900
29150,-450,100,"sd","13:10:20",62800
29150,-450,100,"sd","13:10:20",62700
29150,-450,1000,"sd","13:10:20",62600
29200,-400,1000,"bu","13:09:47",61600
29150,-450,100,"sd","13:09:06",60600
29300,-300,100,"bu","13:03:56",60500
29150,-450,200,"sd","13:03:03",60400
29150,-450,700,"sd","13:00:28",60200
29150,-450,100,"sd","13:00:28",59500
29150,-450,500,"sd","13:00:28",59400
29200,-400,700,"sd","13:00:28",58900
29200,-400,800,"bu","13:00:02",58200
29200,-400,200,"bu","13:00:01",57400
29200,-400,600,"bu","13:00:00",57200
29200,-400,100,"sd","11:27:22",56600
29200,-400,300,"bu","11:26:15",56500
29200,-400,1100,"bu","11:26:15",56200
29200,-400,100,"bu","11:26:07",55100
29200,-400,500,"bu","11:25:57",55000
29200,-400,400,"bu","11:25:41",54500
29200,-400,500,"bu","11:22:30",54100
29200,-400,1000,"bu","11:21:54",53600
29200,-400,500,"bu","11:20:49",52600
29200,-400,100,"bu","11:20:35",52100
29200,-400,400,"bu","11:19:30",52000
29200,-400,100,"bu","11:19:15",51600
29200,-400,300,"bu","11:19:02",51500
29200,-400,300,"bu","11:18:47",51200
29200,-400,1000,"bu","11:18:42",50900
29200,-400,700,"bu","11:17:11",49900
29200,-400,700,"bu","11:14:59",49200
29200,-400,300,"bu","11:13:23",48500
29200,-400,500,"bu","11:11:08",48200
29200,-400,500,"sd","11:07:45",47700
29200,-400,2000,"sd","11:07:45",47200
29200,-400,1000,"sd","11:07:45",45200
29200,-400,100,"sd","11:07:45",44200
29250,-350,100,"sd","11:07:45",44100
29200,-400,4700,"sd","11:04:46",44000
29250,-350,700,"sd","11:04:11",39300
29250,-350,400,"sd","11:04:11",38600
29250,-350,700,"sd","11:04:11",38200
29350,-250,500,"bu","11:03:39",37500
29300,-300,500,"bu","11:03:02",37000
29300,-300,100,"bu","11:02:52",36500
29300,-300,100,"bu","11:02:29",36400
29300,-300,100,"bu","11:02:22",36300
29300,-300,100,"bu","11:02:22",36200
29300,-300,100,"bu","11:01:27",36100
29300,-300,600,"bu","11:01:15",36000
29300,-300,100,"bu","10:50:51",35400
29300,-300,200,"bu","10:50:51",35300
29250,-350,300,"bu","10:43:50",35100
29250,-350,200,"bu","10:41:59",34800
29250,-350,400,"bu","10:39:28",34600
29250,-350,1000,"bu","10:39:15",34200
29250,-350,100,"bu","10:36:42",33200
29250,-350,100,"bu","10:36:42",33100
29250,-350,200,"sd","10:31:08",33000
29250,-350,100,"bu","10:30:40",32800
29250,-350,500,"bu","10:27:53",32700
29250,-350,500,"sd","10:21:39",32200
29250,-350,200,"sd","10:21:39",31700
29300,-300,1000,"bu","10:16:26",31500
29300,-300,1000,"bu","10:15:31",30500
29300,-300,300,"bu","10:12:03",29500
29300,-300,100,"bu","10:11:47",29200
29300,-300,3000,"bu","10:08:35",29100
29300,-300,2100,"bu","10:05:30",26100
29300,-300,200,"bu","10:05:18",24000
29300,-300,100,"bu","10:05:11",23800
29300,-300,100,"bu","10:05:11",23700
29200,-400,200,"bu","10:01:38",23600
29200,-400,600,"bu","10:01:18",23400
29200,-400,200,"bu","10:00:19",22800
29200,-400,200,"bu","09:59:58",22600
29200,-400,100,"bu","09:59:19",22400
29150,-450,100,"bu","09:58:38",22300
29150,-450,700,"bu","09:58:38",22200
29150,-450,100,"bu","09:58:03",21500
29150,-450,1000,"sd","09:56:30",21400
29150,-450,900,"bu","09:51:08",20400
29150,-450,100,"bu","09:50:46",19500
29150,-450,100,"bu","09:49:32",19400
29100,-500,400,"sd","09:49:27",19300
29150,-450,2900,"bu","09:47:09",18900
29150,-450,100,"bu","09:47:09",16000
29150,-450,100,"bu","09:47:01",15900
29150,-450,100,"bu","09:46:42",15800
29150,-450,200,"bu","09:44:47",15700
29150,-450,100,"bu","09:44:47",15500
29150,-450,100,"bu","09:43:59",15400
29150,-450,300,"bu","09:43:59",15300
29150,-450,100,"bu","09:38:50",15000
29100,-500,500,"sd","09:38:20",14900
29100,-500,200,"sd","09:36:34",14400
29100,-500,1300,"sd","09:36:34",14200
29100,-500,1000,"sd","09:35:43",12900
29100,-500,1100,"sd","09:35:40",11900
29100,-500,200,"sd","09:35:28",10500
29100,-500,300,"sd","09:35:28",10800
29150,-450,100,"sd","09:35:13",10300
29150,-450,500,"sd","09:35:13",10200
29150,-450,500,"sd","09:34:38",9700
29200,-400,100,"sd","09:33:20",9200
29200,-400,100,"sd","09:33:20",9100
29200,-400,100,"sd","09:33:20",9000
29200,-400,100,"sd","09:26:35",8900
29200,-400,100,"sd","09:25:47",8800
29200,-400,200,"sd","09:25:30",8700
29200,-400,200,"sd","09:25:30",8500
29300,-300,200,"sd","09:25:30",8300
29300,-300,200,"sd","09:25:30",8100
29300,-300,200,"sd","09:25:30",7800
29350,-250,100,"sd","09:25:30",7600
29300,-300,100,"sd","09:25:30",7900
29400,-200,1000,"sd","09:24:34",7500
29400,-200,500,"sd","09:24:34",6500
29400,-200,100,"sd","09:24:34",6000
29400,-200,400,"sd","09:24:34",5900
29400,-200,200,"sd","09:24:34",5500
29400,-200,500,"sd","09:24:16",5300
29500,-100,200,"bu","09:22:35",4800
29600,0,900,"sd","09:19:16",4600
29600,0,100,"sd","09:19:06",3700
29600,0,400,"sd","09:16:01",3600
29600,0,600,"sd","09:16:01",3200
29600,0,2600,"sd","09:15:00",2600
