"price","change","match_qtty","side","time","total_vol"
12800,150,869300,"unknown","14:45:00",6547200
12750,100,2400,"bu","14:29:57",5677900
12750,100,5000,"bu","14:29:57",5675500
12750,100,2000,"bu","14:29:55",5670500
12750,100,25000,"bu","14:29:54",5668500
12750,100,1500,"bu","14:29:54",5643500
12750,100,3900,"bu","14:29:42",5642000
12750,100,35700,"bu","14:29:42",5638100
12750,100,5000,"bu","14:29:33",5602400
12750,100,4000,"bu","14:29:33",5597400
12750,100,21700,"bu","14:29:32",5593400
12750,100,3000,"bu","14:29:32",5571700
12750,100,1000,"bu","14:29:21",5568700
12700,50,100,"sd","14:29:14",5567700
12700,50,1200,"sd","14:29:14",5567600
12700,50,3000,"sd","14:29:14",5566400
12750,100,8000,"bu","14:28:53",5563400
12750,100,5000,"bu","14:28:52",5555400
12750,100,200,"bu","14:28:41",5550400
12750,100,3000,"bu","14:28:39",5550200
12750,100,200,"bu","14:28:32",5547200
12750,100,24700,"bu","14:28:29",5547000
12750,100,1000,"bu","14:28:29",5522300
12750,100,100,"bu","14:28:27",5521300
12750,100,100,"bu","14:28:18",5521200
12750,100,700,"bu","14:28:11",5521100
12750,100,100,"bu","14:28:09",5520400
12750,100,1000,"bu","14:27:49",5520300
12700,50,500,"sd","14:27:48",5519300
12750,100,3000,"bu","14:27:48",5518800
12750,100,5000,"bu","14:27:46",5515800
12750,100,1500,"bu","14:27:45",5510800
12750,100,400,"bu","14:27:42",5509300
12750,100,1000,"bu","14:27:27",5508900
12750,100,1000,"bu","14:27:25",5507900
12750,100,2000,"bu","14:27:24",5506900
12750,100,1000,"bu","14:27:23",5504900
12750,100,50000,"bu","14:27:23",5503900
12750,100,5200,"bu","14:27:11",5453900
12750,100,500,"bu","14:27:11",5448700
12750,100,4300,"bu","14:27:11",5448200
12750,100,5700,"bu","14:27:06",5443900
12750,100,5000,"bu","14:27:06",5438200
12750,100,1000,"bu","14:27:06",5433200
12750,100,1000,"bu","14:27:06",5432200
12750,100,2100,"bu","14:27:06",5431200
12750,100,1000,"bu","14:27:06",5429100
12750,100,1000,"bu","14:27:06",5428100
12750,100,500,"bu","14:27:06",5427100
12750,100,300,"bu","14:27:06",5426600
12750,100,1000,"bu","14:27:06",5426300
12750,100,3000,"bu","14:27:06",5425300
12750,100,2000,"bu","14:27:06",5422300
12750,100,900,"bu","14:27:06",5420300
12750,100,500,"bu","14:27:06",5419400
12750,100,500,"bu","14:27:06",5418900
12750,100,3500,"bu","14:27:06",5418400
12750,100,200,"bu","14:27:00",5414900
12700,50,4900,"sd","14:26:58",5414700
12700,50,100,"sd","14:26:58",5409800
12750,100,3900,"bu","14:26:53",5409700
12750,100,4000,"bu","14:26:53",5405800
12750,100,1000,"bu","14:26:53",5401800
12750,100,1000,"bu","14:26:53",5400800
12750,100,2000,"bu","14:26:53",5399800
12750,100,300,"bu","14:26:53",5397800
12750,100,200,"bu","14:26:53",5397500
12750,100,3400,"bu","14:26:53",5397300
12750,100,2000,"bu","14:26:53",5393900
12750,100,200,"bu","14:26:53",5391900
12700,50,500,"sd","14:26:50",5391700
12750,100,1000,"bu","14:26:48",5391200
12750,100,1000,"bu","14:26:48",5390200
12750,100,500,"bu","14:26:48",5389200
12750,100,1200,"bu","14:26:48",5388700
12750,100,1300,"bu","14:26:48",5387500
12750,100,1700,"bu","14:26:46",5386200
12750,100,1000,"bu","14:26:46",5384500
12750,100,2000,"bu","14:26:46",5383500
12750,100,1000,"bu","14:26:46",5381500
12750,100,400,"bu","14:26:46",5380500
12750,100,2000,"bu","14:26:46",5380100
12750,100,1000,"bu","14:26:46",5378100
12750,100,900,"bu","14:26:46",5377100
12750,100,6600,"bu","14:26:37",5376200
12750,100,3000,"bu","14:26:37",5369600
12750,100,2000,"bu","14:26:37",5366600
12750,100,2000,"bu","14:26:37",5364600
12750,100,100,"bu","14:26:37",5362600
12750,100,1000,"bu","14:26:37",5362500
12750,100,500,"bu","14:26:37",5361500
12750,100,1000,"bu","14:26:37",5361000
12750,100,100,"bu","14:26:37",5360000
12750,100,1000,"bu","14:26:37",5359900
12750,100,5000,"bu","14:26:37",5358900
12750,100,3000,"bu","14:26:37",5353900
12750,100,800,"bu","14:26:37",5350900
12750,100,3900,"bu","14:26:37",5350100
12700,50,100,"sd","14:26:31",5346200
12750,100,16600,"bu","14:26:30",5346100
12750,100,100,"bu","14:26:30",5329500
12750,100,10000,"bu","14:26:30",5329400
12750,100,3000,"bu","14:26:30",5319400
12750,100,500,"bu","14:26:30",5316400
12750,100,300,"bu","14:26:30",5315900
12750,100,1000,"bu","14:26:30",5315600
12750,100,100,"bu","14:26:30",5314600
12750,100,1100,"bu","14:26:30",5314500
12750,100,100,"bu","14:26:30",5313400
12750,100,200,"bu","14:26:30",5313300
12750,100,1000,"bu","14:26:30",5313100
12750,100,300,"bu","14:26:30",5312100
12750,100,4000,"bu","14:26:30",5311800
12750,100,100,"bu","14:26:30",5307800
12750,100,200,"bu","14:26:30",5307700
12750,100,500,"bu","14:26:30",5307500
12750,100,100,"bu","14:26:30",5307000
12750,100,600,"bu","14:26:30",5306900
12750,100,100,"bu","14:26:30",5306300
12750,100,100,"bu","14:26:30",5306200
12750,100,1000,"bu","14:26:30",5306100
12750,100,9000,"bu","14:26:30",5305100
12750,100,1000,"bu","14:26:30",5296100
12750,100,1600,"bu","14:26:30",5295100
12750,100,2000,"bu","14:26:30",5293500
12750,100,300,"bu","14:26:30",5291500
12750,100,100,"bu","14:26:30",5291200
12700,50,1000,"sd","14:26:22",5291100
12750,100,500,"bu","14:26:12",5290100
12750,100,400,"bu","14:26:09",5289600
12750,100,1600,"bu","14:26:09",5289200
12700,50,100,"sd","14:26:06",5287600
12750,100,3400,"bu","14:26:00",5287500
12750,100,500,"bu","14:26:00",5284100
12750,100,1100,"bu","14:26:00",5283600
12750,100,500,"bu","14:25:54",5282500
12700,50,5000,"sd","14:25:52",5282000
12750,100,400,"bu","14:25:41",5277000
12750,100,400,"bu","14:25:41",5276600
12700,50,200,"sd","14:25:39",5276200
12700,50,2500,"sd","14:25:25",5276000
12700,50,1000,"sd","14:25:18",5273500
12700,50,400,"sd","14:25:06",5272500
12700,50,100,"sd","14:24:41",5272100
12750,100,800,"bu","14:24:41",5272000
12750,100,100,"bu","14:24:29",5271200
12750,100,500,"bu","14:23:58",5271100
12700,50,1500,"sd","14:23:42",5270600
12750,100,1200,"bu","14:23:35",5269100
12750,100,200,"bu","14:23:35",5267900
12750,100,100,"bu","14:23:35",5267700
12750,100,300,"bu","14:23:35",5267600
12750,100,200,"bu","14:23:35",5267300
12700,50,1000,"sd","14:23:22",5267100
12750,100,2000,"bu","14:23:20",5266100
12750,100,300,"bu","14:23:11",5264100
12750,100,100,"bu","14:23:11",5263800
12700,50,1000,"sd","14:23:08",5263700
12750,100,1900,"bu","14:22:49",5262700
12750,100,100,"bu","14:22:49",5260800
12750,100,700,"bu","14:22:35",5260700
12750,100,1300,"bu","14:22:35",5260000
12750,100,100,"bu","14:22:35",5258700
12750,100,3000,"bu","14:22:35",5258600
12750,100,2900,"bu","14:22:35",5255600
12750,100,24700,"bu","14:22:26",5252700
12750,100,1500,"bu","14:22:26",5228000
12750,100,500,"bu","14:22:26",5226500
12750,100,500,"bu","14:22:26",5226000
12750,100,2500,"bu","14:22:26",5225500
12750,100,7300,"bu","14:22:26",5223000
12700,50,1000,"sd","14:22:24",5215700
12750,100,400,"bu","14:22:22",5214700
12750,100,2300,"bu","14:22:06",5214300
12750,100,200,"bu","14:22:06",5212000
12750,100,2000,"bu","14:22:06",5211800
12750,100,100,"bu","14:22:06",5209800
12750,100,100,"bu","14:22:06",5209700
12750,100,300,"bu","14:22:06",5209600
12750,100,100,"bu","14:22:00",5209300
12750,100,200,"bu","14:21:59",5209200
12750,100,100,"bu","14:21:22",5209000
12750,100,100,"bu","14:21:19",5208900
12750,100,200,"bu","14:21:19",5208800
12750,100,100,"bu","14:21:19",5208600
12750,100,600,"bu","14:21:19",5208500
12750,100,400,"bu","14:21:12",5207900
12750,100,4600,"bu","14:21:12",5207500
12750,100,5400,"bu","14:21:08",5202900
12750,100,100,"bu","14:21:08",5197500
12750,100,100,"bu","14:21:08",5197400
12750,100,400,"bu","14:21:08",5197300
12750,100,100,"bu","14:21:08",5196900
12750,100,500,"bu","14:21:08",5196800
12750,100,200,"bu","14:21:08",5196300
12750,100,100,"bu","14:21:08",5196100
12750,100,200,"bu","14:21:08",5196000
12750,100,500,"bu","14:21:08",5195800
12750,100,2000,"bu","14:21:08",5195300
12750,100,400,"bu","14:21:08",5193300
12750,100,200,"bu","14:20:28",5192900
12750,100,5000,"bu","14:20:27",5192700
12750,100,4400,"bu","14:20:17",5187700
12750,100,300,"bu","14:20:17",5183300
12750,100,2000,"bu","14:20:17",5183000
12750,100,1000,"bu","14:20:17",5181000
12750,100,2000,"bu","14:20:17",5180000
12750,100,2000,"bu","14:20:17",5178000
12750,100,500,"bu","14:20:17",5176000
12750,100,1000,"bu","14:20:17",5175500
12750,100,1000,"bu","14:20:17",5174500
12750,100,1000,"bu","14:20:17",5173500
12750,100,100,"bu","14:20:17",5172500
12750,100,100,"bu","14:20:17",5172400
12750,100,6000,"bu","14:20:17",5172300
12750,100,1000,"bu","14:20:17",5166300
12750,100,1000,"bu","14:20:17",5165300
12750,100,1600,"bu","14:20:17",5164300
12700,50,100,"sd","14:19:59",5162700
12700,50,300,"sd","14:19:40",5162600
12750,100,3400,"bu","14:19:35",5162300
12750,100,5000,"bu","14:19:35",5158900
12750,100,1600,"bu","14:19:35",5153900
12750,100,100,"bu","14:19:30",5152300
12750,100,1000,"bu","14:19:25",5152200
12750,100,300,"bu","14:19:18",5151200
12750,100,200,"bu","14:19:18",5150900
12750,100,1800,"bu","14:19:17",5150700
12750,100,3000,"bu","14:19:17",5148900
12750,100,200,"bu","14:19:17",5145900
12750,100,2800,"bu","14:19:16",5145700
12750,100,1200,"bu","14:19:16",5142900
12700,50,3700,"sd","14:19:16",5141700
12750,100,5000,"bu","14:19:02",5136200
12750,100,1800,"bu","14:19:02",5138000
12700,50,1000,"bu","14:18:47",5131200
12700,50,1600,"bu","14:18:47",5130200
12700,50,3800,"bu","14:18:47",5128600
12700,50,1000,"bu","14:18:47",5124800
12700,50,200,"bu","14:18:47",5123800
12700,50,300,"bu","14:18:47",5123600
12700,50,100,"bu","14:18:47",5123300
12700,50,2000,"bu","14:18:47",5123200
12700,50,9000,"bu","14:18:47",5121200
12700,50,3400,"bu","14:18:47",5112200
12700,50,500,"bu","14:18:47",5108800
12700,50,1000,"bu","14:18:47",5108300
12700,50,200,"bu","14:18:47",5107300
12700,50,1000,"bu","14:18:47",5107100
12700,50,300,"bu","14:18:47",5106100
12700,50,5000,"bu","14:18:47",5105800
12700,50,4000,"bu","14:18:46",5100800
12700,50,1000,"bu","14:18:46",5096800
12700,50,2000,"bu","14:18:46",5095800
12700,50,200,"bu","14:18:46",5093800
12700,50,1000,"bu","14:18:46",5093600
12700,50,3000,"bu","14:18:46",5092600
12700,50,500,"bu","14:18:46",5089600
12700,50,6300,"bu","14:18:46",5089100
12700,50,2000,"bu","14:18:46",5082800
12700,50,1700,"bu","14:18:46",5080800
12700,50,500,"bu","14:18:45",5079100
12700,50,200,"bu","14:18:45",5078600
12700,50,100,"bu","14:18:45",5078400
12700,50,1500,"bu","14:18:45",5078300
12700,50,700,"bu","14:18:45",5076800
12700,50,27000,"bu","14:18:45",5076100
12700,50,100,"bu","14:18:45",5049100
12700,50,100,"bu","14:18:45",5049000
12700,50,1000,"bu","14:18:45",5048900
12700,50,100,"bu","14:18:45",5047900
12700,50,300,"bu","14:18:45",5047800
12700,50,1000,"bu","14:18:45",5047500
12700,50,4000,"bu","14:18:45",5046500
12700,50,1000,"bu","14:18:45",5042500
12700,50,600,"bu","14:18:45",5041500
12700,50,200,"bu","14:18:45",5040900
12700,50,1000,"bu","14:18:45",5040700
12700,50,200,"bu","14:18:45",5039700
12700,50,1000,"bu","14:18:45",5039500
12700,50,3000,"bu","14:18:45",5038500
12700,50,4100,"bu","14:18:45",5035500
12700,50,600,"bu","14:18:45",5031400
12700,50,1400,"bu","14:18:43",5030800
12700,50,100,"bu","14:18:43",5029400
12700,50,100,"bu","14:18:43",5029300
12700,50,400,"bu","14:18:43",5029200
12700,50,1000,"bu","14:18:43",5028800
12700,50,2000,"bu","14:18:43",5027800
12650,0,100,"sd","14:18:43",5025800
12700,50,5000,"bu","14:18:42",5025700
12700,50,2000,"bu","14:18:41",5020700
12700,50,3000,"bu","14:18:41",5018700
12700,50,3000,"bu","14:18:41",5015700
12700,50,200,"bu","14:18:41",5012700
12700,50,1000,"bu","14:18:41",5012500
12700,50,1000,"bu","14:18:41",5011500
12700,50,100,"bu","14:18:41",5010500
12700,50,1000,"bu","14:18:41",5010400
12700,50,2000,"bu","14:18:41",5009400
12700,50,2000,"bu","14:18:41",5007400
12700,50,100,"bu","14:18:41",5005400
12700,50,200,"bu","14:18:41",5005300
12700,50,1000,"bu","14:18:41",5005100
12700,50,100,"bu","14:18:41",5004100
12700,50,2000,"bu","14:18:41",5004000
12700,50,3900,"bu","14:18:41",5002000
12700,50,100,"bu","14:18:41",4998100
12700,50,1200,"bu","14:18:41",4998000
12700,50,1000,"bu","14:18:41",4996800
12700,50,100,"bu","14:18:41",4995800
12700,50,900,"bu","14:18:41",4995700
12700,50,100,"bu","14:18:41",4994800
12700,50,1000,"bu","14:18:41",4994700
12700,50,500,"bu","14:18:41",4993700
12700,50,100,"bu","14:18:41",4993200
12700,50,2000,"bu","14:18:41",4993100
12700,50,300,"bu","14:18:41",4991100
12700,50,600,"bu","14:18:41",4990800
12700,50,500,"bu","14:18:41",4990200
12700,50,100,"bu","14:18:41",4989700
12700,50,500,"bu","14:18:41",4989600
12700,50,500,"bu","14:18:41",4989100
12700,50,1000,"bu","14:18:41",4988600
12700,50,800,"bu","14:18:41",4987600
12700,50,11000,"bu","14:18:41",4986800
12700,50,500,"bu","14:18:41",4975800
12700,50,100,"bu","14:18:41",4975300
12700,50,1000,"bu","14:18:41",4975200
12700,50,500,"bu","14:18:41",4974200
12700,50,500,"bu","14:18:41",4973700
12700,50,2500,"bu","14:18:41",4973200
12700,50,700,"bu","14:18:41",4970700
12700,50,9000,"bu","14:18:41",4970000
12700,50,500,"bu","14:18:39",4961000
12700,50,100,"bu","14:18:39",4960500
12700,50,4000,"bu","14:18:39",4960400
12700,50,400,"bu","14:18:37",4956400
12700,50,2000,"bu","14:18:37",4956000
12700,50,2000,"bu","14:18:37",4954000
12700,50,6400,"bu","14:18:37",4952000
12700,50,33200,"bu","14:18:37",4945600
12700,50,1000,"bu","14:18:37",4912400
12700,50,100,"bu","14:18:37",4911400
12700,50,1000,"bu","14:18:37",4911300
12700,50,9900,"bu","14:18:37",4910300
12700,50,100,"bu","14:18:37",4900400
12700,50,100,"bu","14:18:37",4900300
12700,50,200,"bu","14:18:37",4900200
12700,50,100,"bu","14:18:37",4900000
12700,50,100,"bu","14:18:37",4899900
12700,50,1300,"bu","14:18:37",4899800
12700,50,200,"bu","14:18:37",4898500
12700,50,100,"bu","14:18:37",4898300
12700,50,400,"bu","14:18:37",4898200
12700,50,4100,"bu","14:18:37",4897800
12700,50,7000,"bu","14:18:37",4893700
12700,50,100,"bu","14:18:37",4886700
12700,50,500,"bu","14:18:37",4886600
12700,50,2000,"bu","14:18:37",4886100
12700,50,1000,"bu","14:18:37",4884100
12700,50,15800,"bu","14:18:37",4883100
12700,50,2000,"bu","14:18:37",4867300
12700,50,6100,"bu","14:18:37",4865300
12700,50,100,"bu","14:18:37",4859200
12700,50,2000,"bu","14:18:37",4859100
12700,50,500,"bu","14:18:37",4857100
12700,50,100,"bu","14:18:37",4856600
12700,50,100,"bu","14:18:37",4856500
12700,50,100,"bu","14:18:37",4856400
12700,50,1000,"bu","14:18:37",4856300
12700,50,100,"bu","14:18:37",4855300
12700,50,100,"bu","14:18:37",4855200
12700,50,500,"bu","14:18:37",4855100
12700,50,200,"bu","14:18:37",4854600
12700,50,100,"bu","14:18:36",4854400
12700,50,900,"bu","14:18:36",4854300
12700,50,1100,"bu","14:18:35",4853400
12700,50,100,"bu","14:18:35",4852300
12700,50,200,"bu","14:18:35",4852200
12700,50,500,"bu","14:18:35",4852000
12700,50,1000,"bu","14:18:35",4851500
12700,50,5000,"bu","14:18:35",4850500
12700,50,700,"bu","14:18:35",4845500
12700,50,1400,"bu","14:18:35",4844800
12700,50,2500,"bu","14:18:33",4843400
12700,50,3100,"bu","14:18:33",4840900
12700,50,10000,"bu","14:18:33",4837800
12700,50,2000,"bu","14:18:33",4827800
12700,50,300,"bu","14:18:33",4825800
12700,50,800,"bu","14:18:33",4825500
12700,50,100,"bu","14:18:33",4824700
12700,50,1000,"bu","14:18:33",4824600
12700,50,6000,"bu","14:18:33",4823600
12700,50,200,"bu","14:18:33",4817600
12700,50,5000,"bu","14:18:33",4817400
12700,50,700,"bu","14:18:33",4812400
12700,50,100,"bu","14:18:33",4811700
12700,50,100,"bu","14:18:33",4811600
12700,50,6000,"bu","14:18:33",4811500
12700,50,12100,"bu","14:18:33",4805500
12700,50,3400,"bu","14:18:33",4793400
12700,50,4000,"bu","14:18:27",4790000
12700,50,8500,"bu","14:18:27",4786000
12700,50,200,"bu","14:18:27",4777500
12700,50,200,"bu","14:18:27",4777300
12700,50,100,"bu","14:18:27",4777100
12700,50,4000,"bu","14:18:27",4777000
12700,50,5000,"bu","14:18:27",4773000
12700,50,100,"bu","14:18:27",4768000
12700,50,500,"bu","14:18:27",4767900
12700,50,600,"bu","14:18:27",4767400
12700,50,3000,"bu","14:18:27",4766800
12700,50,200,"bu","14:18:27",4763800
12700,50,300,"bu","14:18:27",4763600
12700,50,5000,"bu","14:18:27",4763300
12700,50,2500,"bu","14:18:27",4758300
12700,50,100,"bu","14:18:27",4755800
12700,50,20000,"bu","14:18:27",4755700
12700,50,500,"bu","14:18:27",4735700
12700,50,2000,"bu","14:18:27",4735200
12700,50,3300,"bu","14:18:27",4733200
12700,50,10000,"bu","14:18:27",4729900
12700,50,300,"bu","14:18:27",4719900
12700,50,200,"bu","14:18:27",4719600
12700,50,23200,"bu","14:18:27",4719400
12700,50,200,"bu","14:18:27",4696200
12700,50,10000,"bu","14:18:27",4696000
12700,50,25000,"bu","14:18:26",4686000
12700,50,50000,"bu","14:18:22",4661000
12700,50,1800,"bu","14:18:17",4611000
12700,50,500,"bu","14:18:17",4609200
12700,50,1700,"bu","14:18:17",4608700
12700,50,4300,"bu","14:18:15",4607000
12700,50,200,"bu","14:18:15",4602700
12700,50,1000,"bu","14:18:15",4602500
12700,50,200,"bu","14:18:15",4601500
12700,50,200,"bu","14:18:15",4601300
12700,50,500,"bu","14:18:15",4601100
12700,50,1000,"bu","14:18:15",4600600
12700,50,100,"bu","14:18:15",4599600
12700,50,5000,"bu","14:18:15",4599500
12700,50,1000,"bu","14:18:15",4594500
12700,50,300,"bu","14:18:15",4593500
12700,50,36200,"bu","14:18:15",4593200
12700,50,20000,"bu","14:17:59",4557000
12700,50,7000,"bu","14:17:58",4537000
12700,50,1800,"bu","14:17:49",4530000
12700,50,200,"bu","14:17:49",4528200
12700,50,100,"bu","14:17:49",4528000
12700,50,5900,"bu","14:17:49",4527900
12700,50,500,"bu","14:17:38",4522000
12700,50,500,"bu","14:17:37",4521500
12700,50,10000,"bu","14:17:29",4521000
12700,50,1000,"bu","14:17:09",4511000
12650,0,500,"sd","14:16:27",4510000
12650,0,100,"sd","14:16:26",4509500
12650,0,2000,"sd","14:16:26",4509400
12650,0,1000,"sd","14:16:26",4507400
12650,0,1000,"sd","14:16:26",4506400
12650,0,900,"sd","14:16:26",4505400
12650,0,1000,"sd","14:16:23",4504500
12650,0,500,"sd","14:15:54",4503500
12650,0,1000,"sd","14:15:46",4503000
12650,0,1000,"sd","14:15:41",4502000
12650,0,600,"sd","14:15:20",4501000
12650,0,100,"sd","14:15:20",4500400
12650,0,400,"sd","14:15:20",4500300
12650,0,1000,"sd","14:15:20",4499900
12650,0,900,"sd","14:15:20",4498900
12700,50,10000,"bu","14:15:10",4498000
12650,0,100,"sd","14:14:55",4488000
12650,0,3000,"sd","14:14:54",4487900
12650,0,100,"sd","14:14:47",4484900
12650,0,1000,"sd","14:14:32",4484800
12650,0,1000,"sd","14:14:27",4483800
12650,0,2000,"sd","14:14:19",4482800
12650,0,500,"sd","14:14:07",4480800
12650,0,2000,"sd","14:14:02",4480300
12650,0,4700,"sd","14:13:30",4478300
12650,0,4700,"sd","14:13:04",4473600
12650,0,300,"sd","14:13:04",4468900
12650,0,1700,"sd","14:13:03",4468600
12650,0,8300,"sd","14:13:03",4466900
12650,0,1700,"sd","14:13:01",4458600
12650,0,1000,"sd","14:13:01",4456900
12650,0,200,"sd","14:13:01",4455900
12650,0,2100,"sd","14:13:01",4455700
12650,0,1300,"sd","14:13:01",4453600
12650,0,3700,"sd","14:13:01",4452300
12650,0,7200,"sd","14:12:56",4448600
12650,0,8100,"sd","14:12:42",4441400
12650,0,1000,"sd","14:12:42",4433300
12650,0,8100,"sd","14:12:42",4432300
12650,0,5000,"sd","14:12:36",4424200
12700,50,5800,"bu","14:12:28",4419200
12650,0,200,"sd","14:12:14",4413400
12650,0,1000,"sd","14:11:57",4413200
12650,0,3600,"sd","14:11:55",4412200
12700,50,300,"bu","14:10:03",4408600
12700,50,100,"bu","14:09:06",4408300
12650,0,200,"sd","14:08:49",4408200
12700,50,100,"bu","14:08:30",4408000
12650,0,3000,"sd","14:08:11",4407900
12700,50,3000,"bu","14:08:01",4404900
12700,50,1000,"bu","14:07:43",4401900
12650,0,2000,"sd","14:07:23",4400900
12650,0,200,"sd","14:07:10",4398900
12650,0,1000,"sd","14:06:50",4398700
12650,0,300,"sd","14:06:25",4397700
12650,0,15400,"sd","14:06:14",4397400
12650,0,9400,"sd","14:06:14",4382000
12650,0,10600,"sd","14:06:07",4372600
12650,0,1500,"sd","14:06:07",4362000
12650,0,1200,"sd","14:06:07",4360500
12650,0,8000,"sd","14:06:07",4359300
12650,0,300,"sd","14:06:07",4351300
12650,0,6000,"sd","14:06:07",4351000
12650,0,2000,"sd","14:06:07",4345000
12650,0,300,"sd","14:06:07",4343000
12650,0,1000,"sd","14:06:07",4342700
12650,0,400,"sd","14:06:07",4341700
12650,0,1100,"sd","14:06:07",4341300
12650,0,1000,"sd","14:06:07",4340200
12650,0,10000,"sd","14:06:07",4339200
12650,0,200,"sd","14:06:07",4329200
12650,0,2000,"sd","14:06:07",4329000
12650,0,3700,"sd","14:06:07",4327000
12650,0,700,"sd","14:06:07",4323300
12650,0,300,"sd","14:04:51",4322600
12650,0,200,"sd","14:04:51",4322300
12650,0,1000,"sd","14:04:49",4322100
12650,0,200,"sd","14:04:44",4321100
12650,0,100,"sd","14:04:36",4320900
12650,0,100,"sd","14:04:36",4320800
12650,0,900,"sd","14:04:09",4320700
12650,0,100,"sd","14:04:09",4319800
12700,50,100,"bu","14:03:28",4319700
12700,50,100,"bu","14:03:14",4319600
12700,50,100,"bu","14:03:06",4319500
12700,50,20000,"bu","14:02:57",4319400
12700,50,2000,"bu","14:02:51",4299400
12700,50,100,"bu","14:02:25",4297400
12700,50,200,"bu","14:02:07",4297300
12650,0,5000,"sd","14:01:57",4297100
12650,0,10000,"sd","14:01:18",4292100
12650,0,100,"sd","14:00:46",4282100
12650,0,8000,"sd","14:00:10",4282000
12700,50,3800,"bu","14:00:04",4274000
12650,0,100,"sd","14:00:02",4270200
12650,0,100,"sd","13:59:59",4270100
12650,0,100,"sd","13:59:46",4270000
12650,0,3600,"bu","13:59:46",4269900
12650,0,5000,"bu","13:59:46",4266300
12650,0,500,"bu","13:59:46",4261300
12650,0,36300,"bu","13:59:46",4260800
12650,0,200,"bu","13:59:45",4224500
12650,0,3000,"bu","13:59:45",4224300
12650,0,400,"bu","13:59:45",4221300
12650,0,600,"bu","13:59:45",4220900
12650,0,10000,"bu","13:59:45",4220300
12650,0,1000,"bu","13:59:45",4210300
12650,0,10000,"bu","13:59:45",4209300
12650,0,3000,"bu","13:59:45",4199300
12650,0,500,"bu","13:59:45",4196300
12650,0,3600,"bu","13:59:45",4195800
12650,0,3000,"bu","13:59:45",4192200
12650,0,5000,"bu","13:59:45",4189200
12650,0,4000,"bu","13:59:45",4184200
12650,0,1000,"bu","13:59:45",4180200
12650,0,10000,"bu","13:59:45",4179200
12650,0,26000,"bu","13:59:45",4169200
12650,0,10000,"bu","13:59:45",4143200
12650,0,400,"bu","13:59:45",4133200
12650,0,4500,"bu","13:59:45",4132800
12650,0,300,"bu","13:59:45",4128300
12650,0,1000,"bu","13:59:45",4128000
12650,0,1000,"bu","13:59:45",4127000
12650,0,2000,"bu","13:59:45",4126000
12650,0,10600,"bu","13:59:45",4124000
12600,-50,3600,"sd","13:59:45",4113400
12600,-50,200,"sd","13:59:42",4109800
12650,0,1000,"bu","13:59:40",4109600
12600,-50,400,"sd","13:59:29",4108600
12650,0,4000,"bu","13:59:23",4108200
12650,0,500,"bu","13:59:17",4104200
12650,0,200,"bu","13:59:07",4103700
12650,0,2500,"bu","13:58:53",4103500
12650,0,1000,"bu","13:58:39",4101000
12650,0,500,"bu","13:58:38",4100000
12650,0,7000,"bu","13:58:38",4099500
12650,0,2500,"bu","13:58:30",4092500
12650,0,3900,"bu","13:58:24",4090000
12600,-50,1200,"sd","13:57:26",4086100
12600,-50,500,"sd","13:56:52",4084900
12650,0,1000,"bu","13:56:31",4084400
12650,0,100,"bu","13:56:23",4083400
12650,0,7600,"bu","13:56:12",4083300
12600,-50,3600,"sd","13:55:41",4075700
12650,0,7600,"bu","13:55:21",4072100
12650,0,4000,"bu","13:55:21",4064500
12650,0,200,"bu","13:55:21",4060500
12650,0,3200,"bu","13:55:21",4060300
12650,0,1000,"bu","13:55:08",4057100
12650,0,2300,"bu","13:55:07",4056100
12600,-50,300,"sd","13:54:58",4053800
12600,-50,1200,"sd","13:54:37",4053500
12600,-50,2700,"sd","13:54:32",4052300
12600,-50,500,"sd","13:54:32",4049600
12600,-50,100,"sd","13:54:32",4049100
12600,-50,1000,"sd","13:54:32",4049000
12600,-50,4000,"sd","13:54:32",4048000
12600,-50,1700,"sd","13:54:32",4044000
12600,-50,300,"sd","13:54:30",4042300
12650,0,2000,"bu","13:54:18",4042000
12650,0,3000,"bu","13:53:53",4040000
12650,0,2000,"bu","13:53:37",4037000
12650,0,800,"bu","13:53:00",4035000
12650,0,8400,"sd","13:52:44",4034200
12650,0,2000,"sd","13:52:44",4025800
12650,0,1000,"sd","13:52:44",4023800
12650,0,3000,"sd","13:52:43",4022800
12650,0,2000,"sd","13:52:43",4019800
12650,0,47300,"sd","13:52:43",4017800
12650,0,500,"sd","13:52:38",3970500
12650,0,2200,"sd","13:52:30",3970000
12650,0,2800,"sd","13:52:30",3967800
12650,0,5000,"sd","13:52:06",3965000
12650,0,2200,"sd","13:52:03",3960000
12650,0,5000,"sd","13:52:03",3957800
12650,0,500,"sd","13:52:03",3952800
12650,0,100,"sd","13:52:03",3952300
12650,0,2200,"sd","13:52:03",3952200
12650,0,3600,"sd","13:51:57",3950000
12650,0,4200,"sd","13:51:56",3946400
12650,0,5000,"sd","13:51:56",3942200
12650,0,800,"sd","13:51:56",3937200
12650,0,200,"sd","13:51:22",3936400
12650,0,6200,"sd","13:51:22",3936200
12650,0,5000,"sd","13:50:48",3930000
12650,0,900,"bu","13:50:41",3925000
12650,0,300,"bu","13:50:41",3924100
12650,0,400,"bu","13:50:41",3923800
12650,0,1000,"bu","13:50:41",3923400
12650,0,200,"bu","13:50:41",3922400
12650,0,36000,"bu","13:50:41",3922200
12650,0,14000,"bu","13:50:32",3886200
12650,0,1000,"bu","13:50:32",3872200
12650,0,200,"bu","13:50:32",3871200
12650,0,14800,"bu","13:50:32",3871000
12650,0,1000,"bu","13:50:09",3856200
12650,0,1000,"bu","13:50:03",3855200
12650,0,1000,"bu","13:50:02",3854200
12600,-50,200,"sd","13:49:55",3853200
12650,0,200,"bu","13:49:51",3853000
12650,0,3000,"bu","13:49:49",3852800
12650,0,10000,"bu","13:49:45",3849800
12650,0,19000,"bu","13:49:38",3839800
12650,0,1000,"bu","13:49:38",3820800
12650,0,500,"bu","13:49:35",3819800
12650,0,5000,"bu","13:49:35",3819300
12650,0,600,"bu","13:49:35",3814300
12650,0,2000,"bu","13:49:31",3813700
12650,0,100,"bu","13:49:30",3811700
12650,0,2300,"bu","13:49:26",3811600
12650,0,2000,"bu","13:49:26",3809300
12650,0,700,"bu","13:49:26",3807300
12650,0,2000,"bu","13:49:21",3806600
12650,0,200,"bu","13:49:21",3804600
12650,0,1100,"bu","13:49:19",3804400
12650,0,1000,"bu","13:49:16",3803300
12650,0,300,"sd","13:49:07",3802300
12650,0,5000,"sd","13:49:07",3802000
12650,0,1000,"sd","13:49:07",3797000
12650,0,1000,"sd","13:49:07",3796000
12650,0,200,"sd","13:49:07",3795000
12650,0,1000,"sd","13:49:07",3794800
12650,0,1000,"sd","13:49:07",3793800
12650,0,2100,"sd","13:49:07",3792800
12650,0,1000,"sd","13:49:07",3790700
12650,0,500,"sd","13:49:07",3789700
12650,0,400,"sd","13:49:07",3789200
12650,0,4000,"sd","13:49:07",3788800
12650,0,100,"sd","13:49:07",3784800
12650,0,100,"sd","13:49:07",3784700
12650,0,5000,"sd","13:49:07",3784600
12650,0,100,"sd","13:49:07",3779600
12650,0,1000,"sd","13:49:07",3779500
12650,0,300,"sd","13:49:07",3778500
12650,0,500,"sd","13:49:07",3778200
12650,0,1000,"sd","13:49:07",3777700
12650,0,500,"sd","13:49:07",3776700
12650,0,600,"sd","13:49:07",3776200
12650,0,100,"sd","13:49:03",3775600
12650,0,4900,"sd","13:49:03",3775500
12650,0,600,"sd","13:48:55",3770600
12650,0,2600,"sd","13:48:55",3770000
12650,0,2000,"sd","13:48:50",3767400
12650,0,900,"sd","13:48:49",3765400
12650,0,3500,"sd","13:48:48",3764500
12650,0,1000,"sd","13:48:46",3761000
12650,0,100,"sd","13:48:42",3760000
12650,0,2000,"sd","13:48:42",3759900
12650,0,2900,"sd","13:48:42",3757900
12650,0,2000,"sd","13:48:28",3755000
12650,0,2000,"sd","13:48:24",3753000
12650,0,2000,"sd","13:48:19",3751000
12650,0,1100,"sd","13:48:12",3749000
12650,0,800,"sd","13:48:12",3747900
12650,0,2500,"sd","13:48:12",3747100
12650,0,40000,"sd","13:48:12",3744600
12650,0,2000,"sd","13:48:12",3704600
12650,0,3600,"sd","13:48:12",3702600
12650,0,4100,"sd","13:48:00",3699000
12650,0,12300,"sd","13:47:41",3694900
12650,0,20000,"sd","13:47:41",3682600
12650,0,27700,"sd","13:47:41",3662600
12650,0,3600,"sd","13:47:35",3634900
12700,50,2900,"bu","13:47:18",3631300
12700,50,100,"bu","13:47:18",3628400
12700,50,5600,"bu","13:47:18",3628300
12700,50,500,"bu","13:47:18",3622700
12700,50,900,"bu","13:47:18",3622200
12700,50,1100,"bu","13:47:01",3621300
12700,50,1400,"bu","13:47:01",3620200
12700,50,1000,"bu","13:46:36",3618800
12650,0,18700,"sd","13:46:27",3617800
12650,0,1500,"sd","13:46:27",3599100
12650,0,100,"sd","13:46:27",3597600
12650,0,29700,"sd","13:46:27",3597500
12700,50,800,"bu","13:46:26",3567800
12700,50,100,"bu","13:46:26",3567000
12700,50,100,"bu","13:46:26",3566900
12700,50,1400,"bu","13:45:54",3566800
12700,50,2000,"bu","13:45:54",3565400
12700,50,200,"bu","13:45:54",3563400
12700,50,500,"bu","13:45:54",3563200
12700,50,500,"bu","13:45:54",3562700
12700,50,500,"bu","13:45:54",3562200
12700,50,100,"bu","13:45:54",3561700
12700,50,3000,"bu","13:45:54",3561600
12700,50,1800,"bu","13:45:54",3558600
12650,0,300,"sd","13:45:19",3556800
12650,0,200,"sd","13:45:19",3556500
12650,0,2700,"sd","13:45:16",3556300
12650,0,2300,"sd","13:45:16",3553600
12650,0,200,"sd","13:45:15",3551300
12650,0,1000,"sd","13:45:15",3551100
12650,0,1000,"sd","13:44:50",3550100
12650,0,700,"sd","13:44:44",3549100
12650,0,300,"sd","13:44:41",3548400
12650,0,800,"sd","13:44:41",3548100
12650,0,900,"sd","13:44:41",3547300
12650,0,100,"sd","13:44:11",3546400
12650,0,3000,"sd","13:43:45",3546300
12650,0,1000,"sd","13:43:44",3543300
12650,0,100,"sd","13:43:15",3542300
12650,0,100,"sd","13:43:15",3542200
12650,0,1000,"sd","13:43:15",3542100
12650,0,1000,"sd","13:43:15",3541100
12650,0,1400,"sd","13:43:15",3540100
12650,0,1000,"sd","13:43:15",3538700
12650,0,100,"sd","13:43:15",3537700
12650,0,300,"sd","13:43:15",3537600
12650,0,700,"sd","13:43:10",3537300
12650,0,1200,"sd","13:43:10",3536600
12650,0,500,"sd","13:43:10",3535400
12650,0,600,"sd","13:43:10",3534900
12650,0,600,"sd","13:42:41",3534300
12650,0,18800,"sd","13:42:29",3533700
12650,0,500,"sd","13:42:29",3514900
12650,0,1000,"sd","13:42:29",3514400
12650,0,2000,"sd","13:42:29",3513400
12650,0,400,"sd","13:42:29",3511400
12650,0,1400,"sd","13:42:28",3511000
12650,0,4000,"sd","13:42:28",3509600
12650,0,5000,"sd","13:42:28",3505600
12650,0,1500,"sd","13:42:28",3500600
12650,0,300,"sd","13:42:28",3499100
12650,0,1000,"sd","13:42:28",3498800
12650,0,100,"sd","13:42:28",3497800
12650,0,14000,"sd","13:42:28",3497700
12650,0,2000,"sd","13:42:14",3483700
12650,0,4000,"sd","13:42:13",3481700
12650,0,500,"sd","13:42:13",3477700
12650,0,200,"sd","13:42:13",3477200
12650,0,1000,"sd","13:42:13",3477000
12650,0,10000,"sd","13:42:13",3476000
12650,0,5000,"sd","13:42:13",3466000
12650,0,2000,"sd","13:42:13",3461000
12650,0,3500,"sd","13:42:13",3459000
12650,0,100,"sd","13:42:13",3455500
12650,0,3700,"sd","13:42:13",3455400
12650,0,500,"sd","13:41:56",3451700
12650,0,500,"sd","13:41:04",3451200
12700,50,1000,"bu","13:40:57",3450700
12650,0,300,"sd","13:40:55",3449700
12650,0,100,"sd","13:40:55",3449400
12650,0,1600,"sd","13:40:55",3449300
12650,0,8400,"sd","13:40:48",3447700
12650,0,100,"sd","13:40:48",3439300
12650,0,1500,"sd","13:40:48",3439200
12650,0,800,"sd","13:40:31",3437700
12650,0,800,"sd","13:40:01",3436900
12650,0,1000,"sd","13:39:44",3436100
12650,0,5900,"sd","13:39:43",3435100
12650,0,500,"sd","13:39:43",3429200
12650,0,3600,"sd","13:39:43",3428700
12650,0,1000,"sd","13:39:29",3425100
12650,0,200,"sd","13:39:22",3424100
12650,0,2400,"sd","13:39:22",3423900
12650,0,500,"sd","13:39:18",3421500
12700,50,200,"bu","13:39:10",3421000
12700,50,1000,"bu","13:39:10",3420800
12700,50,2000,"bu","13:39:10",3419800
12700,50,800,"bu","13:39:10",3417800
12650,0,3000,"bu","13:38:53",3417000
12650,0,500,"bu","13:38:53",3414000
12650,0,3600,"bu","13:38:53",3413500
12650,0,5000,"bu","13:38:51",3409900
12600,-50,10000,"sd","13:38:49",3404900
12650,0,3000,"bu","13:38:49",3394900
12650,0,8400,"bu","13:38:43",3391900
12650,0,1000,"bu","13:38:43",3383500
12650,0,1300,"bu","13:38:43",3382500
12650,0,3000,"bu","13:38:43",3381200
12650,0,1000,"bu","13:38:43",3378200
12650,0,1000,"bu","13:38:43",3377200
12650,0,1000,"bu","13:38:43",3376200
12650,0,3300,"bu","13:38:43",3375200
12650,0,2000,"bu","13:38:41",3371900
12650,0,2000,"bu","13:38:39",3369900
12650,0,700,"bu","13:38:38",3367900
12650,0,5000,"bu","13:38:38",3367200
12650,0,4000,"bu","13:38:31",3362200
12650,0,100,"bu","13:38:30",3358200
12650,0,1000,"bu","13:38:28",3358100
12650,0,2000,"bu","13:38:26",3357100
12650,0,5000,"bu","13:38:26",3355100
12650,0,2000,"bu","13:38:22",3350100
12650,0,1900,"bu","13:38:22",3348100
12650,0,100,"bu","13:38:22",3346200
12650,0,4500,"bu","13:38:19",3346100
12650,0,4800,"bu","13:38:19",3341600
12650,0,700,"bu","13:38:19",3336800
12650,0,10000,"bu","13:38:06",3336100
12650,0,1200,"bu","13:38:06",3326100
12650,0,4100,"bu","13:38:06",3324900
12650,0,2000,"bu","13:38:06",3320800
12650,0,300,"bu","13:38:06",3318800
12650,0,2400,"bu","13:38:06",3318500
12600,-50,3000,"sd","13:38:00",3316100
12650,0,2000,"bu","13:37:59",3313100
12650,0,5000,"bu","13:37:52",3311100
12650,0,500,"bu","13:37:51",3306100
12650,0,200,"bu","13:37:50",3305600
12650,0,3000,"bu","13:37:44",3305400
12650,0,500,"bu","13:37:44",3302400
12650,0,2000,"bu","13:37:41",3301900
12650,0,1000,"bu","13:37:41",3299900
12650,0,3400,"bu","13:37:38",3298900
12650,0,10000,"bu","13:37:38",3295500
12650,0,1400,"bu","13:37:38",3285500
12650,0,20200,"bu","13:37:38",3284100
12650,0,5000,"bu","13:37:34",3263900
12650,0,3000,"bu","13:37:32",3258900
12650,0,500,"bu","13:37:24",3255900
12650,0,5000,"bu","13:37:20",3255400
12650,0,1500,"bu","13:37:13",3250400
12600,-50,500,"sd","13:37:11",3248900
12650,0,2000,"bu","13:37:06",3248400
12600,-50,1000,"sd","13:36:58",3246400
12650,0,100,"bu","13:36:54",3245400
12600,-50,500,"sd","13:36:50",3245300
12650,0,1000,"bu","13:36:41",3244800
12650,0,7800,"bu","13:36:24",3243800
12600,-50,500,"sd","13:36:15",3236000
12600,-50,2300,"sd","13:35:48",3235500
12600,-50,100,"sd","13:35:48",3233200
12600,-50,1000,"sd","13:35:48",3233100
12600,-50,500,"sd","13:35:48",3232100
12600,-50,200,"sd","13:35:48",3231600
12600,-50,100,"sd","13:35:48",3231400
12600,-50,900,"sd","13:35:48",3231300
12600,-50,100,"sd","13:35:26",3230400
12600,-50,3500,"sd","13:35:26",3230300
12650,0,1100,"bu","13:35:21",3226800
12650,0,8900,"bu","13:35:21",3225700
12650,0,100,"bu","13:34:33",3216800
12650,0,1000,"bu","13:34:32",3216700
12600,-50,6500,"sd","13:33:55",3215700
12600,-50,100,"sd","13:33:55",3209200
12600,-50,500,"sd","13:33:55",3209100
12600,-50,100,"sd","13:33:55",3208600
12600,-50,5000,"sd","13:33:55",3208500
12600,-50,200,"sd","13:33:55",3203500
12600,-50,200,"sd","13:33:55",3203300
12600,-50,1000,"sd","13:33:55",3203100
12600,-50,1100,"sd","13:33:55",3202100
12600,-50,1500,"sd","13:33:55",3201000
12600,-50,10000,"sd","13:33:55",3199500
12600,-50,500,"sd","13:33:55",3189500
12600,-50,300,"sd","13:33:55",3189000
12600,-50,1300,"sd","13:33:55",3188700
12600,-50,500,"sd","13:33:55",3187400
12600,-50,600,"sd","13:33:55",3186900
12650,0,600,"sd","13:33:55",3186300
12650,0,9000,"bu","13:33:51",3185700
12650,0,1000,"bu","13:33:51",3176700
12650,0,600,"bu","13:33:51",3175700
12650,0,200,"bu","13:33:51",3175100
12650,0,1000,"bu","13:33:51",3174900
12650,0,12600,"bu","13:33:51",3173900
12600,-50,400,"sd","13:33:03",3161300
12600,-50,500,"sd","13:33:03",3160900
12600,-50,5000,"sd","13:33:03",3160400
12600,-50,2000,"sd","13:33:03",3155400
12600,-50,300,"sd","13:33:03",3153400
12600,-50,1700,"sd","13:33:03",3153100
12600,-50,300,"sd","13:33:03",3151400
12600,-50,1000,"sd","13:33:03",3151100
12600,-50,700,"sd","13:33:03",3150100
12600,-50,1000,"sd","13:33:03",3149400
12600,-50,400,"sd","13:33:03",3148400
12600,-50,100,"sd","13:33:03",3148000
12600,-50,14000,"sd","13:33:03",3147900
12600,-50,200,"sd","13:33:03",3133900
12600,-50,3000,"sd","13:33:03",3133700
12600,-50,500,"sd","13:33:03",3130700
12600,-50,500,"sd","13:33:03",3130200
12600,-50,6100,"sd","13:33:03",3129700
12650,0,200,"bu","13:32:59",3123600
12650,0,2200,"bu","13:32:47",3123400
12650,0,100,"bu","13:32:47",3121200
12650,0,700,"bu","13:32:47",3121100
12650,0,900,"bu","13:32:35",3120400
12650,0,3600,"bu","13:32:35",3119500
12650,0,5500,"bu","13:32:35",3115900
12650,0,700,"bu","13:32:29",3110400
12650,0,3800,"bu","13:32:25",3109700
12650,0,600,"bu","13:32:25",3105900
12650,0,200,"bu","13:32:19",3105300
12650,0,100,"bu","13:32:19",3105100
12650,0,1000,"bu","13:32:19",3105000
12650,0,100,"bu","13:31:55",3104000
12650,0,1000,"bu","13:31:42",3103900
12650,0,800,"bu","13:31:31",3102900
12650,0,16200,"bu","13:31:16",3102100
12650,0,2000,"bu","13:31:16",3085900
12650,0,500,"bu","13:31:16",3083900
12650,0,1300,"bu","13:31:16",3083400
12600,-50,200,"sd","13:30:50",3082100
12650,0,3000,"bu","13:30:49",3081900
12600,-50,100,"sd","13:30:46",3078900
12650,0,7000,"bu","13:30:42",3078800
12650,0,200,"bu","13:30:38",3071800
12650,0,4800,"bu","13:30:27",3071600
12650,0,200,"bu","13:30:27",3066800
12650,0,1100,"bu","13:30:22",3066600
12650,0,1900,"bu","13:30:22",3065500
12650,0,500,"bu","13:30:15",3063600
12650,0,4600,"bu","13:30:11",3063100
12650,0,5400,"bu","13:30:11",3058500
12650,0,1000,"bu","13:30:02",3053100
12650,0,300,"bu","13:29:58",3052100
12650,0,5000,"bu","13:29:55",3051800
12650,0,1300,"bu","13:29:16",3046800
12650,0,3000,"bu","13:29:11",3045500
12650,0,300,"sd","13:28:59",3042500
12650,0,1400,"sd","13:28:59",3042200
12700,50,1200,"bu","13:28:58",3040800
12700,50,300,"bu","13:28:58",3039600
12650,0,600,"sd","13:28:56",3039300
12650,0,100,"sd","13:28:56",3038700
12650,0,300,"sd","13:28:56",3038600
12650,0,100,"sd","13:28:56",3038300
12650,0,1000,"sd","13:28:56",3038200
12650,0,2000,"sd","13:28:56",3037200
12650,0,300,"sd","13:28:56",3035200
12650,0,2000,"sd","13:28:56",3034900
12650,0,2000,"sd","13:28:56",3032900
12650,0,1600,"sd","13:28:56",3030900
12650,0,400,"sd","13:28:47",3029300
12650,0,100,"sd","13:28:47",3028900
12650,0,2500,"sd","13:28:47",3028800
12650,0,4300,"sd","13:28:38",3026300
12650,0,5000,"sd","13:28:38",3022000
12650,0,5700,"sd","13:28:38",3017000
12650,0,1500,"sd","13:28:31",3011300
12650,0,6000,"sd","13:28:25",3009800
12650,0,1300,"sd","13:28:19",3003800
12650,0,100,"sd","13:28:19",3002500
12650,0,600,"sd","13:28:19",3002400
12650,0,1000,"sd","13:28:00",3001800
12700,50,200,"bu","13:27:56",3000800
12700,50,1000,"bu","13:27:49",3000600
12700,50,8500,"bu","13:27:31",2999600
12700,50,1500,"bu","13:27:31",2991100
12700,50,1500,"bu","13:26:59",2989600
12700,50,300,"bu","13:26:59",2988100
12700,50,4100,"bu","13:26:59",2987800
12650,0,2800,"sd","13:26:56",2983700
12650,0,3100,"sd","13:26:45",2980900
12700,50,200,"bu","13:26:44",2977800
12700,50,100,"bu","13:25:58",2977600
12650,0,1800,"sd","13:25:32",2977500
12650,0,700,"sd","13:25:32",2975700
12650,0,2000,"sd","13:25:32",2975000
12650,0,1700,"sd","13:25:32",2973000
12700,50,600,"bu","13:25:20",2971300
12700,50,100,"bu","13:25:20",2970700
12700,50,2300,"bu","13:25:20",2970600
12650,0,100,"sd","13:25:06",2968300
12700,50,2000,"bu","13:25:04",2968200
12650,0,900,"bu","13:25:03",2966200
12650,0,900,"bu","13:25:03",2965300
12650,0,100,"bu","13:25:03",2964400
12650,0,1300,"bu","13:25:03",2964300
12650,0,2300,"bu","13:24:55",2963000
12650,0,2000,"bu","13:24:55",2960700
12650,0,100,"bu","13:24:55",2958700
12650,0,2200,"bu","13:24:55",2958600
12650,0,600,"bu","13:24:55",2956400
12650,0,200,"bu","13:24:55",2955800
12650,0,100,"bu","13:24:55",2955600
12650,0,1000,"bu","13:24:55",2955500
12650,0,3000,"bu","13:24:55",2954500
12650,0,3600,"bu","13:24:55",2951500
12650,0,6300,"bu","13:24:55",2947900
12650,0,1000,"bu","13:24:55",2941600
12650,0,2800,"bu","13:24:55",2940600
12650,0,1000,"bu","13:24:55",2937800
12650,0,2000,"bu","13:24:55",2936800
12650,0,10000,"bu","13:24:55",2934800
12650,0,1000,"bu","13:24:55",2924800
12650,0,500,"bu","13:24:55",2923800
12650,0,100,"bu","13:24:55",2923300
12650,0,3200,"bu","13:24:55",2923200
12650,0,2800,"bu","13:24:55",2920000
12650,0,20000,"bu","13:24:55",2917200
12650,0,5000,"bu","13:24:55",2897200
12650,0,2000,"bu","13:24:55",2892200
12650,0,5000,"bu","13:24:55",2890200
12650,0,2000,"bu","13:24:55",2885200
12650,0,3000,"bu","13:24:55",2883200
12650,0,1000,"bu","13:24:55",2880200
12650,0,1000,"bu","13:24:55",2879200
12650,0,200,"bu","13:24:55",2878200
12650,0,400,"bu","13:24:55",2878000
12650,0,500,"bu","13:24:55",2877600
12650,0,3800,"bu","13:24:55",2877100
12650,0,1000,"bu","13:24:55",2873300
12650,0,800,"bu","13:24:55",2872300
12650,0,100,"bu","13:24:55",2871500
12650,0,2900,"bu","13:24:55",2871400
12650,0,1100,"bu","13:24:55",2868500
12650,0,100,"bu","13:24:55",2867400
12650,0,100,"bu","13:24:55",2867300
12650,0,1000,"bu","13:24:55",2867200
12650,0,4000,"bu","13:24:55",2866200
12650,0,300,"bu","13:24:55",2862200
12650,0,2300,"bu","13:24:55",2861900
12650,0,5000,"bu","13:24:55",2859600
12650,0,700,"bu","13:24:55",2854600
12650,0,1000,"bu","13:24:55",2853900
12650,0,15200,"bu","13:24:55",2852900
12650,0,500,"bu","13:24:55",2837700
12650,0,1000,"bu","13:24:55",2837200
12650,0,10000,"bu","13:24:55",2836200
12650,0,3200,"bu","13:24:55",2826200
12600,-50,1800,"sd","13:24:52",2823000
12600,-50,2400,"sd","13:24:52",2821200
12600,-50,1000,"sd","13:24:52",2818800
12600,-50,1700,"sd","13:24:52",2817800
12600,-50,1100,"sd","13:24:52",2816100
12600,-50,500,"sd","13:24:20",2815000
12600,-50,400,"sd","13:23:19",2814500
12600,-50,300,"sd","13:23:19",2814100
12600,-50,9300,"sd","13:23:19",2813800
12600,-50,3600,"sd","13:23:16",2804500
12600,-50,400,"sd","13:23:06",2800900
12600,-50,1400,"sd","13:22:55",2800500
12600,-50,600,"sd","13:22:37",2799100
12600,-50,100,"sd","13:22:28",2798500
12600,-50,2600,"sd","13:21:27",2798400
12600,-50,2000,"sd","13:21:22",2795800
12650,0,500,"bu","13:21:18",2793800
12600,-50,100,"sd","13:20:26",2793300
12600,-50,500,"sd","13:20:22",2793200
12650,0,4800,"bu","13:20:10",2792700
12650,0,100,"bu","13:20:08",2787900
12650,0,500,"bu","13:19:37",2787800
12650,0,600,"bu","13:19:22",2787300
12650,0,300,"bu","13:19:18",2786700
12650,0,700,"bu","13:19:18",2786400
12650,0,2800,"bu","13:18:58",2785700
12650,0,200,"bu","13:18:58",2782900
12650,0,500,"bu","13:18:58",2782700
12650,0,800,"bu","13:18:58",2782200
12650,0,3000,"bu","13:18:58",2781400
12650,0,100,"bu","13:18:58",2778400
12650,0,2000,"bu","13:18:58",2778300
12650,0,100,"bu","13:18:58",2776300
12650,0,500,"bu","13:18:58",2776200
12600,-50,900,"sd","13:18:20",2775700
12600,-50,100,"sd","13:18:20",2774800
12650,0,600,"bu","13:18:12",2774700
12650,0,800,"bu","13:18:12",2774100
12650,0,200,"bu","13:18:10",2773300
12650,0,300,"bu","13:18:10",2773100
12650,0,500,"bu","13:18:10",2772800
12650,0,100,"bu","13:18:07",2772300
12650,0,100,"bu","13:18:07",2772200
12650,0,4800,"bu","13:18:07",2772100
12650,0,1700,"bu","13:17:47",2767300
12650,0,300,"bu","13:17:47",2765600
12650,0,5000,"bu","13:17:38",2765300
12650,0,2000,"bu","13:17:27",2760300
12650,0,6000,"bu","13:17:14",2758300
12650,0,100,"bu","13:16:59",2752300
12650,0,100,"bu","13:16:41",2752200
12650,0,900,"bu","13:16:41",2752100
12650,0,1000,"bu","13:16:30",2751200
12600,-50,100,"sd","13:16:25",2750200
12600,-50,1100,"sd","13:16:16",2750100
12650,0,200,"bu","13:16:12",2749000
12650,0,12000,"bu","13:16:00",2748800
12600,-50,500,"sd","13:15:55",2736800
12600,-50,3500,"sd","13:15:55",2736300
12600,-50,200,"sd","13:15:47",2732800
12600,-50,1000,"sd","13:15:45",2732600
12650,0,12000,"bu","13:15:43",2731600
12600,-50,2200,"sd","13:15:10",2719600
12600,-50,100,"sd","13:15:10",2717400
12600,-50,1300,"sd","13:15:10",2717300
12600,-50,100,"sd","13:15:03",2716000
12600,-50,5500,"sd","13:14:46",2715900
12600,-50,1000,"sd","13:14:46",2710400
12600,-50,1000,"sd","13:14:46",2709400
12600,-50,200,"sd","13:14:46",2708400
12600,-50,25100,"sd","13:14:46",2708200
12650,0,20000,"bu","13:14:31",2683100
12600,-50,2000,"sd","13:14:11",2663100
12650,0,2000,"bu","13:13:48",2661100
12600,-50,30000,"sd","13:13:16",2659100
12600,-50,700,"sd","13:13:02",2629100
12600,-50,400,"bu","13:12:56",2628400
12600,-50,500,"bu","13:12:56",2628000
12600,-50,2800,"bu","13:12:56",2627500
12600,-50,2800,"bu","13:12:56",2624700
12600,-50,3600,"bu","13:12:56",2621900
12600,-50,1000,"bu","13:12:56",2618300
12600,-50,31100,"bu","13:12:56",2617300
12600,-50,5000,"bu","13:12:44",2586200
12600,-50,800,"bu","13:12:32",2581200
12600,-50,1000,"bu","13:12:29",2580400
12600,-50,2000,"bu","13:12:25",2579400
12600,-50,100,"bu","13:12:03",2577400
12600,-50,1000,"bu","13:11:44",2577300
12600,-50,300,"bu","13:11:32",2576300
12550,-100,3200,"sd","13:11:23",2576000
12550,-100,300,"sd","13:11:23",2572800
12550,-100,2500,"sd","13:11:23",2572500
12550,-100,4000,"sd","13:11:23",2570000
12600,-50,1000,"bu","13:11:21",2566000
12600,-50,300,"bu","13:11:13",2565000
12550,-100,3600,"sd","13:11:07",2564700
12600,-50,5000,"bu","13:10:57",2561100
12600,-50,200,"bu","13:10:57",2556100
12600,-50,300,"bu","13:10:48",2555900
12600,-50,500,"bu","13:10:43",2555600
12600,-50,200,"sd","13:10:38",2555100
12600,-50,1000,"sd","13:10:38",2554900
12600,-50,1000,"sd","13:10:38",2553900
12600,-50,2500,"sd","13:10:38",2552900
12600,-50,8000,"sd","13:10:38",2550400
12600,-50,500,"sd","13:10:38",2542400
12600,-50,3200,"sd","13:10:38",2541900
12600,-50,300,"sd","13:10:27",2538700
12600,-50,3000,"sd","13:10:19",2538400
12600,-50,2400,"sd","13:10:10",2535400
12600,-50,100,"sd","13:10:10",2533000
12600,-50,47500,"sd","13:10:10",2532900
12600,-50,200,"sd","13:10:09",2485400
12600,-50,2300,"sd","13:09:50",2485200
12600,-50,500,"sd","13:09:50",2482900
12600,-50,200,"sd","13:09:50",2482400
12600,-50,5000,"sd","13:09:50",2482200
12600,-50,400,"sd","13:09:50",2477200
12600,-50,1000,"sd","13:09:50",2476800
12600,-50,100,"sd","13:09:50",2475800
12600,-50,5000,"sd","13:09:50",2475700
12600,-50,3000,"sd","13:09:50",2470700
12600,-50,1000,"sd","13:09:50",2467700
12600,-50,1500,"sd","13:09:50",2466700
12600,-50,20000,"sd","13:09:37",2465200
12600,-50,2000,"sd","13:09:32",2445200
12600,-50,2500,"sd","13:09:20",2443200
12600,-50,20000,"sd","13:08:39",2440700
12600,-50,500,"sd","13:08:04",2420700
12600,-50,500,"sd","13:08:04",2420200
12650,0,100,"bu","13:07:56",2419700
12600,-50,400,"sd","13:07:05",2419600
12600,-50,2600,"sd","13:07:04",2419200
12600,-50,200,"sd","13:07:04",2416600
12600,-50,800,"sd","13:07:04",2416400
12600,-50,4200,"sd","13:07:02",2415600
12600,-50,300,"sd","13:07:02",2411400
12600,-50,100,"sd","13:07:02",2411100
12600,-50,400,"sd","13:07:02",2411000
12600,-50,2000,"sd","13:07:02",2410600
12600,-50,4000,"sd","13:07:02",2408600
12600,-50,1000,"sd","13:07:02",2404600
12600,-50,100,"sd","13:07:02",2403600
12600,-50,500,"sd","13:07:02",2403500
12600,-50,1000,"sd","13:07:02",2403000
12600,-50,500,"sd","13:07:02",2402000
12600,-50,600,"sd","13:07:02",2401500
12600,-50,6200,"sd","13:07:02",2400900
12600,-50,100,"sd","13:07:02",2394700
12600,-50,200,"sd","13:07:02",2394600
12600,-50,2000,"sd","13:07:02",2394400
12600,-50,200,"sd","13:07:02",2392400
12600,-50,1000,"sd","13:07:02",2392200
12600,-50,1000,"sd","13:07:02",2391200
12600,-50,4600,"sd","13:07:02",2390200
12600,-50,400,"sd","13:07:01",2385600
12600,-50,1000,"sd","13:07:01",2385200
12600,-50,400,"sd","13:07:01",2384200
12600,-50,1600,"sd","13:06:50",2383800
12600,-50,100,"sd","13:06:30",2382200
12600,-50,1700,"sd","13:05:56",2382100
12600,-50,4000,"sd","13:05:28",2380400
12600,-50,3000,"sd","13:05:20",2376400
12650,0,100,"bu","13:05:09",2373400
12650,0,3900,"bu","13:05:02",2373300
12600,-50,500,"sd","13:04:58",2369400
12650,0,5700,"bu","13:04:30",2368900
12650,0,20000,"bu","13:04:08",2363200
12650,0,2000,"bu","13:03:37",2343200
12600,-50,1000,"sd","13:03:34",2341200
12600,-50,200,"sd","13:03:31",2340200
12600,-50,300,"sd","13:03:30",2340000
12600,-50,4700,"sd","13:03:28",2339700
12600,-50,4500,"sd","13:03:20",2335000
12600,-50,11000,"sd","13:03:03",2330500
12600,-50,3000,"sd","13:03:02",2319500
12600,-50,3600,"sd","13:03:00",2316500
12600,-50,1000,"sd","13:02:55",2312900
12600,-50,5000,"sd","13:02:51",2311900
12600,-50,1000,"sd","13:02:38",2306900
12600,-50,400,"sd","13:02:24",2305900
12600,-50,3000,"sd","13:02:02",2305500
12600,-50,200,"sd","13:02:02",2302500
12600,-50,6800,"sd","13:02:02",2302300
12600,-50,3200,"sd","13:01:20",2295500
12600,-50,100,"sd","13:01:20",2292300
12600,-50,10000,"sd","13:01:20",2292200
12600,-50,2000,"sd","13:01:20",2282200
12600,-50,9700,"sd","13:01:20",2280200
12600,-50,100,"sd","13:01:19",2270500
12600,-50,200,"sd","13:01:05",2270400
12600,-50,4800,"sd","13:01:05",2270200
12650,0,1000,"bu","13:00:31",2265400
12600,-50,200,"sd","13:00:30",2264400
12600,-50,1000,"sd","13:00:30",2264200
12600,-50,3000,"sd","13:00:30",2263200
12600,-50,500,"sd","13:00:30",2260200
12600,-50,1300,"sd","13:00:30",2259700
12600,-50,4200,"sd","13:00:28",2258400
12600,-50,100,"sd","13:00:28",2254200
12600,-50,500,"sd","13:00:28",2254100
12600,-50,5000,"sd","13:00:28",2253600
12600,-50,20000,"sd","13:00:28",2248600
12600,-50,4900,"sd","13:00:28",2228600
12600,-50,1000,"sd","13:00:28",2223700
12600,-50,500,"sd","13:00:28",2222700
12650,0,1000,"bu","13:00:24",2222200
12600,-50,100,"sd","13:00:19",2221200
12600,-50,100,"sd","13:00:19",2221100
12650,0,3000,"bu","13:00:14",2221000
12600,-50,300,"sd","13:00:13",2218000
12600,-50,200,"sd","13:00:13",2217700
12600,-50,500,"sd","13:00:13",2217500
12650,0,3000,"bu","13:00:13",2217000
12650,0,100,"bu","13:00:07",2214000
12650,0,100,"bu","13:00:07",2213900
12650,0,100,"bu","13:00:03",2213800
12600,-50,1100,"sd","13:00:02",2213700
12600,-50,900,"sd","13:00:02",2212600
12600,-50,100,"sd","13:00:02",2211700
12600,-50,100,"sd","13:00:02",2211600
12600,-50,4800,"sd","13:00:02",2211500
12650,0,5000,"bu","13:00:01",2206700
12650,0,5000,"bu","13:00:01",2201700
12600,-50,200,"sd","13:00:01",2196700
12650,0,50000,"bu","13:00:01",2196500
12600,-50,100,"sd","13:00:01",2146500
12600,-50,5200,"sd","13:00:00",2146400
12600,-50,1000,"sd","13:00:00",2141200
12600,-50,14000,"sd","13:00:00",2140200
12600,-50,5000,"sd","13:00:00",2126200
12600,-50,100,"sd","13:00:00",2121200
12600,-50,5000,"sd","13:00:00",2121100
12600,-50,400,"sd","13:00:00",2116100
12600,-50,100,"sd","13:00:00",2115700
12600,-50,3000,"sd","13:00:00",2115600
12600,-50,500,"sd","13:00:00",2112600
12600,-50,1000,"sd","13:00:00",2112100
12600,-50,1200,"sd","13:00:00",2111100
12600,-50,2500,"sd","13:00:00",2109900
12650,0,100,"bu","13:00:00",2107400
12600,-50,5000,"sd","13:00:00",2107300
12600,-50,400,"sd","13:00:00",2102300
12600,-50,200,"sd","13:00:00",2101900
12600,-50,300,"sd","13:00:00",2101700
12600,-50,100,"sd","13:00:00",2101400
12600,-50,900,"sd","13:00:00",2101300
12600,-50,100,"sd","13:00:00",2100400
12600,-50,400,"sd","13:00:00",2100300
12600,-50,100,"sd","13:00:00",2099900
12600,-50,1000,"sd","13:00:00",2099800
12600,-50,1000,"sd","13:00:00",2098800
12600,-50,200,"sd","13:00:00",2097800
12600,-50,1000,"sd","13:00:00",2097600
12600,-50,1000,"sd","13:00:00",2096600
12600,-50,200,"sd","13:00:00",2095600
12600,-50,600,"sd","13:00:00",2095400
12600,-50,1000,"sd","13:00:00",2094800
12600,-50,4500,"sd","13:00:00",2093800
12650,0,1000,"bu","13:00:00",2089300
12650,0,1000,"bu","11:29:54",2088300
12650,0,5000,"bu","11:29:49",2087300
12650,0,5000,"bu","11:29:37",2082300
12650,0,400,"bu","11:29:33",2077300
12650,0,5000,"bu","11:29:18",2076900
12650,0,500,"bu","11:29:00",2071900
12600,-50,3600,"sd","11:28:56",2071400
12650,0,1000,"bu","11:28:08",2067800
12650,0,5000,"bu","11:28:06",2066800
12650,0,2000,"bu","11:28:03",2061800
12650,0,5000,"bu","11:27:48",2059800
12650,0,3000,"bu","11:27:27",2054800
12600,-50,600,"sd","11:27:06",2051800
12600,-50,1000,"sd","11:26:39",2051200
12600,-50,2500,"sd","11:26:39",2050200
12600,-50,4800,"sd","11:25:49",2047700
12600,-50,200,"sd","11:25:49",2042900
12650,0,4000,"bu","11:25:32",2042700
12600,-50,3600,"sd","11:24:54",2038700
12650,0,400,"bu","11:24:50",2035100
12650,0,200,"bu","11:24:49",2034700
12650,0,300,"bu","11:24:49",2034500
12650,0,2500,"bu","11:24:45",2034200
12650,0,100,"bu","11:24:33",2031700
12600,-50,200,"sd","11:24:26",2031600
12600,-50,500,"sd","11:24:19",2031400
12600,-50,2000,"sd","11:22:38",2030900
12600,-50,3500,"sd","11:22:05",2028900
12600,-50,2300,"sd","11:22:05",2025400
12600,-50,700,"sd","11:21:27",2023100
12600,-50,2100,"sd","11:21:27",2022400
12600,-50,3600,"sd","11:20:51",2020300
12600,-50,300,"sd","11:20:31",2016700
12600,-50,100,"sd","11:20:31",2016400
12600,-50,1600,"sd","11:20:31",2016300
12600,-50,1000,"sd","11:20:09",2014700
12600,-50,5000,"sd","11:18:03",2013700
12650,0,1000,"bu","11:17:34",2008700
12600,-50,14300,"sd","11:17:25",2007700
12600,-50,3600,"sd","11:16:47",1993400
12600,-50,100,"sd","11:16:43",1989800
12600,-50,200,"sd","11:15:33",1989700
12600,-50,100,"sd","11:14:26",1989500
12600,-50,24100,"sd","11:13:45",1989400
12600,-50,1800,"sd","11:13:45",1965300
12600,-50,3000,"sd","11:13:45",1963500
12600,-50,300,"sd","11:13:45",1960500
12600,-50,300,"sd","11:13:45",1960200
12600,-50,500,"sd","11:13:45",1959900
12600,-50,300,"sd","11:13:43",1959400
12650,0,100,"bu","11:13:25",1959100
12650,0,900,"bu","11:13:25",1959000
12650,0,100,"bu","11:13:12",1958100
12600,-50,3600,"sd","11:12:44",1958000
12600,-50,200,"sd","11:12:02",1954400
12600,-50,400,"sd","11:11:57",1954200
12600,-50,500,"sd","11:11:36",1953800
12600,-50,100,"sd","11:11:14",1953300
12600,-50,400,"sd","11:10:33",1953200
12600,-50,100,"sd","11:10:33",1952800
12600,-50,1900,"sd","11:08:40",1952700
12600,-50,1700,"sd","11:08:40",1950800
12600,-50,200,"sd","11:08:22",1949100
12600,-50,4000,"sd","11:06:45",1948900
12600,-50,11800,"sd","11:06:34",1944900
12600,-50,2300,"sd","11:06:05",1933100
12600,-50,1700,"sd","11:06:05",1930800
12600,-50,1000,"sd","11:06:05",1929100
12600,-50,1000,"sd","11:06:05",1928100
12600,-50,1000,"sd","11:06:05",1927100
12600,-50,300,"sd","11:06:05",1926100
12600,-50,1000,"sd","11:06:05",1925800
12600,-50,1700,"sd","11:06:05",1924800
12600,-50,3300,"sd","11:04:38",1923100
12600,-50,300,"sd","11:04:38",1919800
12600,-50,4000,"sd","11:04:04",1919500
12600,-50,500,"sd","11:04:04",1915500
12600,-50,100,"sd","11:04:04",1915000
12600,-50,500,"sd","11:04:04",1914900
12600,-50,1000,"sd","11:04:04",1914400
12600,-50,200,"sd","11:04:04",1913400
12600,-50,4000,"sd","11:04:04",1913200
12600,-50,700,"sd","11:04:04",1909200
12600,-50,800,"sd","11:03:01",1908500
12600,-50,300,"sd","11:02:52",1907700
12600,-50,2500,"sd","11:02:52",1907400
12600,-50,1000,"sd","11:02:51",1904900
12600,-50,2500,"sd","11:02:40",1903900
12600,-50,1000,"sd","11:02:40",1901400
12600,-50,800,"sd","11:02:40",1900400
12600,-50,300,"sd","11:02:40",1899600
12600,-50,100,"sd","11:02:40",1899300
12600,-50,200,"sd","11:02:40",1899200
12600,-50,2300,"sd","11:02:40",1899000
12600,-50,500,"sd","11:02:40",1896700
12600,-50,2000,"sd","11:02:40",1896200
12600,-50,300,"sd","11:02:40",1894200
12600,-50,300,"sd","11:02:12",1893900
12600,-50,200,"sd","11:02:12",1893600
12600,-50,300,"sd","11:01:30",1893400
12600,-50,4100,"sd","11:01:15",1893100
12600,-50,900,"sd","11:01:15",1889000
12600,-50,300,"sd","11:01:03",1888100
12600,-50,300,"sd","11:01:03",1887800
12600,-50,100,"sd","11:01:03",1887500
12600,-50,200,"sd","11:01:03",1887400
12600,-50,400,"sd","11:01:03",1887200
12600,-50,900,"sd","11:01:03",1886800
12600,-50,300,"sd","11:01:03",1885900
12600,-50,300,"sd","11:01:03",1885600
12600,-50,100,"sd","11:01:03",1885300
12600,-50,400,"sd","11:01:03",1885200
12600,-50,400,"sd","11:01:03",1884800
12600,-50,200,"sd","11:01:03",1884400
12600,-50,1200,"sd","11:01:03",1884200
12600,-50,25400,"sd","11:00:58",1883000
12600,-50,3600,"sd","11:00:34",1857600
12600,-50,100,"sd","11:00:24",1854000
12600,-50,200,"sd","10:59:41",1853900
12600,-50,100,"sd","10:58:41",1853700
12600,-50,1300,"sd","10:58:18",1853600
12600,-50,3700,"sd","10:58:18",1852300
12600,-50,500,"sd","10:58:17",1848600
12600,-50,1000,"sd","10:58:11",1848100
12600,-50,1000,"sd","10:58:04",1847100
12600,-50,1000,"sd","10:57:42",1846100
12600,-50,1800,"sd","10:57:12",1845100
12600,-50,200,"sd","10:57:12",1843300
12650,0,1000,"bu","10:57:03",1843100
12600,-50,9800,"sd","10:56:57",1842100
12600,-50,800,"sd","10:56:57",1832300
12600,-50,4000,"sd","10:56:57",1831500
12600,-50,3000,"sd","10:56:57",1827500
12600,-50,25000,"sd","10:56:57",1824500
12600,-50,300,"sd","10:56:57",1799500
12600,-50,100,"sd","10:56:57",1799200
12600,-50,7000,"sd","10:56:57",1799100
12600,-50,3600,"sd","10:56:31",1792100
12650,0,1000,"bu","10:56:29",1788500
12600,-50,1000,"sd","10:56:13",1787500
12600,-50,17400,"sd","10:54:17",1786500
12600,-50,300,"sd","10:54:17",1769100
12600,-50,1000,"sd","10:53:38",1768800
12600,-50,1700,"sd","10:52:28",1767800
12600,-50,1900,"sd","10:52:28",1766100
12600,-50,2000,"sd","10:51:18",1764200
12600,-50,2600,"sd","10:51:02",1762200
12600,-50,400,"sd","10:50:45",1759600
12600,-50,900,"sd","10:49:21",1759200
12600,-50,100,"sd","10:49:20",1758300
12600,-50,2100,"sd","10:48:24",1758200
12600,-50,1500,"sd","10:48:24",1756100
12600,-50,400,"sd","10:47:46",1754600
12650,0,2500,"bu","10:43:16",1754200
12650,0,500,"bu","10:43:16",1751700
12600,-50,1000,"bu","10:41:29",1751200
12600,-50,2100,"bu","10:41:29",1750200
12600,-50,1000,"bu","10:41:06",1748100
12600,-50,100,"bu","10:41:04",1747100
12600,-50,200,"bu","10:40:53",1747000
12600,-50,200,"sd","10:40:18",1746800
12600,-50,400,"bu","10:39:52",1746600
12600,-50,100,"bu","10:39:52",1746200
12600,-50,900,"bu","10:39:52",1746100
12600,-50,300,"bu","10:39:52",1745200
12600,-50,100,"bu","10:39:52",1744900
12600,-50,200,"bu","10:39:52",1744800
12600,-50,300,"bu","10:39:32",1744600
12550,-100,2400,"sd","10:39:28",1744300
12550,-100,900,"sd","10:39:28",1741900
12550,-100,800,"sd","10:39:28",1741000
12550,-100,200,"sd","10:39:28",1740200
12550,-100,2200,"sd","10:39:28",1740000
12600,-50,100,"bu","10:39:22",1737800
12600,-50,3000,"bu","10:39:13",1737700
12600,-50,100,"bu","10:39:13",1734700
12600,-50,1900,"bu","10:39:13",1734600
12600,-50,1700,"bu","10:39:06",1732700
12600,-50,1000,"bu","10:37:45",1731000
12600,-50,600,"bu","10:37:20",1730000
12600,-50,100,"bu","10:37:01",1729400
12550,-100,200,"sd","10:36:42",1729300
12550,-100,3500,"sd","10:36:16",1729100
12550,-100,100,"sd","10:36:16",1725600
12600,-50,100,"bu","10:36:04",1725500
12600,-50,1500,"sd","10:35:47",1725400
12600,-50,3100,"sd","10:35:47",1723900
12600,-50,100,"sd","10:35:35",1720800
12600,-50,800,"sd","10:35:33",1720700
12600,-50,300,"sd","10:35:33",1719900
12600,-50,900,"sd","10:35:01",1719600
12600,-50,500,"sd","10:35:01",1718700
12600,-50,1000,"sd","10:35:01",1718200
12600,-50,200,"sd","10:35:01",1717200
12600,-50,300,"sd","10:35:01",1717000
12600,-50,5000,"sd","10:35:01",1716700
12600,-50,1000,"sd","10:35:01",1711700
12600,-50,300,"sd","10:35:01",1710700
12600,-50,100,"sd","10:35:01",1710400
12600,-50,700,"sd","10:35:01",1710300
12600,-50,200,"sd","10:34:48",1709600
12600,-50,100,"sd","10:32:43",1709400
12600,-50,2100,"sd","10:32:43",1709300
12600,-50,2100,"sd","10:32:38",1707200
12600,-50,1800,"sd","10:32:12",1705100
12600,-50,1000,"sd","10:32:12",1703300
12600,-50,800,"sd","10:32:12",1702300
12600,-50,100,"bu","10:32:06",1701500
12600,-50,100,"bu","10:32:06",1701400
12600,-50,2000,"bu","10:32:00",1701300
12600,-50,100,"bu","10:32:00",1699300
12600,-50,900,"bu","10:31:52",1699200
12600,-50,300,"bu","10:31:52",1698300
12600,-50,500,"bu","10:31:52",1698000
12600,-50,100,"bu","10:31:52",1697500
12600,-50,200,"bu","10:31:52",1697400
12600,-50,300,"bu","10:31:49",1697200
12600,-50,700,"bu","10:31:49",1696900
12600,-50,1000,"bu","10:31:47",1696200
12600,-50,100,"bu","10:31:34",1695200
12600,-50,200,"sd","10:30:21",1695100
12600,-50,500,"sd","10:30:21",1694900
12600,-50,1300,"sd","10:30:05",1694400
12600,-50,10000,"sd","10:30:05",1693100
12600,-50,2000,"sd","10:30:05",1683100
12600,-50,1000,"sd","10:30:05",1681100
12600,-50,100,"sd","10:30:05",1680100
12600,-50,500,"sd","10:30:05",1680000
12600,-50,6700,"sd","10:30:05",1679500
12600,-50,4000,"sd","10:30:05",1672800
12600,-50,100,"sd","10:30:05",1668800
12600,-50,1000,"sd","10:30:05",1668700
12600,-50,21000,"sd","10:30:05",1667700
12600,-50,500,"sd","10:30:05",1646700
12600,-50,500,"sd","10:30:05",1646200
12600,-50,500,"sd","10:30:05",1645700
12600,-50,900,"sd","10:30:05",1645200
12600,-50,500,"sd","10:30:05",1644300
12600,-50,1500,"sd","10:30:05",1643800
12600,-50,5000,"sd","10:30:05",1642300
12600,-50,300,"sd","10:30:05",1637300
12600,-50,300,"sd","10:30:05",1637000
12600,-50,500,"sd","10:30:05",1636700
12600,-50,100,"sd","10:30:05",1636200
12600,-50,600,"sd","10:30:05",1636100
12600,-50,2000,"sd","10:30:05",1635500
12600,-50,100,"sd","10:30:05",1633500
12600,-50,600,"sd","10:30:05",1633400
12600,-50,1000,"sd","10:30:05",1632800
12600,-50,300,"sd","10:30:05",1631800
12600,-50,1000,"sd","10:30:05",1631500
12600,-50,500,"sd","10:30:05",1630500
12600,-50,3000,"sd","10:30:05",1630000
12600,-50,2000,"sd","10:30:05",1627000
12600,-50,600,"sd","10:30:05",1625000
12600,-50,100,"sd","10:30:00",1624400
12600,-50,300,"sd","10:29:57",1624300
12600,-50,100,"sd","10:29:57",1624000
12600,-50,1000,"sd","10:29:57",1623900
12600,-50,100,"sd","10:29:57",1622900
12600,-50,600,"sd","10:29:57",1622800
12600,-50,200,"sd","10:29:57",1622200
12600,-50,500,"sd","10:29:57",1622000
12600,-50,300,"sd","10:29:57",1621500
12600,-50,1100,"sd","10:29:57",1621200
12600,-50,900,"sd","10:29:39",1620100
12600,-50,100,"sd","10:29:38",1619200
12650,0,2000,"bu","10:29:31",1619100
12600,-50,1000,"sd","10:29:03",1617100
12600,-50,16900,"sd","10:28:09",1616100
12600,-50,1000,"sd","10:28:09",1599200
12600,-50,20000,"sd","10:28:09",1598200
12600,-50,200,"sd","10:28:09",1578200
12600,-50,1000,"sd","10:28:09",1578000
12600,-50,100,"sd","10:28:09",1577000
12600,-50,2000,"sd","10:28:09",1576900
12600,-50,1000,"sd","10:28:09",1574900
12600,-50,200,"sd","10:28:09",1573900
12600,-50,1000,"sd","10:28:09",1573700
12600,-50,1000,"sd","10:28:09",1572700
12600,-50,1000,"sd","10:28:09",1571700
12600,-50,100,"sd","10:28:09",1570700
12600,-50,500,"sd","10:28:09",1570600
12600,-50,1000,"sd","10:28:09",1570100
12600,-50,200,"sd","10:28:09",1569100
12600,-50,1500,"sd","10:28:09",1568900
12600,-50,5000,"sd","10:28:09",1567400
12600,-50,500,"sd","10:28:09",1562400
12600,-50,500,"sd","10:28:09",1561900
12600,-50,1000,"sd","10:28:09",1561400
12600,-50,100,"sd","10:28:09",1560400
12600,-50,15000,"sd","10:28:09",1560300
12600,-50,2000,"sd","10:28:09",1545300
12600,-50,27200,"sd","10:28:09",1543300
12600,-50,200,"sd","10:27:54",1516100
12600,-50,300,"sd","10:27:05",1515900
12600,-50,3000,"sd","10:26:48",1515600
12600,-50,900,"sd","10:26:43",1512600
12600,-50,500,"sd","10:26:43",1511700
12600,-50,3000,"sd","10:26:43",1511200
12600,-50,800,"sd","10:26:43",1508200
12600,-50,100,"sd","10:26:43",1507400
12600,-50,500,"sd","10:26:43",1507300
12600,-50,200,"sd","10:26:43",1506800
12600,-50,800,"sd","10:25:51",1506600
12600,-50,1200,"sd","10:25:51",1505800
12650,0,500,"bu","10:25:04",1504600
12650,0,100,"bu","10:24:50",1504100
12650,0,300,"bu","10:24:49",1504000
12650,0,400,"bu","10:24:22",1503700
12650,0,19900,"bu","10:24:22",1503300
12650,0,400,"bu","10:24:22",1483400
12650,0,500,"bu","10:24:22",1483000
12650,0,8800,"bu","10:24:22",1482500
12600,-50,2000,"sd","10:24:06",1473700
12600,-50,1600,"sd","10:24:06",1471700
12650,0,500,"bu","10:21:25",1470100
12650,0,100,"bu","10:20:51",1469600
12650,0,500,"bu","10:20:42",1469500
12650,0,100,"bu","10:20:41",1469000
12650,0,3600,"bu","10:20:41",1468900
12650,0,5000,"bu","10:20:41",1465300
12650,0,1300,"bu","10:20:41",1460300
12650,0,1000,"bu","10:20:03",1459000
12600,-50,3600,"sd","10:20:02",1458000
12650,0,1000,"bu","10:19:43",1454400
12600,-50,400,"sd","10:19:29",1453400
12650,0,2000,"bu","10:18:59",1453000
12650,0,1000,"bu","10:18:55",1451000
12650,0,1000,"sd","10:18:38",1450000
12650,0,1200,"sd","10:18:38",1449000
12650,0,300,"sd","10:18:36",1447800
12650,0,700,"sd","10:18:36",1447500
12650,0,800,"sd","10:18:17",1446800
12650,0,1800,"sd","10:18:17",1446000
12650,0,600,"sd","10:18:17",1444200
12650,0,1000,"sd","10:18:17",1443600
12650,0,500,"sd","10:18:17",1442600
12650,0,1000,"sd","10:18:17",1442100
12650,0,500,"sd","10:18:17",1441100
12650,0,1000,"sd","10:18:17",1440600
12650,0,900,"sd","10:18:17",1439600
12650,0,3000,"sd","10:18:17",1438700
12650,0,5000,"sd","10:18:17",1435700
12650,0,1000,"sd","10:18:17",1430700
12650,0,700,"sd","10:18:17",1429700
12650,0,1000,"sd","10:18:17",1429000
12650,0,500,"sd","10:18:17",1428000
12650,0,1000,"sd","10:18:17",1427500
12650,0,1200,"sd","10:18:17",1426500
12650,0,1200,"sd","10:18:17",1425300
12650,0,3000,"sd","10:18:17",1424100
12650,0,2000,"sd","10:18:17",1421100
12650,0,2000,"sd","10:18:17",1419100
12650,0,300,"sd","10:18:17",1417100
12700,50,15700,"bu","10:18:15",1416800
12700,50,1500,"bu","10:18:15",1401100
12700,50,2800,"bu","10:18:15",1399600
12700,50,1000,"bu","10:18:13",1396800
12700,50,1000,"bu","10:17:57",1395800
12700,50,200,"bu","10:17:40",1394800
12700,50,800,"bu","10:17:33",1394600
12650,0,600,"sd","10:17:24",1393800
12650,0,100,"sd","10:17:21",1393200
12650,0,200,"sd","10:17:21",1393100
12650,0,500,"sd","10:17:21",1392900
12650,0,100,"sd","10:17:21",1392400
12650,0,2400,"sd","10:17:21",1392300
12700,50,500,"bu","10:17:01",1389900
12700,50,200,"bu","10:16:43",1389400
12700,50,500,"bu","10:16:43",1389200
12700,50,400,"bu","10:16:43",1388700
12700,50,8700,"bu","10:16:43",1388300
12650,0,500,"sd","10:16:37",1379600
12650,0,1000,"sd","10:16:32",1379100
12650,0,200,"sd","10:16:31",1378100
12650,0,900,"sd","10:16:03",1377900
12650,0,500,"sd","10:16:03",1377000
12700,50,400,"bu","10:15:17",1376500
12700,50,1000,"bu","10:14:41",1376100
12700,50,400,"bu","10:14:15",1375100
12650,0,100,"sd","10:14:09",1374700
12700,50,100,"bu","10:14:05",1374600
12700,50,100,"bu","10:14:05",1374500
12700,50,100,"bu","10:14:05",1374400
12700,50,200,"bu","10:14:05",1374300
12700,50,100,"bu","10:14:05",1374100
12700,50,100,"bu","10:14:05",1374000
12650,0,1400,"sd","10:14:04",1373900
12650,0,300,"sd","10:14:04",1372500
12650,0,400,"sd","10:14:04",1372200
12650,0,900,"sd","10:14:04",1371800
12650,0,500,"sd","10:13:40",1370900
12650,0,100,"sd","10:13:29",1370400
12650,0,1000,"sd","10:12:48",1370300
12650,0,1500,"sd","10:12:19",1369300
12650,0,500,"sd","10:12:19",1367800
12650,0,500,"sd","10:12:19",1367300
12650,0,200,"sd","10:12:19",1366800
12650,0,7600,"sd","10:12:19",1366600
12650,0,1000,"sd","10:11:51",1359000
12650,0,1400,"sd","10:11:50",1358000
12650,0,600,"sd","10:11:50",1356600
12650,0,400,"sd","10:11:41",1356000
12650,0,600,"sd","10:11:41",1355600
12650,0,100,"sd","10:11:29",1355000
12650,0,100,"sd","10:11:10",1354900
12650,0,1000,"sd","10:10:36",1354800
12650,0,900,"sd","10:10:22",1353800
12650,0,100,"sd","10:10:03",1352900
12650,0,1200,"sd","10:09:58",1352800
12650,0,1100,"sd","10:09:58",1351600
12650,0,1000,"sd","10:09:58",1350500
12650,0,1000,"sd","10:09:58",1349500
12650,0,700,"sd","10:09:58",1348500
12650,0,500,"sd","10:09:47",1347800
12650,0,2200,"sd","10:09:35",1347300
12650,0,1600,"bu","10:09:26",1345100
12650,0,1400,"bu","10:09:26",1343500
12650,0,100,"bu","10:09:26",1342100
12650,0,400,"bu","10:09:26",1342000
12650,0,1700,"bu","10:09:26",1341600
12650,0,300,"bu","10:09:07",1339900
12650,0,3600,"bu","10:09:07",1339600
12650,0,10000,"bu","10:09:07",1336000
12650,0,5000,"bu","10:09:07",1326000
12650,0,6100,"bu","10:09:07",1321000
12650,0,1000,"bu","10:09:04",1314900
12650,0,2900,"bu","10:09:02",1313900
12650,0,1000,"bu","10:09:02",1311000
12650,0,100,"bu","10:09:02",1310000
12650,0,300,"bu","10:08:57",1309900
12650,0,2800,"bu","10:08:57",1309600
12650,0,1000,"bu","10:08:57",1306800
12650,0,8800,"bu","10:08:57",1305800
12650,0,600,"bu","10:08:57",1297000
12650,0,200,"bu","10:08:57",1296400
12650,0,400,"bu","10:08:57",1296200
12650,0,800,"bu","10:08:57",1295800
12650,0,2000,"bu","10:08:38",1295000
12650,0,200,"bu","10:08:29",1293000
12650,0,600,"bu","10:08:15",1292800
12650,0,9400,"bu","10:08:15",1292200
12650,0,2000,"bu","10:07:58",1282800
12650,0,3000,"bu","10:07:46",1280800
12650,0,15600,"bu","10:07:35",1277800
12650,0,500,"bu","10:07:35",1262200
12650,0,3900,"bu","10:07:35",1261700
12650,0,1000,"bu","10:07:31",1257800
12650,0,100,"bu","10:07:27",1256800
12650,0,8000,"bu","10:07:18",1256700
12650,0,2300,"bu","10:07:16",1248700
12650,0,500,"bu","10:07:07",1246400
12650,0,500,"bu","10:07:05",1245900
12650,0,1000,"bu","10:07:02",1245400
12650,0,200,"bu","10:06:59",1244400
12650,0,1000,"bu","10:06:50",1244200
12650,0,100,"bu","10:06:28",1243200
12650,0,1000,"bu","10:06:09",1243100
12650,0,1000,"bu","10:05:52",1242100
12650,0,3500,"bu","10:05:35",1241100
12650,0,3000,"bu","10:04:39",1237600
12650,0,500,"bu","10:04:33",1234600
12650,0,10000,"bu","10:04:06",1234100
12650,0,1000,"bu","10:03:52",1224100
12650,0,1000,"bu","10:03:30",1223100
12650,0,3000,"bu","10:03:22",1222100
12600,-50,1400,"sd","10:03:18",1219100
12600,-50,500,"sd","10:03:18",1217700
12600,-50,1000,"sd","10:03:18",1217200
12600,-50,1000,"sd","10:03:17",1216200
12600,-50,1100,"sd","10:03:17",1215200
12650,0,1000,"bu","10:02:55",1214100
12650,0,5000,"bu","10:02:50",1213100
12650,0,1000,"bu","10:02:46",1208100
12650,0,100,"bu","10:02:43",1207100
12650,0,100,"bu","10:02:39",1207000
12650,0,100,"bu","10:02:27",1206900
12650,0,3000,"bu","10:02:18",1206800
12650,0,1000,"bu","10:02:17",1203800
12650,0,300,"bu","10:02:15",1202800
12650,0,1000,"bu","10:02:08",1202500
12650,0,500,"bu","10:02:05",1201500
12650,0,500,"bu","10:01:59",1201000
12650,0,1000,"bu","10:01:45",1200500
12650,0,5500,"bu","10:01:40",1199500
12650,0,5000,"sd","10:01:37",1194000
12650,0,1000,"sd","10:01:37",1189000
12650,0,1000,"sd","10:01:37",1188000
12650,0,7500,"sd","10:01:37",1187000
12650,0,1000,"sd","10:01:37",1179500
12650,0,500,"sd","10:01:37",1178500
12650,0,5000,"sd","10:01:37",1178000
12650,0,2000,"sd","10:01:37",1173000
12650,0,1000,"sd","10:01:37",1171000
12650,0,5000,"sd","10:01:37",1170000
12650,0,3000,"sd","10:01:37",1165000
12650,0,2000,"sd","10:01:37",1162000
12650,0,1500,"sd","10:01:37",1160000
12650,0,200,"sd","10:01:37",1158500
12650,0,1600,"sd","10:01:37",1158300
12700,50,18800,"bu","10:01:35",1156700
12700,50,3600,"bu","10:01:35",1137900
12700,50,2000,"bu","10:01:35",1134300
12700,50,200,"bu","10:01:35",1132300
12700,50,100,"bu","10:01:35",1132100
12700,50,300,"bu","10:01:35",1132000
12700,50,1000,"bu","10:01:35",1131700
12700,50,500,"bu","10:01:35",1130700
12700,50,1000,"bu","10:01:35",1130200
12700,50,1000,"bu","10:01:35",1129200
12700,50,2200,"bu","10:01:35",1128200
12700,50,100,"bu","10:01:35",1126000
12700,50,500,"bu","10:01:35",1125900
12700,50,700,"bu","10:01:35",1125400
12700,50,2500,"bu","10:01:35",1124700
12700,50,100,"bu","10:01:35",1122200
12700,50,8000,"bu","10:01:35",1122100
12700,50,1000,"bu","10:01:35",1114100
12700,50,100,"bu","10:01:35",1113100
12700,50,100,"bu","10:01:35",1113000
12700,50,10000,"bu","10:01:35",1112900
12700,50,2000,"bu","10:01:35",1102900
12700,50,4000,"bu","10:01:35",1100900
12700,50,100,"bu","10:01:35",1096900
12700,50,300,"bu","10:01:35",1096800
12700,50,1000,"bu","10:01:35",1096500
12700,50,500,"bu","10:01:35",1095500
12700,50,500,"bu","10:01:35",1095000
12700,50,100,"bu","10:01:35",1094500
12700,50,100,"bu","10:01:35",1094400
12700,50,6000,"bu","10:01:35",1094300
12700,50,7000,"bu","10:01:35",1088300
12700,50,500,"bu","10:01:35",1081300
12700,50,200,"bu","10:01:35",1080800
12700,50,100,"bu","10:01:35",1080600
12700,50,500,"bu","10:01:35",1080500
12700,50,3000,"bu","10:01:35",1080000
12700,50,5000,"bu","10:01:35",1077000
12700,50,10000,"bu","10:01:35",1072000
12700,50,5000,"bu","10:01:35",1062000
12700,50,100,"bu","10:01:35",1057000
12700,50,100,"bu","10:01:35",1056900
12700,50,1000,"bu","10:01:35",1056800
12700,50,10000,"bu","10:01:35",1055800
12700,50,500,"bu","10:01:35",1045800
12700,50,1000,"bu","10:01:35",1045300
12700,50,10000,"bu","10:01:35",1044300
12700,50,3000,"bu","10:01:35",1034300
12700,50,100,"bu","10:01:35",1031300
12700,50,200,"bu","10:01:35",1031200
12700,50,3000,"bu","10:01:35",1031000
12700,50,5000,"bu","10:01:35",1028000
12700,50,200,"bu","10:01:35",1023000
12700,50,65000,"bu","10:01:35",1022800
12700,50,1000,"bu","10:01:35",957800
12700,50,100,"bu","10:01:35",956800
12650,0,100,"sd","10:01:33",956700
12700,50,900,"bu","10:01:30",956600
12700,50,400,"bu","10:01:30",955700
12700,50,1400,"bu","10:01:30",955300
12700,50,2300,"bu","10:01:30",953900
12650,0,1000,"sd","10:01:24",951600
12700,50,2700,"bu","10:01:22",950600
12700,50,300,"bu","10:01:22",947900
12700,50,700,"bu","10:01:22",947600
12700,50,500,"bu","10:01:18",946900
12700,50,2700,"bu","10:01:05",946400
12650,0,2300,"sd","10:00:43",943700
12650,0,500,"sd","10:00:43",941400
12650,0,500,"sd","10:00:32",940900
12650,0,600,"sd","10:00:32",940400
12650,0,800,"sd","10:00:32",939800
12650,0,100,"sd","10:00:32",939000
12650,0,5000,"sd","10:00:32",938900
12650,0,3000,"sd","10:00:32",933900
12700,50,2000,"bu","10:00:32",930900
12700,50,500,"bu","10:00:31",928900
12700,50,300,"bu","10:00:24",928400
12650,0,100,"sd","10:00:24",928100
12700,50,2000,"bu","10:00:23",928000
12700,50,1000,"bu","10:00:12",926000
12700,50,10300,"bu","09:59:40",925000
12650,0,100,"sd","09:59:40",914700
12650,0,4800,"sd","09:59:36",914600
12650,0,5000,"sd","09:59:36",909800
12650,0,300,"sd","09:59:36",904800
12650,0,100,"sd","09:59:36",904500
12650,0,9800,"sd","09:59:36",904400
12650,0,20000,"sd","09:59:36",894600
12650,0,5000,"bu","09:59:06",874600
12650,0,15200,"bu","09:59:06",869600
12650,0,2000,"bu","09:58:56",854400
12650,0,500,"bu","09:58:55",852400
12650,0,2000,"bu","09:58:55",851900
12650,0,300,"bu","09:58:52",849900
12650,0,7100,"bu","09:58:52",849600
12650,0,5000,"sd","09:58:44",842500
12650,0,37900,"sd","09:58:44",837500
12650,0,500,"bu","09:58:41",799600
12650,0,3000,"bu","09:58:41",799100
12650,0,3000,"bu","09:58:41",796100
12650,0,3600,"bu","09:58:41",793100
12650,0,700,"bu","09:58:41",789500
12650,0,1000,"bu","09:58:41",788800
12650,0,300,"bu","09:58:40",787800
12650,0,100,"bu","09:58:38",787500
12650,0,100,"bu","09:58:37",787400
12650,0,200,"bu","09:58:37",787300
12650,0,700,"bu","09:58:37",787100
12650,0,300,"bu","09:58:36",786400
12650,0,100,"bu","09:58:36",786100
12650,0,1000,"bu","09:58:36",786000
12650,0,8600,"bu","09:58:36",785000
12650,0,3000,"bu","09:58:35",776400
12650,0,2000,"bu","09:58:26",773400
12650,0,1000,"bu","09:58:25",771400
12650,0,4000,"bu","09:58:23",770400
12650,0,1400,"bu","09:58:17",766400
12650,0,1300,"bu","09:58:14",765000
12650,0,1100,"bu","09:58:14",763700
12650,0,1500,"bu","09:58:14",762600
12650,0,1000,"bu","09:58:13",761100
12650,0,2400,"bu","09:58:06",760100
12650,0,1000,"bu","09:58:06",757700
12650,0,1200,"bu","09:58:06",756700
12650,0,1000,"bu","09:58:06",755500
12650,0,600,"bu","09:58:06",754500
12650,0,100,"bu","09:58:06",753900
12650,0,20000,"bu","09:58:06",753800
12650,0,1000,"bu","09:58:06",733800
12650,0,900,"bu","09:58:06",732800
12650,0,100,"bu","09:58:06",731900
12650,0,300,"bu","09:58:06",731800
12650,0,200,"bu","09:58:06",731500
12650,0,4200,"bu","09:58:06",731300
12650,0,800,"bu","09:57:59",727100
12650,0,200,"bu","09:57:59",726300
12650,0,500,"bu","09:57:59",726100
12650,0,4000,"bu","09:57:58",725600
12650,0,300,"bu","09:57:54",721600
12650,0,9700,"bu","09:57:54",721300
12650,0,8000,"bu","09:57:51",711600
12650,0,800,"bu","09:57:51",703600
12650,0,200,"bu","09:57:51",702800
12650,0,500,"bu","09:57:51",702600
12650,0,500,"bu","09:57:51",702100
12650,0,500,"bu","09:57:51",701600
12650,0,100,"bu","09:57:51",701100
12650,0,1800,"bu","09:57:51",701000
12650,0,3000,"bu","09:57:50",699200
12650,0,100,"bu","09:57:21",696200
12650,0,10000,"bu","09:57:06",696100
12650,0,1000,"bu","09:57:01",686100
12650,0,14100,"bu","09:56:48",685100
12650,0,200,"bu","09:56:48",671000
12650,0,500,"bu","09:56:48",670800
12650,0,1000,"bu","09:56:48",670300
12650,0,500,"bu","09:56:48",669300
12650,0,500,"bu","09:56:48",668800
12650,0,100,"bu","09:56:48",668300
12650,0,500,"bu","09:56:48",668200
12650,0,1000,"bu","09:56:48",667700
12650,0,100,"bu","09:56:48",666700
12650,0,9500,"bu","09:56:48",666600
12600,-50,1000,"sd","09:56:38",657100
12650,0,10000,"bu","09:56:27",656100
12600,-50,7900,"sd","09:56:24",646100
12600,-50,100,"sd","09:56:24",638200
12600,-50,400,"sd","09:56:19",638100
12600,-50,600,"sd","09:56:19",637700
12600,-50,400,"sd","09:56:13",637100
12600,-50,1000,"sd","09:56:13",636700
12600,-50,300,"sd","09:56:13",635700
12600,-50,300,"sd","09:56:13",635400
12600,-50,1000,"sd","09:56:13",635100
12600,-50,500,"sd","09:56:13",634100
12600,-50,600,"sd","09:56:13",633600
12600,-50,400,"sd","09:56:13",633000
12600,-50,15500,"sd","09:56:13",632600
12650,0,200,"bu","09:56:04",617100
12600,-50,2800,"sd","09:55:52",616900
12600,-50,11700,"bu","09:55:38",614100
12600,-50,1200,"sd","09:55:31",602400
12600,-50,5000,"sd","09:55:31",601200
12600,-50,1100,"sd","09:55:31",596200
12600,-50,200,"sd","09:55:31",595100
12600,-50,1000,"sd","09:55:31",594900
12600,-50,100,"sd","09:55:31",593900
12600,-50,500,"sd","09:55:31",593800
12600,-50,2800,"sd","09:55:31",593300
12650,0,300,"bu","09:55:29",590500
12650,0,700,"bu","09:55:29",590200
12600,-50,1200,"sd","09:55:25",589500
12600,-50,500,"sd","09:55:25",588300
12600,-50,3000,"sd","09:55:25",587800
12600,-50,18000,"sd","09:55:25",584800
12600,-50,1000,"sd","09:55:25",566800
12600,-50,6300,"sd","09:55:25",565800
12650,0,1300,"bu","09:55:22",559500
12650,0,3000,"bu","09:55:22",558200
12650,0,700,"bu","09:55:22",555200
12600,-50,1000,"sd","09:55:15",554500
12600,-50,5000,"sd","09:55:05",553500
12600,-50,37700,"sd","09:54:43",548500
12600,-50,10000,"sd","09:54:43",510800
12600,-50,1000,"sd","09:54:43",500800
12600,-50,500,"sd","09:54:43",499800
12600,-50,800,"sd","09:54:43",499300
12600,-50,100,"bu","09:54:42",498500
12600,-50,100,"bu","09:54:42",498400
12600,-50,500,"bu","09:54:42",498300
12600,-50,1000,"bu","09:54:41",497800
12600,-50,4000,"bu","09:54:39",496800
12600,-50,1000,"bu","09:54:38",492800
12600,-50,8000,"bu","09:54:36",491800
12600,-50,5000,"bu","09:54:36",483800
12600,-50,200,"bu","09:54:35",478800
12600,-50,1000,"bu","09:54:33",478600
12600,-50,500,"bu","09:54:28",477600
12600,-50,10000,"bu","09:54:27",477100
12550,-100,500,"sd","09:54:26",467100
12600,-50,3000,"bu","09:54:25",466600
12600,-50,2000,"bu","09:54:22",463600
12600,-50,5000,"bu","09:54:21",461600
12600,-50,200,"bu","09:54:19",456600
12600,-50,3000,"bu","09:54:17",456400
12600,-50,1200,"bu","09:54:17",453400
12600,-50,1000,"bu","09:54:15",452200
12600,-50,300,"sd","09:54:14",451200
12600,-50,3000,"sd","09:54:14",450900
12600,-50,1000,"bu","09:54:11",447900
12600,-50,1000,"bu","09:54:11",446900
12600,-50,2600,"bu","09:54:09",445900
12600,-50,900,"bu","09:54:09",443300
12600,-50,500,"bu","09:54:09",442400
12600,-50,1000,"bu","09:54:09",441900
12600,-50,100,"bu","09:54:09",440900
12600,-50,1000,"bu","09:54:09",440800
12600,-50,3600,"bu","09:54:09",439800
12600,-50,1000,"bu","09:54:09",436200
12600,-50,1000,"bu","09:54:09",435200
12600,-50,1000,"bu","09:54:09",434200
12600,-50,1000,"bu","09:54:09",433200
12600,-50,400,"bu","09:54:09",432200
12600,-50,200,"bu","09:54:09",431800
12600,-50,1000,"bu","09:54:09",431600
12600,-50,400,"bu","09:54:09",430600
12600,-50,5000,"bu","09:54:09",430200
12600,-50,10000,"bu","09:54:09",425200
12600,-50,300,"bu","09:54:09",415200
12600,-50,5000,"bu","09:54:09",414900
12600,-50,600,"bu","09:54:09",409900
12600,-50,100,"bu","09:54:09",409300
12600,-50,2000,"bu","09:54:09",409200
12600,-50,300,"bu","09:54:09",407200
12600,-50,500,"bu","09:54:09",406900
12600,-50,3500,"bu","09:54:09",406400
12600,-50,2000,"bu","09:54:09",402900
12600,-50,5000,"bu","09:54:09",400900
12600,-50,500,"bu","09:54:06",395900
12600,-50,1500,"bu","09:54:06",395400
12600,-50,1000,"bu","09:54:06",393900
12600,-50,2000,"bu","09:53:59",392900
12600,-50,2700,"bu","09:53:57",390900
12600,-50,4300,"bu","09:53:56",388200
12600,-50,100,"bu","09:53:56",383900
12600,-50,12800,"bu","09:53:56",383800
12600,-50,2800,"bu","09:53:56",371000
12600,-50,100,"bu","09:53:56",368200
12600,-50,500,"bu","09:53:50",368100
12600,-50,500,"bu","09:53:50",367600
12600,-50,1000,"bu","09:53:49",367100
12600,-50,2000,"bu","09:53:48",366100
12600,-50,500,"bu","09:53:48",364100
12600,-50,2600,"bu","09:53:35",363600
12600,-50,1000,"bu","09:53:35",361000
12600,-50,1000,"bu","09:53:35",360000
12600,-50,15000,"bu","09:53:35",359000
12600,-50,100,"bu","09:53:35",344000
12600,-50,300,"bu","09:53:35",343900
12550,-100,400,"sd","09:53:32",343600
12550,-100,100,"sd","09:53:32",343200
12550,-100,500,"sd","09:53:07",343100
12550,-100,1500,"sd","09:52:09",342600
12550,-100,3500,"sd","09:52:09",341100
12550,-100,1500,"sd","09:51:46",337600
12550,-100,500,"sd","09:51:46",336100
12550,-100,1100,"sd","09:51:46",335600
12550,-100,100,"sd","09:51:46",334500
12550,-100,100,"sd","09:51:46",334400
12550,-100,1000,"sd","09:51:46",334300
12550,-100,4300,"sd","09:51:46",333300
12550,-100,1000,"sd","09:51:46",329000
12550,-100,600,"sd","09:51:46",328000
12550,-100,1800,"sd","09:51:46",327400
12550,-100,3600,"sd","09:51:40",325600
12600,-50,1000,"bu","09:51:12",322000
12600,-50,1000,"bu","09:50:49",321000
12550,-100,1000,"sd","09:49:45",320000
12600,-50,700,"bu","09:49:02",319000
12600,-50,1000,"bu","09:49:02",318300
12600,-50,800,"bu","09:49:02",317300
12600,-50,200,"bu","09:49:02",316500
12600,-50,1000,"bu","09:49:02",316300
12600,-50,100,"bu","09:49:02",315300
12600,-50,1000,"bu","09:49:02",315200
12600,-50,5200,"bu","09:49:02",314200
12550,-100,700,"sd","09:48:49",309000
12550,-100,500,"sd","09:48:14",308300
12550,-100,2400,"sd","09:47:37",307800
12550,-100,1200,"sd","09:47:37",305400
12550,-100,1400,"sd","09:47:23",304200
12550,-100,100,"sd","09:47:23",302800
12550,-100,300,"sd","09:47:23",302700
12550,-100,10000,"sd","09:47:23",302400
12550,-100,100,"sd","09:47:23",292400
12550,-100,100,"sd","09:47:23",292300
12550,-100,1500,"sd","09:47:23",292200
12550,-100,2000,"sd","09:47:23",290700
12550,-100,5000,"sd","09:47:23",288700
12550,-100,5000,"sd","09:47:23",283700
12550,-100,1000,"sd","09:47:23",278700
12550,-100,800,"sd","09:47:23",277700
12550,-100,4000,"sd","09:47:23",276900
12550,-100,200,"sd","09:47:23",272900
12550,-100,1000,"sd","09:47:23",272700
12550,-100,300,"sd","09:47:23",271700
12550,-100,100,"sd","09:47:23",271400
12550,-100,3000,"sd","09:47:23",271300
12550,-100,300,"sd","09:47:23",268300
12550,-100,1000,"sd","09:47:23",268000
12550,-100,7900,"sd","09:47:23",267000
12550,-100,1000,"sd","09:47:23",259100
12550,-100,500,"sd","09:47:23",258100
12550,-100,100,"sd","09:47:23",257600
12550,-100,100,"sd","09:47:23",257500
12550,-100,3200,"sd","09:47:23",257400
12550,-100,500,"sd","09:47:18",254200
12600,-50,1900,"bu","09:47:00",253700
12550,-100,1200,"sd","09:46:56",251800
12600,-50,100,"bu","09:46:39",250600
12550,-100,200,"sd","09:45:39",250500
12600,-50,100,"bu","09:45:31",250300
12600,-50,100,"bu","09:44:59",250200
12600,-50,100,"bu","09:43:38",250100
12550,-100,800,"sd","09:43:34",250000
12550,-100,500,"sd","09:43:34",249200
12550,-100,200,"sd","09:43:34",248700
12550,-100,1000,"sd","09:43:34",248500
12550,-100,1100,"sd","09:43:34",247500
12600,-50,200,"bu","09:43:28",246400
12600,-50,500,"bu","09:43:27",246200
12550,-100,900,"sd","09:42:51",245700
12550,-100,1000,"sd","09:42:51",244800
12550,-100,1000,"sd","09:42:51",243800
12550,-100,5000,"sd","09:42:51",242800
12550,-100,100,"sd","09:42:51",237800
12550,-100,1000,"sd","09:42:51",237700
12600,-50,800,"bu","09:42:11",236700
12550,-100,200,"sd","09:42:10",235900
12550,-100,100,"sd","09:42:10",235700
12550,-100,400,"sd","09:42:05",235600
12550,-100,100,"sd","09:42:05",235200
12550,-100,100,"sd","09:42:04",235100
12550,-100,300,"sd","09:41:42",235000
12600,-50,1200,"bu","09:41:40",234700
12550,-100,200,"sd","09:41:08",233500
12550,-100,1800,"sd","09:41:08",233300
12550,-100,3600,"sd","09:39:30",231500
12600,-50,100,"bu","09:39:28",227900
12550,-100,5000,"sd","09:38:58",227800
12600,-50,1500,"bu","09:38:54",222800
12550,-100,500,"sd","09:38:20",221300
12550,-100,1000,"sd","09:37:17",220800
12550,-100,1500,"sd","09:36:46",219800
12600,-50,300,"bu","09:36:03",218300
12550,-100,100,"sd","09:35:46",218000
12600,-50,1000,"bu","09:35:14",217900
12600,-50,500,"bu","09:35:09",216900
12600,-50,100,"bu","09:34:25",216400
12550,-100,3000,"sd","09:34:23",216300
12600,-50,100,"bu","09:34:06",213300
12550,-100,1000,"sd","09:33:53",213200
12600,-50,100,"bu","09:33:51",212200
12600,-50,100,"bu","09:33:37",212100
12600,-50,4000,"bu","09:33:28",212000
12600,-50,1000,"bu","09:33:28",208000
12600,-50,1500,"bu","09:31:03",207000
12600,-50,100,"bu","09:30:51",205500
12600,-50,100,"bu","09:29:42",205400
12600,-50,100,"bu","09:29:26",205300
12600,-50,1100,"bu","09:29:26",205200
12600,-50,1700,"bu","09:29:21",204100
12600,-50,1000,"bu","09:29:21",202400
12600,-50,2300,"bu","09:29:21",201400
12600,-50,100,"bu","09:28:54",199100
12600,-50,2000,"bu","09:28:49",199000
12600,-50,1000,"bu","09:28:47",197000
12600,-50,300,"bu","09:28:36",196000
12600,-50,100,"bu","09:28:36",195700
12600,-50,4600,"bu","09:28:36",195600
12600,-50,1000,"bu","09:28:18",191000
12600,-50,1000,"bu","09:28:09",190000
12600,-50,200,"bu","09:27:54",189000
12600,-50,600,"bu","09:27:52",188800
12600,-50,100,"bu","09:27:47",188200
12600,-50,200,"bu","09:27:37",188100
12600,-50,300,"bu","09:27:31",187900
12600,-50,1600,"bu","09:27:30",187600
12600,-50,1400,"bu","09:27:30",186000
12600,-50,500,"bu","09:27:00",184600
12600,-50,500,"sd","09:26:28",184100
12600,-50,3000,"sd","09:26:28",183600
12600,-50,100,"sd","09:26:28",180600
12600,-50,1000,"sd","09:26:28",180500
12600,-50,200,"sd","09:26:28",179500
12600,-50,3000,"sd","09:26:28",179300
12600,-50,200,"sd","09:26:28",176300
12600,-50,100,"sd","09:26:28",176100
12600,-50,100,"sd","09:26:28",176000
12600,-50,5000,"sd","09:26:28",175900
12600,-50,200,"sd","09:26:28",170900
12600,-50,5000,"sd","09:26:28",170700
12600,-50,400,"sd","09:26:28",165700
12600,-50,100,"sd","09:26:28",165300
12600,-50,9200,"sd","09:26:28",165200
12600,-50,800,"sd","09:26:26",156000
12600,-50,200,"sd","09:26:26",155200
12600,-50,100,"sd","09:26:23",155000
12600,-50,100,"sd","09:24:24",154900
12600,-50,4600,"sd","09:23:39",154800
12600,-50,5000,"sd","09:23:39",150200
12600,-50,1000,"sd","09:23:39",145200
12600,-50,1400,"sd","09:23:39",144200
12600,-50,8000,"sd","09:23:39",142800
12650,0,1300,"bu","09:23:05",134800
12650,0,700,"bu","09:23:05",133500
12650,0,5500,"bu","09:22:40",132800
12650,0,1700,"bu","09:22:40",127300
12650,0,200,"bu","09:22:40",125600
12650,0,100,"bu","09:22:40",125400
12650,0,2000,"bu","09:22:40",125300
12650,0,500,"bu","09:22:40",123300
12650,0,2700,"bu","09:21:44",122800
12650,0,100,"bu","09:21:44",120100
12650,0,100,"bu","09:21:44",120000
12650,0,1000,"bu","09:21:44",119900
12650,0,500,"bu","09:21:44",118900
12650,0,300,"bu","09:21:44",118400
12600,-50,500,"bu","09:21:25",118100
12600,-50,100,"bu","09:21:25",117600
12600,-50,500,"bu","09:21:25",117500
12600,-50,900,"bu","09:21:25",117000
12600,-50,500,"bu","09:21:15",116100
12550,-100,1000,"sd","09:21:14",115600
12600,-50,1200,"bu","09:21:10",114600
12600,-50,100,"bu","09:20:58",113400
12600,-50,5000,"bu","09:20:32",113300
12600,-50,3000,"bu","09:20:24",108300
12600,-50,3300,"bu","09:20:16",105300
12600,-50,100,"bu","09:20:12",102000
12600,-50,100,"bu","09:20:06",101900
12600,-50,1000,"bu","09:19:52",101800
12600,-50,1000,"bu","09:19:48",100800
12600,-50,300,"bu","09:19:29",99800
12600,-50,3500,"sd","09:19:07",99500
12600,-50,1000,"sd","09:19:04",96000
12600,-50,500,"sd","09:19:03",95000
12550,-100,1500,"sd","09:18:39",94500
12550,-100,3600,"sd","09:18:39",93000
12600,-50,3900,"sd","09:18:39",89400
12600,-50,300,"bu","09:18:21",85500
12600,-50,500,"bu","09:18:21",85200
12600,-50,300,"bu","09:18:21",84700
12600,-50,200,"bu","09:18:09",84400
12550,-100,4400,"sd","09:17:27",84200
12550,-100,800,"sd","09:17:27",79800
12550,-100,700,"sd","09:17:27",79000
12550,-100,500,"sd","09:17:27",78300
12550,-100,1000,"sd","09:17:27",77800
12550,-100,1500,"sd","09:17:27",76800
12550,-100,100,"sd","09:17:26",75300
12550,-100,300,"sd","09:17:26",75200
12550,-100,1800,"sd","09:17:26",74900
12600,-50,200,"sd","09:17:26",73100
12600,-50,200,"sd","09:17:26",72900
12600,-50,500,"sd","09:17:26",72700
12600,-50,300,"sd","09:17:09",72200
12600,-50,100,"sd","09:17:07",71900
12600,-50,100,"sd","09:16:57",71800
12550,-100,1200,"sd","09:16:44",71700
12550,-100,200,"sd","09:16:44",69500
12550,-100,1000,"sd","09:16:44",70500
12600,-50,500,"sd","09:16:44",69300
12600,-50,100,"sd","09:16:44",68800
12600,-50,5000,"sd","09:16:44",68700
12600,-50,100,"sd","09:16:44",63700
12600,-50,900,"sd","09:16:44",63600
12600,-50,4100,"sd","09:16:43",62700
12600,-50,2000,"sd","09:16:43",58600
12600,-50,600,"sd","09:16:43",56600
12600,-50,300,"sd","09:16:43",56000
12600,-50,600,"sd","09:16:43",55700
12600,-50,100,"sd","09:16:43",55100
12600,-50,2300,"sd","09:16:43",55000
12600,-50,100,"sd","09:16:38",52700
12600,-50,200,"sd","09:16:07",52600
12600,-50,1800,"sd","09:15:59",52400
12600,-50,500,"sd","09:15:49",50600
12600,-50,10100,"sd","09:15:43",50100
12600,-50,100,"sd","09:15:43",40000
12600,-50,39900,"sd","09:15:00",39900
