"price","change","match_qtty","side","time","total_vol"
6.7,-0.15,141900,"unknown","14:45:01",3038300
6.73,-0.12,500,"sd","14:29:56",2896400
6.73,-0.12,3000,"sd","14:29:52",2895900
6.73,-0.12,100,"sd","14:29:51",2892900
6.73,-0.12,1400,"sd","14:29:44",2892800
6.73,-0.12,500,"sd","14:29:44",2891400
6.74,-0.11,100,"bu","14:29:31",2890900
6.73,-0.12,1500,"sd","14:29:26",2890800
6.73,-0.12,1500,"sd","14:29:26",2889300
6.73,-0.12,1000,"sd","14:29:26",2887800
6.73,-0.12,500,"sd","14:29:26",2886800
6.73,-0.12,1000,"sd","14:29:26",2886300
6.73,-0.12,2700,"sd","14:29:26",2885300
6.73,-0.12,1300,"sd","14:29:23",2882600
6.73,-0.12,500,"sd","14:29:23",2881300
6.73,-0.12,200,"sd","14:29:23",2880800
6.73,-0.12,1800,"sd","14:29:16",2880600
6.73,-0.12,900,"sd","14:29:16",2878800
6.73,-0.12,100,"sd","14:29:16",2877900
6.73,-0.12,1000,"sd","14:29:16",2877800
6.73,-0.12,200,"sd","14:29:16",2876800
6.73,-0.12,1000,"sd","14:29:16",2876600
6.73,-0.12,100,"sd","14:29:15",2875600
6.73,-0.12,400,"sd","14:29:13",2875500
6.73,-0.12,300,"sd","14:29:04",2875100
6.74,-0.11,2000,"bu","14:29:01",2874800
6.74,-0.11,400,"unknown","14:28:49",2872800
6.73,-0.12,400,"sd","14:28:40",2872400
6.73,-0.12,100,"sd","14:28:39",2872000
6.73,-0.12,1500,"sd","14:28:37",2871900
6.73,-0.12,100,"sd","14:28:25",2870400
6.73,-0.12,2300,"bu","14:28:24",2870300
6.73,-0.12,2000,"bu","14:28:24",2868000
6.73,-0.12,100,"bu","14:28:24",2866000
6.73,-0.12,500,"bu","14:28:24",2865900
6.73,-0.12,8200,"bu","14:28:24",2865400
6.73,-0.12,1300,"bu","14:28:21",2857200
6.73,-0.12,300,"bu","14:28:13",2855900
6.73,-0.12,100,"bu","14:28:10",2855600
6.73,-0.12,2000,"bu","14:28:10",2855500
6.73,-0.12,1000,"bu","14:28:07",2853500
6.73,-0.12,2000,"bu","14:27:57",2852500
6.73,-0.12,2000,"bu","14:27:52",2850500
6.73,-0.12,1000,"bu","14:27:50",2848500
6.73,-0.12,300,"bu","14:27:49",2847500
6.73,-0.12,300,"bu","14:27:48",2847200
6.73,-0.12,2500,"bu","14:27:43",2846900
6.73,-0.12,200,"bu","14:27:40",2844400
6.73,-0.12,1000,"bu","14:27:39",2844200
6.73,-0.12,10000,"bu","14:27:39",2843200
6.73,-0.12,1000,"sd","14:27:36",2833200
6.73,-0.12,8000,"sd","14:27:36",2832200
6.74,-0.11,300,"sd","14:27:36",2824200
6.74,-0.11,200,"sd","14:27:36",2823900
6.74,-0.11,2000,"sd","14:27:36",2823700
6.74,-0.11,5300,"sd","14:27:36",2821700
6.73,-0.12,200,"sd","14:27:36",2816400
6.73,-0.12,10000,"sd","14:27:36",2816200
6.75,-0.1,1500,"bu","14:27:35",2806200
6.74,-0.11,400,"bu","14:27:27",2804700
6.74,-0.11,400,"bu","14:27:27",2804300
6.74,-0.11,100,"bu","14:27:27",2803900
6.74,-0.11,300,"bu","14:27:27",2803800
6.74,-0.11,3500,"bu","14:27:27",2803500
6.74,-0.11,3000,"bu","14:27:26",2800000
6.74,-0.11,6000,"bu","14:27:24",2797000
6.74,-0.11,1000,"bu","14:27:23",2791000
6.74,-0.11,100,"bu","14:27:22",2790000
6.74,-0.11,500,"bu","14:27:11",2789900
6.74,-0.11,800,"bu","14:27:09",2789400
6.73,-0.12,1000,"sd","14:27:01",2788600
6.73,-0.12,1000,"sd","14:26:58",2787600
6.73,-0.12,1000,"sd","14:26:58",2786600
6.74,-0.11,900,"bu","14:26:50",2785600
6.73,-0.12,100,"unknown","14:26:50",2784700
6.72,-0.13,2200,"sd","14:26:50",2784600
6.73,-0.12,500,"bu","14:26:50",2782400
6.73,-0.12,300,"bu","14:26:48",2781900
6.73,-0.12,3000,"bu","14:26:47",2781600
6.73,-0.12,100,"bu","14:26:42",2778600
6.73,-0.12,300,"bu","14:26:42",2778500
6.73,-0.12,100,"bu","14:26:37",2778200
6.73,-0.12,100,"bu","14:26:36",2778100
6.72,-0.13,800,"sd","14:26:26",2778000
6.73,-0.12,200,"sd","14:26:26",2777200
6.73,-0.12,1000,"sd","14:26:21",2777000
6.74,-0.11,8500,"bu","14:26:20",2776000
6.74,-0.11,2000,"bu","14:26:05",2767500
6.71,-0.14,600,"sd","14:26:05",2765500
6.71,-0.14,400,"sd","14:26:05",2764900
6.74,-0.11,200,"bu","14:26:01",2764500
6.74,-0.11,1000,"bu","14:25:58",2764300
6.75,-0.1,100,"bu","14:25:34",2763300
6.71,-0.14,100,"bu","14:25:16",2763200
6.71,-0.14,100,"bu","14:25:16",2763100
6.71,-0.14,3000,"bu","14:25:16",2763000
6.71,-0.14,5000,"bu","14:25:16",2760000
6.71,-0.14,4800,"bu","14:25:16",2755000
6.71,-0.14,6600,"bu","14:25:16",2750200
6.71,-0.14,400,"bu","14:25:15",2743600
6.71,-0.14,100,"bu","14:25:15",2743200
6.7,-0.15,1000,"sd","14:25:11",2743100
6.71,-0.14,1000,"bu","14:25:10",2742100
6.71,-0.14,100,"bu","14:25:08",2741100
6.71,-0.14,500,"bu","14:25:01",2741000
6.71,-0.14,3000,"bu","14:25:01",2740500
6.7,-0.15,500,"sd","14:24:57",2737500
6.7,-0.15,800,"sd","14:24:54",2737000
6.7,-0.15,200,"sd","14:24:54",2736200
6.71,-0.14,100,"bu","14:24:51",2736000
6.71,-0.14,5400,"bu","14:24:46",2735900
6.71,-0.14,100,"bu","14:24:45",2730500
6.71,-0.14,100,"bu","14:24:38",2730400
6.7,-0.15,100,"sd","14:24:32",2730300
6.71,-0.14,500,"bu","14:24:30",2730200
6.7,-0.15,4000,"sd","14:24:27",2729700
6.71,-0.14,100,"bu","14:24:26",2725700
6.71,-0.14,500,"bu","14:24:20",2725600
6.71,-0.14,8500,"sd","14:24:20",2725100
6.71,-0.14,1500,"sd","14:24:06",2716600
6.7,-0.15,600,"sd","14:23:56",2715100
6.7,-0.15,2000,"sd","14:23:49",2714500
6.7,-0.15,200,"sd","14:23:49",2712500
6.71,-0.14,500,"bu","14:23:49",2712300
6.7,-0.15,1000,"sd","14:23:35",2711800
6.7,-0.15,200,"bu","14:23:29",2710800
6.7,-0.15,200,"bu","14:23:29",2710600
6.7,-0.15,5000,"bu","14:23:29",2710400
6.7,-0.15,1000,"bu","14:23:29",2705400
6.7,-0.15,700,"bu","14:23:29",2704400
6.69,-0.16,100,"sd","14:23:28",2703700
6.7,-0.15,500,"bu","14:23:27",2703600
6.7,-0.15,5000,"bu","14:23:25",2703100
6.7,-0.15,900,"bu","14:23:10",2698100
6.7,-0.15,2900,"sd","14:23:08",2697200
6.7,-0.15,100,"bu","14:23:03",2694300
6.7,-0.15,500,"bu","14:23:03",2694200
6.7,-0.15,400,"bu","14:23:02",2693700
6.7,-0.15,600,"bu","14:23:02",2693300
6.7,-0.15,1000,"bu","14:23:02",2692700
6.7,-0.15,100,"bu","14:22:56",2691700
6.7,-0.15,100,"bu","14:22:55",2691600
6.7,-0.15,200,"bu","14:22:51",2691500
6.7,-0.15,800,"bu","14:22:51",2691300
6.7,-0.15,1000,"bu","14:22:44",2690500
6.7,-0.15,2000,"bu","14:22:44",2689500
6.7,-0.15,100,"bu","14:22:41",2687500
6.7,-0.15,300,"sd","14:22:40",2687400
6.7,-0.15,800,"sd","14:22:40",2687100
6.7,-0.15,200,"sd","14:22:39",2686300
6.7,-0.15,1000,"sd","14:22:39",2686100
6.7,-0.15,1000,"sd","14:22:39",2685100
6.7,-0.15,200,"sd","14:22:39",2684100
6.7,-0.15,600,"sd","14:22:39",2683900
6.71,-0.14,1000,"sd","14:22:39",2683300
6.71,-0.14,1000,"sd","14:22:37",2682300
6.7,-0.15,900,"sd","14:22:33",2681300
6.7,-0.15,500,"sd","14:22:33",2680400
6.7,-0.15,100,"sd","14:22:33",2679900
6.7,-0.15,500,"sd","14:22:33",2679800
6.7,-0.15,300,"sd","14:22:33",2679300
6.7,-0.15,500,"sd","14:22:33",2679000
6.7,-0.15,200,"sd","14:22:33",2678500
6.7,-0.15,1200,"sd","14:22:33",2678300
6.7,-0.15,400,"sd","14:22:33",2677100
6.7,-0.15,100,"sd","14:22:33",2676700
6.7,-0.15,300,"sd","14:22:33",2676600
6.7,-0.15,5000,"sd","14:22:23",2676300
6.7,-0.15,500,"sd","14:22:18",2671300
6.7,-0.15,400,"sd","14:22:14",2670800
6.7,-0.15,1000,"sd","14:22:11",2670400
6.7,-0.15,11900,"sd","14:22:10",2669400
6.7,-0.15,100,"sd","14:22:10",2657500
6.7,-0.15,300,"sd","14:22:10",2657400
6.7,-0.15,10000,"sd","14:22:10",2657100
6.7,-0.15,1700,"sd","14:22:10",2647100
6.71,-0.14,1000,"unknown","14:22:10",2645400
6.7,-0.15,1300,"sd","14:22:02",2644400
6.7,-0.15,500,"sd","14:22:02",2643100
6.7,-0.15,200,"sd","14:22:02",2642600
6.7,-0.15,100,"sd","14:21:52",2642400
6.7,-0.15,1700,"sd","14:21:44",2642300
6.7,-0.15,100,"sd","14:21:44",2640600
6.7,-0.15,1000,"sd","14:21:44",2640500
6.7,-0.15,100,"sd","14:21:44",2639500
6.7,-0.15,2000,"sd","14:21:44",2639400
6.7,-0.15,100,"sd","14:21:44",2637400
6.7,-0.15,300,"sd","14:21:43",2637300
6.7,-0.15,900,"sd","14:21:41",2637000
6.7,-0.15,800,"sd","14:21:33",2636100
6.7,-0.15,3700,"sd","14:21:33",2635300
6.7,-0.15,100,"sd","14:21:33",2631600
6.7,-0.15,1000,"sd","14:21:33",2631500
6.7,-0.15,100,"sd","14:21:33",2630500
6.7,-0.15,500,"sd","14:21:33",2630400
6.7,-0.15,500,"sd","14:21:33",2629900
6.7,-0.15,1000,"sd","14:21:33",2629400
6.7,-0.15,3000,"sd","14:21:33",2628400
6.71,-0.14,5000,"sd","14:21:33",2625400
6.71,-0.14,1000,"sd","14:21:33",2620400
6.71,-0.14,1000,"sd","14:21:33",2619400
6.74,-0.11,200,"bu","14:21:28",2618400
6.74,-0.11,100,"bu","14:21:26",2618200
6.74,-0.11,200,"bu","14:21:21",2618100
6.74,-0.11,2000,"bu","14:21:21",2617900
6.74,-0.11,200,"bu","14:21:21",2615900
6.75,-0.1,200,"bu","14:21:16",2615700
6.75,-0.1,200,"sd","14:21:15",2615500
6.75,-0.1,1000,"sd","14:21:15",2615300
6.75,-0.1,200,"sd","14:21:15",2614300
6.75,-0.1,5800,"sd","14:21:15",2614100
6.75,-0.1,400,"sd","14:21:12",2608300
6.75,-0.1,500,"sd","14:21:12",2607900
6.75,-0.1,100,"sd","14:21:12",2607400
6.75,-0.1,4200,"sd","14:21:12",2607300
6.75,-0.1,300,"sd","14:21:12",2603100
6.75,-0.1,100,"sd","14:21:12",2602800
6.75,-0.1,4000,"sd","14:21:12",2602700
6.75,-0.1,300,"sd","14:21:12",2598700
6.75,-0.1,100,"sd","14:21:12",2598400
6.75,-0.1,1900,"sd","14:21:08",2598300
6.75,-0.1,100,"sd","14:21:08",2596400
6.75,-0.1,500,"sd","14:21:08",2596300
6.75,-0.1,500,"sd","14:21:05",2595800
6.75,-0.1,1000,"sd","14:20:54",2595300
6.75,-0.1,100,"sd","14:20:54",2594300
6.75,-0.1,500,"sd","14:20:54",2594200
6.75,-0.1,100,"sd","14:20:54",2593700
6.75,-0.1,100,"sd","14:20:54",2593600
6.76,-0.09,1000,"sd","14:20:54",2593500
6.76,-0.09,1000,"sd","14:20:54",2592500
6.76,-0.09,800,"sd","14:20:54",2591500
6.76,-0.09,300,"sd","14:20:54",2590700
6.76,-0.09,100,"sd","14:20:54",2590400
6.76,-0.09,1500,"sd","14:20:49",2590300
6.77,-0.08,200,"bu","14:20:47",2588800
6.76,-0.09,7500,"sd","14:20:43",2588600
6.76,-0.09,1200,"sd","14:20:43",2581100
6.76,-0.09,500,"sd","14:20:43",2579900
6.76,-0.09,200,"sd","14:20:43",2579400
6.76,-0.09,100,"sd","14:20:43",2579200
6.76,-0.09,3700,"sd","14:20:43",2579100
6.76,-0.09,1500,"sd","14:20:42",2575400
6.76,-0.09,4800,"sd","14:20:38",2573900
6.76,-0.09,200,"sd","14:20:38",2569100
6.77,-0.08,500,"bu","14:20:30",2568900
6.77,-0.08,1000,"sd","14:20:22",2568400
6.77,-0.08,200,"sd","14:20:19",2567400
6.77,-0.08,300,"sd","14:20:19",2567200
6.77,-0.08,500,"sd","14:20:19",2566900
6.77,-0.08,600,"sd","14:20:19",2566400
6.77,-0.08,100,"sd","14:20:19",2565800
6.77,-0.08,200,"sd","14:20:19",2565700
6.77,-0.08,100,"sd","14:20:19",2565500
6.78,-0.07,200,"bu","14:20:13",2565400
6.78,-0.07,100,"bu","14:20:11",2565200
6.78,-0.07,500,"bu","14:20:07",2565100
6.78,-0.07,2000,"bu","14:19:46",2564600
6.78,-0.07,1000,"bu","14:19:46",2562600
6.78,-0.07,300,"bu","14:19:46",2561600
6.78,-0.07,300,"bu","14:19:46",2561300
6.78,-0.07,100,"unknown","14:19:46",2561000
6.78,-0.07,500,"sd","14:19:46",2560900
6.78,-0.07,200,"sd","14:19:46",2560400
6.78,-0.07,2300,"sd","14:19:46",2560200
6.78,-0.07,100,"sd","14:19:46",2557900
6.78,-0.07,5000,"sd","14:19:46",2557800
6.78,-0.07,200,"sd","14:19:46",2552800
6.78,-0.07,6500,"sd","14:19:46",2552600
6.78,-0.07,6000,"sd","14:19:46",2546100
6.78,-0.07,500,"sd","14:19:46",2540100
6.78,-0.07,1000,"sd","14:19:46",2539600
6.79,-0.06,1000,"bu","14:19:45",2538600
6.79,-0.06,500,"bu","14:19:45",2537600
6.79,-0.06,500,"bu","14:19:45",2537100
6.79,-0.06,4000,"bu","14:19:45",2536600
6.79,-0.06,100,"bu","14:19:45",2532600
6.79,-0.06,1000,"bu","14:19:45",2532500
6.79,-0.06,1100,"unknown","14:19:45",2531500
6.79,-0.06,400,"sd","14:19:38",2530400
6.79,-0.06,1500,"sd","14:19:34",2530000
6.79,-0.06,8300,"sd","14:19:34",2528500
6.79,-0.06,700,"sd","14:19:30",2520200
6.8,-0.05,500,"bu","14:19:22",2519500
6.79,-0.06,400,"sd","14:19:18",2519000
6.79,-0.06,17000,"sd","14:19:15",2518600
6.8,-0.05,500,"bu","14:19:01",2501600
6.79,-0.06,2000,"sd","14:18:54",2501100
6.79,-0.06,18600,"sd","14:18:52",2499100
6.79,-0.06,200,"sd","14:18:52",2480500
6.8,-0.05,500,"sd","14:18:52",2480300
6.8,-0.05,400,"sd","14:18:52",2479800
6.8,-0.05,200,"sd","14:18:52",2479400
6.8,-0.05,100,"sd","14:18:52",2479200
6.8,-0.05,3900,"bu","14:18:40",2479100
6.8,-0.05,500,"bu","14:18:39",2475200
6.8,-0.05,1000,"bu","14:18:37",2474700
6.8,-0.05,100,"sd","14:18:26",2473700
6.8,-0.05,1000,"sd","14:18:26",2473600
6.8,-0.05,500,"sd","14:18:26",2472600
6.8,-0.05,700,"sd","14:18:26",2472100
6.8,-0.05,100,"sd","14:18:26",2471400
6.8,-0.05,500,"sd","14:18:26",2471300
6.8,-0.05,700,"sd","14:18:26",2470800
6.8,-0.05,2000,"sd","14:18:25",2470100
6.8,-0.05,500,"sd","14:18:25",2468100
6.8,-0.05,400,"sd","14:18:23",2467600
6.8,-0.05,2600,"sd","14:18:20",2467200
6.8,-0.05,1000,"sd","14:18:12",2464600
6.8,-0.05,2800,"sd","14:18:10",2463600
6.8,-0.05,5000,"sd","14:18:10",2460800
6.8,-0.05,2800,"sd","14:18:10",2455800
6.8,-0.05,100,"sd","14:17:57",2453000
6.81,-0.04,500,"sd","14:17:38",2452900
6.81,-0.04,300,"sd","14:17:38",2452400
6.81,-0.04,200,"bu","14:17:32",2452100
6.81,-0.04,500,"bu","14:17:16",2451900
6.8,-0.05,100,"sd","14:17:14",2451400
6.8,-0.05,1000,"sd","14:17:08",2451300
6.8,-0.05,100,"bu","14:17:03",2450300
6.8,-0.05,200,"bu","14:17:03",2450200
6.8,-0.05,100,"bu","14:17:03",2450000
6.8,-0.05,5000,"bu","14:17:03",2449900
6.8,-0.05,300,"bu","14:17:03",2444900
6.8,-0.05,300,"bu","14:17:03",2444600
6.8,-0.05,200,"bu","14:16:59",2444300
6.8,-0.05,100,"bu","14:16:59",2444100
6.8,-0.05,700,"bu","14:16:59",2444000
6.8,-0.05,100,"bu","14:16:58",2443300
6.8,-0.05,300,"bu","14:16:56",2443200
6.8,-0.05,100,"bu","14:16:54",2442900
6.8,-0.05,5000,"bu","14:16:54",2442800
6.8,-0.05,100,"bu","14:16:50",2437800
6.8,-0.05,300,"bu","14:16:49",2437700
6.8,-0.05,8000,"bu","14:16:48",2437400
6.8,-0.05,1000,"bu","14:16:47",2429400
6.8,-0.05,100,"bu","14:16:47",2428400
6.8,-0.05,4300,"bu","14:16:45",2428300
6.8,-0.05,100,"bu","14:16:45",2424000
6.8,-0.05,10600,"bu","14:16:45",2423900
6.8,-0.05,200,"bu","14:16:43",2413300
6.8,-0.05,3000,"bu","14:16:33",2413100
6.8,-0.05,500,"bu","14:16:29",2410100
6.79,-0.06,4700,"sd","14:16:07",2409600
6.79,-0.06,900,"sd","14:16:07",2404900
6.79,-0.06,1100,"sd","14:15:50",2404000
6.79,-0.06,1000,"sd","14:15:50",2402900
6.79,-0.06,100,"sd","14:15:50",2401900
6.79,-0.06,1000,"sd","14:15:50",2401800
6.79,-0.06,100,"sd","14:15:50",2400800
6.79,-0.06,500,"sd","14:15:50",2400700
6.79,-0.06,200,"sd","14:15:50",2400200
6.8,-0.05,100,"bu","14:15:34",2400000
6.8,-0.05,1000,"bu","14:15:20",2399900
6.8,-0.05,400,"bu","14:15:13",2398900
6.8,-0.05,1200,"bu","14:15:10",2398500
6.8,-0.05,100,"bu","14:14:45",2397300
6.8,-0.05,2000,"bu","14:14:30",2397200
6.8,-0.05,2000,"bu","14:14:26",2395200
6.8,-0.05,2000,"bu","14:14:21",2393200
6.8,-0.05,2000,"bu","14:14:15",2391200
6.8,-0.05,200,"bu","14:14:11",2389200
6.8,-0.05,700,"bu","14:14:11",2389000
6.8,-0.05,1100,"bu","14:14:11",2388300
6.79,-0.06,1000,"sd","14:13:33",2387200
6.79,-0.06,1000,"sd","14:13:26",2386200
6.79,-0.06,7800,"bu","14:13:23",2385200
6.79,-0.06,300,"sd","14:13:18",2377400
6.79,-0.06,2000,"sd","14:13:18",2377100
6.79,-0.06,10000,"sd","14:13:18",2375100
6.79,-0.06,1400,"sd","14:13:18",2365100
6.79,-0.06,100,"sd","14:13:11",2363700
6.79,-0.06,500,"sd","14:12:47",2363600
6.79,-0.06,500,"sd","14:12:47",2363100
6.8,-0.05,200,"bu","14:12:30",2362600
6.8,-0.05,1200,"bu","14:12:10",2362400
6.8,-0.05,300,"bu","14:11:05",2361200
6.79,-0.06,100,"sd","14:11:04",2360900
6.79,-0.06,900,"sd","14:11:04",2360800
6.8,-0.05,500,"bu","14:10:48",2359900
6.79,-0.06,100,"sd","14:10:41",2359400
6.79,-0.06,1000,"sd","14:10:41",2359300
6.8,-0.05,200,"bu","14:10:22",2358300
6.8,-0.05,300,"bu","14:10:22",2358100
6.79,-0.06,400,"sd","14:10:13",2357800
6.79,-0.06,200,"sd","14:10:13",2357400
6.79,-0.06,400,"sd","14:10:13",2357200
6.79,-0.06,100,"sd","14:09:26",2356800
6.79,-0.06,200,"sd","14:09:26",2356700
6.8,-0.05,300,"bu","14:09:17",2356500
6.79,-0.06,100,"sd","14:09:01",2356200
6.79,-0.06,500,"sd","14:09:01",2356100
6.8,-0.05,500,"bu","14:09:01",2355600
6.8,-0.05,1200,"bu","14:08:56",2355100
6.8,-0.05,500,"bu","14:08:56",2353900
6.8,-0.05,500,"bu","14:08:56",2353400
6.8,-0.05,3800,"bu","14:08:56",2352900
6.8,-0.05,500,"bu","14:08:43",2349100
6.79,-0.06,6000,"sd","14:08:43",2348600
6.79,-0.06,100,"sd","14:08:33",2342600
6.8,-0.05,2000,"bu","14:08:08",2342500
6.8,-0.05,700,"bu","14:08:06",2340500
6.8,-0.05,2000,"bu","14:08:06",2339800
6.8,-0.05,6300,"bu","14:08:06",2337800
6.79,-0.06,300,"sd","14:08:03",2331500
6.79,-0.06,100,"sd","14:07:59",2331200
6.8,-0.05,100,"bu","14:07:26",2331100
6.79,-0.06,1000,"sd","14:07:20",2331000
6.79,-0.06,2000,"bu","14:07:12",2330000
6.79,-0.06,200,"sd","14:06:49",2328000
6.79,-0.06,300,"sd","14:06:49",2327800
6.79,-0.06,300,"sd","14:06:39",2327500
6.79,-0.06,2000,"bu","14:06:36",2327200
6.79,-0.06,4400,"bu","14:06:36",2325200
6.78,-0.07,1000,"sd","14:06:35",2320800
6.78,-0.07,8500,"sd","14:06:35",2319800
6.78,-0.07,1500,"sd","14:06:32",2311300
6.78,-0.07,400,"sd","14:06:32",2309800
6.78,-0.07,100,"sd","14:06:32",2309400
6.78,-0.07,100,"sd","14:06:32",2309300
6.79,-0.06,1600,"bu","14:06:26",2309200
6.79,-0.06,1000,"bu","14:06:20",2307600
6.78,-0.07,500,"sd","14:06:12",2306600
6.78,-0.07,1000,"sd","14:06:12",2306100
6.78,-0.07,100,"sd","14:05:58",2305100
6.78,-0.07,200,"sd","14:05:58",2305000
6.78,-0.07,100,"sd","14:05:58",2304800
6.78,-0.07,100,"sd","14:05:58",2304700
6.78,-0.07,3500,"sd","14:05:58",2304600
6.78,-0.07,1000,"sd","14:05:58",2301100
6.79,-0.06,1000,"bu","14:05:57",2300100
6.79,-0.06,4000,"bu","14:05:50",2299100
6.79,-0.06,1000,"bu","14:05:50",2295100
6.78,-0.07,1000,"sd","14:05:46",2294100
6.78,-0.07,100,"sd","14:05:46",2293100
6.78,-0.07,100,"sd","14:05:46",2293000
6.78,-0.07,1000,"sd","14:05:46",2292900
6.79,-0.06,1000,"sd","14:05:30",2291900
6.79,-0.06,3000,"sd","14:05:30",2290900
6.79,-0.06,200,"sd","14:05:30",2287900
6.79,-0.06,300,"sd","14:05:30",2287700
6.79,-0.06,3000,"sd","14:05:30",2287400
6.79,-0.06,100,"sd","14:05:30",2284400
6.79,-0.06,500,"sd","14:05:30",2284300
6.79,-0.06,1000,"sd","14:05:30",2283800
6.79,-0.06,500,"sd","14:05:30",2282800
6.79,-0.06,100,"sd","14:05:30",2282300
6.79,-0.06,300,"sd","14:05:30",2282200
6.79,-0.06,200,"sd","14:05:27",2281900
6.79,-0.06,100,"sd","14:05:27",2281700
6.79,-0.06,200,"sd","14:05:27",2281600
6.8,-0.05,400,"bu","14:05:26",2281400
6.79,-0.06,300,"sd","14:05:14",2281000
6.79,-0.06,500,"sd","14:05:13",2280700
6.79,-0.06,500,"sd","14:05:13",2280200
6.8,-0.05,200,"sd","14:05:04",2279700
6.8,-0.05,1000,"sd","14:05:04",2279500
6.8,-0.05,900,"sd","14:05:04",2278500
6.8,-0.05,100,"sd","14:04:53",2277600
6.8,-0.05,1000,"sd","14:04:52",2277500
6.8,-0.05,200,"sd","14:04:52",2276500
6.8,-0.05,1800,"sd","14:04:52",2276300
6.8,-0.05,200,"sd","14:04:50",2274500
6.8,-0.05,1000,"sd","14:04:50",2274300
6.8,-0.05,1000,"sd","14:04:50",2273300
6.8,-0.05,200,"sd","14:04:35",2272300
6.8,-0.05,500,"sd","14:04:26",2272100
6.8,-0.05,1000,"sd","14:04:26",2271600
6.8,-0.05,4000,"sd","14:04:26",2270600
6.8,-0.05,1000,"sd","14:04:26",2266600
6.8,-0.05,6300,"sd","14:04:26",2265600
6.8,-0.05,1500,"sd","14:04:26",2259300
6.8,-0.05,1000,"sd","14:04:26",2257800
6.8,-0.05,1000,"sd","14:04:26",2256800
6.8,-0.05,100,"sd","14:04:26",2255800
6.8,-0.05,100,"sd","14:04:26",2255700
6.8,-0.05,2000,"sd","14:04:26",2255600
6.8,-0.05,500,"sd","14:04:26",2253600
6.8,-0.05,1000,"sd","14:04:26",2253100
6.8,-0.05,3700,"sd","14:04:15",2252100
6.8,-0.05,1000,"sd","14:04:15",2248400
6.8,-0.05,1000,"sd","14:04:15",2247400
6.8,-0.05,2000,"sd","14:04:15",2246400
6.8,-0.05,300,"sd","14:04:15",2244400
6.8,-0.05,200,"sd","14:04:15",2244100
6.8,-0.05,7600,"sd","14:04:15",2243900
6.81,-0.04,100,"sd","14:04:03",2236300
6.81,-0.04,100,"sd","14:04:03",2236200
6.81,-0.04,100,"sd","14:04:03",2236100
6.81,-0.04,200,"sd","14:04:03",2236000
6.81,-0.04,100,"sd","14:04:03",2235800
6.81,-0.04,1000,"sd","14:04:03",2235700
6.81,-0.04,600,"sd","14:04:03",2234700
6.81,-0.04,14400,"sd","14:03:54",2234100
6.82,-0.03,100,"bu","14:03:48",2219700
6.81,-0.04,5000,"sd","14:03:45",2219600
6.81,-0.04,5000,"sd","14:03:45",2214600
6.82,-0.03,100,"bu","14:03:18",2209600
6.82,-0.03,100,"bu","14:02:46",2209500
6.82,-0.03,100,"bu","14:02:19",2209400
6.82,-0.03,3000,"bu","14:02:11",2209300
6.82,-0.03,300,"bu","14:02:11",2206300
6.82,-0.03,1000,"bu","14:02:11",2206000
6.82,-0.03,5000,"bu","14:02:11",2205000
6.82,-0.03,2000,"sd","14:02:11",2200000
6.82,-0.03,3000,"sd","14:02:11",2198000
6.82,-0.03,2000,"sd","14:02:11",2195000
6.82,-0.03,5000,"sd","14:02:07",2193000
6.82,-0.03,500,"sd","14:01:22",2188000
6.83,-0.02,2000,"bu","13:59:33",2187500
6.83,-0.02,2000,"bu","13:59:31",2185500
6.82,-0.03,2500,"sd","13:59:20",2183500
6.82,-0.03,100,"sd","13:59:20",2181000
6.82,-0.03,100,"sd","13:59:20",2180900
6.82,-0.03,100,"sd","13:59:20",2180800
6.82,-0.03,1000,"sd","13:59:20",2180700
6.82,-0.03,500,"sd","13:59:20",2179700
6.82,-0.03,1500,"sd","13:59:20",2179200
6.82,-0.03,200,"sd","13:59:20",2177700
6.83,-0.02,2000,"bu","13:59:15",2177500
6.83,-0.02,2000,"bu","13:59:14",2175500
6.83,-0.02,1000,"bu","13:59:09",2173500
6.83,-0.02,1000,"bu","13:59:07",2172500
6.83,-0.02,500,"bu","13:58:22",2171500
6.83,-0.02,100,"bu","13:58:22",2171000
6.83,-0.02,3000,"bu","13:58:22",2170900
6.82,-0.03,500,"sd","13:57:45",2167900
6.82,-0.03,2500,"bu","13:57:42",2167400
6.82,-0.03,10000,"bu","13:57:30",2164900
6.82,-0.03,500,"sd","13:57:29",2154900
6.82,-0.03,2000,"sd","13:57:29",2154400
6.83,-0.02,100,"bu","13:57:27",2152400
6.83,-0.02,3700,"bu","13:57:23",2152300
6.83,-0.02,500,"bu","13:57:12",2148600
6.82,-0.03,1500,"sd","13:57:08",2148100
6.82,-0.03,500,"sd","13:57:08",2146600
6.83,-0.02,4900,"bu","13:57:00",2146100
6.83,-0.02,500,"bu","13:57:00",2141200
6.83,-0.02,1500,"bu","13:57:00",2140700
6.83,-0.02,100,"bu","13:57:00",2139200
6.83,-0.02,100,"bu","13:57:00",2139100
6.83,-0.02,100,"bu","13:57:00",2139000
6.83,-0.02,500,"bu","13:57:00",2138900
6.83,-0.02,300,"bu","13:57:00",2138400
6.82,-0.03,500,"sd","13:57:00",2138100
6.82,-0.03,300,"sd","13:57:00",2137600
6.82,-0.03,1000,"sd","13:57:00",2137300
6.82,-0.03,200,"sd","13:57:00",2136300
6.82,-0.03,100,"sd","13:57:00",2136100
6.82,-0.03,400,"sd","13:55:48",2136000
6.82,-0.03,300,"sd","13:55:48",2135600
6.83,-0.02,100,"bu","13:55:43",2135300
6.82,-0.03,100,"sd","13:55:24",2135200
6.82,-0.03,100,"sd","13:55:24",2135100
6.82,-0.03,500,"bu","13:55:03",2135000
6.82,-0.03,1600,"bu","13:55:03",2134500
6.82,-0.03,7300,"bu","13:55:03",2132900
6.82,-0.03,100,"bu","13:54:40",2125600
6.81,-0.04,500,"sd","13:54:32",2125500
6.8,-0.05,2400,"sd","13:54:20",2125000
6.8,-0.05,1000,"sd","13:54:20",2122600
6.8,-0.05,200,"sd","13:54:20",2121600
6.8,-0.05,500,"sd","13:54:19",2121400
6.8,-0.05,100,"sd","13:54:19",2120900
6.8,-0.05,500,"sd","13:54:19",2120800
6.8,-0.05,100,"sd","13:54:19",2120300
6.8,-0.05,100,"sd","13:54:19",2120200
6.8,-0.05,3000,"sd","13:54:19",2120100
6.8,-0.05,400,"sd","13:54:19",2117100
6.8,-0.05,1000,"sd","13:54:19",2116700
6.8,-0.05,1000,"sd","13:54:19",2115700
6.8,-0.05,100,"sd","13:54:19",2114700
6.8,-0.05,3000,"sd","13:54:19",2114600
6.81,-0.04,5000,"sd","13:54:19",2111600
6.81,-0.04,1000,"sd","13:54:19",2106600
6.82,-0.03,100,"bu","13:52:53",2105600
6.8,-0.05,1900,"sd","13:52:42",2105500
6.81,-0.04,400,"sd","13:52:42",2103600
6.81,-0.04,1000,"sd","13:52:42",2103200
6.81,-0.04,4000,"sd","13:52:42",2102200
6.81,-0.04,2100,"sd","13:52:42",2098200
6.81,-0.04,300,"sd","13:52:42",2096100
6.81,-0.04,4100,"sd","13:52:42",2095800
6.82,-0.03,1000,"bu","13:52:34",2091700
6.82,-0.03,1500,"bu","13:52:33",2090700
6.82,-0.03,400,"bu","13:52:33",2089200
6.82,-0.03,100,"bu","13:52:33",2088800
6.81,-0.04,900,"sd","13:52:30",2088700
6.81,-0.04,100,"sd","13:52:30",2087800
6.81,-0.04,100,"sd","13:52:30",2087700
6.81,-0.04,2000,"sd","13:51:02",2087600
6.81,-0.04,300,"sd","13:51:02",2085600
6.81,-0.04,100,"sd","13:51:02",2085300
6.81,-0.04,1400,"sd","13:51:02",2085200
6.81,-0.04,200,"sd","13:51:02",2083800
6.81,-0.04,100,"sd","13:51:02",2083600
6.82,-0.03,200,"bu","13:51:02",2083500
6.82,-0.03,300,"bu","13:51:02",2083300
6.82,-0.03,200,"bu","13:50:47",2083000
6.82,-0.03,1800,"bu","13:50:47",2082800
6.82,-0.03,500,"bu","13:50:42",2081000
6.82,-0.03,300,"bu","13:49:33",2080500
6.82,-0.03,1000,"sd","13:49:27",2080200
6.82,-0.03,200,"sd","13:49:27",2079200
6.82,-0.03,200,"sd","13:49:24",2079000
6.82,-0.03,300,"sd","13:49:15",2078800
6.82,-0.03,200,"sd","13:49:15",2078500
6.82,-0.03,800,"sd","13:49:12",2078300
6.82,-0.03,200,"sd","13:49:12",2077500
6.82,-0.03,300,"sd","13:48:59",2077300
6.82,-0.03,5000,"sd","13:48:59",2077000
6.82,-0.03,500,"sd","13:48:59",2072000
6.82,-0.03,900,"sd","13:48:59",2071500
6.83,-0.02,600,"bu","13:47:25",2070600
6.82,-0.03,100,"sd","13:47:17",2070000
6.83,-0.02,1000,"bu","13:47:09",2069900
6.83,-0.02,5400,"bu","13:46:57",2068900
6.82,-0.03,700,"sd","13:46:54",2063500
6.83,-0.02,100,"bu","13:46:44",2062800
6.83,-0.02,100,"bu","13:46:43",2062700
6.83,-0.02,1000,"bu","13:46:30",2062600
6.82,-0.03,3900,"sd","13:46:25",2061600
6.82,-0.03,1000,"sd","13:46:25",2057700
6.82,-0.03,100,"sd","13:46:25",2056700
6.82,-0.03,5000,"sd","13:46:25",2056600
6.82,-0.03,2500,"sd","13:46:12",2051600
6.83,-0.02,1000,"bu","13:46:05",2049100
6.82,-0.03,200,"sd","13:45:58",2048100
6.83,-0.02,500,"bu","13:45:46",2047900
6.83,-0.02,1000,"bu","13:45:27",2047400
6.83,-0.02,100,"bu","13:45:26",2046400
6.83,-0.02,3000,"bu","13:45:02",2046300
6.82,-0.03,100,"bu","13:44:39",2043300
6.82,-0.03,300,"bu","13:44:39",2043200
6.82,-0.03,1900,"bu","13:44:39",2042900
6.82,-0.03,2000,"bu","13:44:35",2041000
6.82,-0.03,3000,"bu","13:44:35",2039000
6.82,-0.03,2000,"bu","13:44:31",2036000
6.81,-0.04,100,"bu","13:43:49",2034000
6.81,-0.04,200,"bu","13:43:49",2033900
6.81,-0.04,200,"bu","13:43:45",2033700
6.81,-0.04,100,"sd","13:43:35",2033500
6.82,-0.03,2000,"bu","13:43:24",2033400
6.81,-0.04,300,"bu","13:43:14",2031400
6.81,-0.04,500,"bu","13:43:14",2031100
6.81,-0.04,2200,"bu","13:43:14",2030600
6.8,-0.05,2000,"sd","13:43:11",2028400
6.8,-0.05,1500,"sd","13:42:55",2026400
6.81,-0.04,100,"bu","13:42:50",2024900
6.81,-0.04,100,"bu","13:42:49",2024800
6.81,-0.04,100,"bu","13:42:49",2024700
6.81,-0.04,2000,"bu","13:42:40",2024600
6.81,-0.04,7800,"bu","13:42:24",2022600
6.81,-0.04,100,"bu","13:42:24",2014800
6.81,-0.04,1000,"bu","13:42:05",2014700
6.81,-0.04,1200,"bu","13:41:57",2013700
6.81,-0.04,800,"bu","13:41:57",2012500
6.81,-0.04,1000,"bu","13:41:51",2011700
6.81,-0.04,100,"bu","13:41:50",2010700
6.8,-0.05,1500,"sd","13:41:45",2010600
6.81,-0.04,100,"bu","13:41:42",2009100
6.8,-0.05,100,"sd","13:41:39",2009000
6.8,-0.05,100,"sd","13:41:39",2008900
6.8,-0.05,200,"sd","13:41:39",2008800
6.8,-0.05,1000,"sd","13:41:39",2008600
6.8,-0.05,300,"sd","13:41:39",2007600
6.8,-0.05,300,"sd","13:41:39",2007300
6.8,-0.05,500,"sd","13:41:39",2007000
6.8,-0.05,100,"sd","13:41:39",2006500
6.8,-0.05,200,"sd","13:41:39",2006400
6.8,-0.05,100,"sd","13:41:39",2006200
6.8,-0.05,100,"sd","13:41:39",2006100
6.8,-0.05,100,"sd","13:41:39",2006000
6.8,-0.05,100,"sd","13:41:39",2005900
6.8,-0.05,200,"sd","13:41:39",2005800
6.8,-0.05,300,"sd","13:41:39",2005600
6.8,-0.05,400,"sd","13:41:39",2005300
6.8,-0.05,300,"sd","13:41:39",2004900
6.8,-0.05,1700,"sd","13:41:39",2004600
6.8,-0.05,400,"sd","13:41:39",2002900
6.8,-0.05,100,"sd","13:41:39",2002500
6.8,-0.05,200,"sd","13:41:39",2002400
6.8,-0.05,1000,"sd","13:41:39",2002200
6.8,-0.05,1000,"sd","13:41:39",2001200
6.8,-0.05,200,"sd","13:41:39",2000200
6.8,-0.05,400,"sd","13:41:39",2000000
6.8,-0.05,100,"sd","13:41:39",1999600
6.8,-0.05,1000,"sd","13:41:39",1999500
6.8,-0.05,1000,"sd","13:41:39",1998500
6.8,-0.05,200,"sd","13:41:39",1997500
6.8,-0.05,100,"sd","13:41:39",1997300
6.8,-0.05,1500,"sd","13:41:39",1997200
6.8,-0.05,100,"sd","13:41:39",1995700
6.8,-0.05,100,"sd","13:41:39",1995600
6.8,-0.05,200,"sd","13:41:39",1995500
6.8,-0.05,100,"sd","13:41:39",1995300
6.8,-0.05,3000,"sd","13:41:39",1995200
6.8,-0.05,3000,"sd","13:41:39",1992200
6.8,-0.05,200,"sd","13:41:39",1989200
6.8,-0.05,200,"sd","13:41:27",1989000
6.8,-0.05,100,"sd","13:41:27",1988800
6.8,-0.05,500,"sd","13:41:27",1988700
6.8,-0.05,200,"sd","13:41:27",1988200
6.8,-0.05,100,"sd","13:41:19",1988000
6.8,-0.05,500,"sd","13:41:14",1987900
6.8,-0.05,100,"sd","13:41:14",1987400
6.8,-0.05,100,"sd","13:41:14",1987300
6.8,-0.05,100,"sd","13:41:14",1987200
6.8,-0.05,3200,"sd","13:41:14",1987100
6.8,-0.05,6800,"sd","13:41:11",1983900
6.8,-0.05,200,"sd","13:41:11",1977100
6.8,-0.05,5600,"sd","13:41:11",1976900
6.8,-0.05,7800,"sd","13:41:07",1971300
6.81,-0.04,100,"bu","13:41:00",1963500
6.81,-0.04,5900,"sd","13:40:40",1963400
6.81,-0.04,100,"sd","13:40:16",1957500
6.81,-0.04,400,"sd","13:40:16",1957400
6.81,-0.04,600,"sd","13:40:16",1957000
6.81,-0.04,3000,"bu","13:40:04",1956400
6.8,-0.05,200,"sd","13:39:38",1953400
6.8,-0.05,1400,"sd","13:39:33",1953200
6.8,-0.05,600,"sd","13:39:33",1951800
6.8,-0.05,100,"sd","13:39:31",1951200
6.8,-0.05,100,"sd","13:39:31",1951100
6.8,-0.05,900,"sd","13:39:31",1951000
6.8,-0.05,400,"sd","13:39:31",1950100
6.8,-0.05,4100,"sd","13:39:21",1949700
6.8,-0.05,100,"sd","13:39:21",1945600
6.8,-0.05,300,"sd","13:39:21",1945500
6.8,-0.05,200,"sd","13:39:21",1945200
6.8,-0.05,2000,"sd","13:39:21",1945000
6.8,-0.05,1500,"sd","13:39:21",1943000
6.8,-0.05,1000,"sd","13:39:21",1941500
6.8,-0.05,1000,"sd","13:39:21",1940500
6.8,-0.05,1000,"sd","13:39:21",1939500
6.8,-0.05,200,"sd","13:39:21",1938500
6.8,-0.05,100,"sd","13:39:21",1938300
6.8,-0.05,300,"sd","13:39:21",1938200
6.8,-0.05,100,"sd","13:39:21",1937900
6.8,-0.05,500,"sd","13:39:21",1937800
6.8,-0.05,100,"sd","13:39:21",1937300
6.8,-0.05,500,"sd","13:39:21",1937200
6.8,-0.05,10000,"sd","13:39:21",1936700
6.81,-0.04,1000,"sd","13:39:21",1926700
6.81,-0.04,1000,"sd","13:39:21",1925700
6.81,-0.04,1000,"sd","13:39:19",1924700
6.81,-0.04,1000,"sd","13:39:19",1923700
6.82,-0.03,200,"bu","13:38:49",1922700
6.82,-0.03,500,"bu","13:38:48",1922500
6.81,-0.04,100,"sd","13:38:44",1922000
6.81,-0.04,500,"sd","13:38:44",1921900
6.81,-0.04,1000,"sd","13:38:44",1921400
6.81,-0.04,400,"sd","13:38:44",1920400
6.81,-0.04,500,"sd","13:38:44",1920000
6.81,-0.04,500,"sd","13:38:44",1919500
6.81,-0.04,700,"sd","13:38:44",1919000
6.81,-0.04,1000,"sd","13:38:44",1918300
6.81,-0.04,5000,"sd","13:38:44",1917300
6.81,-0.04,500,"sd","13:38:44",1912300
6.81,-0.04,100,"sd","13:38:44",1911800
6.81,-0.04,200,"sd","13:38:44",1911700
6.81,-0.04,100,"sd","13:38:44",1911500
6.81,-0.04,1000,"sd","13:38:44",1911400
6.81,-0.04,2000,"sd","13:38:44",1910400
6.81,-0.04,1400,"sd","13:38:44",1908400
6.81,-0.04,1600,"sd","13:38:38",1907000
6.81,-0.04,100,"sd","13:38:38",1905400
6.81,-0.04,100,"sd","13:38:38",1905300
6.81,-0.04,2000,"sd","13:38:38",1905200
6.81,-0.04,1000,"sd","13:38:38",1903200
6.81,-0.04,200,"sd","13:38:38",1902200
6.81,-0.04,100,"sd","13:38:38",1902000
6.81,-0.04,200,"sd","13:38:38",1901900
6.81,-0.04,5200,"sd","13:38:38",1901700
6.82,-0.03,100,"bu","13:38:31",1896500
6.82,-0.03,1000,"bu","13:38:31",1896400
6.82,-0.03,100,"sd","13:38:30",1895400
6.82,-0.03,1000,"sd","13:38:30",1895300
6.82,-0.03,3000,"sd","13:38:20",1894300
6.82,-0.03,300,"sd","13:38:20",1891300
6.82,-0.03,100,"sd","13:38:20",1891000
6.82,-0.03,100,"sd","13:38:20",1890900
6.82,-0.03,2200,"sd","13:38:20",1890800
6.82,-0.03,2800,"sd","13:38:15",1888600
6.82,-0.03,7200,"sd","13:38:15",1885800
6.82,-0.03,1500,"sd","13:37:58",1878600
6.82,-0.03,500,"sd","13:37:57",1877100
6.82,-0.03,100,"sd","13:37:32",1876600
6.82,-0.03,300,"sd","13:36:24",1876500
6.83,-0.02,1000,"bu","13:36:23",1876200
6.82,-0.03,10000,"sd","13:36:07",1875200
6.83,-0.02,500,"bu","13:36:06",1865200
6.82,-0.03,300,"sd","13:35:54",1864700
6.82,-0.03,100,"sd","13:35:39",1864400
6.82,-0.03,100,"bu","13:35:19",1864300
6.82,-0.03,1000,"bu","13:35:13",1864200
6.82,-0.03,200,"bu","13:35:06",1863200
6.82,-0.03,500,"sd","13:35:00",1863000
6.82,-0.03,200,"sd","13:35:00",1862500
6.82,-0.03,100,"sd","13:35:00",1862300
6.82,-0.03,200,"sd","13:35:00",1862200
6.82,-0.03,300,"sd","13:35:00",1862000
6.82,-0.03,200,"sd","13:34:59",1861700
6.82,-0.03,300,"sd","13:34:59",1861500
6.82,-0.03,700,"sd","13:34:49",1861200
6.82,-0.03,1000,"sd","13:34:49",1860500
6.82,-0.03,2800,"sd","13:34:49",1859500
6.82,-0.03,2000,"sd","13:34:41",1856700
6.83,-0.02,100,"sd","13:34:40",1854700
6.83,-0.02,200,"sd","13:34:40",1854600
6.83,-0.02,1000,"sd","13:34:40",1854400
6.83,-0.02,53000,"sd","13:34:40",1853400
6.83,-0.02,2000,"sd","13:34:39",1800400
6.83,-0.02,5700,"sd","13:34:39",1798400
6.83,-0.02,2000,"sd","13:34:38",1792700
6.84,-0.01,800,"bu","13:34:36",1790700
6.83,-0.02,2000,"sd","13:34:36",1789900
6.83,-0.02,2000,"sd","13:34:33",1787900
6.83,-0.02,300,"sd","13:34:25",1785900
6.84,-0.01,1900,"sd","13:34:13",1785600
6.84,-0.01,100,"bu","13:33:58",1783700
6.84,-0.01,5900,"bu","13:33:58",1783600
6.83,-0.02,1000,"sd","13:33:55",1777700
6.83,-0.02,11000,"sd","13:33:22",1776700
6.84,-0.01,1000,"bu","13:33:02",1765700
6.84,-0.01,3100,"sd","13:32:58",1764700
6.85,0,100,"bu","13:32:47",1761600
6.85,0,100,"bu","13:31:35",1761500
6.84,-0.01,100,"bu","13:31:31",1761400
6.84,-0.01,200,"bu","13:31:18",1761300
6.84,-0.01,1000,"bu","13:31:16",1761100
6.84,-0.01,100,"sd","13:31:05",1760100
6.85,0,100,"bu","13:29:48",1760000
6.85,0,100,"bu","13:29:41",1759900
6.84,-0.01,1000,"bu","13:29:29",1759800
6.83,-0.02,200,"bu","13:28:55",1758800
6.82,-0.03,200,"bu","13:28:42",1758600
6.82,-0.03,1000,"bu","13:28:38",1758400
6.82,-0.03,1100,"bu","13:28:36",1757400
6.82,-0.03,3700,"bu","13:28:33",1756300
6.82,-0.03,1000,"bu","13:28:33",1752600
6.82,-0.03,1000,"bu","13:28:32",1751600
6.82,-0.03,1000,"bu","13:28:31",1750600
6.82,-0.03,200,"bu","13:28:30",1749600
6.82,-0.03,1000,"bu","13:28:30",1749400
6.82,-0.03,200,"bu","13:28:21",1748400
6.82,-0.03,1000,"bu","13:28:20",1748200
6.82,-0.03,1000,"bu","13:28:18",1747200
6.82,-0.03,1000,"bu","13:28:18",1746200
6.82,-0.03,200,"bu","13:28:17",1745200
6.82,-0.03,1000,"bu","13:28:17",1745000
6.82,-0.03,1000,"bu","13:28:15",1744000
6.82,-0.03,1000,"bu","13:28:14",1743000
6.82,-0.03,1000,"bu","13:28:13",1742000
6.82,-0.03,1000,"bu","13:28:11",1741000
6.82,-0.03,1000,"bu","13:28:08",1740000
6.81,-0.04,2100,"sd","13:27:58",1739000
6.81,-0.04,5000,"sd","13:27:53",1736900
6.81,-0.04,2000,"sd","13:27:38",1731900
6.81,-0.04,1200,"sd","13:27:28",1729900
6.81,-0.04,1000,"sd","13:27:12",1728700
6.81,-0.04,3000,"sd","13:27:01",1727700
6.82,-0.03,2000,"sd","13:26:48",1724700
6.82,-0.03,1500,"sd","13:26:48",1722700
6.82,-0.03,100,"sd","13:26:48",1721200
6.82,-0.03,100,"sd","13:26:48",1721100
6.82,-0.03,100,"sd","13:26:48",1721000
6.82,-0.03,400,"sd","13:26:45",1720900
6.82,-0.03,100,"sd","13:26:45",1720500
6.82,-0.03,900,"sd","13:26:18",1720400
6.82,-0.03,3000,"sd","13:26:18",1719500
6.82,-0.03,100,"sd","13:26:18",1716500
6.82,-0.03,5000,"sd","13:26:18",1716400
6.82,-0.03,10000,"sd","13:26:18",1711400
6.82,-0.03,5000,"sd","13:26:18",1701400
6.82,-0.03,100,"sd","13:26:18",1696400
6.82,-0.03,14200,"sd","13:26:18",1696300
6.83,-0.02,800,"sd","13:26:18",1682100
6.83,-0.02,1000,"sd","13:26:18",1681300
6.83,-0.02,100,"sd","13:25:59",1680300
6.83,-0.02,1100,"sd","13:25:42",1680200
6.83,-0.02,500,"sd","13:25:40",1679100
6.83,-0.02,100,"bu","13:25:11",1678600
6.83,-0.02,200,"bu","13:25:11",1678500
6.82,-0.03,1000,"sd","13:25:06",1678300
6.83,-0.02,100,"bu","13:24:59",1677300
6.83,-0.02,100,"bu","13:24:42",1677200
6.83,-0.02,100,"bu","13:24:41",1677100
6.83,-0.02,200,"bu","13:24:40",1677000
6.83,-0.02,300,"bu","13:24:40",1676800
6.83,-0.02,1500,"bu","13:24:40",1676500
6.83,-0.02,1000,"bu","13:24:36",1675000
6.83,-0.02,2000,"bu","13:24:36",1674000
6.83,-0.02,400,"bu","13:24:32",1672000
6.83,-0.02,100,"bu","13:24:32",1671600
6.83,-0.02,200,"bu","13:24:26",1671500
6.83,-0.02,600,"bu","13:24:26",1671300
6.82,-0.03,2000,"sd","13:24:15",1670700
6.82,-0.03,700,"sd","13:23:29",1668700
6.82,-0.03,300,"sd","13:23:25",1668000
6.82,-0.03,200,"sd","13:23:14",1667700
6.82,-0.03,1600,"sd","13:23:03",1667500
6.82,-0.03,100,"sd","13:23:03",1665900
6.82,-0.03,300,"sd","13:23:03",1665800
6.83,-0.02,1000,"bu","13:23:01",1665500
6.82,-0.03,100,"sd","13:23:01",1664500
6.83,-0.02,200,"sd","13:22:43",1664400
6.83,-0.02,200,"sd","13:22:43",1664200
6.83,-0.02,100,"bu","13:22:42",1664000
6.83,-0.02,1700,"bu","13:22:42",1663900
6.83,-0.02,500,"bu","13:22:42",1662200
6.83,-0.02,500,"bu","13:22:42",1661700
6.83,-0.02,200,"bu","13:22:38",1661200
6.83,-0.02,1000,"bu","13:22:28",1661000
6.83,-0.02,1300,"bu","13:22:12",1660000
6.83,-0.02,700,"bu","13:22:12",1658700
6.83,-0.02,100,"bu","13:22:10",1658000
6.83,-0.02,100,"bu","13:21:47",1657900
6.83,-0.02,100,"sd","13:21:38",1657800
6.83,-0.02,900,"bu","13:21:29",1657700
6.83,-0.02,100,"sd","13:21:17",1656800
6.83,-0.02,500,"sd","13:21:17",1656700
6.83,-0.02,400,"sd","13:21:04",1656200
6.83,-0.02,3700,"bu","13:20:42",1655800
6.83,-0.02,900,"bu","13:20:42",1652100
6.83,-0.02,100,"bu","13:20:42",1651200
6.82,-0.03,200,"sd","13:20:35",1651100
6.82,-0.03,200,"sd","13:20:35",1650900
6.82,-0.03,5000,"sd","13:20:35",1650700
6.82,-0.03,1000,"sd","13:20:35",1645700
6.82,-0.03,900,"sd","13:20:35",1644700
6.82,-0.03,600,"sd","13:20:28",1643800
6.83,-0.02,1000,"bu","13:20:26",1643200
6.82,-0.03,500,"bu","13:20:12",1642200
6.81,-0.04,100,"sd","13:19:35",1641700
6.81,-0.04,400,"sd","13:19:29",1641600
6.82,-0.03,100,"sd","13:19:29",1641200
6.81,-0.04,500,"sd","13:19:14",1641100
6.81,-0.04,400,"sd","13:19:14",1640600
6.82,-0.03,100,"sd","13:19:14",1640200
6.81,-0.04,800,"sd","13:18:53",1640100
6.81,-0.04,500,"sd","13:18:53",1639300
6.81,-0.04,400,"sd","13:18:53",1638800
6.81,-0.04,5000,"sd","13:18:53",1638400
6.81,-0.04,200,"sd","13:18:53",1633400
6.81,-0.04,1000,"sd","13:18:53",1633200
6.81,-0.04,100,"sd","13:18:53",1632200
6.81,-0.04,600,"sd","13:18:53",1632100
6.81,-0.04,300,"sd","13:18:53",1631500
6.82,-0.03,100,"sd","13:18:53",1631200
6.82,-0.03,1000,"sd","13:18:51",1631100
6.82,-0.03,300,"bu","13:18:50",1630100
6.81,-0.04,400,"sd","13:18:49",1629800
6.82,-0.03,200,"bu","13:18:48",1629400
6.82,-0.03,200,"bu","13:18:48",1629200
6.82,-0.03,1600,"bu","13:18:48",1629000
6.82,-0.03,100,"bu","13:18:43",1627400
6.81,-0.04,600,"sd","13:18:41",1627300
6.81,-0.04,500,"sd","13:18:41",1626700
6.81,-0.04,900,"sd","13:18:41",1626200
6.82,-0.03,300,"bu","13:18:38",1625300
6.82,-0.03,100,"bu","13:18:33",1625000
6.81,-0.04,1000,"sd","13:18:30",1624900
6.82,-0.03,1000,"bu","13:18:27",1623900
6.82,-0.03,1000,"bu","13:18:19",1622900
6.81,-0.04,1100,"sd","13:18:15",1621900
6.81,-0.04,1000,"sd","13:18:15",1620800
6.81,-0.04,400,"sd","13:18:15",1619800
6.82,-0.03,1000,"bu","13:18:12",1619400
6.81,-0.04,100,"sd","13:17:58",1618400
6.81,-0.04,1000,"sd","13:17:58",1618300
6.81,-0.04,900,"sd","13:17:58",1617300
6.82,-0.03,2000,"bu","13:17:48",1616400
6.81,-0.04,2100,"sd","13:17:35",1614400
6.81,-0.04,1000,"sd","13:17:35",1612300
6.81,-0.04,200,"sd","13:17:35",1611300
6.81,-0.04,100,"sd","13:17:35",1611100
6.81,-0.04,700,"sd","13:17:35",1611000
6.82,-0.03,1000,"sd","13:17:25",1610300
6.82,-0.03,300,"sd","13:17:25",1609300
6.81,-0.04,200,"sd","13:16:59",1609000
6.82,-0.03,200,"bu","13:16:53",1608800
6.81,-0.04,100,"sd","13:16:53",1608600
6.81,-0.04,500,"sd","13:16:53",1608500
6.81,-0.04,100,"sd","13:16:53",1608000
6.81,-0.04,1000,"sd","13:16:42",1607900
6.81,-0.04,100,"sd","13:16:34",1606900
6.82,-0.03,900,"sd","13:16:34",1606800
6.82,-0.03,100,"sd","13:16:34",1605900
6.82,-0.03,100,"sd","13:16:34",1605800
6.82,-0.03,100,"sd","13:16:15",1605700
6.82,-0.03,100,"sd","13:16:15",1605600
6.81,-0.04,900,"sd","13:16:15",1605500
6.81,-0.04,100,"sd","13:16:15",1604600
6.81,-0.04,100,"sd","13:16:15",1604500
6.82,-0.03,100,"sd","13:16:15",1604400
6.82,-0.03,200,"sd","13:16:15",1604300
6.82,-0.03,100,"sd","13:16:15",1604100
6.82,-0.03,300,"sd","13:16:15",1604000
6.82,-0.03,100,"sd","13:16:09",1603700
6.82,-0.03,200,"sd","13:16:09",1603600
6.82,-0.03,800,"sd","13:16:07",1603400
6.82,-0.03,700,"sd","13:16:07",1602600
6.82,-0.03,5300,"sd","13:16:05",1601900
6.82,-0.03,3500,"sd","13:15:57",1596600
6.82,-0.03,400,"sd","13:15:39",1593100
6.82,-0.03,100,"sd","13:15:39",1592700
6.83,-0.02,500,"bu","13:15:32",1592600
6.83,-0.02,100,"bu","13:15:32",1592100
6.83,-0.02,200,"bu","13:15:32",1592000
6.83,-0.02,500,"bu","13:15:32",1591800
6.83,-0.02,400,"bu","13:15:32",1591300
6.83,-0.02,200,"bu","13:15:32",1590900
6.83,-0.02,100,"sd","13:15:32",1590700
6.83,-0.02,200,"sd","13:15:32",1590600
6.83,-0.02,7000,"sd","13:15:32",1590400
6.83,-0.02,300,"sd","13:15:32",1583400
6.83,-0.02,200,"sd","13:15:32",1583100
6.83,-0.02,1800,"sd","13:15:12",1582900
6.83,-0.02,100,"sd","13:15:12",1581100
6.84,-0.01,500,"sd","13:15:07",1581000
6.84,-0.01,1000,"sd","13:15:07",1580500
6.84,-0.01,200,"sd","13:15:07",1579500
6.84,-0.01,200,"sd","13:15:07",1579300
6.84,-0.01,100,"sd","13:14:52",1579100
6.84,-0.01,200,"sd","13:14:52",1579000
6.85,0,200,"bu","13:14:44",1578800
6.85,0,1800,"bu","13:14:44",1578600
6.84,-0.01,200,"sd","13:14:33",1576800
6.84,-0.01,300,"sd","13:14:33",1576600
6.84,-0.01,200,"sd","13:14:33",1576300
6.84,-0.01,500,"sd","13:14:30",1576100
6.84,-0.01,100,"sd","13:14:30",1575600
6.84,-0.01,2000,"sd","13:14:30",1575500
6.84,-0.01,1000,"sd","13:14:30",1573500
6.84,-0.01,500,"sd","13:14:30",1572500
6.84,-0.01,300,"sd","13:14:30",1572000
6.84,-0.01,200,"sd","13:14:30",1571700
6.84,-0.01,200,"sd","13:14:30",1571500
6.84,-0.01,200,"sd","13:14:30",1571300
6.84,-0.01,1000,"sd","13:14:09",1571100
6.85,0,200,"bu","13:14:05",1570100
6.85,0,100,"bu","13:14:05",1569900
6.85,0,200,"bu","13:14:05",1569800
6.85,0,100,"bu","13:13:27",1569600
6.85,0,1000,"bu","13:13:17",1569500
6.85,0,100,"bu","13:13:08",1568500
6.84,-0.01,1000,"sd","13:13:07",1568400
6.85,0,200,"bu","13:12:58",1567400
6.84,-0.01,2000,"sd","13:12:55",1567200
6.84,-0.01,5000,"sd","13:12:24",1565200
6.84,-0.01,5600,"sd","13:12:21",1560200
6.84,-0.01,400,"sd","13:12:21",1554600
6.84,-0.01,2600,"sd","13:12:12",1554200
6.84,-0.01,100,"sd","13:12:12",1551600
6.84,-0.01,1000,"sd","13:12:12",1551500
6.84,-0.01,1900,"sd","13:12:12",1550500
6.84,-0.01,800,"sd","13:12:08",1548600
6.84,-0.01,200,"sd","13:11:49",1547800
6.85,0,500,"bu","13:11:48",1547600
6.85,0,500,"bu","13:11:45",1547100
6.85,0,1000,"bu","13:11:44",1546600
6.85,0,10000,"bu","13:11:25",1545600
6.84,-0.01,100,"sd","13:11:21",1535600
6.84,-0.01,900,"sd","13:11:21",1535500
6.84,-0.01,100,"sd","13:11:09",1534600
6.84,-0.01,100,"sd","13:11:09",1534500
6.85,0,1400,"bu","13:11:03",1534400
6.85,0,700,"sd","13:10:19",1533000
6.85,0,100,"sd","13:10:19",1532300
6.85,0,2000,"sd","13:10:19",1532200
6.85,0,1900,"sd","13:10:19",1530200
6.85,0,300,"sd","13:10:19",1528300
6.85,0,1000,"sd","13:10:19",1528000
6.85,0,300,"sd","13:10:19",1527000
6.85,0,100,"sd","13:10:19",1526700
6.85,0,500,"sd","13:10:19",1526600
6.85,0,500,"sd","13:10:19",1526100
6.85,0,500,"sd","13:10:19",1525600
6.85,0,500,"sd","13:10:19",1525100
6.85,0,3000,"sd","13:10:19",1524600
6.85,0,400,"sd","13:10:19",1521600
6.85,0,400,"sd","13:10:19",1521200
6.85,0,500,"sd","13:10:19",1520800
6.85,0,2300,"sd","13:10:19",1520300
6.85,0,1500,"sd","13:10:18",1518000
6.85,0,100,"sd","13:10:13",1516500
6.85,0,100,"sd","13:10:02",1516400
6.85,0,100,"sd","13:10:02",1516300
6.85,0,800,"sd","13:10:02",1516200
6.85,0,1200,"sd","13:09:45",1515400
6.85,0,1000,"sd","13:09:45",1514200
6.85,0,2400,"sd","13:09:45",1513200
6.85,0,500,"sd","13:09:45",1510800
6.85,0,1000,"sd","13:09:45",1510300
6.85,0,100,"sd","13:09:45",1509300
6.85,0,1500,"sd","13:09:45",1509200
6.85,0,500,"sd","13:09:45",1507700
6.85,0,100,"sd","13:09:45",1507200
6.85,0,100,"sd","13:09:45",1507100
6.85,0,100,"sd","13:09:45",1507000
6.85,0,500,"sd","13:09:45",1506900
6.85,0,100,"sd","13:09:45",1506400
6.85,0,900,"sd","13:09:38",1506300
6.85,0,100,"sd","13:09:38",1505400
6.85,0,1600,"sd","13:09:23",1505300
6.87,0.02,100,"bu","13:09:16",1503700
6.85,0,300,"sd","13:08:55",1503600
6.85,0,300,"sd","13:08:55",1503300
6.85,0,100,"sd","13:08:32",1503000
6.85,0,300,"sd","13:08:17",1502900
6.85,0,300,"sd","13:08:14",1502600
6.85,0,100,"sd","13:08:14",1502300
6.85,0,1000,"sd","13:08:14",1502200
6.85,0,1600,"sd","13:08:14",1501200
6.85,0,1000,"sd","13:07:33",1499600
6.85,0,100,"sd","13:07:33",1498600
6.85,0,400,"sd","13:07:33",1498500
6.85,0,300,"sd","13:07:33",1498100
6.85,0,100,"sd","13:07:33",1497800
6.85,0,2500,"sd","13:07:33",1497700
6.85,0,300,"sd","13:07:33",1495200
6.85,0,300,"sd","13:07:33",1494900
6.85,0,2900,"sd","13:07:32",1494600
6.85,0,10000,"sd","13:07:32",1491700
6.85,0,100,"sd","13:07:32",1481700
6.85,0,100,"sd","13:07:32",1481600
6.85,0,1000,"sd","13:07:32",1481500
6.85,0,200,"sd","13:07:32",1480500
6.85,0,300,"sd","13:07:32",1480300
6.85,0,500,"sd","13:07:32",1480000
6.85,0,1900,"sd","13:07:32",1479500
6.85,0,3100,"sd","13:07:21",1477600
6.85,0,20000,"sd","13:07:21",1474500
6.85,0,3000,"sd","13:07:21",1454500
6.85,0,3100,"sd","13:07:21",1451500
6.85,0,500,"sd","13:07:21",1448400
6.85,0,7000,"sd","13:07:21",1447900
6.85,0,8800,"sd","13:07:21",1440900
6.85,0,100,"sd","13:07:21",1432100
6.85,0,500,"sd","13:07:21",1432000
6.85,0,200,"sd","13:07:21",1431500
6.85,0,200,"sd","13:07:21",1431300
6.85,0,400,"sd","13:07:21",1431100
6.85,0,400,"sd","13:07:21",1430700
6.85,0,200,"sd","13:07:21",1430300
6.85,0,10000,"sd","13:07:21",1430100
6.85,0,400,"sd","13:07:21",1420100
6.85,0,1000,"sd","13:07:21",1419700
6.85,0,5900,"sd","13:07:21",1418700
6.86,0.01,100,"sd","13:07:21",1412800
6.86,0.01,100,"sd","13:07:21",1412700
6.86,0.01,200,"sd","13:07:21",1412600
6.86,0.01,200,"sd","13:07:21",1412400
6.86,0.01,100,"sd","13:07:21",1412200
6.86,0.01,200,"sd","13:07:09",1412100
6.87,0.02,100,"bu","13:06:39",1411900
6.86,0.01,2000,"sd","13:06:06",1411800
6.86,0.01,500,"sd","13:06:06",1409800
6.86,0.01,100,"sd","13:06:06",1409300
6.86,0.01,3000,"sd","13:06:06",1409200
6.86,0.01,100,"sd","13:06:06",1406200
6.86,0.01,100,"sd","13:06:06",1406100
6.86,0.01,2000,"sd","13:06:06",1406000
6.86,0.01,2000,"sd","13:06:06",1404000
6.86,0.01,200,"sd","13:06:06",1402000
6.86,0.01,1800,"sd","13:05:47",1401800
6.86,0.01,2000,"sd","13:05:47",1400000
6.86,0.01,700,"sd","13:05:47",1398000
6.86,0.01,100,"sd","13:05:32",1397300
6.86,0.01,200,"sd","13:05:32",1397200
6.86,0.01,7100,"sd","13:05:32",1397000
6.86,0.01,4300,"sd","13:05:32",1389900
6.86,0.01,200,"sd","13:05:32",1385600
6.86,0.01,4900,"sd","13:05:32",1385400
6.86,0.01,1000,"sd","13:05:32",1380500
6.86,0.01,300,"sd","13:05:32",1379500
6.86,0.01,300,"sd","13:05:32",1379200
6.86,0.01,1000,"sd","13:05:32",1378900
6.86,0.01,1000,"sd","13:05:32",1377900
6.86,0.01,300,"sd","13:05:32",1376900
6.86,0.01,1000,"sd","13:05:32",1376600
6.86,0.01,100,"sd","13:05:32",1375600
6.86,0.01,200,"sd","13:05:32",1375500
6.86,0.01,500,"sd","13:05:32",1375300
6.86,0.01,2600,"sd","13:05:32",1374800
6.86,0.01,200,"sd","13:05:32",1372200
6.86,0.01,5000,"sd","13:05:21",1372000
6.87,0.02,100,"unknown","13:04:06",1367000
6.87,0.02,500,"unknown","13:04:06",1366900
6.87,0.02,300,"unknown","13:04:06",1366400
6.87,0.02,3800,"sd","13:04:06",1366100
6.87,0.02,1600,"sd","13:04:06",1362300
6.87,0.02,5000,"sd","13:04:06",1360700
6.87,0.02,1000,"sd","13:04:06",1355700
6.87,0.02,1900,"sd","13:04:06",1354700
6.87,0.02,1500,"sd","13:04:06",1352800
6.87,0.02,1000,"sd","13:04:06",1351300
6.87,0.02,400,"sd","13:04:06",1350300
6.87,0.02,2800,"sd","13:04:06",1349900
6.87,0.02,1000,"sd","13:04:03",1347100
6.88,0.03,1000,"bu","13:02:00",1346100
6.88,0.03,1000,"bu","13:01:22",1345100
6.88,0.03,1000,"bu","13:00:58",1344100
6.87,0.02,5000,"sd","13:00:23",1343100
6.88,0.03,100,"bu","13:00:21",1338100
6.88,0.03,900,"bu","13:00:21",1338000
6.88,0.03,200,"bu","13:00:18",1337100
6.88,0.03,2200,"bu","13:00:13",1336900
6.88,0.03,100,"bu","13:00:09",1334700
6.88,0.03,9000,"bu","13:00:07",1334600
6.88,0.03,200,"bu","13:00:06",1325600
6.87,0.02,800,"sd","13:00:04",1325400
6.87,0.02,200,"sd","13:00:04",1324600
6.88,0.03,100,"bu","13:00:03",1324400
6.87,0.02,900,"sd","13:00:03",1324300
6.88,0.03,100,"bu","13:00:02",1323400
6.88,0.03,300,"bu","13:00:00",1323300
6.88,0.03,100,"bu","11:29:19",1323000
6.88,0.03,100,"bu","11:28:52",1322900
6.88,0.03,400,"bu","11:28:50",1322800
6.88,0.03,500,"bu","11:28:50",1322400
6.88,0.03,4100,"bu","11:28:50",1321900
6.88,0.03,1000,"bu","11:28:27",1317800
6.87,0.02,100,"sd","11:28:23",1316800
6.87,0.02,1700,"sd","11:27:56",1316700
6.87,0.02,1900,"sd","11:27:14",1315000
6.87,0.02,500,"sd","11:27:06",1313100
6.87,0.02,100,"sd","11:26:09",1312600
6.87,0.02,15000,"bu","11:26:05",1312500
6.87,0.02,3000,"bu","11:25:51",1297500
6.87,0.02,1000,"bu","11:25:45",1294500
6.87,0.02,100,"bu","11:25:42",1293500
6.87,0.02,7500,"bu","11:25:40",1293400
6.87,0.02,3000,"bu","11:25:34",1285900
6.87,0.02,5000,"bu","11:25:30",1282900
6.87,0.02,2000,"bu","11:25:20",1277900
6.87,0.02,2000,"bu","11:25:17",1275900
6.87,0.02,2000,"bu","11:25:15",1273900
6.87,0.02,2000,"bu","11:25:11",1271900
6.87,0.02,2000,"bu","11:25:08",1269900
6.87,0.02,100,"bu","11:24:55",1267900
6.87,0.02,50000,"bu","11:24:53",1267800
6.87,0.02,100,"bu","11:24:32",1217800
6.87,0.02,3300,"sd","11:24:16",1217700
6.88,0.03,1900,"sd","11:24:16",1214400
6.88,0.03,100,"bu","11:24:08",1212500
6.88,0.03,900,"bu","11:24:08",1212400
6.88,0.03,100,"bu","11:24:08",1211500
6.88,0.03,300,"bu","11:23:36",1211400
6.88,0.03,3200,"bu","11:23:36",1211100
6.87,0.02,1700,"sd","11:23:30",1207900
6.87,0.02,200,"sd","11:23:30",1206200
6.87,0.02,1000,"sd","11:23:30",1206000
6.87,0.02,1000,"sd","11:23:30",1205000
6.87,0.02,2000,"sd","11:23:30",1204000
6.87,0.02,2000,"sd","11:23:30",1202000
6.87,0.02,2000,"sd","11:23:30",1200000
6.87,0.02,2000,"sd","11:23:30",1198000
6.87,0.02,200,"sd","11:23:30",1196000
6.87,0.02,200,"sd","11:23:00",1195800
6.88,0.03,1000,"sd","11:22:29",1195600
6.88,0.03,400,"sd","11:22:29",1194600
6.88,0.03,400,"sd","11:22:29",1194200
6.88,0.03,1000,"sd","11:22:13",1193800
6.88,0.03,100,"bu","11:22:00",1192800
6.88,0.03,500,"bu","11:22:00",1192700
6.88,0.03,2000,"bu","11:21:51",1192200
6.88,0.03,2000,"bu","11:21:29",1190200
6.88,0.03,200,"sd","11:21:25",1188200
6.88,0.03,300,"sd","11:21:25",1188000
6.88,0.03,100,"bu","11:21:13",1187700
6.88,0.03,1600,"bu","11:21:13",1187600
6.88,0.03,2000,"bu","11:20:22",1186000
6.87,0.02,500,"sd","11:20:21",1184000
6.88,0.03,2300,"bu","11:20:21",1183500
6.88,0.03,1000,"bu","11:19:47",1181200
6.88,0.03,1000,"bu","11:19:42",1180200
6.88,0.03,100,"bu","11:19:42",1179200
6.89,0.04,100,"bu","11:19:34",1179100
6.88,0.03,2500,"sd","11:19:01",1179000
6.88,0.03,500,"sd","11:19:01",1176500
6.88,0.03,7000,"sd","11:19:01",1176000
6.89,0.04,100,"bu","11:17:38",1169000
6.88,0.03,1000,"sd","11:17:35",1168900
6.89,0.04,4500,"sd","11:17:12",1167900
6.89,0.04,5000,"bu","11:17:06",1163400
6.89,0.04,2400,"bu","11:17:06",1158400
6.89,0.04,100,"bu","11:16:11",1156000
6.89,0.04,2000,"bu","11:15:51",1155900
6.89,0.04,500,"bu","11:15:39",1153900
6.89,0.04,200,"bu","11:15:39",1153400
6.89,0.04,300,"bu","11:15:39",1153200
6.89,0.04,1000,"bu","11:15:10",1152900
6.89,0.04,3700,"bu","11:14:51",1151900
6.89,0.04,100,"bu","11:14:51",1148200
6.89,0.04,6000,"bu","11:14:51",1148100
6.89,0.04,200,"bu","11:14:51",1142100
6.87,0.02,1000,"sd","11:14:11",1141900
6.87,0.02,100,"sd","11:13:54",1140900
6.87,0.02,300,"sd","11:13:54",1140800
6.87,0.02,2000,"sd","11:13:54",1140500
6.87,0.02,1000,"sd","11:13:54",1138500
6.87,0.02,200,"sd","11:13:54",1137500
6.87,0.02,3000,"sd","11:13:54",1137300
6.87,0.02,100,"sd","11:13:54",1134300
6.87,0.02,100,"sd","11:13:54",1134200
6.87,0.02,100,"sd","11:13:54",1134100
6.87,0.02,500,"sd","11:13:54",1134000
6.87,0.02,100,"sd","11:13:54",1133500
6.87,0.02,100,"sd","11:13:54",1133400
6.87,0.02,300,"sd","11:13:54",1133300
6.88,0.03,1100,"sd","11:13:54",1133000
6.88,0.03,900,"bu","11:13:52",1131900
6.87,0.02,600,"sd","11:12:20",1131000
6.87,0.02,5000,"sd","11:12:04",1130400
6.87,0.02,4100,"sd","11:11:17",1125400
6.88,0.03,2000,"sd","11:11:17",1121300
6.88,0.03,1900,"sd","11:11:17",1119300
6.88,0.03,1000,"sd","11:11:08",1117400
6.89,0.04,6500,"bu","11:10:36",1116400
6.89,0.04,100,"bu","11:10:33",1109900
6.88,0.03,2100,"bu","11:09:57",1109800
6.88,0.03,1900,"sd","11:09:17",1107700
6.88,0.03,100,"sd","11:09:03",1105800
6.88,0.03,1000,"sd","11:09:03",1105700
6.88,0.03,300,"sd","11:09:03",1104700
6.88,0.03,500,"sd","11:09:03",1104400
6.88,0.03,100,"sd","11:09:03",1103900
6.88,0.03,100,"sd","11:08:28",1103800
6.88,0.03,800,"bu","11:07:30",1103700
6.88,0.03,2200,"bu","11:07:28",1102900
6.88,0.03,800,"bu","11:07:28",1100700
6.88,0.03,4000,"bu","11:07:14",1099900
6.88,0.03,3000,"bu","11:07:13",1095900
6.88,0.03,100,"bu","11:07:06",1092900
6.88,0.03,1000,"bu","11:07:06",1092800
6.88,0.03,2000,"bu","11:06:54",1091800
6.88,0.03,2000,"bu","11:06:50",1089800
6.87,0.02,200,"sd","11:06:50",1087800
6.88,0.03,2000,"bu","11:06:49",1087600
6.88,0.03,2000,"bu","11:06:45",1085600
6.88,0.03,2000,"bu","11:06:42",1083600
6.88,0.03,100,"bu","11:06:08",1081600
6.88,0.03,100,"bu","11:04:04",1081500
6.87,0.02,2600,"sd","11:01:02",1081400
6.87,0.02,5000,"sd","11:00:09",1078800
6.88,0.03,3000,"sd","10:59:37",1073800
6.88,0.03,1000,"sd","10:59:37",1070800
6.88,0.03,1400,"sd","10:59:37",1069800
6.88,0.03,9000,"sd","10:59:37",1068400
6.88,0.03,1000,"sd","10:59:37",1059400
6.88,0.03,2000,"sd","10:59:37",1058400
6.88,0.03,3500,"sd","10:59:37",1056400
6.89,0.04,200,"bu","10:59:24",1052900
6.88,0.03,7800,"sd","10:59:04",1052700
6.88,0.03,200,"sd","10:58:37",1044900
6.88,0.03,500,"sd","10:58:32",1044700
6.88,0.03,1900,"sd","10:57:42",1044200
6.88,0.03,800,"sd","10:57:30",1042300
6.88,0.03,300,"sd","10:56:55",1041500
6.87,0.02,1100,"sd","10:56:15",1041200
6.88,0.03,2900,"sd","10:56:15",1040100
6.88,0.03,300,"unknown","10:56:07",1037200
6.88,0.03,500,"sd","10:55:24",1036900
6.88,0.03,200,"sd","10:55:24",1036400
6.88,0.03,100,"sd","10:55:24",1036200
6.88,0.03,100,"sd","10:55:24",1036100
6.88,0.03,2000,"sd","10:55:20",1036000
6.88,0.03,900,"sd","10:54:34",1034000
6.88,0.03,100,"sd","10:54:34",1033100
6.88,0.03,100,"sd","10:53:52",1033000
6.88,0.03,100,"bu","10:53:01",1032900
6.88,0.03,2500,"bu","10:53:01",1032800
6.88,0.03,500,"sd","10:52:17",1030300
6.88,0.03,100,"sd","10:52:17",1029800
6.88,0.03,600,"sd","10:51:03",1029700
6.88,0.03,6900,"sd","10:51:03",1029100
6.88,0.03,500,"sd","10:51:03",1022200
6.88,0.03,500,"sd","10:51:03",1021700
6.88,0.03,1000,"sd","10:51:03",1021200
6.88,0.03,100,"sd","10:51:03",1020200
6.88,0.03,400,"sd","10:50:05",1020100
6.88,0.03,100,"sd","10:50:05",1019700
6.88,0.03,500,"sd","10:50:05",1019600
6.89,0.04,100,"sd","10:49:35",1019100
6.89,0.04,600,"sd","10:49:35",1019000
6.89,0.04,1000,"sd","10:49:35",1018400
6.89,0.04,5000,"sd","10:49:35",1017400
6.89,0.04,3700,"sd","10:49:35",1012400
6.89,0.04,400,"sd","10:48:49",1008700
6.89,0.04,1100,"sd","10:48:36",1008300
6.89,0.04,1000,"bu","10:48:24",1007200
6.89,0.04,400,"bu","10:48:24",1006200
6.89,0.04,1200,"sd","10:48:14",1005800
6.89,0.04,1200,"bu","10:47:53",1004600
6.89,0.04,1000,"bu","10:47:53",1003400
6.89,0.04,3500,"bu","10:47:51",1002400
6.89,0.04,500,"sd","10:47:34",998900
6.89,0.04,500,"sd","10:46:39",998400
6.89,0.04,1500,"sd","10:46:39",997900
6.89,0.04,1000,"sd","10:46:39",996400
6.89,0.04,500,"sd","10:46:22",995400
6.89,0.04,500,"sd","10:46:22",994900
6.89,0.04,500,"sd","10:45:35",994400
6.89,0.04,2000,"sd","10:45:23",993900
6.89,0.04,900,"sd","10:44:25",991900
6.89,0.04,1000,"sd","10:43:54",991000
6.89,0.04,600,"sd","10:43:34",990000
6.89,0.04,200,"sd","10:43:21",989400
6.9,0.05,100,"bu","10:43:21",989200
6.9,0.05,5000,"bu","10:43:05",989100
6.89,0.04,1000,"sd","10:42:37",984100
6.89,0.04,500,"sd","10:41:39",983100
6.89,0.04,1500,"bu","10:41:33",982600
6.89,0.04,700,"bu","10:41:33",981100
6.89,0.04,900,"bu","10:41:33",980400
6.89,0.04,200,"bu","10:41:33",979500
6.89,0.04,1500,"bu","10:41:24",979300
6.89,0.04,3500,"bu","10:41:24",977800
6.89,0.04,300,"bu","10:41:05",974300
6.89,0.04,100,"sd","10:40:13",974000
6.89,0.04,100,"sd","10:40:13",973900
6.89,0.04,1000,"sd","10:39:59",973800
6.89,0.04,100,"sd","10:39:57",972800
6.89,0.04,1000,"sd","10:39:57",972700
6.89,0.04,1000,"sd","10:39:54",971700
6.89,0.04,1000,"sd","10:39:51",970700
6.89,0.04,300,"sd","10:39:40",969700
6.9,0.05,700,"bu","10:39:23",969400
6.89,0.04,1000,"sd","10:38:58",968700
6.9,0.05,1700,"bu","10:38:51",967700
6.89,0.04,200,"sd","10:38:12",966000
6.89,0.04,2000,"sd","10:37:54",965800
6.89,0.04,100,"sd","10:37:54",963800
6.89,0.04,2000,"sd","10:37:52",963700
6.89,0.04,2000,"sd","10:37:49",961700
6.89,0.04,2000,"sd","10:37:44",959700
6.89,0.04,2000,"sd","10:37:43",957700
6.89,0.04,1000,"sd","10:37:42",955700
6.89,0.04,2000,"sd","10:37:41",954700
6.89,0.04,2000,"sd","10:37:38",952700
6.89,0.04,2000,"sd","10:37:33",950700
6.89,0.04,200,"sd","10:37:27",948700
6.89,0.04,2000,"sd","10:37:12",948500
6.9,0.05,1000,"bu","10:37:09",946500
6.89,0.04,2000,"sd","10:37:05",945500
6.9,0.05,300,"bu","10:36:59",943500
6.9,0.05,500,"bu","10:36:55",943200
6.9,0.05,200,"bu","10:36:55",942700
6.9,0.05,500,"bu","10:36:55",942500
6.9,0.05,300,"bu","10:36:55",942000
6.89,0.04,2000,"sd","10:36:48",941700
6.89,0.04,2500,"sd","10:35:57",939700
6.89,0.04,2000,"sd","10:35:52",937200
6.89,0.04,100,"bu","10:35:34",935200
6.89,0.04,400,"sd","10:35:30",935100
6.89,0.04,100,"sd","10:35:21",934700
6.89,0.04,5000,"bu","10:34:37",934600
6.89,0.04,200,"bu","10:34:37",929600
6.89,0.04,1300,"bu","10:34:37",929400
6.88,0.03,300,"sd","10:34:34",928100
6.88,0.03,200,"bu","10:32:07",927800
6.88,0.03,100,"bu","10:32:00",927600
6.88,0.03,500,"sd","10:31:53",927500
6.88,0.03,500,"bu","10:31:41",927000
6.87,0.02,1100,"bu","10:30:43",926500
6.87,0.02,100,"sd","10:30:26",925400
6.87,0.02,800,"sd","10:30:26",925300
6.87,0.02,200,"sd","10:30:06",924500
6.87,0.02,200,"sd","10:30:06",924300
6.88,0.03,500,"sd","10:30:06",924100
6.87,0.02,800,"sd","10:29:49",923600
6.87,0.02,200,"sd","10:29:49",922800
6.87,0.02,800,"sd","10:29:33",922600
6.87,0.02,1700,"sd","10:29:33",921800
6.87,0.02,8300,"sd","10:29:19",920100
6.87,0.02,300,"sd","10:29:19",911800
6.87,0.02,600,"sd","10:29:19",911500
6.87,0.02,3000,"sd","10:29:19",910900
6.87,0.02,200,"sd","10:29:19",907900
6.88,0.03,2600,"sd","10:29:19",907700
6.88,0.03,100,"bu","10:28:57",905100
6.88,0.03,300,"bu","10:28:57",905000
6.88,0.03,200,"sd","10:28:15",904700
6.88,0.03,5000,"sd","10:28:15",904500
6.88,0.03,3200,"sd","10:28:15",899500
6.88,0.03,300,"sd","10:28:05",896300
6.89,0.04,100,"sd","10:27:56",896000
6.89,0.04,600,"sd","10:27:45",895900
6.89,0.04,300,"sd","10:27:22",895300
6.89,0.04,200,"sd","10:27:15",895000
6.89,0.04,800,"bu","10:27:06",894800
6.89,0.04,5000,"bu","10:27:01",894000
6.89,0.04,1800,"bu","10:26:57",889000
6.89,0.04,100,"bu","10:26:57",887200
6.89,0.04,400,"bu","10:26:56",887100
6.89,0.04,600,"bu","10:26:56",886700
6.89,0.04,200,"bu","10:26:52",886100
6.89,0.04,400,"bu","10:26:52",885900
6.89,0.04,100,"bu","10:26:02",885500
6.89,0.04,10000,"bu","10:25:59",885400
6.88,0.03,1000,"sd","10:25:56",875400
6.88,0.03,200,"sd","10:25:53",874400
6.88,0.03,200,"sd","10:25:30",874200
6.89,0.04,5000,"bu","10:25:22",874000
6.88,0.03,2000,"sd","10:25:07",869000
6.88,0.03,4000,"sd","10:25:03",867000
6.88,0.03,400,"sd","10:25:03",863000
6.88,0.03,5000,"sd","10:25:03",862600
6.88,0.03,600,"sd","10:25:03",857600
6.89,0.04,5000,"bu","10:24:57",857000
6.89,0.04,200,"bu","10:24:53",852000
6.89,0.04,100,"bu","10:24:37",851800
6.88,0.03,400,"sd","10:24:34",851700
6.88,0.03,200,"sd","10:24:34",851300
6.88,0.03,200,"sd","10:24:34",851100
6.88,0.03,200,"sd","10:24:34",850900
6.88,0.03,100,"bu","10:23:14",850700
6.88,0.03,100,"sd","10:21:38",850600
6.88,0.03,100,"sd","10:21:38",850500
6.89,0.04,900,"bu","10:21:28",850400
6.89,0.04,500,"bu","10:21:13",849500
6.89,0.04,4200,"bu","10:20:48",849000
6.88,0.03,1000,"sd","10:20:42",844800
6.89,0.04,100,"bu","10:20:34",843800
6.89,0.04,3000,"bu","10:20:24",843700
6.89,0.04,4500,"bu","10:19:54",840700
6.88,0.03,1000,"bu","10:19:54",836200
6.88,0.03,4500,"bu","10:19:54",835200
6.88,0.03,500,"sd","10:19:47",830700
6.89,0.04,300,"bu","10:19:33",830200
6.89,0.04,600,"bu","10:19:16",829900
6.89,0.04,100,"bu","10:18:53",829300
6.87,0.02,100,"sd","10:18:50",829200
6.86,0.01,100,"sd","10:17:29",829100
6.86,0.01,200,"sd","10:17:29",829000
6.86,0.01,500,"sd","10:17:29",828800
6.86,0.01,600,"sd","10:17:29",828300
6.86,0.01,1000,"sd","10:17:29",827700
6.86,0.01,100,"sd","10:17:29",826700
6.86,0.01,1000,"sd","10:17:29",826600
6.86,0.01,100,"sd","10:17:29",825600
6.86,0.01,2400,"sd","10:17:29",825500
6.88,0.03,1000,"sd","10:17:29",823100
6.86,0.01,300,"sd","10:17:29",822100
6.86,0.01,1000,"sd","10:17:29",821800
6.88,0.03,300,"sd","10:17:29",820800
6.86,0.01,1000,"sd","10:17:29",820500
6.86,0.01,100,"sd","10:17:29",819500
6.88,0.03,100,"sd","10:17:29",819400
6.86,0.01,100,"sd","10:17:29",819300
6.86,0.01,4900,"sd","10:17:29",819200
6.86,0.01,200,"sd","10:17:29",814300
6.88,0.03,100,"sd","10:17:29",814100
6.88,0.03,4100,"sd","10:17:29",814000
6.88,0.03,3000,"sd","10:17:29",809900
6.88,0.03,300,"sd","10:17:29",806900
6.88,0.03,200,"sd","10:17:29",806600
6.86,0.01,5000,"sd","10:17:29",806400
6.88,0.03,500,"sd","10:17:29",801400
6.88,0.03,7000,"sd","10:17:29",800900
6.88,0.03,500,"sd","10:17:29",793900
6.88,0.03,4000,"sd","10:17:29",793400
6.88,0.03,100,"sd","10:17:29",789400
6.88,0.03,200,"sd","10:17:29",789300
6.88,0.03,1000,"sd","10:17:29",789100
6.88,0.03,100,"sd","10:17:29",788100
6.88,0.03,8800,"sd","10:17:29",788000
6.89,0.04,100,"sd","10:17:29",779200
6.89,0.04,1000,"bu","10:16:52",779100
6.89,0.04,500,"bu","10:16:52",778100
6.89,0.04,2000,"bu","10:16:52",777600
6.89,0.04,500,"bu","10:16:52",775600
6.89,0.04,200,"bu","10:15:58",775100
6.89,0.04,800,"bu","10:15:57",774900
6.89,0.04,1200,"bu","10:15:57",774100
6.89,0.04,800,"sd","10:15:34",772900
6.89,0.04,2000,"sd","10:14:59",772100
6.89,0.04,200,"sd","10:14:43",770100
6.89,0.04,200,"sd","10:14:43",769900
6.89,0.04,100,"sd","10:14:43",769700
6.89,0.04,2000,"sd","10:13:24",769600
6.9,0.05,500,"bu","10:13:16",767600
6.9,0.05,1000,"bu","10:13:12",767100
6.9,0.05,1200,"bu","10:12:24",766100
6.9,0.05,500,"bu","10:12:24",764900
6.9,0.05,6000,"bu","10:12:24",764400
6.9,0.05,400,"bu","10:12:24",758400
6.9,0.05,6900,"bu","10:12:24",758000
6.9,0.05,3000,"bu","10:11:54",751100
6.9,0.05,100,"bu","10:11:18",748100
6.89,0.04,100,"sd","10:09:36",748000
6.89,0.04,100,"bu","10:09:28",747900
6.89,0.04,800,"bu","10:09:28",747800
6.89,0.04,100,"sd","10:08:53",747000
6.89,0.04,900,"sd","10:08:51",746900
6.89,0.04,4100,"sd","10:08:51",746000
6.89,0.04,4000,"sd","10:08:44",741900
6.89,0.04,100,"sd","10:08:28",737900
6.89,0.04,1800,"sd","10:08:11",737800
6.89,0.04,200,"sd","10:08:11",736000
6.89,0.04,100,"sd","10:07:46",735800
6.89,0.04,800,"sd","10:07:46",735700
6.89,0.04,1200,"sd","10:07:37",734900
6.89,0.04,1000,"sd","10:07:37",733700
6.89,0.04,500,"sd","10:07:37",732700
6.9,0.05,500,"sd","10:07:37",732200
6.9,0.05,800,"sd","10:07:37",731700
6.9,0.05,1000,"bu","10:07:16",730900
6.9,0.05,200,"bu","10:07:16",729900
6.9,0.05,100,"bu","10:07:16",729700
6.9,0.05,1900,"bu","10:07:16",729600
6.9,0.05,2000,"bu","10:07:14",727700
6.9,0.05,2000,"bu","10:07:09",725700
6.9,0.05,9000,"bu","10:06:47",723700
6.88,0.03,8900,"sd","10:05:59",714700
6.88,0.03,300,"sd","10:05:59",705800
6.88,0.03,10000,"sd","10:05:59",705500
6.88,0.03,100,"sd","10:05:59",695500
6.88,0.03,700,"sd","10:05:59",695400
6.9,0.05,600,"bu","10:05:40",694700
6.9,0.05,400,"bu","10:05:40",694100
6.88,0.03,4300,"sd","10:05:13",693700
6.88,0.03,100,"sd","10:05:13",689400
6.88,0.03,500,"sd","10:05:13",689300
6.88,0.03,100,"sd","10:05:13",688800
6.88,0.03,800,"sd","10:05:13",688700
6.88,0.03,200,"sd","10:05:13",687900
6.9,0.05,200,"bu","10:04:40",687700
6.9,0.05,100,"sd","10:04:37",687500
6.9,0.05,1000,"sd","10:04:37",687400
6.9,0.05,500,"sd","10:04:37",686400
6.9,0.05,1000,"sd","10:04:37",685900
6.9,0.05,4500,"sd","10:04:37",684900
6.9,0.05,1000,"sd","10:04:37",680400
6.9,0.05,31300,"sd","10:04:37",679400
6.9,0.05,8700,"sd","10:04:32",648100
6.9,0.05,100,"sd","10:04:32",639400
6.9,0.05,1200,"sd","10:04:32",639300
6.9,0.05,300,"sd","10:03:57",638100
6.91,0.06,400,"sd","10:03:47",637800
6.91,0.06,100,"sd","10:03:47",637400
6.91,0.06,2900,"sd","10:03:47",637300
6.91,0.06,5100,"bu","10:03:19",634400
6.9,0.05,2000,"sd","10:02:41",629300
6.91,0.06,300,"sd","10:02:37",627300
6.91,0.06,4600,"sd","10:02:37",627000
6.91,0.06,400,"sd","10:02:15",622400
6.91,0.06,300,"sd","10:02:15",622000
6.91,0.06,300,"sd","10:02:15",621700
6.92,0.07,500,"bu","10:01:59",621400
6.92,0.07,900,"bu","10:01:56",620900
6.92,0.07,2300,"bu","10:01:46",620000
6.92,0.07,200,"bu","10:01:46",617700
6.92,0.07,200,"bu","10:01:45",617500
6.92,0.07,100,"bu","10:01:20",617300
6.91,0.06,1700,"bu","10:01:05",617200
6.91,0.06,300,"bu","10:00:47",615500
6.91,0.06,200,"bu","10:00:47",615200
6.9,0.05,1500,"sd","10:00:13",615000
6.9,0.05,8500,"sd","10:00:13",613500
6.9,0.05,100,"sd","10:00:07",605000
6.91,0.06,500,"bu","09:59:56",604900
6.91,0.06,500,"bu","09:59:56",604400
6.91,0.06,5000,"bu","09:59:55",603900
6.9,0.05,3300,"sd","09:59:53",598900
6.91,0.06,100,"bu","09:59:45",595600
6.9,0.05,200,"sd","09:59:44",595500
6.91,0.06,1000,"sd","09:59:36",595300
6.91,0.06,700,"sd","09:59:36",594300
6.91,0.06,200,"sd","09:59:06",593600
6.91,0.06,100,"sd","09:58:50",593400
6.91,0.06,900,"sd","09:58:50",593300
6.91,0.06,1100,"sd","09:58:43",592400
6.91,0.06,600,"sd","09:58:43",591300
6.91,0.06,5800,"sd","09:58:43",590700
6.91,0.06,1200,"sd","09:58:43",584900
6.91,0.06,1000,"sd","09:58:43",583700
6.91,0.06,300,"sd","09:58:43",582700
6.91,0.06,5500,"sd","09:58:39",582400
6.91,0.06,1000,"sd","09:58:35",576900
6.91,0.06,500,"sd","09:58:29",575900
6.91,0.06,5000,"sd","09:58:23",575400
6.91,0.06,200,"sd","09:58:18",570400
6.91,0.06,8000,"sd","09:58:10",570200
6.91,0.06,500,"sd","09:57:51",562200
6.92,0.07,200,"bu","09:57:47",561700
6.91,0.06,500,"sd","09:57:23",561500
6.91,0.06,1000,"sd","09:57:16",561000
6.91,0.06,1000,"sd","09:57:09",560000
6.91,0.06,500,"sd","09:57:08",559000
6.91,0.06,1000,"sd","09:55:35",558500
6.91,0.06,1800,"sd","09:55:35",557500
6.92,0.07,1000,"bu","09:55:24",555700
6.91,0.06,200,"sd","09:55:15",554700
6.92,0.07,1500,"bu","09:55:13",554500
6.92,0.07,3500,"bu","09:55:13",553000
6.92,0.07,500,"bu","09:55:05",549500
6.91,0.06,700,"sd","09:54:52",549000
6.92,0.07,2000,"bu","09:54:42",548300
6.91,0.06,300,"sd","09:54:25",546300
6.92,0.07,2000,"bu","09:54:07",546000
6.92,0.07,500,"bu","09:53:46",544000
6.92,0.07,1500,"bu","09:53:44",543500
6.92,0.07,3000,"bu","09:53:44",542000
6.92,0.07,500,"bu","09:53:44",539000
6.91,0.06,900,"sd","09:53:37",538500
6.92,0.07,400,"bu","09:53:08",537600
6.91,0.06,1000,"sd","09:52:48",537200
6.92,0.07,600,"sd","09:52:46",536200
6.92,0.07,100,"bu","09:52:31",535600
6.92,0.07,400,"sd","09:52:28",535500
6.92,0.07,19600,"bu","09:52:19",535100
6.92,0.07,200,"bu","09:51:56",515500
6.92,0.07,200,"sd","09:51:48",515300
6.92,0.07,200,"bu","09:51:44",515100
6.92,0.07,600,"bu","09:51:44",514900
6.92,0.07,400,"bu","09:51:34",514300
6.92,0.07,1500,"bu","09:51:34",513900
6.92,0.07,100,"bu","09:51:28",512400
6.92,0.07,1600,"bu","09:51:20",512300
6.92,0.07,1800,"bu","09:51:15",510700
6.92,0.07,200,"bu","09:51:15",508900
6.92,0.07,100,"bu","09:50:56",508700
6.92,0.07,200,"bu","09:50:56",508600
6.92,0.07,200,"bu","09:50:36",508400
6.92,0.07,500,"bu","09:50:36",508200
6.92,0.07,500,"bu","09:50:36",507700
6.92,0.07,200,"bu","09:50:36",507200
6.91,0.06,1000,"bu","09:50:06",507000
6.91,0.06,9500,"bu","09:49:31",506000
6.91,0.06,500,"bu","09:49:18",496500
6.91,0.06,300,"bu","09:49:00",496000
6.91,0.06,3000,"bu","09:49:00",495700
6.91,0.06,4000,"bu","09:49:00",492700
6.9,0.05,600,"bu","09:48:57",488700
6.9,0.05,3500,"bu","09:48:57",488100
6.9,0.05,5000,"bu","09:48:57",484600
6.9,0.05,5000,"bu","09:48:57",479600
6.9,0.05,200,"bu","09:48:57",474600
6.9,0.05,3600,"bu","09:48:57",474400
6.89,0.04,3500,"bu","09:48:57",470800
6.9,0.05,100,"bu","09:48:15",467300
6.88,0.03,400,"sd","09:48:15",467200
6.9,0.05,1000,"bu","09:47:53",466800
6.9,0.05,1200,"bu","09:47:26",465800
6.9,0.05,1000,"bu","09:47:26",464600
6.9,0.05,10000,"bu","09:47:25",463600
6.9,0.05,300,"bu","09:47:25",453600
6.9,0.05,2100,"bu","09:47:25",453300
6.9,0.05,4200,"bu","09:47:25",451200
6.9,0.05,1000,"bu","09:47:25",447000
6.9,0.05,200,"bu","09:47:25",446000
6.88,0.03,300,"sd","09:46:38",445800
6.88,0.03,300,"sd","09:44:36",445500
6.88,0.03,800,"bu","09:44:36",445200
6.88,0.03,500,"bu","09:44:01",444400
6.88,0.03,300,"bu","09:44:01",443900
6.88,0.03,400,"bu","09:44:01",443600
6.88,0.03,100,"bu","09:43:48",443200
6.88,0.03,500,"bu","09:43:31",443100
6.88,0.03,1000,"bu","09:43:29",442600
6.88,0.03,200,"sd","09:42:57",441600
6.88,0.03,1000,"sd","09:42:57",441400
6.88,0.03,300,"sd","09:42:57",440400
6.88,0.03,200,"sd","09:42:57",440100
6.88,0.03,100,"sd","09:42:57",439900
6.88,0.03,11100,"sd","09:42:57",439800
6.88,0.03,100,"sd","09:42:57",428700
6.88,0.03,200,"sd","09:42:52",428600
6.89,0.04,800,"sd","09:42:52",428400
6.89,0.04,100,"bu","09:42:11",427600
6.88,0.03,700,"sd","09:42:10",427500
6.88,0.03,1500,"sd","09:42:10",426800
6.88,0.03,2000,"sd","09:42:10",425300
6.88,0.03,7200,"sd","09:42:10",423300
6.88,0.03,200,"sd","09:41:54",416100
6.88,0.03,2000,"sd","09:41:34",415900
6.88,0.03,600,"sd","09:41:29",413900
6.88,0.03,2000,"sd","09:41:23",413300
6.88,0.03,5000,"sd","09:41:23",411300
6.88,0.03,3000,"sd","09:41:23",406300
6.88,0.03,2000,"sd","09:41:20",403300
6.88,0.03,1000,"sd","09:40:46",401300
6.9,0.05,5000,"bu","09:40:12",400300
6.9,0.05,200,"bu","09:39:35",395300
6.9,0.05,1000,"sd","09:39:35",395100
6.9,0.05,300,"sd","09:39:35",394100
6.9,0.05,200,"sd","09:39:35",393800
6.9,0.05,100,"sd","09:39:35",393600
6.91,0.06,1000,"bu","09:39:34",393500
6.9,0.05,100,"sd","09:39:19",392500
6.91,0.06,200,"bu","09:38:48",392400
6.91,0.06,600,"bu","09:38:48",392200
6.91,0.06,400,"bu","09:38:35",391600
6.9,0.05,1300,"sd","09:38:24",391200
6.91,0.06,3700,"sd","09:38:24",389900
6.91,0.06,3000,"sd","09:38:21",386200
6.91,0.06,5000,"sd","09:38:21",383200
6.91,0.06,5000,"sd","09:38:19",378200
6.91,0.06,3000,"bu","09:38:02",373200
6.91,0.06,300,"bu","09:38:02",370200
6.9,0.05,200,"sd","09:38:01",369900
6.9,0.05,4800,"sd","09:38:01",369700
6.9,0.05,5000,"sd","09:37:59",364900
6.9,0.05,200,"sd","09:37:57",359900
6.9,0.05,4800,"sd","09:37:57",359700
6.9,0.05,5000,"sd","09:37:55",354900
6.9,0.05,5000,"sd","09:37:53",349900
6.91,0.06,1000,"sd","09:37:44",344900
6.91,0.06,100,"sd","09:37:44",343900
6.91,0.06,1000,"sd","09:37:44",343800
6.91,0.06,100,"sd","09:37:44",342800
6.91,0.06,2500,"sd","09:37:44",342700
6.91,0.06,500,"sd","09:37:35",340200
6.91,0.06,200,"sd","09:37:17",339700
6.91,0.06,5000,"sd","09:37:15",339500
6.91,0.06,1800,"sd","09:37:04",334500
6.91,0.06,100,"sd","09:37:04",332700
6.91,0.06,4000,"sd","09:36:52",332600
6.92,0.07,2900,"sd","09:36:52",328600
6.92,0.07,1500,"sd","09:36:51",325700
6.92,0.07,100,"sd","09:36:49",324200
6.92,0.07,1000,"sd","09:36:41",324100
6.92,0.07,500,"bu","09:36:39",323100
6.91,0.06,1500,"sd","09:36:35",322600
6.93,0.08,3600,"bu","09:36:21",321100
6.93,0.08,400,"bu","09:36:21",317500
6.92,0.07,500,"bu","09:36:21",317100
6.92,0.07,20000,"bu","09:36:21",316600
6.92,0.07,1000,"bu","09:36:21",296600
6.92,0.07,4500,"bu","09:36:21",295600
6.91,0.06,3700,"sd","09:36:17",291100
6.91,0.06,300,"sd","09:36:17",287400
6.91,0.06,700,"sd","09:36:09",287100
6.91,0.06,200,"sd","09:36:09",286400
6.91,0.06,500,"sd","09:35:59",286200
6.92,0.07,1000,"bu","09:35:36",285700
6.92,0.07,500,"bu","09:35:33",284700
6.92,0.07,900,"bu","09:35:31",284200
6.92,0.07,10000,"bu","09:35:22",283300
6.92,0.07,1000,"sd","09:35:16",273300
6.92,0.07,2100,"sd","09:35:16",272300
6.92,0.07,300,"bu","09:35:02",270200
6.92,0.07,500,"bu","09:35:02",269900
6.92,0.07,100,"bu","09:35:02",269400
6.92,0.07,1000,"bu","09:35:02",269300
6.92,0.07,1000,"bu","09:34:54",268300
6.91,0.06,200,"bu","09:34:36",267300
6.91,0.06,100,"bu","09:34:36",267100
6.91,0.06,100,"bu","09:34:30",267000
6.91,0.06,29800,"bu","09:34:26",266900
6.91,0.06,200,"bu","09:34:26",237100
6.9,0.05,200,"sd","09:34:18",236900
6.9,0.05,100,"sd","09:34:18",236700
6.91,0.06,300,"bu","09:34:03",236600
6.91,0.06,500,"bu","09:34:03",236300
6.91,0.06,500,"bu","09:34:03",235800
6.91,0.06,200,"bu","09:34:03",235300
6.91,0.06,500,"bu","09:34:03",235100
6.9,0.05,300,"sd","09:34:01",234600
6.9,0.05,100,"sd","09:34:01",234300
6.9,0.05,100,"sd","09:34:01",234200
6.91,0.06,100,"bu","09:33:42",234100
6.9,0.05,300,"sd","09:33:27",234000
6.9,0.05,200,"sd","09:33:27",233700
6.9,0.05,100,"sd","09:33:27",233500
6.9,0.05,9400,"sd","09:33:27",233400
6.9,0.05,5600,"bu","09:32:36",224000
6.9,0.05,500,"bu","09:32:35",218400
6.9,0.05,200,"bu","09:32:31",217900
6.86,0.01,100,"sd","09:32:20",217700
6.86,0.01,1200,"sd","09:32:20",217600
6.86,0.01,3600,"sd","09:32:20",216400
6.86,0.01,100,"sd","09:32:20",212800
6.9,0.05,200,"bu","09:32:16",212700
6.9,0.05,20000,"bu","09:32:08",212500
6.9,0.05,1000,"bu","09:31:54",192500
6.9,0.05,100,"bu","09:31:45",191500
6.9,0.05,800,"bu","09:31:39",191400
6.9,0.05,1600,"bu","09:31:27",190600
6.9,0.05,11200,"bu","09:31:27",189000
6.9,0.05,2200,"bu","09:31:27",177800
6.9,0.05,100,"bu","09:31:21",175600
6.9,0.05,1200,"bu","09:31:09",175500
6.9,0.05,10000,"bu","09:31:09",174300
6.9,0.05,3300,"bu","09:31:09",164300
6.89,0.04,500,"unknown","09:31:09",161000
6.86,0.01,1900,"sd","09:30:31",160500
6.86,0.01,500,"sd","09:30:31",158600
6.86,0.01,2000,"sd","09:30:31",158100
6.86,0.01,3000,"sd","09:30:31",156100
6.86,0.01,5000,"sd","09:30:31",153100
6.88,0.03,700,"sd","09:30:31",148100
6.88,0.03,1900,"sd","09:30:31",147400
6.9,0.05,4000,"bu","09:30:19",145500
6.9,0.05,10000,"bu","09:30:17",141500
6.9,0.05,200,"bu","09:30:12",131500
6.9,0.05,100,"bu","09:30:06",131300
6.88,0.03,100,"sd","09:30:02",131200
6.9,0.05,1000,"bu","09:30:02",131100
6.9,0.05,5000,"bu","09:29:58",130100
6.9,0.05,600,"bu","09:29:56",125100
6.9,0.05,400,"bu","09:29:56",124500
6.9,0.05,1000,"sd","09:29:39",124100
6.9,0.05,700,"sd","09:29:39",123100
6.9,0.05,2900,"sd","09:29:39",122400
6.91,0.06,200,"bu","09:29:39",119500
6.9,0.05,100,"bu","09:28:40",119300
6.9,0.05,400,"bu","09:28:37",119200
6.9,0.05,100,"bu","09:28:37",118800
6.9,0.05,200,"bu","09:28:31",118700
6.9,0.05,2000,"bu","09:28:26",118500
6.9,0.05,1200,"bu","09:28:21",116500
6.9,0.05,100,"bu","09:28:21",115300
6.9,0.05,400,"bu","09:28:20",115200
6.9,0.05,3500,"bu","09:28:20",114800
6.9,0.05,100,"bu","09:28:20",111300
6.9,0.05,100,"bu","09:28:20",111200
6.9,0.05,100,"bu","09:28:20",111100
6.9,0.05,500,"bu","09:28:20",111000
6.9,0.05,500,"bu","09:28:14",110500
6.9,0.05,200,"bu","09:28:14",110000
6.9,0.05,1000,"bu","09:28:03",109800
6.9,0.05,100,"bu","09:27:53",108800
6.86,0.01,5000,"sd","09:27:01",108700
6.86,0.01,500,"bu","09:27:01",103700
6.86,0.01,100,"bu","09:27:01",103200
6.86,0.01,1000,"bu","09:26:59",103100
6.86,0.01,2000,"bu","09:26:59",102100
6.86,0.01,900,"bu","09:26:57",100100
6.86,0.01,500,"bu","09:26:55",99200
6.86,0.01,200,"bu","09:26:48",98700
6.86,0.01,5000,"bu","09:26:46",98500
6.86,0.01,1000,"bu","09:26:41",93500
6.86,0.01,1000,"bu","09:26:37",92500
6.86,0.01,100,"bu","09:26:35",91500
6.86,0.01,700,"bu","09:26:27",91400
6.86,0.01,300,"bu","09:26:24",90700
6.86,0.01,200,"sd","09:25:38",90400
6.85,0,600,"sd","09:24:30",90200
6.85,0,8500,"sd","09:24:29",89600
6.85,0,500,"sd","09:24:29",81100
6.9,0.05,200,"bu","09:24:10",80600
6.85,0,300,"sd","09:24:05",80400
6.9,0.05,500,"sd","09:23:41",80100
6.9,0.05,1500,"sd","09:23:20",79600
6.9,0.05,600,"sd","09:23:20",78100
6.9,0.05,1500,"sd","09:23:04",77500
6.9,0.05,3500,"bu","09:23:00",76000
6.9,0.05,2000,"bu","09:23:00",72500
6.9,0.05,400,"bu","09:23:00",70500
6.87,0.02,5000,"bu","09:23:00",70100
6.85,0,4200,"sd","09:22:57",65100
6.85,0,800,"sd","09:22:57",60900
6.85,0,200,"sd","09:22:55",60100
6.85,0,1000,"sd","09:22:55",59900
6.85,0,100,"sd","09:22:55",58900
6.85,0,3700,"sd","09:22:55",58800
6.85,0,3600,"sd","09:22:53",55100
6.85,0,400,"sd","09:22:53",51500
6.86,0.01,1000,"sd","09:22:53",51100
6.86,0.01,500,"sd","09:22:48",50100
6.86,0.01,2000,"sd","09:22:06",49600
6.86,0.01,1200,"sd","09:22:06",47600
6.86,0.01,1800,"sd","09:22:06",46400
6.86,0.01,5000,"sd","09:22:04",44600
6.86,0.01,300,"sd","09:21:59",39600
6.87,0.02,700,"sd","09:21:59",39300
6.87,0.02,10000,"sd","09:21:59",38600
6.9,0.05,100,"bu","09:21:55",28600
6.91,0.06,1200,"bu","09:20:03",28500
6.89,0.04,200,"bu","09:20:03",27300
6.88,0.03,200,"sd","09:19:38",27100
6.86,0.01,2000,"sd","09:19:06",26900
6.86,0.01,900,"bu","09:18:27",24900
6.86,0.01,300,"bu","09:18:27",24000
6.86,0.01,800,"bu","09:18:03",23700
6.86,0.01,400,"bu","09:18:03",22900
6.86,0.01,100,"bu","09:18:03",22500
6.86,0.01,400,"bu","09:17:33",22400
6.85,0,600,"sd","09:17:27",22000
6.85,0,100,"sd","09:17:27",21400
6.86,0.01,300,"bu","09:16:42",21300
6.86,0.01,3700,"bu","09:16:42",21000
6.86,0.01,1300,"bu","09:16:42",17300
6.86,0.01,1200,"bu","09:16:18",16000
6.85,0,100,"sd","09:15:33",14800
6.85,0,1200,"sd","09:15:33",14700
6.85,0,100,"sd","09:15:33",13500
6.85,0,600,"sd","09:15:33",13400
6.86,0.01,100,"bu","09:15:15",12800
6.86,0.01,12700,"unknown","09:15:01",12700
