"price","change","match_qtty","side","time","total_vol"
3.75,-0.04,1000,"bu","14:45:01",75000
3.75,-0.04,500,"bu","14:28:47",74000
3.69,-0.1,400,"bu","14:28:06",73500
3.69,-0.1,1300,"bu","14:28:06",73100
3.69,-0.1,100,"bu","14:28:02",71800
3.69,-0.1,1200,"bu","14:26:47",71700
3.69,-0.1,200,"bu","14:26:36",70500
3.69,-0.1,500,"bu","14:26:35",70300
3.69,-0.1,100,"bu","14:26:22",69800
3.69,-0.1,200,"sd","14:20:10",69700
3.69,-0.1,1000,"sd","14:20:10",69500
3.69,-0.1,100,"sd","14:20:10",68500
3.69,-0.1,300,"sd","14:20:10",68400
3.7,-0.09,100,"sd","14:18:40",68100
3.7,-0.09,100,"sd","14:18:40",68000
3.7,-0.09,300,"bu","14:17:18",67900
3.7,-0.09,200,"bu","14:17:18",67600
3.7,-0.09,2400,"bu","14:17:18",67400
3.69,-0.1,100,"sd","14:17:15",65000
3.7,-0.09,200,"bu","14:16:48",64900
3.7,-0.09,2400,"bu","14:16:38",64700
3.7,-0.09,200,"bu","14:16:12",62300
3.7,-0.09,100,"bu","14:13:50",62100
3.7,-0.09,100,"bu","14:12:25",62000
3.7,-0.09,200,"bu","14:07:16",61900
3.7,-0.09,500,"sd","14:06:03",61700
3.7,-0.09,2000,"sd","14:06:03",61200
3.7,-0.09,1300,"sd","14:06:03",59200
3.7,-0.09,100,"sd","14:06:03",57900
3.7,-0.09,500,"sd","14:06:03",57800
3.75,-0.04,300,"bu","14:02:22",57300
3.7,-0.09,400,"sd","13:54:57",57000
3.7,-0.09,300,"sd","13:54:57",56600
3.7,-0.09,2700,"bu","13:48:44",56300
3.7,-0.09,200,"sd","13:47:24",53600
3.7,-0.09,400,"sd","13:47:24",53400
3.7,-0.09,1500,"sd","13:47:24",53000
3.7,-0.09,300,"sd","13:47:24",51500
3.71,-0.08,1100,"sd","13:47:24",51200
3.71,-0.08,100,"sd","13:47:24",50100
3.72,-0.07,500,"sd","13:47:24",50000
3.75,-0.04,8000,"sd","13:39:31",49500
3.75,-0.04,1700,"sd","13:39:31",41500
3.8,0.01,200,"sd","13:38:47",39800
3.8,0.01,500,"sd","13:37:18",39600
3.84,0.05,400,"sd","13:36:38",39100
3.84,0.05,100,"bu","13:36:09",38700
3.8,0.01,1000,"bu","13:35:16",38600
3.79,0,3300,"bu","13:35:16",37600
3.79,0,800,"bu","13:33:47",34300
3.79,0,200,"bu","13:19:48",33500
3.75,-0.04,100,"bu","13:17:13",33300
3.75,-0.04,200,"bu","13:10:04",33200
3.75,-0.04,2000,"sd","13:03:19",33000
3.75,-0.04,1600,"sd","13:03:19",31000
3.78,-0.01,100,"sd","13:03:19",29400
3.75,-0.04,1000,"sd","13:00:07",29300
3.79,0,300,"bu","13:00:00",28300
3.75,-0.04,700,"sd","11:26:57",28000
3.78,-0.01,100,"bu","11:17:14",27300
3.77,-0.02,700,"sd","10:38:23",27200
3.79,0,2600,"bu","10:17:51",26500
3.79,0,1100,"bu","10:10:48",23900
3.79,0,2000,"bu","10:04:41",22800
3.78,-0.01,100,"sd","10:04:33",20800
3.78,-0.01,3000,"bu","10:00:27",20700
3.78,-0.01,200,"sd","09:45:33",17700
3.78,-0.01,100,"bu","09:42:05",17500
3.69,-0.1,600,"sd","09:40:40",17400
3.7,-0.09,300,"sd","09:40:11",16800
3.7,-0.09,1000,"sd","09:40:11",16500
3.7,-0.09,2000,"sd","09:38:45",15500
3.7,-0.09,100,"sd","09:38:45",13500
3.78,-0.01,5000,"sd","09:37:12",13400
3.78,-0.01,5000,"sd","09:36:52",8400
3.79,0,500,"bu","09:34:09",3400
3.79,0,1000,"bu","09:32:53",2900
3.78,-0.01,500,"bu","09:31:40",1900
3.69,-0.1,200,"sd","09:30:08",1400
3.66,-0.13,100,"sd","09:15:08",1200
3.66,-0.13,200,"sd","09:15:08",1100
3.67,-0.12,100,"sd","09:15:08",900
3.68,-0.11,300,"sd","09:15:08",800
3.68,-0.11,500,"sd","09:15:01",500
