"price","change","match_qtty","side","time","total_vol"
35.1,-0.7,52200,"unknown","14:45:02",901900
35.35,-0.45,400,"sd","14:29:40",849700
35.4,-0.4,400,"sd","14:29:40",849300
35.4,-0.4,200,"sd","14:29:40",848900
35.6,-0.2,2500,"bu","14:29:39",848700
35.5,-0.3,400,"bu","14:29:39",846200
35.5,-0.3,100,"bu","14:29:39",845800
35.5,-0.3,200,"bu","14:29:39",845700
35.5,-0.3,100,"bu","14:29:39",845500
35.5,-0.3,300,"bu","14:29:39",845400
35.5,-0.3,100,"bu","14:29:39",845100
35.5,-0.3,100,"bu","14:29:39",845000
35.5,-0.3,200,"bu","14:29:39",844900
35.5,-0.3,100,"bu","14:29:39",844700
35.5,-0.3,100,"bu","14:29:39",844600
35.5,-0.3,100,"bu","14:29:39",844500
35.5,-0.3,100,"bu","14:29:39",844400
35.45,-0.35,100,"bu","14:29:39",844300
35.45,-0.35,400,"bu","14:29:39",844200
35.45,-0.35,100,"bu","14:29:39",843800
35.4,-0.4,100,"sd","14:29:38",843700
35.4,-0.4,100,"sd","14:29:38",843600
35.4,-0.4,100,"sd","14:29:38",843500
35.4,-0.4,200,"sd","14:29:18",843400
35.4,-0.4,100,"sd","14:29:18",843200
35.4,-0.4,400,"sd","14:29:18",843100
35.45,-0.35,200,"bu","14:29:18",842700
35.4,-0.4,1700,"sd","14:29:10",842500
35.4,-0.4,200,"sd","14:28:50",840800
35.45,-0.35,100,"bu","14:28:09",840600
35.45,-0.35,200,"bu","14:28:01",840500
35.4,-0.4,200,"sd","14:27:52",840300
35.45,-0.35,200,"sd","14:27:42",840100
35.5,-0.3,100,"bu","14:27:38",839900
35.45,-0.35,200,"sd","14:27:28",839800
35.45,-0.35,500,"bu","14:27:21",839600
35.45,-0.35,200,"bu","14:27:21",839100
35.45,-0.35,200,"bu","14:27:21",838900
35.45,-0.35,100,"bu","14:27:21",838700
35.45,-0.35,200,"bu","14:27:16",838600
35.4,-0.4,500,"sd","14:27:05",838400
35.45,-0.35,700,"bu","14:27:02",837900
35.45,-0.35,300,"bu","14:27:02",837200
35.45,-0.35,700,"bu","14:27:02",836900
35.45,-0.35,300,"bu","14:27:02",836200
35.45,-0.35,3000,"bu","14:27:02",835900
35.4,-0.4,100,"sd","14:27:01",832900
35.45,-0.35,300,"bu","14:26:50",832800
35.4,-0.4,300,"sd","14:26:47",832500
35.45,-0.35,200,"bu","14:26:39",832200
35.4,-0.4,100,"sd","14:26:33",832000
35.45,-0.35,100,"bu","14:26:31",831900
35.45,-0.35,500,"bu","14:26:31",831800
35.45,-0.35,900,"bu","14:26:14",831300
35.45,-0.35,2600,"bu","14:26:14",830400
35.4,-0.4,500,"bu","14:26:14",827800
35.35,-0.45,200,"sd","14:26:08",827300
35.35,-0.45,100,"sd","14:25:49",827100
35.35,-0.45,1000,"bu","14:25:48",827000
35.35,-0.45,1000,"bu","14:25:44",826000
35.35,-0.45,500,"sd","14:25:38",825000
35.35,-0.45,2400,"sd","14:25:38",824500
35.35,-0.45,100,"sd","14:25:38",822100
35.45,-0.35,600,"bu","14:25:33",822000
35.45,-0.35,100,"bu","14:25:23",821400
35.45,-0.35,500,"bu","14:25:21",821300
35.45,-0.35,200,"bu","14:25:07",820800
35.45,-0.35,200,"bu","14:25:06",820600
35.45,-0.35,200,"bu","14:25:06",820400
35.45,-0.35,200,"bu","14:24:49",820200
35.45,-0.35,100,"bu","14:24:38",820000
35.4,-0.4,500,"bu","14:24:38",819900
35.45,-0.35,100,"bu","14:24:35",819400
35.35,-0.45,100,"sd","14:24:34",819300
35.35,-0.45,800,"bu","14:24:18",819200
35.35,-0.45,100,"bu","14:24:16",818400
35.35,-0.45,200,"bu","14:24:15",818300
35.35,-0.45,900,"bu","14:24:13",818100
35.35,-0.45,600,"bu","14:24:11",817200
35.35,-0.45,400,"sd","14:24:06",816600
35.35,-0.45,600,"sd","14:23:59",816200
35.3,-0.5,100,"sd","14:23:48",815600
35.3,-0.5,100,"sd","14:23:48",815500
35.3,-0.5,300,"sd","14:23:48",815400
35.3,-0.5,200,"sd","14:23:48",815100
35.45,-0.35,1400,"sd","14:23:19",814900
35.45,-0.35,400,"bu","14:23:13",813500
35.45,-0.35,700,"bu","14:23:12",813100
35.45,-0.35,700,"bu","14:23:11",812400
35.45,-0.35,200,"bu","14:23:11",811700
35.45,-0.35,1000,"sd","14:23:11",811500
35.5,-0.3,100,"bu","14:23:08",810500
35.45,-0.35,200,"sd","14:23:00",810400
35.45,-0.35,400,"sd","14:22:57",810200
35.45,-0.35,1000,"sd","14:22:56",809800
35.45,-0.35,1000,"sd","14:22:54",808800
35.45,-0.35,100,"sd","14:22:52",807800
35.45,-0.35,100,"sd","14:22:51",807700
35.5,-0.3,700,"bu","14:22:46",807600
35.45,-0.35,400,"bu","14:22:35",806900
35.45,-0.35,1200,"bu","14:22:35",806500
35.4,-0.4,100,"bu","14:22:35",805300
35.4,-0.4,200,"bu","14:22:35",805200
35.3,-0.5,600,"sd","14:22:30",805000
35.4,-0.4,500,"bu","14:22:30",804400
35.4,-0.4,200,"bu","14:22:30",803900
35.4,-0.4,100,"bu","14:22:30",803700
35.4,-0.4,500,"bu","14:22:30",803600
35.4,-0.4,1900,"bu","14:22:30",803100
35.4,-0.4,1000,"bu","14:22:30",801200
35.4,-0.4,100,"bu","14:22:30",800200
35.4,-0.4,100,"bu","14:22:18",800100
35.4,-0.4,600,"bu","14:22:18",800000
35.3,-0.5,100,"sd","14:22:15",799400
35.3,-0.5,100,"sd","14:22:07",799300
35.4,-0.4,100,"bu","14:22:01",799200
35.3,-0.5,500,"sd","14:21:57",799100
35.4,-0.4,700,"bu","14:21:52",798600
35.3,-0.5,1000,"sd","14:21:48",797900
35.4,-0.4,100,"bu","14:21:44",796900
35.3,-0.5,200,"sd","14:21:42",796800
35.3,-0.5,100,"sd","14:21:42",796600
35.3,-0.5,400,"sd","14:21:37",796500
35.3,-0.5,400,"sd","14:21:37",796100
35.3,-0.5,100,"sd","14:21:25",795700
35.3,-0.5,900,"sd","14:21:11",795600
35.3,-0.5,400,"sd","14:21:08",794700
35.3,-0.5,3200,"sd","14:21:06",794300
35.3,-0.5,100,"sd","14:21:06",791100
35.3,-0.5,1000,"sd","14:21:06",791000
35.3,-0.5,500,"sd","14:21:06",790000
35.35,-0.45,100,"sd","14:21:06",789500
35.35,-0.45,300,"sd","14:21:06",789400
35.35,-0.45,100,"sd","14:21:06",789100
35.35,-0.45,1700,"sd","14:21:06",789000
35.4,-0.4,1900,"sd","14:21:05",787300
35.4,-0.4,600,"sd","14:21:05",785400
35.4,-0.4,100,"sd","14:21:02",784800
35.4,-0.4,300,"sd","14:21:02",784700
35.4,-0.4,100,"sd","14:21:01",784400
35.4,-0.4,500,"sd","14:20:56",784300
35.45,-0.35,100,"bu","14:20:55",783800
35.4,-0.4,100,"sd","14:20:52",783700
35.4,-0.4,100,"sd","14:20:52",783600
35.4,-0.4,100,"sd","14:20:52",783500
35.45,-0.35,700,"bu","14:20:52",783400
35.4,-0.4,900,"sd","14:20:50",782700
35.4,-0.4,100,"sd","14:20:50",781800
35.4,-0.4,300,"sd","14:20:47",781700
35.4,-0.4,3700,"sd","14:20:47",781400
35.4,-0.4,300,"sd","14:20:37",777700
35.4,-0.4,200,"sd","14:20:37",777400
35.4,-0.4,100,"sd","14:20:32",777200
35.4,-0.4,300,"sd","14:20:32",777100
35.4,-0.4,700,"sd","14:20:31",776800
35.45,-0.35,5000,"sd","14:20:06",776100
35.5,-0.3,1800,"bu","14:19:57",771100
35.5,-0.3,700,"sd","14:19:55",769300
35.5,-0.3,400,"sd","14:19:55",768600
35.65,-0.15,600,"bu","14:19:53",768200
35.65,-0.15,100,"bu","14:19:53",767600
35.5,-0.3,600,"sd","14:19:48",767500
35.5,-0.3,1000,"sd","14:19:48",766900
35.5,-0.3,1900,"sd","14:19:48",765900
35.5,-0.3,1800,"sd","14:19:48",764000
35.5,-0.3,700,"sd","14:19:48",762200
35.65,-0.15,100,"bu","14:19:47",761500
35.5,-0.3,1200,"sd","14:19:45",761400
35.5,-0.3,1800,"sd","14:19:42",760200
35.5,-0.3,1900,"sd","14:19:42",758400
35.5,-0.3,800,"sd","14:19:42",756500
35.5,-0.3,1100,"sd","14:19:39",755700
35.5,-0.3,1800,"sd","14:19:39",754600
35.5,-0.3,100,"sd","14:19:39",752800
35.7,-0.1,700,"bu","14:19:27",752700
35.5,-0.3,1800,"sd","14:19:23",752000
35.5,-0.3,1800,"sd","14:19:23",750200
35.5,-0.3,1900,"sd","14:19:23",748400
35.5,-0.3,100,"sd","14:19:23",746500
35.5,-0.3,1800,"sd","14:19:23",746400
35.5,-0.3,1900,"sd","14:19:23",744600
35.5,-0.3,1800,"sd","14:19:23",742700
35.5,-0.3,1900,"sd","14:19:23",740900
35.5,-0.3,1800,"sd","14:19:23",739000
35.5,-0.3,1900,"sd","14:19:23",737200
35.5,-0.3,1800,"sd","14:19:23",735300
35.5,-0.3,1900,"sd","14:19:23",733500
35.5,-0.3,1900,"sd","14:19:23",731600
35.5,-0.3,100,"sd","14:19:23",729700
35.5,-0.3,5600,"sd","14:19:23",729600
35.5,-0.3,2800,"sd","14:19:19",724000
35.5,-0.3,1700,"sd","14:19:19",721200
35.5,-0.3,400,"sd","14:19:15",719500
35.5,-0.3,1300,"sd","14:19:06",719100
35.5,-0.3,1700,"sd","14:19:06",717800
35.5,-0.3,500,"sd","14:19:06",716100
35.5,-0.3,1000,"sd","14:19:06",715600
35.5,-0.3,1700,"sd","14:19:06",714600
35.5,-0.3,1700,"sd","14:19:06",712900
35.5,-0.3,1700,"sd","14:19:06",711200
35.5,-0.3,1700,"sd","14:19:06",709500
35.5,-0.3,1700,"sd","14:19:06",707800
35.5,-0.3,10000,"sd","14:19:06",706100
35.5,-0.3,1100,"sd","14:19:06",696100
35.5,-0.3,1700,"sd","14:19:06",695000
35.5,-0.3,1700,"sd","14:19:06",693300
35.5,-0.3,100,"sd","14:19:06",691600
35.5,-0.3,1700,"sd","14:19:06",691500
35.5,-0.3,1700,"sd","14:19:06",689800
35.5,-0.3,400,"sd","14:19:00",688100
35.5,-0.3,300,"sd","14:18:48",687700
35.55,-0.25,100,"sd","14:18:48",687400
35.7,-0.1,100,"bu","14:18:39",687300
35.7,-0.1,100,"bu","14:18:39",687200
35.55,-0.25,400,"sd","14:18:31",687100
35.55,-0.25,200,"sd","14:18:24",686700
35.55,-0.25,1800,"sd","14:18:24",686500
35.55,-0.25,400,"sd","14:18:22",684700
35.55,-0.25,400,"sd","14:18:15",684300
35.55,-0.25,400,"sd","14:18:14",683900
35.65,-0.15,400,"sd","14:18:01",683500
35.65,-0.15,300,"sd","14:18:01",683100
35.7,-0.1,100,"bu","14:17:56",682800
35.7,-0.1,600,"bu","14:17:56",682700
35.65,-0.15,100,"sd","14:17:54",682100
35.65,-0.15,300,"sd","14:17:54",682000
35.7,-0.1,100,"bu","14:17:51",681700
35.65,-0.15,200,"sd","14:17:47",681600
35.65,-0.15,200,"sd","14:17:47",681400
35.65,-0.15,200,"sd","14:17:35",681200
35.7,-0.1,100,"bu","14:17:32",681000
35.7,-0.1,700,"bu","14:17:28",680900
35.65,-0.15,200,"sd","14:17:27",680200
35.7,-0.1,200,"sd","14:17:10",680000
35.7,-0.1,500,"bu","14:17:02",679800
35.65,-0.15,400,"sd","14:17:00",679300
35.7,-0.1,500,"sd","14:16:53",678900
35.7,-0.1,200,"bu","14:16:34",678400
35.65,-0.15,900,"sd","14:16:29",678200
35.7,-0.1,100,"bu","14:16:25",677300
35.7,-0.1,800,"sd","14:15:58",677200
35.7,-0.1,500,"sd","14:15:58",676400
35.7,-0.1,400,"sd","14:15:58",675900
35.7,-0.1,100,"sd","14:15:58",675500
35.7,-0.1,1000,"sd","14:15:55",675400
35.75,-0.05,700,"bu","14:15:36",674400
35.75,-0.05,100,"bu","14:15:17",673700
35.75,-0.05,800,"bu","14:15:09",673600
35.75,-0.05,2000,"bu","14:14:58",672800
35.75,-0.05,800,"bu","14:14:42",670800
35.75,-0.05,100,"bu","14:14:25",670000
35.75,-0.05,800,"bu","14:14:15",669900
35.75,-0.05,200,"bu","14:14:10",669100
35.75,-0.05,1000,"bu","14:14:04",668900
35.75,-0.05,500,"bu","14:13:48",667900
35.75,-0.05,200,"bu","14:13:48",667400
35.75,-0.05,300,"sd","14:13:39",667200
35.75,-0.05,100,"sd","14:13:37",666900
35.75,-0.05,100,"bu","14:13:21",666800
35.75,-0.05,300,"bu","14:13:21",666700
35.6,-0.2,100,"sd","14:13:11",666400
35.6,-0.2,100,"sd","14:13:04",666300
35.75,-0.05,100,"sd","14:13:04",666200
35.8,0,100,"bu","14:13:04",666100
35.75,-0.05,700,"bu","14:12:55",666000
35.75,-0.05,100,"bu","14:12:45",665300
35.75,-0.05,3000,"bu","14:12:45",665200
35.75,-0.05,4000,"bu","14:12:45",662200
35.75,-0.05,800,"bu","14:12:27",658200
35.6,-0.2,500,"sd","14:12:12",657400
35.75,-0.05,300,"bu","14:12:00",656900
35.7,-0.1,500,"bu","14:12:00",656600
35.75,-0.05,100,"bu","14:11:57",656100
35.75,-0.05,4800,"bu","14:11:40",656000
35.75,-0.05,100,"bu","14:11:40",651200
35.75,-0.05,200,"bu","14:11:40",651100
35.7,-0.1,2000,"bu","14:11:40",650900
35.7,-0.1,100,"bu","14:11:40",648900
35.75,-0.05,800,"bu","14:11:33",648800
35.7,-0.1,500,"bu","14:11:06",648000
35.7,-0.1,200,"bu","14:11:06",647500
35.7,-0.1,100,"bu","14:11:06",647300
35.7,-0.1,1900,"bu","14:10:59",647200
35.7,-0.1,500,"bu","14:10:59",645300
35.7,-0.1,1600,"bu","14:10:59",644800
35.7,-0.1,100,"bu","14:10:49",643200
35.7,-0.1,300,"bu","14:10:40",643100
35.7,-0.1,100,"bu","14:10:40",642800
35.7,-0.1,400,"bu","14:10:40",642700
35.6,-0.2,300,"bu","14:10:35",642300
35.6,-0.2,800,"sd","14:10:04",642000
35.6,-0.2,700,"sd","14:10:04",641200
35.6,-0.2,1000,"sd","14:09:44",640500
35.7,-0.1,100,"bu","14:09:42",639500
35.7,-0.1,700,"bu","14:09:41",639400
35.7,-0.1,100,"bu","14:09:41",638700
35.7,-0.1,600,"bu","14:09:41",638600
35.6,-0.2,100,"sd","14:09:30",638000
35.6,-0.2,100,"bu","14:09:14",637900
35.6,-0.2,600,"bu","14:08:47",637800
35.6,-0.2,100,"bu","14:08:47",637200
35.6,-0.2,100,"bu","14:08:47",637100
35.6,-0.2,200,"bu","14:08:35",637000
35.6,-0.2,600,"bu","14:08:24",636800
35.6,-0.2,1000,"bu","14:08:24",636200
35.6,-0.2,200,"bu","14:08:24",635200
35.6,-0.2,800,"bu","14:08:20",635000
35.6,-0.2,800,"bu","14:07:54",634200
35.55,-0.25,200,"sd","14:07:45",633400
35.6,-0.2,100,"bu","14:07:28",633200
35.55,-0.25,100,"sd","14:07:23",633100
35.6,-0.2,1700,"bu","14:07:19",633000
35.6,-0.2,800,"sd","14:07:14",631300
35.6,-0.2,600,"sd","14:07:14",630500
35.7,-0.1,300,"bu","14:06:53",629900
35.7,-0.1,100,"bu","14:06:53",629600
35.7,-0.1,400,"bu","14:06:53",629500
35.7,-0.1,100,"bu","14:06:21",629100
35.6,-0.2,1100,"bu","14:06:14",629000
35.6,-0.2,1000,"sd","14:06:13",627900
35.65,-0.15,400,"sd","14:06:13",626900
35.65,-0.15,400,"sd","14:05:57",626500
35.65,-0.15,100,"sd","14:05:57",626100
35.65,-0.15,1000,"sd","14:05:57",626000
35.65,-0.15,600,"sd","14:05:57",625000
35.7,-0.1,800,"bu","14:05:55",624400
35.7,-0.1,700,"sd","14:05:39",623600
35.7,-0.1,100,"bu","14:05:28",622900
35.7,-0.1,100,"bu","14:05:28",622800
35.7,-0.1,100,"bu","14:05:13",622700
35.7,-0.1,1800,"bu","14:05:09",622600
35.7,-0.1,800,"sd","14:04:49",620800
35.7,-0.1,1200,"sd","14:04:49",620000
35.8,0,800,"bu","14:04:33",618800
35.8,0,100,"bu","14:04:06",618000
35.75,-0.05,100,"bu","14:04:06",617900
35.7,-0.1,200,"bu","14:04:04",617800
35.7,-0.1,300,"bu","14:04:04",617600
35.7,-0.1,100,"sd","14:03:48",617300
35.7,-0.1,800,"sd","14:03:48",617200
35.7,-0.1,1800,"sd","14:03:48",616400
35.7,-0.1,200,"sd","14:03:43",614600
35.7,-0.1,200,"sd","14:03:34",614400
35.75,-0.05,400,"bu","14:03:29",614200
35.75,-0.05,100,"bu","14:03:29",613800
35.75,-0.05,300,"bu","14:03:29",613700
35.7,-0.1,200,"sd","14:03:16",613400
35.75,-0.05,800,"bu","14:03:03",613200
35.75,-0.05,100,"bu","14:02:59",612400
35.7,-0.1,200,"sd","14:02:56",612300
35.7,-0.1,100,"sd","14:02:45",612100
35.75,-0.05,800,"bu","14:02:35",612000
35.7,-0.1,100,"sd","14:02:11",611200
35.7,-0.1,300,"sd","14:02:11",611100
35.8,0,800,"bu","14:02:08",610800
35.7,-0.1,400,"sd","14:01:59",610000
35.8,0,1700,"bu","14:01:53",609600
35.8,0,100,"bu","14:01:51",607900
35.7,-0.1,100,"sd","14:01:40",607800
35.7,-0.1,100,"sd","14:01:35",607700
35.7,-0.1,100,"sd","14:01:35",607600
35.75,-0.05,300,"sd","14:01:31",607500
35.75,-0.05,500,"sd","14:01:24",607200
35.75,-0.05,500,"sd","14:01:24",606700
35.75,-0.05,400,"sd","14:01:23",606200
35.75,-0.05,100,"sd","14:01:18",605800
35.75,-0.05,100,"sd","14:01:18",605700
35.8,0,900,"bu","14:01:11",605600
35.8,0,600,"bu","14:00:48",604700
35.8,0,100,"bu","14:00:48",604100
35.8,0,100,"bu","14:00:48",604000
35.8,0,100,"bu","14:00:48",603900
35.8,0,100,"bu","14:00:48",603800
35.8,0,300,"bu","14:00:48",603700
35.8,0,400,"bu","14:00:48",603400
35.8,0,100,"bu","14:00:45",603000
35.75,-0.05,900,"sd","14:00:22",602900
35.75,-0.05,800,"sd","14:00:22",602000
35.75,-0.05,1800,"sd","14:00:22",601200
35.75,-0.05,1500,"sd","14:00:22",599400
35.75,-0.05,400,"sd","14:00:19",597900
35.75,-0.05,200,"sd","14:00:13",597500
35.8,0,800,"bu","14:00:11",597300
35.75,-0.05,100,"sd","14:00:03",596500
35.75,-0.05,200,"sd","13:59:57",596400
35.75,-0.05,200,"sd","13:59:49",596200
35.8,0,800,"bu","13:59:44",596000
35.75,-0.05,200,"sd","13:59:42",595200
35.8,0,100,"bu","13:59:37",595000
35.75,-0.05,100,"sd","13:59:33",594900
35.8,0,900,"bu","13:59:17",594800
35.8,0,900,"bu","13:58:50",593900
35.8,0,1000,"bu","13:58:38",593000
35.8,0,500,"bu","13:58:38",592000
35.8,0,100,"bu","13:58:38",591500
35.8,0,100,"bu","13:58:38",591400
35.8,0,200,"bu","13:58:30",591300
35.8,0,700,"bu","13:58:23",591100
35.8,0,100,"bu","13:58:23",590400
35.75,-0.05,100,"sd","13:57:57",590300
35.8,0,100,"bu","13:57:56",590200
35.8,0,200,"bu","13:57:56",590100
35.8,0,200,"bu","13:57:56",589900
35.8,0,200,"bu","13:57:56",589700
35.75,-0.05,500,"sd","13:57:40",589500
35.75,-0.05,100,"bu","13:57:35",589000
35.75,-0.05,300,"bu","13:57:35",588900
35.75,-0.05,1100,"bu","13:57:35",588600
35.75,-0.05,900,"bu","13:57:33",587500
35.75,-0.05,800,"bu","13:57:33",586600
35.75,-0.05,900,"bu","13:57:29",585800
35.7,-0.1,100,"unknown","13:57:29",584900
35.75,-0.05,100,"bu","13:57:29",584800
35.75,-0.05,100,"bu","13:57:22",584700
35.7,-0.1,500,"sd","13:57:11",584600
35.7,-0.1,200,"bu","13:57:02",584100
35.7,-0.1,100,"bu","13:56:49",583900
35.7,-0.1,200,"bu","13:56:49",583800
35.7,-0.1,400,"bu","13:56:35",583600
35.7,-0.1,400,"bu","13:56:35",583200
35.7,-0.1,200,"bu","13:56:35",582800
35.7,-0.1,300,"bu","13:56:35",582600
35.65,-0.15,300,"sd","13:56:31",582300
35.65,-0.15,200,"bu","13:56:28",582000
35.65,-0.15,200,"bu","13:56:28",581800
35.65,-0.15,500,"bu","13:56:28",581600
35.65,-0.15,100,"bu","13:56:16",581100
35.6,-0.2,100,"bu","13:56:08",581000
35.6,-0.2,400,"bu","13:56:08",580900
35.55,-0.25,100,"sd","13:55:54",580500
35.6,-0.2,1000,"sd","13:55:23",580400
35.6,-0.2,900,"sd","13:55:23",579400
35.6,-0.2,700,"sd","13:55:23",578500
35.65,-0.15,1400,"bu","13:55:22",577800
35.65,-0.15,300,"bu","13:55:22",576400
35.65,-0.15,100,"bu","13:55:09",576100
35.65,-0.15,600,"bu","13:55:08",576000
35.65,-0.15,100,"bu","13:55:08",575400
35.65,-0.15,100,"bu","13:55:08",575300
35.6,-0.2,100,"sd","13:55:06",575200
35.6,-0.2,1000,"bu","13:54:49",575100
35.6,-0.2,500,"bu","13:54:49",574100
35.6,-0.2,500,"bu","13:54:49",573600
35.6,-0.2,200,"bu","13:54:49",573100
35.6,-0.2,100,"bu","13:54:49",572900
35.6,-0.2,1900,"bu","13:54:49",572800
35.6,-0.2,100,"bu","13:54:41",570900
35.6,-0.2,200,"bu","13:54:41",570800
35.6,-0.2,500,"bu","13:54:41",570600
35.55,-0.25,200,"bu","13:54:01",570100
35.55,-0.25,1300,"bu","13:53:12",569900
35.55,-0.25,300,"bu","13:53:12",568600
35.55,-0.25,200,"bu","13:53:12",568300
35.55,-0.25,100,"bu","13:52:53",568100
35.55,-0.25,100,"bu","13:52:53",568000
35.5,-0.3,800,"sd","13:52:46",567900
35.5,-0.3,1800,"sd","13:52:46",567100
35.5,-0.3,400,"sd","13:52:46",565300
35.5,-0.3,200,"sd","13:52:26",564900
35.5,-0.3,1000,"sd","13:51:52",564700
35.55,-0.25,100,"bu","13:51:46",563700
35.5,-0.3,100,"sd","13:51:28",563600
35.5,-0.3,1800,"sd","13:51:17",563500
35.5,-0.3,200,"sd","13:50:58",561700
35.5,-0.3,200,"sd","13:49:23",561500
35.5,-0.3,200,"sd","13:49:01",561300
35.5,-0.3,200,"sd","13:48:56",561100
35.5,-0.3,200,"sd","13:48:47",560900
35.5,-0.3,100,"sd","13:48:29",560700
35.5,-0.3,100,"sd","13:48:29",560600
35.5,-0.3,200,"sd","13:48:22",560500
35.5,-0.3,200,"sd","13:47:26",560300
35.5,-0.3,500,"sd","13:47:26",560100
35.5,-0.3,200,"sd","13:46:46",559600
35.6,-0.2,100,"bu","13:46:46",559400
35.6,-0.2,100,"bu","13:46:44",559300
35.5,-0.3,200,"sd","13:46:35",559200
35.5,-0.3,200,"sd","13:45:51",559000
35.5,-0.3,100,"sd","13:45:15",558800
35.5,-0.3,100,"sd","13:45:15",558700
35.5,-0.3,300,"sd","13:44:24",558600
35.5,-0.3,600,"sd","13:44:17",558300
35.5,-0.3,1400,"sd","13:44:17",557700
35.5,-0.3,400,"sd","13:43:38",556300
35.5,-0.3,100,"sd","13:43:38",555900
35.5,-0.3,100,"sd","13:43:38",555800
35.5,-0.3,100,"sd","13:43:05",555700
35.6,-0.2,300,"bu","13:43:02",555600
35.5,-0.3,800,"sd","13:41:58",555300
35.5,-0.3,400,"sd","13:41:58",554500
35.5,-0.3,500,"sd","13:41:50",554100
35.5,-0.3,900,"sd","13:41:33",553600
35.5,-0.3,100,"sd","13:41:33",552700
35.5,-0.3,500,"sd","13:41:23",552600
35.5,-0.3,1400,"bu","13:40:57",552100
35.5,-0.3,3000,"bu","13:40:49",550700
35.45,-0.35,100,"sd","13:40:44",547700
35.45,-0.35,400,"sd","13:40:44",547600
35.5,-0.3,600,"bu","13:40:43",547200
35.5,-0.3,400,"bu","13:40:43",546600
35.5,-0.3,100,"bu","13:40:43",546200
35.5,-0.3,400,"bu","13:40:43",546100
35.45,-0.35,100,"sd","13:40:38",545700
35.45,-0.35,100,"sd","13:40:31",545600
35.5,-0.3,100,"bu","13:40:28",545500
35.5,-0.3,1700,"sd","13:40:21",545400
35.5,-0.3,1800,"sd","13:40:21",543700
35.5,-0.3,1000,"sd","13:40:21",541900
35.5,-0.3,200,"sd","13:39:58",540900
35.5,-0.3,200,"sd","13:39:33",540700
35.5,-0.3,200,"sd","13:39:27",540500
35.5,-0.3,200,"sd","13:39:14",540300
35.5,-0.3,100,"sd","13:39:06",540100
35.5,-0.3,800,"bu","13:39:05",540000
35.5,-0.3,100,"bu","13:39:04",539200
35.5,-0.3,1100,"sd","13:38:59",539100
35.5,-0.3,300,"sd","13:38:50",538000
35.5,-0.3,200,"sd","13:38:49",537700
35.5,-0.3,200,"bu","13:38:45",537500
35.5,-0.3,100,"sd","13:38:36",537300
35.5,-0.3,4700,"sd","13:38:36",537200
35.5,-0.3,200,"sd","13:38:33",532500
35.5,-0.3,200,"sd","13:38:29",532300
35.5,-0.3,200,"sd","13:38:22",532100
35.5,-0.3,100,"bu","13:38:11",531900
35.5,-0.3,900,"sd","13:38:04",531800
35.5,-0.3,4000,"bu","13:38:03",530900
35.5,-0.3,100,"bu","13:38:03",526900
35.5,-0.3,300,"bu","13:38:00",526800
35.5,-0.3,1500,"bu","13:38:00",526500
35.5,-0.3,2000,"bu","13:37:50",525000
35.5,-0.3,100,"bu","13:37:50",523000
35.5,-0.3,300,"bu","13:37:50",522900
35.5,-0.3,1100,"bu","13:37:50",522600
35.5,-0.3,100,"sd","13:37:48",521500
35.5,-0.3,200,"sd","13:37:31",521400
35.5,-0.3,100,"sd","13:37:18",521200
35.5,-0.3,100,"sd","13:37:16",521100
35.5,-0.3,100,"sd","13:37:08",521000
35.5,-0.3,400,"sd","13:37:08",520900
35.5,-0.3,200,"sd","13:37:08",520500
35.5,-0.3,1400,"sd","13:37:01",520300
35.5,-0.3,100,"sd","13:37:01",518900
35.5,-0.3,500,"sd","13:37:01",518800
35.5,-0.3,1200,"sd","13:36:56",518300
35.5,-0.3,2000,"sd","13:36:56",517100
35.5,-0.3,100,"sd","13:36:56",515100
35.5,-0.3,100,"sd","13:36:56",515000
35.5,-0.3,100,"sd","13:36:56",514900
35.5,-0.3,1500,"sd","13:36:56",514800
35.5,-0.3,100,"sd","13:36:45",513300
35.5,-0.3,400,"sd","13:36:42",513200
35.5,-0.3,300,"sd","13:36:42",512800
35.5,-0.3,200,"sd","13:36:28",512500
35.5,-0.3,500,"sd","13:36:21",512300
35.5,-0.3,1300,"sd","13:36:02",511800
35.5,-0.3,2000,"sd","13:36:02",510500
35.5,-0.3,1700,"sd","13:36:02",508500
35.5,-0.3,200,"sd","13:35:17",506800
35.5,-0.3,200,"sd","13:35:14",506600
35.5,-0.3,200,"sd","13:34:57",506400
35.5,-0.3,200,"sd","13:34:54",506200
35.5,-0.3,300,"sd","13:34:47",506000
35.6,-0.2,500,"sd","13:34:47",505700
35.6,-0.2,1200,"sd","13:34:47",505200
35.6,-0.2,600,"sd","13:34:44",504000
35.6,-0.2,100,"sd","13:34:19",503400
35.6,-0.2,300,"sd","13:34:19",503300
35.6,-0.2,200,"sd","13:34:10",503000
35.6,-0.2,200,"sd","13:34:07",502800
35.6,-0.2,1000,"sd","13:33:57",502600
35.6,-0.2,5400,"bu","13:33:36",501600
35.6,-0.2,5000,"bu","13:33:36",496200
35.6,-0.2,100,"bu","13:33:36",491200
35.6,-0.2,100,"bu","13:33:36",491100
35.6,-0.2,300,"bu","13:33:36",491000
35.6,-0.2,500,"bu","13:33:36",490700
35.6,-0.2,100,"bu","13:33:36",490200
35.5,-0.3,1500,"sd","13:33:36",490100
35.5,-0.3,200,"sd","13:33:36",488600
35.5,-0.3,2100,"sd","13:33:36",488400
35.5,-0.3,200,"sd","13:33:35",486300
35.5,-0.3,600,"sd","13:33:35",486100
35.5,-0.3,1000,"sd","13:33:30",485500
35.5,-0.3,100,"sd","13:33:29",484500
35.5,-0.3,1100,"sd","13:33:29",484400
35.5,-0.3,1000,"sd","13:33:28",483300
35.5,-0.3,200,"sd","13:33:20",482300
35.5,-0.3,200,"sd","13:33:17",482100
35.5,-0.3,100,"sd","13:33:13",481900
35.5,-0.3,2000,"sd","13:33:04",481800
35.5,-0.3,100,"sd","13:32:56",479800
35.5,-0.3,300,"sd","13:32:48",479700
35.5,-0.3,200,"sd","13:32:48",479400
35.5,-0.3,500,"sd","13:32:48",479200
35.5,-0.3,200,"sd","13:32:45",478700
35.5,-0.3,200,"sd","13:32:36",478500
35.5,-0.3,200,"sd","13:32:20",478300
35.5,-0.3,100,"sd","13:32:13",478100
35.5,-0.3,200,"sd","13:31:47",478000
35.5,-0.3,200,"sd","13:31:44",477800
35.55,-0.25,100,"sd","13:31:40",477600
35.55,-0.25,200,"sd","13:31:35",477500
35.5,-0.3,200,"sd","13:31:12",477300
35.5,-0.3,100,"sd","13:31:11",477100
35.5,-0.3,300,"sd","13:30:59",477000
35.5,-0.3,200,"sd","13:30:59",476700
35.5,-0.3,200,"sd","13:30:25",476500
35.5,-0.3,200,"sd","13:30:22",476300
35.5,-0.3,1100,"sd","13:29:58",476100
35.5,-0.3,200,"sd","13:29:58",475000
35.5,-0.3,2200,"sd","13:29:58",474800
35.5,-0.3,500,"sd","13:29:58",472600
35.5,-0.3,200,"sd","13:29:54",472100
35.5,-0.3,1100,"sd","13:29:39",471900
35.5,-0.3,4900,"sd","13:29:39",470800
35.5,-0.3,100,"sd","13:29:12",465900
35.5,-0.3,100,"sd","13:29:12",465800
35.55,-0.25,200,"bu","13:29:02",465700
35.5,-0.3,200,"sd","13:29:01",465500
35.55,-0.25,200,"bu","13:28:33",465300
35.55,-0.25,100,"bu","13:28:23",465100
35.55,-0.25,100,"bu","13:28:23",465000
35.5,-0.3,300,"sd","13:28:09",464900
35.5,-0.3,400,"bu","13:27:52",464600
35.45,-0.35,200,"sd","13:27:25",464200
35.45,-0.35,200,"sd","13:27:21",464000
35.5,-0.3,1400,"sd","13:27:20",463800
35.5,-0.3,200,"sd","13:27:20",462400
35.5,-0.3,1700,"sd","13:27:20",462200
35.55,-0.25,100,"bu","13:27:18",460500
35.5,-0.3,700,"sd","13:27:17",460400
35.5,-0.3,1000,"sd","13:27:17",459700
35.5,-0.3,200,"sd","13:27:17",458700
35.5,-0.3,600,"sd","13:27:17",458500
35.5,-0.3,1800,"sd","13:27:17",457900
35.5,-0.3,200,"sd","13:27:17",456100
35.5,-0.3,100,"sd","13:27:16",455900
35.5,-0.3,200,"sd","13:27:13",455800
35.5,-0.3,2400,"sd","13:27:13",455600
35.5,-0.3,1700,"sd","13:27:13",453200
35.5,-0.3,200,"sd","13:27:13",451500
35.5,-0.3,1000,"sd","13:27:02",451300
35.5,-0.3,200,"sd","13:26:55",450300
35.5,-0.3,1000,"sd","13:26:49",450100
35.5,-0.3,500,"sd","13:26:48",449100
35.5,-0.3,1000,"sd","13:26:38",448600
35.5,-0.3,200,"sd","13:26:30",447600
35.5,-0.3,1000,"sd","13:26:30",447400
35.5,-0.3,1400,"sd","13:26:26",446400
35.5,-0.3,1600,"sd","13:26:26",445000
35.5,-0.3,800,"sd","13:26:21",443400
35.5,-0.3,2400,"sd","13:26:21",442600
35.5,-0.3,1800,"sd","13:26:21",440200
35.5,-0.3,600,"sd","13:26:16",438400
35.5,-0.3,400,"sd","13:26:16",437800
35.5,-0.3,200,"sd","13:26:16",437400
35.5,-0.3,800,"sd","13:26:11",437200
35.5,-0.3,200,"sd","13:26:07",436400
35.5,-0.3,800,"sd","13:26:04",436200
35.5,-0.3,2400,"sd","13:26:04",435400
35.5,-0.3,300,"sd","13:26:04",433000
35.5,-0.3,2200,"sd","13:26:02",432700
35.5,-0.3,2400,"sd","13:26:02",430500
35.5,-0.3,2400,"sd","13:26:02",428100
35.5,-0.3,100,"sd","13:26:02",425700
35.5,-0.3,2400,"sd","13:26:02",425600
35.5,-0.3,500,"sd","13:26:02",423200
35.5,-0.3,200,"sd","13:25:57",422700
35.5,-0.3,1700,"sd","13:25:50",422500
35.5,-0.3,700,"sd","13:25:50",420800
35.5,-0.3,200,"sd","13:25:46",420100
35.5,-0.3,200,"sd","13:25:36",419900
35.5,-0.3,1300,"sd","13:25:35",419700
35.5,-0.3,2400,"sd","13:25:35",418400
35.5,-0.3,2400,"sd","13:25:35",416000
35.5,-0.3,2400,"sd","13:25:35",413600
35.5,-0.3,100,"sd","13:25:35",411200
35.5,-0.3,100,"sd","13:25:35",411100
35.5,-0.3,400,"sd","13:25:35",411000
35.5,-0.3,2400,"sd","13:25:35",410600
35.5,-0.3,2400,"sd","13:25:35",408200
35.5,-0.3,2400,"sd","13:25:35",405800
35.5,-0.3,2400,"sd","13:25:35",403400
35.5,-0.3,2500,"sd","13:25:35",401000
35.5,-0.3,2300,"sd","13:25:35",398500
35.55,-0.25,700,"bu","13:25:29",396200
35.5,-0.3,200,"sd","13:25:27",395500
35.5,-0.3,700,"sd","13:25:27",395300
35.5,-0.3,1700,"sd","13:25:26",394600
35.5,-0.3,2400,"sd","13:25:26",392900
35.5,-0.3,2400,"sd","13:25:26",390500
35.5,-0.3,2400,"sd","13:25:26",388100
35.5,-0.3,2300,"sd","13:25:25",385700
35.5,-0.3,2400,"sd","13:25:25",383400
35.5,-0.3,1400,"sd","13:25:25",381000
35.5,-0.3,200,"sd","13:25:21",379600
35.5,-0.3,200,"sd","13:25:16",379400
35.55,-0.25,200,"sd","13:25:10",379200
35.6,-0.2,100,"bu","13:25:04",379000
35.6,-0.2,100,"bu","13:25:04",378900
35.55,-0.25,800,"sd","13:24:59",378800
35.5,-0.3,200,"sd","13:24:50",378000
35.5,-0.3,200,"sd","13:24:48",377800
35.5,-0.3,200,"sd","13:24:31",377600
35.5,-0.3,2400,"sd","13:24:31",377400
35.5,-0.3,2400,"sd","13:24:31",375000
35.5,-0.3,100,"sd","13:24:15",372600
35.5,-0.3,2200,"sd","13:24:01",372500
35.5,-0.3,2400,"sd","13:24:01",370300
35.5,-0.3,2400,"sd","13:24:01",367900
35.5,-0.3,2400,"sd","13:24:01",365500
35.5,-0.3,2400,"sd","13:24:01",363100
35.5,-0.3,15000,"sd","13:24:01",360700
35.5,-0.3,2500,"sd","13:24:01",345700
35.5,-0.3,2600,"sd","13:24:01",343200
35.5,-0.3,2600,"sd","13:24:01",340600
35.5,-0.3,15000,"sd","13:24:01",338000
35.5,-0.3,10500,"sd","13:24:01",323000
35.5,-0.3,100,"sd","13:23:53",312500
35.5,-0.3,200,"sd","13:23:50",312400
35.5,-0.3,200,"sd","13:23:31",312200
35.5,-0.3,2300,"sd","13:23:25",312000
35.55,-0.25,200,"sd","13:23:25",309700
35.55,-0.25,500,"sd","13:23:25",309500
35.55,-0.25,100,"sd","13:23:19",309000
35.55,-0.25,1000,"sd","13:23:19",308900
35.55,-0.25,200,"sd","13:23:16",307900
35.55,-0.25,200,"sd","13:23:03",307700
35.55,-0.25,800,"sd","13:22:58",307500
35.55,-0.25,200,"sd","13:22:58",306700
35.55,-0.25,1600,"sd","13:22:58",306500
35.55,-0.25,300,"sd","13:22:58",304900
35.55,-0.25,100,"sd","13:22:58",304600
35.55,-0.25,100,"sd","13:22:52",304500
35.55,-0.25,100,"sd","13:22:52",304400
35.55,-0.25,200,"sd","13:22:42",304300
35.6,-0.2,1000,"sd","13:22:36",304100
35.6,-0.2,200,"sd","13:22:36",303100
35.6,-0.2,700,"sd","13:22:36",302900
35.6,-0.2,200,"sd","13:22:31",302200
35.6,-0.2,800,"sd","13:22:30",302000
35.6,-0.2,200,"sd","13:22:30",301200
35.65,-0.15,200,"bu","13:22:16",301000
35.65,-0.15,1300,"sd","13:22:13",300800
35.65,-0.15,200,"sd","13:21:42",299500
35.65,-0.15,200,"bu","13:21:42",299300
35.65,-0.15,200,"bu","13:21:34",299100
35.65,-0.15,200,"sd","13:20:59",298900
35.65,-0.15,400,"sd","13:20:58",298700
35.6,-0.2,200,"bu","13:19:57",298300
35.6,-0.2,300,"bu","13:19:57",298100
35.55,-0.25,200,"sd","13:19:14",297800
35.55,-0.25,200,"sd","13:19:14",297600
35.6,-0.2,200,"bu","13:19:11",297400
35.6,-0.2,600,"bu","13:18:34",297200
35.55,-0.25,800,"bu","13:18:15",296600
35.5,-0.3,200,"sd","13:18:09",295800
35.5,-0.3,1500,"sd","13:16:53",295600
35.5,-0.3,2600,"sd","13:16:53",294100
35.55,-0.25,600,"bu","13:16:51",291500
35.5,-0.3,300,"sd","13:16:45",290900
35.5,-0.3,1100,"sd","13:16:45",290600
35.5,-0.3,1700,"sd","13:16:36",289500
35.5,-0.3,1000,"sd","13:16:36",287800
35.5,-0.3,2300,"sd","13:16:36",286800
35.55,-0.25,200,"bu","13:16:26",284500
35.55,-0.25,1000,"sd","13:15:58",284300
35.55,-0.25,1000,"sd","13:15:58",283300
35.55,-0.25,1300,"sd","13:15:58",282300
35.55,-0.25,100,"sd","13:15:58",281000
35.6,-0.2,200,"sd","13:15:46",280900
35.65,-0.15,200,"sd","13:15:46",280700
35.65,-0.15,200,"sd","13:15:37",280500
35.65,-0.15,1500,"sd","13:15:31",280300
35.65,-0.15,200,"sd","13:15:31",278800
35.65,-0.15,200,"sd","13:15:31",278600
35.65,-0.15,100,"sd","13:15:31",278400
35.65,-0.15,100,"sd","13:15:31",278300
35.65,-0.15,100,"sd","13:15:31",278200
35.7,-0.1,200,"bu","13:15:02",278100
35.7,-0.1,200,"bu","13:14:21",277900
35.7,-0.1,1900,"sd","13:14:14",277700
35.75,-0.05,100,"bu","13:14:13",275800
35.75,-0.05,2000,"bu","13:14:13",275700
35.75,-0.05,100,"bu","13:14:13",273700
35.75,-0.05,100,"bu","13:14:13",273600
35.75,-0.05,100,"bu","13:14:13",273500
35.75,-0.05,200,"bu","13:14:13",273400
35.75,-0.05,100,"bu","13:14:13",273200
35.75,-0.05,100,"bu","13:14:13",273100
35.75,-0.05,500,"bu","13:14:13",273000
35.7,-0.1,300,"sd","13:14:00",272500
35.7,-0.1,200,"sd","13:13:57",272200
35.7,-0.1,400,"sd","13:13:51",272000
35.7,-0.1,1000,"sd","13:13:51",271600
35.65,-0.15,100,"sd","13:13:42",270600
35.65,-0.15,200,"sd","13:13:42",270500
35.65,-0.15,200,"sd","13:13:42",270300
35.65,-0.15,200,"sd","13:13:28",270100
35.65,-0.15,200,"sd","13:13:17",269900
35.65,-0.15,200,"sd","13:12:59",269700
35.65,-0.15,200,"sd","13:12:48",269500
35.65,-0.15,100,"sd","13:10:14",269300
35.7,-0.1,200,"bu","13:10:10",269200
35.7,-0.1,1500,"sd","13:09:57",269000
35.7,-0.1,500,"bu","13:09:44",267500
35.7,-0.1,1500,"bu","13:09:40",267000
35.65,-0.15,200,"unknown","13:09:14",265500
35.65,-0.15,100,"unknown","13:09:14",265300
35.65,-0.15,500,"unknown","13:09:14",265200
35.65,-0.15,300,"unknown","13:09:14",264700
35.6,-0.2,100,"sd","13:08:31",264400
35.55,-0.25,100,"sd","13:08:09",264300
35.55,-0.25,100,"sd","13:08:09",264200
35.65,-0.15,100,"bu","13:08:04",264100
35.55,-0.25,400,"bu","13:07:52",264000
35.55,-0.25,400,"bu","13:07:44",263600
35.7,-0.1,500,"bu","13:07:42",263200
35.7,-0.1,500,"bu","13:07:33",262700
35.7,-0.1,100,"bu","13:07:33",262200
35.7,-0.1,500,"bu","13:07:33",262100
35.7,-0.1,200,"bu","13:07:33",261600
35.7,-0.1,1600,"bu","13:07:33",261400
35.7,-0.1,600,"bu","13:07:33",259800
35.7,-0.1,300,"bu","13:07:33",259200
35.7,-0.1,100,"bu","13:07:33",258900
35.65,-0.15,500,"bu","13:07:33",258800
35.6,-0.2,100,"bu","13:07:33",258300
35.5,-0.3,600,"sd","13:07:04",258200
35.5,-0.3,400,"sd","13:07:04",257600
35.6,-0.2,1400,"bu","13:06:56",257200
35.5,-0.3,200,"sd","13:06:52",255800
35.55,-0.25,100,"bu","13:06:48",255600
35.55,-0.25,300,"bu","13:06:48",255500
35.5,-0.3,200,"sd","13:06:41",255200
35.5,-0.3,200,"sd","13:06:25",255000
35.5,-0.3,100,"sd","13:06:17",254800
35.55,-0.25,200,"bu","13:05:59",254700
35.6,-0.2,100,"bu","13:05:18",254500
35.5,-0.3,5500,"sd","13:05:06",254400
35.55,-0.25,200,"sd","13:04:41",248900
35.55,-0.25,200,"sd","13:04:41",248700
35.55,-0.25,200,"sd","13:04:41",248500
35.5,-0.3,3400,"sd","13:04:41",248300
35.55,-0.25,100,"sd","13:03:33",244900
35.55,-0.25,1000,"sd","13:03:04",244800
35.55,-0.25,100,"bu","13:03:03",243800
35.5,-0.3,900,"sd","13:02:24",243700
35.5,-0.3,100,"sd","13:01:53",242800
35.5,-0.3,3400,"sd","13:01:32",242700
35.55,-0.25,200,"sd","13:01:32",239300
35.55,-0.25,200,"sd","13:01:32",239100
35.55,-0.25,200,"sd","13:01:32",238900
35.55,-0.25,200,"sd","13:01:32",238700
35.55,-0.25,200,"sd","13:01:32",238500
35.55,-0.25,200,"sd","13:01:32",238300
35.55,-0.25,5000,"sd","13:01:32",238100
35.55,-0.25,800,"sd","13:01:32",233100
35.55,-0.25,200,"sd","13:01:32",232300
35.55,-0.25,200,"sd","13:01:32",232100
35.55,-0.25,200,"sd","13:01:32",231900
35.55,-0.25,100,"sd","13:01:31",231700
35.6,-0.2,200,"sd","13:01:19",231600
35.6,-0.2,500,"sd","13:01:19",231400
35.6,-0.2,3100,"sd","13:01:19",230900
35.6,-0.2,200,"sd","13:01:19",227800
35.6,-0.2,200,"sd","13:01:07",227600
35.6,-0.2,100,"sd","13:00:22",227400
35.6,-0.2,200,"sd","13:00:06",227300
35.75,-0.05,1000,"bu","13:00:05",227100
35.6,-0.2,100,"sd","13:00:05",226100
35.7,-0.1,200,"bu","13:00:04",226000
35.7,-0.1,200,"bu","13:00:04",225800
35.7,-0.1,300,"unknown","13:00:03",225600
35.7,-0.1,400,"unknown","13:00:03",225300
35.7,-0.1,300,"unknown","13:00:02",224900
35.7,-0.1,100,"bu","11:29:41",224600
35.7,-0.1,100,"bu","11:29:41",224500
35.7,-0.1,400,"bu","11:29:41",224400
35.7,-0.1,3200,"bu","11:29:41",224000
35.6,-0.2,1300,"bu","11:29:32",220800
35.55,-0.25,100,"sd","11:28:19",219500
35.55,-0.25,300,"sd","11:28:19",219400
35.55,-0.25,1000,"sd","11:28:10",219100
35.55,-0.25,400,"sd","11:27:33",218100
35.55,-0.25,300,"sd","11:27:23",217700
35.55,-0.25,400,"sd","11:26:56",217400
35.55,-0.25,500,"sd","11:24:01",217000
35.55,-0.25,300,"sd","11:23:36",216500
35.55,-0.25,200,"sd","11:23:36",216200
35.55,-0.25,200,"sd","11:23:36",216000
35.55,-0.25,100,"sd","11:23:36",215800
35.55,-0.25,200,"sd","11:23:36",215700
35.6,-0.2,1000,"bu","11:23:32",215500
35.6,-0.2,200,"bu","11:23:28",214500
35.6,-0.2,200,"bu","11:22:47",214300
35.6,-0.2,200,"bu","11:22:05",214100
35.6,-0.2,200,"bu","11:21:24",213900
35.6,-0.2,200,"sd","11:21:15",213700
35.6,-0.2,1000,"sd","11:21:15",213500
35.6,-0.2,300,"sd","11:21:15",212500
35.6,-0.2,200,"sd","11:20:36",212200
35.65,-0.15,200,"sd","11:20:22",212000
35.7,-0.1,300,"bu","11:20:18",211800
35.65,-0.15,200,"sd","11:20:14",211500
35.65,-0.15,200,"sd","11:20:14",211300
35.65,-0.15,200,"sd","11:20:06",211100
35.65,-0.15,600,"sd","11:19:03",210900
35.65,-0.15,900,"sd","11:19:03",210300
35.7,-0.1,200,"bu","11:18:37",209400
35.7,-0.1,1000,"bu","11:18:27",209200
35.7,-0.1,200,"sd","11:18:07",208200
35.7,-0.1,100,"sd","11:18:07",208000
35.7,-0.1,100,"sd","11:17:24",207900
35.75,-0.05,1000,"bu","11:17:18",207800
35.7,-0.1,200,"bu","11:16:32",206800
35.7,-0.1,1300,"bu","11:16:32",206600
35.7,-0.1,200,"bu","11:16:31",205300
35.7,-0.1,200,"bu","11:15:50",205100
35.7,-0.1,3000,"sd","11:15:23",204900
35.7,-0.1,200,"sd","11:15:23",201900
35.7,-0.1,200,"sd","11:15:23",201700
35.7,-0.1,200,"sd","11:15:23",201500
35.7,-0.1,100,"sd","11:15:23",201300
35.7,-0.1,200,"sd","11:15:23",201200
35.7,-0.1,200,"sd","11:15:23",201000
35.7,-0.1,100,"sd","11:15:23",200800
35.7,-0.1,100,"sd","11:15:23",200700
35.7,-0.1,100,"sd","11:13:15",200600
35.7,-0.1,300,"sd","11:13:15",200500
35.7,-0.1,1000,"sd","11:12:38",200200
35.7,-0.1,200,"sd","11:12:07",199200
35.7,-0.1,100,"sd","11:11:53",199000
35.7,-0.1,4000,"bu","11:11:39",198900
35.7,-0.1,100,"bu","11:11:39",194900
35.7,-0.1,100,"bu","11:11:39",194800
35.7,-0.1,1000,"bu","11:11:39",194700
35.65,-0.15,100,"bu","11:11:22",193700
35.65,-0.15,800,"bu","11:11:22",193600
35.65,-0.15,100,"bu","11:11:22",192800
35.65,-0.15,1000,"bu","11:11:22",192700
35.65,-0.15,100,"bu","11:11:22",191700
35.6,-0.2,100,"bu","11:11:01",191600
35.6,-0.2,100,"bu","11:11:01",191500
35.6,-0.2,700,"bu","11:11:01",191400
35.6,-0.2,8600,"bu","11:11:01",190700
35.55,-0.25,1000,"bu","11:08:53",182100
35.55,-0.25,300,"bu","11:08:53",181100
35.55,-0.25,200,"bu","11:08:53",180800
35.55,-0.25,200,"bu","11:08:53",180600
35.55,-0.25,200,"bu","11:08:11",180400
35.55,-0.25,100,"bu","11:07:48",180200
35.55,-0.25,300,"bu","11:07:48",180100
35.55,-0.25,500,"bu","11:07:48",179800
35.55,-0.25,100,"bu","11:07:48",179300
35.55,-0.25,900,"bu","11:07:44",179200
35.55,-0.25,100,"bu","11:07:43",178300
35.5,-0.3,200,"sd","11:07:28",178200
35.5,-0.3,400,"sd","11:07:18",178000
35.5,-0.3,200,"sd","11:07:18",177600
35.5,-0.3,200,"sd","11:07:18",177400
35.5,-0.3,200,"sd","11:07:18",177200
35.5,-0.3,500,"sd","11:06:27",177000
35.5,-0.3,300,"sd","11:06:03",176500
35.5,-0.3,200,"sd","11:06:03",176200
35.5,-0.3,100,"sd","11:06:02",176000
35.5,-0.3,100,"sd","11:06:02",175900
35.5,-0.3,100,"sd","11:05:33",175800
35.5,-0.3,500,"sd","11:04:42",175700
35.5,-0.3,500,"bu","11:04:35",175200
35.45,-0.35,200,"sd","11:02:05",174700
35.45,-0.35,100,"sd","11:01:56",174500
35.45,-0.35,100,"sd","11:01:50",174400
35.45,-0.35,100,"sd","11:01:50",174300
35.45,-0.35,200,"sd","11:01:50",174200
35.45,-0.35,1000,"sd","11:01:50",174000
35.45,-0.35,200,"sd","11:01:50",173000
35.45,-0.35,700,"sd","11:01:50",172800
35.45,-0.35,800,"sd","11:01:50",172100
35.45,-0.35,200,"sd","11:01:50",171300
35.45,-0.35,200,"sd","11:01:50",171100
35.45,-0.35,1500,"sd","11:01:50",170900
35.45,-0.35,300,"sd","11:00:56",169400
35.45,-0.35,100,"sd","11:00:23",169100
35.45,-0.35,200,"sd","11:00:02",169000
35.5,-0.3,200,"bu","10:59:50",168800
35.5,-0.3,200,"bu","10:59:09",168600
35.5,-0.3,100,"bu","10:58:52",168400
35.45,-0.35,500,"sd","10:57:58",168300
35.45,-0.35,500,"sd","10:56:15",167800
35.45,-0.35,800,"bu","10:55:57",167300
35.45,-0.35,200,"sd","10:55:49",166500
35.45,-0.35,200,"bu","10:54:57",166300
35.45,-0.35,200,"sd","10:54:29",166100
35.45,-0.35,100,"sd","10:54:29",165900
35.45,-0.35,100,"bu","10:54:10",165800
35.45,-0.35,200,"bu","10:53:34",165700
35.45,-0.35,100,"sd","10:53:29",165500
35.45,-0.35,100,"sd","10:53:29",165400
35.45,-0.35,100,"sd","10:52:53",165300
35.45,-0.35,500,"sd","10:52:53",165200
35.45,-0.35,500,"sd","10:52:53",164700
35.45,-0.35,200,"sd","10:52:53",164200
35.45,-0.35,100,"sd","10:52:53",164000
35.45,-0.35,900,"sd","10:52:53",163900
35.55,-0.25,200,"bu","10:52:53",163000
35.45,-0.35,900,"sd","10:52:53",162800
35.45,-0.35,500,"sd","10:52:53",161900
35.55,-0.25,100,"bu","10:52:40",161400
35.55,-0.25,200,"bu","10:52:11",161300
35.55,-0.25,100,"bu","10:51:30",161100
35.55,-0.25,100,"bu","10:51:30",161000
35.55,-0.25,200,"bu","10:50:52",160900
35.55,-0.25,300,"bu","10:50:50",160700
35.5,-0.3,200,"sd","10:50:50",160400
35.5,-0.3,700,"sd","10:50:50",160200
35.5,-0.3,200,"sd","10:50:34",159500
35.5,-0.3,1000,"sd","10:50:34",159300
35.5,-0.3,1000,"sd","10:50:28",158300
35.5,-0.3,100,"sd","10:49:25",157300
35.5,-0.3,100,"sd","10:49:25",157200
35.55,-0.25,200,"bu","10:49:24",157100
35.55,-0.25,200,"bu","10:48:42",156900
35.55,-0.25,200,"bu","10:48:01",156700
35.6,-0.2,200,"bu","10:47:19",156500
35.6,-0.2,1000,"bu","10:47:10",156300
35.6,-0.2,200,"bu","10:46:38",155300
35.6,-0.2,200,"bu","10:45:56",155100
35.6,-0.2,1300,"bu","10:45:46",154900
35.6,-0.2,200,"bu","10:45:46",153600
35.6,-0.2,1000,"bu","10:45:46",153400
35.6,-0.2,900,"bu","10:45:46",152400
35.55,-0.25,1000,"bu","10:45:46",151500
35.55,-0.25,100,"bu","10:45:46",150500
35.55,-0.25,100,"bu","10:45:46",150400
35.55,-0.25,100,"bu","10:45:46",150300
35.55,-0.25,1400,"bu","10:45:46",150200
35.5,-0.3,200,"bu","10:45:14",148800
35.55,-0.25,200,"bu","10:44:32",148600
35.55,-0.25,200,"bu","10:44:18",148400
35.45,-0.35,100,"sd","10:43:56",148200
35.55,-0.25,200,"bu","10:43:51",148100
35.55,-0.25,200,"bu","10:43:30",147900
35.55,-0.25,200,"bu","10:43:21",147700
35.55,-0.25,400,"bu","10:43:21",147500
35.55,-0.25,200,"bu","10:43:08",147100
35.55,-0.25,300,"bu","10:43:05",146900
35.5,-0.3,100,"bu","10:43:05",146600
35.5,-0.3,200,"bu","10:42:27",146500
35.5,-0.3,200,"bu","10:42:25",146300
35.5,-0.3,200,"bu","10:42:18",146100
35.5,-0.3,200,"bu","10:41:45",145900
35.5,-0.3,400,"bu","10:41:16",145700
35.5,-0.3,100,"bu","10:41:16",145300
35.45,-0.35,200,"sd","10:41:08",145200
35.45,-0.35,1000,"sd","10:40:58",145000
35.5,-0.3,200,"sd","10:40:29",144000
35.5,-0.3,200,"sd","10:40:29",143800
35.5,-0.3,500,"bu","10:40:14",143600
35.5,-0.3,200,"bu","10:40:14",143100
35.5,-0.3,100,"bu","10:40:14",142900
35.5,-0.3,200,"bu","10:39:34",142800
35.5,-0.3,200,"bu","10:39:26",142600
35.4,-0.4,300,"bu","10:39:06",142400
35.4,-0.4,1000,"bu","10:38:36",142100
35.4,-0.4,200,"bu","10:37:57",141100
35.4,-0.4,200,"bu","10:37:49",140900
35.4,-0.4,200,"bu","10:37:39",140700
35.35,-0.45,300,"sd","10:37:14",140500
35.4,-0.4,1000,"sd","10:36:54",140200
35.4,-0.4,100,"sd","10:36:54",139200
35.4,-0.4,100,"sd","10:36:22",139100
35.4,-0.4,2700,"sd","10:35:39",139000
35.45,-0.35,500,"sd","10:35:39",136300
35.45,-0.35,1000,"sd","10:35:39",135800
35.45,-0.35,800,"sd","10:35:39",134800
35.6,-0.2,100,"bu","10:35:00",134000
35.6,-0.2,100,"bu","10:35:00",133900
35.55,-0.25,5000,"sd","10:33:58",133800
35.55,-0.25,400,"sd","10:31:42",128800
35.5,-0.3,100,"sd","10:31:27",128400
35.5,-0.3,200,"sd","10:31:27",128300
35.55,-0.25,400,"sd","10:30:58",128100
35.5,-0.3,300,"bu","10:30:44",127700
35.5,-0.3,100,"bu","10:30:44",127400
35.5,-0.3,200,"bu","10:30:44",127300
35.5,-0.3,200,"bu","10:30:44",127100
35.5,-0.3,400,"bu","10:30:33",126900
35.5,-0.3,200,"bu","10:28:58",126500
35.45,-0.35,100,"sd","10:28:30",126300
35.45,-0.35,100,"sd","10:27:35",126200
35.45,-0.35,100,"bu","10:27:17",126100
35.45,-0.35,100,"bu","10:27:17",126000
35.45,-0.35,100,"bu","10:26:46",125900
35.45,-0.35,100,"bu","10:26:46",125800
35.45,-0.35,100,"bu","10:26:46",125700
35.45,-0.35,1700,"bu","10:26:46",125600
35.4,-0.4,1000,"sd","10:26:30",123900
35.4,-0.4,1000,"sd","10:26:08",122900
35.4,-0.4,1000,"bu","10:25:57",121900
35.4,-0.4,1000,"bu","10:25:57",120900
35.4,-0.4,200,"bu","10:25:57",119900
35.4,-0.4,100,"bu","10:25:57",119700
35.4,-0.4,100,"bu","10:25:57",119600
35.4,-0.4,1500,"bu","10:25:57",119500
35.4,-0.4,1100,"bu","10:25:57",118000
35.35,-0.45,200,"sd","10:25:47",116900
35.4,-0.4,400,"bu","10:25:08",116700
35.35,-0.45,100,"sd","10:24:53",116300
35.35,-0.45,100,"sd","10:22:59",116200
35.35,-0.45,100,"sd","10:22:37",116100
35.35,-0.45,100,"sd","10:22:37",116000
35.35,-0.45,300,"sd","10:22:37",115900
35.35,-0.45,700,"sd","10:21:55",115600
35.35,-0.45,100,"sd","10:21:55",114900
35.35,-0.45,9200,"sd","10:21:55",114800
35.35,-0.45,800,"sd","10:21:49",105600
35.35,-0.45,200,"sd","10:21:49",104800
35.4,-0.4,300,"bu","10:21:09",104600
35.4,-0.4,200,"bu","10:20:54",104300
35.4,-0.4,200,"bu","10:20:54",104100
35.35,-0.45,500,"sd","10:19:21",103900
35.35,-0.45,300,"sd","10:18:55",103400
35.4,-0.4,200,"bu","10:17:41",103100
35.4,-0.4,400,"bu","10:17:40",102900
35.4,-0.4,100,"bu","10:17:33",102500
35.4,-0.4,400,"bu","10:17:32",102400
35.4,-0.4,300,"bu","10:17:24",102000
35.4,-0.4,200,"bu","10:16:51",101700
35.4,-0.4,400,"bu","10:16:45",101500
35.4,-0.4,300,"bu","10:16:40",101100
35.4,-0.4,200,"bu","10:16:16",100800
35.4,-0.4,100,"bu","10:15:34",100600
35.35,-0.45,100,"sd","10:13:34",100500
35.35,-0.45,300,"sd","10:12:54",100400
35.35,-0.45,300,"bu","10:12:44",100100
35.35,-0.45,100,"sd","10:12:19",99800
35.35,-0.45,2600,"sd","10:12:19",99700
35.35,-0.45,1400,"sd","10:11:04",97100
35.35,-0.45,700,"sd","10:11:04",95700
35.4,-0.4,100,"sd","10:11:04",95000
35.4,-0.4,200,"sd","10:11:04",94900
35.4,-0.4,100,"sd","10:11:04",94700
35.4,-0.4,1000,"sd","10:11:04",94600
35.45,-0.35,400,"bu","10:10:06",93600
35.4,-0.4,1500,"sd","10:09:49",93200
35.45,-0.35,500,"bu","10:09:43",91700
35.45,-0.35,100,"bu","10:09:34",91200
35.4,-0.4,300,"sd","10:09:09",91100
35.4,-0.4,100,"sd","10:08:42",90800
35.4,-0.4,100,"sd","10:08:08",90700
35.35,-0.45,300,"sd","10:07:40",90600
35.35,-0.45,200,"sd","10:07:20",90300
35.45,-0.35,300,"bu","10:07:10",90100
35.35,-0.45,200,"sd","10:07:09",89800
35.35,-0.45,100,"bu","10:06:14",89600
35.35,-0.45,1000,"bu","10:06:14",89500
35.35,-0.45,500,"bu","10:06:14",88500
35.35,-0.45,200,"bu","10:06:09",88000
35.35,-0.45,800,"bu","10:06:09",87800
35.35,-0.45,100,"bu","10:05:30",87000
35.35,-0.45,1500,"bu","10:04:54",86900
35.35,-0.45,600,"bu","10:04:08",85400
35.35,-0.45,400,"bu","10:04:08",84800
35.3,-0.5,100,"sd","10:03:28",84400
35.35,-0.45,1000,"bu","10:03:27",84300
35.35,-0.45,200,"bu","10:03:23",83300
35.35,-0.45,400,"sd","10:03:22",83100
35.35,-0.45,100,"bu","10:03:01",82700
35.35,-0.45,200,"sd","10:02:18",82600
35.3,-0.5,100,"sd","10:01:32",82400
35.3,-0.5,100,"sd","10:01:27",82300
35.3,-0.5,900,"sd","10:01:04",82200
35.4,-0.4,500,"sd","10:01:04",81300
35.45,-0.35,100,"bu","10:00:17",80800
35.45,-0.35,100,"sd","09:59:14",80700
35.45,-0.35,1000,"sd","09:59:14",80600
35.45,-0.35,800,"sd","09:59:14",79600
35.45,-0.35,400,"sd","09:59:05",78800
35.45,-0.35,200,"sd","09:58:47",78400
35.45,-0.35,200,"sd","09:58:39",78200
35.45,-0.35,200,"sd","09:58:12",78000
35.45,-0.35,200,"sd","09:58:09",77800
35.45,-0.35,200,"sd","09:57:55",77600
35.45,-0.35,200,"sd","09:57:33",77400
35.45,-0.35,2500,"sd","09:57:03",77200
35.45,-0.35,200,"sd","09:56:39",74700
35.45,-0.35,200,"sd","09:56:06",74500
35.45,-0.35,100,"sd","09:55:23",74300
35.45,-0.35,500,"sd","09:55:23",74200
35.45,-0.35,200,"sd","09:55:19",73700
35.45,-0.35,200,"sd","09:55:16",73500
35.45,-0.35,1100,"sd","09:55:05",73300
35.45,-0.35,200,"sd","09:55:05",72200
35.45,-0.35,700,"sd","09:55:05",72000
35.45,-0.35,200,"sd","09:54:48",71300
35.45,-0.35,100,"sd","09:54:45",71100
35.45,-0.35,100,"sd","09:54:45",71000
35.5,-0.3,100,"bu","09:54:42",70900
35.45,-0.35,100,"sd","09:54:31",70800
35.45,-0.35,100,"sd","09:54:31",70700
35.45,-0.35,100,"sd","09:54:26",70600
35.45,-0.35,200,"sd","09:53:57",70500
35.5,-0.3,100,"bu","09:53:53",70300
35.45,-0.35,200,"sd","09:53:37",70200
35.45,-0.35,100,"sd","09:53:11",70000
35.5,-0.3,100,"sd","09:53:11",69900
35.5,-0.3,200,"sd","09:53:03",69800
35.65,-0.15,600,"bu","09:52:51",69600
35.45,-0.35,200,"sd","09:52:48",69000
35.45,-0.35,100,"sd","09:52:38",68800
35.45,-0.35,100,"sd","09:52:38",68700
35.45,-0.35,200,"sd","09:52:26",68600
35.5,-0.3,100,"unknown","09:52:15",68400
35.5,-0.3,100,"unknown","09:52:15",68300
35.5,-0.3,100,"bu","09:51:53",68200
35.5,-0.3,100,"bu","09:51:47",68100
35.6,-0.2,500,"bu","09:51:25",68000
35.6,-0.2,100,"bu","09:51:25",67500
35.55,-0.25,400,"bu","09:51:25",67400
35.5,-0.3,500,"bu","09:51:25",67000
35.5,-0.3,1000,"bu","09:51:25",66500
35.5,-0.3,1400,"bu","09:51:25",65500
35.5,-0.3,1000,"unknown","09:49:42",64100
35.5,-0.3,1500,"unknown","09:49:42",63100
35.5,-0.3,200,"sd","09:49:18",61600
35.55,-0.25,100,"sd","09:48:46",61400
35.55,-0.25,100,"sd","09:48:28",61300
35.55,-0.25,300,"sd","09:48:12",61200
35.6,-0.2,100,"sd","09:48:03",60900
35.6,-0.2,100,"sd","09:48:03",60800
35.6,-0.2,100,"sd","09:47:27",60700
35.75,-0.05,1000,"bu","09:46:06",60600
35.75,-0.05,100,"bu","09:46:06",59600
35.7,-0.1,1000,"bu","09:46:06",59500
35.7,-0.1,2900,"bu","09:46:06",58500
35.6,-0.2,200,"sd","09:45:57",55600
35.6,-0.2,200,"sd","09:45:31",55400
35.6,-0.2,200,"sd","09:45:04",55200
35.6,-0.2,600,"sd","09:44:46",55000
35.6,-0.2,400,"sd","09:44:46",54400
35.6,-0.2,200,"sd","09:44:22",54000
35.7,-0.1,200,"bu","09:44:09",53800
35.7,-0.1,1000,"bu","09:44:02",53600
35.6,-0.2,500,"sd","09:43:41",52600
35.6,-0.2,700,"bu","09:43:32",52100
35.6,-0.2,200,"bu","09:43:32",51400
35.55,-0.25,700,"sd","09:43:24",51200
35.55,-0.25,200,"sd","09:43:20",50500
35.55,-0.25,1000,"sd","09:43:16",50300
35.55,-0.25,500,"sd","09:42:57",49300
35.55,-0.25,100,"sd","09:42:35",48800
35.55,-0.25,100,"sd","09:42:35",48700
35.55,-0.25,200,"sd","09:42:16",48600
35.55,-0.25,200,"sd","09:42:02",48400
35.55,-0.25,2000,"sd","09:41:35",48200
35.55,-0.25,200,"sd","09:41:34",46200
35.6,-0.2,200,"bu","09:41:30",46000
35.55,-0.25,200,"sd","09:41:08",45800
35.55,-0.25,200,"sd","09:40:41",45600
35.55,-0.25,500,"sd","09:39:36",45400
35.55,-0.25,500,"sd","09:39:21",44900
35.55,-0.25,200,"sd","09:38:20",44400
35.55,-0.25,100,"sd","09:37:52",44200
35.55,-0.25,300,"sd","09:36:19",44100
35.55,-0.25,300,"sd","09:36:06",43800
35.7,-0.1,100,"sd","09:36:00",43500
35.7,-0.1,300,"sd","09:35:46",43400
35.7,-0.1,200,"sd","09:34:21",43100
35.8,0,500,"sd","09:34:21",42900
35.8,0,100,"sd","09:34:21",42400
35.8,0,200,"sd","09:34:21",42300
35.8,0,100,"sd","09:33:01",42100
35.8,0,100,"sd","09:32:16",42000
35.8,0,200,"bu","09:31:46",41900
35.8,0,800,"bu","09:30:14",41700
35.8,0,100,"bu","09:30:14",40900
35.8,0,1000,"bu","09:30:14",40800
35.8,0,100,"bu","09:30:14",39800
35.8,0,100,"sd","09:28:28",39700
35.8,0,100,"sd","09:28:28",39600
35.8,0,300,"bu","09:27:40",39500
35.8,0,3000,"sd","09:27:17",39200
35.8,0,1000,"sd","09:27:17",36200
35.8,0,3000,"sd","09:27:17",35200
35.8,0,2700,"sd","09:27:17",32200
35.9,0.1,2400,"bu","09:26:16",29500
35.85,0.05,600,"bu","09:26:16",27100
35.85,0.05,400,"sd","09:25:08",26500
35.9,0.1,200,"bu","09:25:04",26100
35.9,0.1,200,"bu","09:25:04",25900
35.9,0.1,200,"bu","09:25:04",25700
35.9,0.1,400,"bu","09:25:04",25500
35.85,0.05,100,"sd","09:24:45",25100
35.85,0.05,100,"bu","09:24:25",25000
35.85,0.05,100,"bu","09:24:25",24900
35.85,0.05,100,"bu","09:23:24",24800
35.85,0.05,100,"bu","09:23:24",24700
35.85,0.05,100,"bu","09:23:23",24600
35.8,0,500,"sd","09:21:55",24500
35.85,0.05,100,"bu","09:21:55",24000
35.8,0,1700,"sd","09:21:46",23900
35.8,0,100,"sd","09:21:46",22200
35.8,0,100,"sd","09:21:46",22100
35.8,0,900,"sd","09:21:42",22000
35.8,0,5100,"sd","09:21:42",21100
35.8,0,1000,"sd","09:21:15",16000
35.8,0,1000,"sd","09:19:40",15000
35.8,0,1000,"sd","09:19:17",14000
35.8,0,500,"sd","09:19:13",13000
35.8,0,3600,"sd","09:17:41",12500
35.9,0.1,100,"bu","09:17:40",8900
35.8,0,1300,"sd","09:17:10",8800
35.8,0,700,"bu","09:17:09",7500
35.8,0,500,"bu","09:17:09",6800
35.8,0,100,"bu","09:17:09",6300
35.8,0,100,"bu","09:17:09",6200
35.5,-0.3,6100,"sd","09:15:01",6100
