"price","change","match_qtty","side","time","total_vol"
8.9,-0.1,100,"bu","14:56:05",16011700
8.9,-0.1,300,"bu","14:55:35",16011600
8.9,-0.1,27400,"bu","14:55:09",16011300
8.9,-0.1,14600,"sd","14:52:34",15983900
8.9,-0.1,6000,"bu","14:52:13",15969300
8.9,-0.1,2000,"bu","14:49:40",15963300
8.9,-0.1,700,"bu","14:49:14",15961300
8.9,-0.1,1000,"bu","14:48:53",15960600
8.9,-0.1,951400,"unknown","14:45:01",15959600
8.9,-0.1,500,"sd","14:29:53",15008200
9,0,12000,"bu","14:29:52",15007700
9,0,1000,"bu","14:29:44",14995700
8.9,-0.1,10000,"sd","14:29:43",14994700
8.9,-0.1,100,"sd","14:29:40",14984700
8.9,-0.1,5000,"sd","14:29:38",14984600
8.9,-0.1,100,"sd","14:29:37",14979600
8.9,-0.1,400,"sd","14:29:20",14979500
8.9,-0.1,3000,"sd","14:29:14",14979100
8.9,-0.1,5000,"sd","14:29:12",14976100
8.9,-0.1,500,"sd","14:28:41",14971100
9,0,6900,"sd","14:28:30",14970600
9,0,15700,"sd","14:28:29",14963700
9,0,1000,"sd","14:28:28",14948000
9,0,21000,"sd","14:28:27",14947000
9,0,50000,"sd","14:28:26",14926000
9,0,200,"sd","14:28:24",14876000
9,0,2000,"sd","14:28:23",14875800
9,0,5000,"sd","14:28:19",14873800
9,0,2000,"sd","14:28:18",14868800
9,0,1000,"sd","14:28:17",14866800
9,0,6200,"sd","14:28:14",14865800
9,0,1000,"sd","14:28:10",14859600
9,0,600,"sd","14:27:48",14858600
9,0,5000,"sd","14:27:46",14858000
9,0,100,"sd","14:27:44",14853000
9,0,500,"sd","14:27:42",14852900
9,0,700,"sd","14:27:29",14852400
9,0,1500,"sd","14:27:27",14851700
9,0,1000,"sd","14:27:26",14850200
9,0,200,"sd","14:27:24",14849200
9,0,14500,"sd","14:27:21",14849000
9,0,10200,"bu","14:27:20",14834500
9,0,3000,"bu","14:27:18",14824300
9,0,11200,"bu","14:27:17",14821300
9,0,6900,"bu","14:27:16",14810100
9,0,5000,"bu","14:27:15",14803200
9,0,50500,"bu","14:27:14",14798200
9,0,100,"bu","14:27:11",14747700
9,0,3400,"bu","14:27:10",14747600
9,0,800,"bu","14:27:08",14744200
9,0,8500,"bu","14:27:07",14743400
9,0,6900,"bu","14:27:06",14734900
9,0,500,"bu","14:27:05",14728000
9,0,1000,"bu","14:27:04",14727500
9,0,26000,"bu","14:27:03",14726500
9,0,6000,"bu","14:27:01",14700500
9,0,10100,"bu","14:26:58",14694500
9,0,10000,"bu","14:26:56",14684400
9,0,1100,"bu","14:26:54",14674400
9,0,1000,"bu","14:26:51",14673300
9,0,1000,"bu","14:26:49",14672300
9,0,10000,"bu","14:26:47",14671300
9,0,42000,"bu","14:26:45",14661300
9,0,600,"bu","14:26:42",14619300
9,0,5000,"bu","14:26:32",14618700
9,0,500,"bu","14:26:28",14613700
9,0,68000,"bu","14:26:23",14613200
9,0,100000,"bu","14:26:20",14545200
8.9,-0.1,1000,"sd","14:26:15",14445200
9,0,1000,"bu","14:26:08",14444200
8.9,-0.1,3000,"sd","14:26:05",14443200
8.9,-0.1,800,"sd","14:26:01",14440200
9,0,100,"bu","14:25:55",14439400
9,0,5000,"bu","14:25:52",14439300
9,0,1000,"bu","14:25:46",14434300
8.9,-0.1,9900,"sd","14:25:33",14433300
9,0,300,"bu","14:25:32",14423400
8.9,-0.1,10000,"sd","14:25:27",14423100
8.9,-0.1,5000,"sd","14:25:26",14413100
9,0,2000,"bu","14:25:24",14408100
8.9,-0.1,3000,"sd","14:25:20",14406100
8.9,-0.1,1000,"sd","14:25:18",14403100
8.9,-0.1,3000,"sd","14:25:09",14402100
8.9,-0.1,1000,"sd","14:25:06",14399100
8.9,-0.1,100,"sd","14:24:57",14398100
8.9,-0.1,4000,"sd","14:24:54",14398000
8.9,-0.1,1600,"sd","14:24:53",14394000
8.9,-0.1,300,"sd","14:24:52",14392400
8.9,-0.1,7000,"bu","14:24:48",14392100
8.9,-0.1,10000,"bu","14:24:47",14385100
8.9,-0.1,10000,"bu","14:24:46",14375100
8.9,-0.1,3300,"bu","14:24:45",14365100
8.9,-0.1,100,"bu","14:24:44",14361800
8.9,-0.1,19600,"bu","14:24:43",14361700
8.9,-0.1,2100,"sd","14:24:42",14342100
8.9,-0.1,30000,"sd","14:24:41",14340000
8.9,-0.1,34300,"sd","14:24:40",14310000
8.9,-0.1,2000,"bu","14:24:39",14275700
8.9,-0.1,8500,"bu","14:24:38",14273700
8.9,-0.1,12500,"bu","14:24:37",14265200
8.9,-0.1,3900,"bu","14:24:36",14252700
8.9,-0.1,18000,"bu","14:24:35",14248800
8.9,-0.1,6000,"bu","14:24:34",14230800
8.9,-0.1,100600,"bu","14:24:32",14224800
8.9,-0.1,12000,"bu","14:24:31",14124200
8.9,-0.1,5200,"bu","14:24:30",14112200
8.9,-0.1,100,"bu","14:24:28",14107000
8.9,-0.1,14700,"bu","14:24:27",14106900
8.9,-0.1,3800,"bu","14:24:25",14092200
8.9,-0.1,500,"bu","14:24:24",14088400
8.9,-0.1,10900,"bu","14:24:21",14087900
8.9,-0.1,1000,"bu","14:24:18",14077000
8.8,-0.2,1000,"sd","14:24:17",14076000
8.9,-0.1,4000,"bu","14:24:16",14075000
8.9,-0.1,100,"bu","14:24:10",14071000
8.9,-0.1,2000,"bu","14:24:04",14070900
8.8,-0.2,100,"sd","14:24:02",14068900
8.9,-0.1,10000,"bu","14:24:00",14068800
8.9,-0.1,100,"bu","14:23:59",14058800
8.9,-0.1,3000,"bu","14:23:58",14058700
8.9,-0.1,1000,"bu","14:23:57",14055700
8.9,-0.1,30000,"bu","14:23:54",14054700
8.9,-0.1,200,"bu","14:23:48",14024700
8.9,-0.1,200,"bu","14:23:46",14024500
8.8,-0.2,1400,"sd","14:23:45",14024300
8.9,-0.1,1000,"bu","14:23:44",14022900
8.9,-0.1,4000,"bu","14:23:40",14021900
8.9,-0.1,500,"bu","14:23:35",14017900
8.9,-0.1,500,"bu","14:23:34",14017400
8.9,-0.1,1000,"bu","14:23:24",14016900
8.9,-0.1,100,"bu","14:23:19",14015900
8.9,-0.1,54200,"sd","14:23:17",14015800
8.9,-0.1,28500,"sd","14:23:16",13961600
8.9,-0.1,6000,"sd","14:23:15",13933100
8.9,-0.1,101000,"sd","14:23:14",13927100
8.9,-0.1,6300,"sd","14:23:13",13826100
8.9,-0.1,2600,"sd","14:23:12",13819800
8.9,-0.1,400,"sd","14:23:10",13817200
8.9,-0.1,3000,"sd","14:23:09",13816800
8.9,-0.1,2000,"sd","14:23:08",13813800
8.9,-0.1,104100,"sd","14:23:07",13811800
8.9,-0.1,7000,"sd","14:23:06",13707700
8.9,-0.1,31500,"sd","14:23:05",13700700
8.9,-0.1,700,"sd","14:23:04",13669200
8.9,-0.1,5500,"sd","14:22:59",13668500
8.9,-0.1,10000,"sd","14:22:57",13663000
8.9,-0.1,500,"sd","14:22:56",13653000
8.9,-0.1,9700,"sd","14:22:54",13652500
8.9,-0.1,100,"sd","14:22:52",13642800
8.9,-0.1,1200,"sd","14:22:50",13642700
8.9,-0.1,9000,"sd","14:22:49",13641500
8.9,-0.1,13500,"sd","14:22:47",13632500
8.9,-0.1,100,"sd","14:22:46",13619000
8.9,-0.1,3600,"sd","14:22:45",13618900
8.9,-0.1,200,"sd","14:22:42",13615300
8.9,-0.1,600,"sd","14:22:41",13615100
8.9,-0.1,82300,"sd","14:22:40",13614500
8.9,-0.1,200,"sd","14:22:39",13532200
8.9,-0.1,71000,"sd","14:22:36",13532000
8.9,-0.1,2000,"sd","14:22:35",13461000
8.9,-0.1,2200,"sd","14:22:31",13459000
8.9,-0.1,3000,"sd","14:22:30",13456800
8.9,-0.1,300,"sd","14:22:26",13453800
8.9,-0.1,300,"sd","14:22:25",13453500
8.9,-0.1,1000,"sd","14:22:24",13453200
8.9,-0.1,5000,"sd","14:22:20",13452200
8.9,-0.1,4600,"sd","14:22:17",13447200
8.9,-0.1,400,"sd","14:22:16",13442600
8.9,-0.1,4000,"sd","14:22:15",13442200
8.9,-0.1,100100,"sd","14:22:12",13438200
8.9,-0.1,800,"sd","14:22:01",13338100
8.9,-0.1,500,"sd","14:22:00",13337300
8.9,-0.1,5000,"sd","14:21:57",13336800
8.9,-0.1,200000,"sd","14:21:56",13331800
8.9,-0.1,10000,"sd","14:21:55",13131800
8.9,-0.1,4200,"sd","14:21:53",13121800
9,0,3000,"bu","14:21:51",13117600
8.9,-0.1,1500,"sd","14:21:50",13114600
8.9,-0.1,10000,"sd","14:21:48",13113100
8.9,-0.1,2000,"sd","14:21:47",13103100
8.9,-0.1,400,"sd","14:21:46",13101100
8.9,-0.1,1000,"sd","14:21:45",13100700
8.9,-0.1,10000,"sd","14:21:44",13099700
8.9,-0.1,200,"sd","14:21:43",13089700
8.9,-0.1,5000,"sd","14:21:42",13089500
8.9,-0.1,2000,"sd","14:21:39",13084500
9,0,1000,"bu","14:21:38",13082500
8.9,-0.1,52000,"sd","14:21:33",13081500
8.9,-0.1,5000,"sd","14:21:27",13029500
9,0,500,"bu","14:21:25",13024500
9,0,5000,"bu","14:21:23",13024000
8.9,-0.1,10000,"sd","14:21:19",13019000
8.9,-0.1,12500,"sd","14:21:17",13009000
8.9,-0.1,300,"sd","14:21:16",12996500
8.9,-0.1,2000,"sd","14:21:07",12996200
9,0,1000,"bu","14:21:05",12994200
8.9,-0.1,100,"sd","14:20:59",12993200
9,0,100,"bu","14:20:45",12993100
8.9,-0.1,1600,"sd","14:20:44",12993000
8.9,-0.1,11200,"sd","14:20:38",12991400
8.9,-0.1,4000,"sd","14:20:36",12980200
9,0,43300,"bu","14:20:26",12976200
8.9,-0.1,20000,"sd","14:20:23",12932900
9,0,2000,"bu","14:20:15",12912900
9,0,25000,"bu","14:20:04",12910900
9,0,2500,"bu","14:19:59",12885900
9,0,5000,"sd","14:19:58",12883400
9,0,5000,"sd","14:19:57",12878400
9,0,15000,"sd","14:19:56",12873400
9,0,24500,"sd","14:19:55",12858400
9,0,30300,"sd","14:19:54",12833900
9,0,15600,"sd","14:19:53",12803600
9,0,209000,"sd","14:19:51",12788000
9,0,15700,"sd","14:19:50",12579000
9,0,1100,"sd","14:19:49",12563300
9,0,5000,"sd","14:19:48",12562200
9,0,268600,"sd","14:19:44",12557200
9,0,100,"sd","14:19:42",12288600
9,0,20000,"sd","14:19:39",12288500
9,0,100,"sd","14:19:38",12268500
9,0,200,"sd","14:19:37",12268400
9,0,5000,"sd","14:19:28",12268200
9,0,2000,"sd","14:19:26",12263200
9,0,2000,"sd","14:19:25",12261200
9,0,10000,"sd","14:19:21",12259200
9,0,1200,"sd","14:19:11",12249200
9,0,1000,"sd","14:19:05",12248000
9,0,30000,"sd","14:19:04",12247000
9,0,6800,"sd","14:19:03",12217000
9,0,200,"sd","14:19:02",12210200
9,0,1500,"sd","14:18:59",12210000
9,0,6000,"sd","14:18:58",12208500
9,0,100,"sd","14:18:57",12202500
9,0,10000,"sd","14:18:56",12202400
9,0,20000,"sd","14:18:51",12192400
9,0,11600,"sd","14:18:50",12172400
9,0,4500,"sd","14:18:47",12160800
9,0,100,"sd","14:18:38",12156300
9,0,61000,"sd","14:18:31",12156200
9,0,600,"sd","14:18:18",12095200
9.1,0.1,1000,"bu","14:18:03",12094600
9,0,600,"sd","14:17:36",12093600
9,0,1000,"sd","14:17:34",12093000
9,0,300,"sd","14:17:29",12092000
9.1,0.1,10000,"bu","14:17:05",12091700
9.1,0.1,100,"bu","14:16:52",12081700
9.1,0.1,10000,"bu","14:16:51",12081600
9,0,100,"sd","14:16:50",12071600
9,0,1000,"sd","14:16:49",12071500
9.1,0.1,3000,"bu","14:16:41",12070500
9.1,0.1,1000,"bu","14:16:11",12067500
9,0,100,"sd","14:15:51",12066500
9,0,800,"sd","14:15:43",12066400
9,0,100,"sd","14:15:25",12065600
9.1,0.1,1000,"bu","14:14:56",12065500
9.1,0.1,500,"bu","14:14:53",12064500
9.1,0.1,7500,"bu","14:14:35",12064000
9,0,100,"sd","14:14:26",12056500
9,0,1000,"sd","14:14:24",12056400
9,0,20600,"sd","14:14:13",12055400
9,0,100,"sd","14:14:11",12034800
9,0,1100,"sd","14:14:08",12034700
9.1,0.1,53800,"bu","14:14:07",12033600
9,0,1000,"sd","14:14:04",11979800
9,0,2000,"sd","14:13:42",11978800
9,0,5000,"sd","14:13:29",11976800
9,0,7000,"sd","14:13:18",11971800
9,0,100,"sd","14:12:58",11964800
9.1,0.1,1000,"bu","14:12:49",11964700
9.1,0.1,200,"bu","14:12:23",11963700
9,0,10000,"sd","14:12:06",11963500
9,0,1000,"sd","14:12:03",11953500
9,0,20000,"sd","14:11:42",11952500
9,0,500,"sd","14:11:30",11932500
9,0,1000,"sd","14:11:22",11932000
9,0,400,"sd","14:11:15",11931000
9,0,2000,"sd","14:11:01",11930600
9,0,100,"sd","14:10:55",11928600
9,0,1000,"sd","14:10:53",11928500
9,0,1000,"sd","14:10:52",11927500
9,0,100,"sd","14:10:28",11926500
9,0,1000,"sd","14:10:25",11926400
9,0,2000,"sd","14:10:19",11925400
9,0,5000,"sd","14:10:01",11923400
9,0,10000,"sd","14:09:58",11918400
9,0,10000,"sd","14:09:55",11908400
9,0,1500,"sd","14:09:52",11898400
9,0,900,"sd","14:09:49",11896900
9,0,9900,"sd","14:09:46",11896000
9,0,200,"sd","14:09:42",11886100
9,0,10000,"sd","14:09:25",11885900
9,0,200,"sd","14:09:22",11875900
9,0,1200,"sd","14:09:17",11875700
9,0,1000,"sd","14:09:13",11874500
9,0,2000,"sd","14:09:12",11873500
9,0,10000,"sd","14:09:10",11871500
9.1,0.1,11200,"bu","14:09:04",11861500
9,0,10000,"sd","14:09:00",11850300
9,0,7000,"sd","14:08:56",11840300
9,0,10000,"sd","14:08:53",11833300
9,0,7000,"sd","14:08:46",11823300
9,0,3200,"sd","14:08:36",11816300
9,0,2200,"sd","14:08:31",11813100
9,0,1000,"sd","14:08:26",11810900
9,0,500,"sd","14:08:24",11809900
9,0,26200,"sd","14:08:23",11809400
9,0,10000,"sd","14:08:19",11783200
9,0,100,"sd","14:08:09",11773200
9,0,10000,"sd","14:08:00",11773100
9,0,100,"sd","14:07:59",11763100
9,0,10000,"sd","14:07:57",11763000
9,0,200,"sd","14:07:56",11753000
9,0,2000,"sd","14:07:55",11752800
9,0,5000,"sd","14:07:53",11750800
9,0,10000,"sd","14:07:48",11745800
9,0,500,"sd","14:07:46",11735800
9,0,2100,"sd","14:07:44",11735300
9,0,100,"sd","14:07:39",11733200
9,0,10000,"sd","14:07:35",11733100
9,0,1000,"sd","14:07:29",11723100
9,0,1800,"sd","14:07:28",11722100
9,0,16600,"sd","14:07:23",11720300
9,0,55000,"sd","14:07:13",11703700
9,0,500,"sd","14:07:12",11648700
9,0,2000,"sd","14:07:08",11648200
9,0,900,"sd","14:07:06",11646200
9,0,300,"sd","14:07:05",11645300
9,0,700,"sd","14:07:03",11645000
9,0,20000,"sd","14:07:02",11644300
9,0,100,"sd","14:07:01",11624300
9,0,1500,"sd","14:06:52",11624200
9,0,1000,"sd","14:06:49",11622700
9,0,400,"sd","14:06:48",11621700
9,0,5000,"sd","14:06:38",11621300
9,0,100,"sd","14:06:37",11616300
9,0,200,"sd","14:06:10",11616200
9,0,400,"sd","14:06:07",11616000
9,0,8900,"sd","14:06:05",11615600
9,0,2900,"sd","14:05:58",11606700
9,0,5000,"sd","14:05:51",11603800
9,0,100,"sd","14:05:50",11598800
9,0,1000,"sd","14:05:49",11598700
9,0,8300,"sd","14:05:46",11597700
9,0,100,"sd","14:05:45",11589400
9,0,22600,"sd","14:05:44",11589300
9,0,6000,"sd","14:05:38",11566700
9.1,0.1,100,"bu","14:05:26",11560700
9.1,0.1,100,"bu","14:04:50",11560600
9,0,300,"sd","14:04:34",11560500
9,0,3000,"sd","14:04:33",11560200
9,0,600,"sd","14:04:12",11557200
9,0,7000,"sd","14:04:08",11556600
9,0,1200,"sd","14:04:00",11549600
9.1,0.1,1600,"bu","14:03:51",11548400
9,0,30000,"sd","14:03:49",11546800
9,0,20000,"sd","14:03:44",11516800
9.1,0.1,400,"bu","14:03:38",11496800
9.1,0.1,3000,"bu","14:03:10",11496400
9.1,0.1,78400,"bu","14:03:01",11493400
9.1,0.1,700,"sd","14:03:00",11415000
9.1,0.1,25000,"sd","14:02:58",11414300
9.1,0.1,71700,"sd","14:02:57",11389300
9.1,0.1,200,"sd","14:02:56",11317600
9.1,0.1,2500,"sd","14:02:55",11317400
9.1,0.1,1100,"sd","14:02:54",11314900
9.1,0.1,22000,"sd","14:02:52",11313800
9.1,0.1,8000,"sd","14:02:51",11291800
9.1,0.1,16200,"sd","14:02:50",11283800
9.1,0.1,3300,"sd","14:02:49",11267600
9.1,0.1,87900,"sd","14:02:47",11264300
9.1,0.1,1000,"sd","14:02:46",11176400
9.1,0.1,25000,"sd","14:02:45",11175400
9.1,0.1,1500,"sd","14:02:44",11150400
9.1,0.1,30000,"sd","14:02:43",11148900
9.1,0.1,500,"sd","14:02:37",11118900
9.1,0.1,3000,"sd","14:02:34",11118400
9.1,0.1,300,"sd","14:02:30",11115400
9.1,0.1,17000,"sd","14:02:25",11115100
9.1,0.1,600,"sd","14:02:22",11098100
9.1,0.1,1300,"sd","14:02:20",11097500
9.1,0.1,2500,"sd","14:02:18",11096200
9.1,0.1,1000,"sd","14:02:12",11093700
9.1,0.1,1000,"sd","14:02:11",11092700
9.1,0.1,200,"sd","14:02:07",11091700
9.1,0.1,10000,"sd","14:02:02",11091500
9.1,0.1,6400,"sd","14:02:01",11081500
9.1,0.1,1000,"sd","14:01:58",11075100
9.1,0.1,3000,"sd","14:01:54",11074100
9.1,0.1,7900,"sd","14:01:48",11071100
9.1,0.1,10000,"sd","14:01:43",11063200
9.1,0.1,1000,"sd","14:01:32",11053200
9.1,0.1,2000,"sd","14:01:31",11052200
9.1,0.1,40000,"sd","14:01:25",11050200
9.1,0.1,100,"sd","14:01:20",11010200
9.1,0.1,500,"sd","14:01:15",11010100
9.1,0.1,1200,"sd","14:01:10",11009600
9.1,0.1,1000,"sd","14:01:02",11008400
9.1,0.1,100,"sd","14:00:53",11007400
9.1,0.1,3000,"sd","14:00:44",11007300
9.1,0.1,200,"sd","14:00:38",11004300
9.1,0.1,100,"sd","14:00:32",11004100
9.1,0.1,1500,"sd","14:00:29",11004000
9.1,0.1,2000,"sd","14:00:23",11002500
9.1,0.1,5000,"sd","14:00:22",11000500
9.1,0.1,200,"sd","14:00:20",10995500
9.1,0.1,1000,"sd","14:00:06",10995300
9.1,0.1,100,"sd","14:00:05",10994300
9.1,0.1,6000,"sd","14:00:04",10994200
9.1,0.1,2000,"sd","13:59:58",10988200
9.1,0.1,100,"sd","13:59:42",10986200
9.1,0.1,1200,"sd","13:59:33",10986100
9.1,0.1,216300,"sd","13:59:16",10984900
9.1,0.1,50000,"bu","13:59:14",10768600
9.1,0.1,8000,"bu","13:59:12",10718600
9.1,0.1,1000,"bu","13:59:11",10710600
9.1,0.1,1000,"bu","13:59:10",10709600
9.1,0.1,2000,"bu","13:59:04",10708600
9.1,0.1,200000,"bu","13:59:00",10706600
9.1,0.1,200,"bu","13:58:43",10506600
9.1,0.1,100,"bu","13:58:42",10506400
9.1,0.1,68000,"bu","13:58:34",10506300
9.1,0.1,700,"bu","13:58:27",10438300
9,0,400,"sd","13:58:19",10437600
9.1,0.1,20000,"bu","13:58:06",10437200
9,0,500,"sd","13:57:40",10417200
9.1,0.1,200,"bu","13:57:28",10416700
9.1,0.1,200,"bu","13:57:05",10416500
9.1,0.1,200,"bu","13:56:57",10416300
9.1,0.1,500,"bu","13:56:17",10416100
9.1,0.1,300,"bu","13:56:09",10415600
9.1,0.1,500,"bu","13:56:00",10415300
9,0,3000,"sd","13:55:56",10414800
9.1,0.1,500,"bu","13:55:54",10411800
9.1,0.1,30000,"bu","13:55:51",10411300
9.1,0.1,300,"bu","13:55:47",10381300
9,0,1000,"sd","13:55:46",10381000
9,0,100,"sd","13:55:19",10380000
9.1,0.1,2400,"bu","13:55:04",10379900
9,0,700,"sd","13:54:51",10377500
9.1,0.1,300,"bu","13:54:23",10376800
9.1,0.1,500,"bu","13:53:58",10376500
9.1,0.1,5000,"bu","13:53:56",10376000
9.1,0.1,1000,"bu","13:53:55",10371000
9.1,0.1,100,"bu","13:53:42",10370000
9,0,400,"sd","13:53:35",10369900
9.1,0.1,100,"bu","13:53:29",10369500
9,0,10000,"sd","13:53:14",10369400
9.1,0.1,100,"bu","13:53:02",10359400
9,0,10000,"sd","13:53:00",10359300
9.1,0.1,11000,"bu","13:52:59",10349300
9,0,100,"sd","13:52:50",10338300
9,0,10000,"sd","13:52:44",10338200
9,0,1000,"sd","13:52:11",10328200
9,0,500,"sd","13:51:58",10327200
9,0,100,"sd","13:51:39",10326700
9.1,0.1,3800,"bu","13:51:23",10326600
9,0,10000,"sd","13:51:15",10322800
9,0,1000,"sd","13:51:02",10312800
9,0,700,"sd","13:50:41",10311800
9,0,1000,"sd","13:50:04",10311100
9,0,1000,"sd","13:49:49",10310100
9,0,1000,"sd","13:49:24",10309100
9.1,0.1,1000,"bu","13:49:20",10308100
9.1,0.1,10000,"bu","13:48:58",10307100
9.1,0.1,500,"bu","13:48:45",10297100
9.1,0.1,5000,"bu","13:48:44",10296600
9.1,0.1,3700,"bu","13:48:36",10291600
9.1,0.1,500,"bu","13:48:19",10287900
9.1,0.1,1000,"bu","13:48:04",10287400
9,0,400,"sd","13:47:37",10286400
9.1,0.1,10000,"bu","13:47:35",10286000
9,0,1000,"sd","13:47:33",10276000
9,0,10000,"sd","13:47:14",10275000
9,0,500,"sd","13:46:46",10265000
9,0,100,"sd","13:46:32",10264500
9.1,0.1,1000,"bu","13:46:31",10264400
9.1,0.1,1000,"bu","13:46:30",10263400
9.1,0.1,20000,"bu","13:45:49",10262400
9.1,0.1,1000,"bu","13:45:47",10242400
9.1,0.1,15500,"bu","13:45:36",10241400
9.1,0.1,20000,"bu","13:45:30",10225900
9.1,0.1,100,"bu","13:45:28",10205900
9.1,0.1,100,"bu","13:45:24",10205800
9.1,0.1,5000,"bu","13:45:20",10205700
9.1,0.1,1000,"bu","13:45:16",10200700
9.1,0.1,100,"bu","13:45:09",10199700
9,0,600,"sd","13:44:57",10199600
9,0,2500,"sd","13:44:56",10199000
9.1,0.1,500,"bu","13:44:54",10196500
9.1,0.1,20000,"bu","13:44:49",10196000
9.1,0.1,200,"bu","13:44:45",10176000
9.1,0.1,1000,"bu","13:44:39",10175800
9.1,0.1,5000,"bu","13:44:30",10174800
9.1,0.1,100,"bu","13:44:27",10169800
9.1,0.1,6500,"bu","13:44:15",10169700
9.1,0.1,1000,"bu","13:43:56",10163200
9.1,0.1,2000,"bu","13:43:46",10162200
9.1,0.1,400,"bu","13:43:44",10160200
9,0,100,"sd","13:43:35",10159800
9,0,200,"sd","13:43:28",10159700
9,0,200,"sd","13:43:21",10159500
9,0,15000,"sd","13:43:16",10159300
9,0,6000,"sd","13:43:02",10144300
9.1,0.1,1000,"bu","13:43:01",10138300
9,0,1000,"sd","13:42:45",10137300
9,0,300,"sd","13:42:44",10136300
9,0,2100,"sd","13:42:42",10136000
9,0,2100,"sd","13:42:40",10133900
9,0,1000,"sd","13:42:39",10131800
9,0,100,"sd","13:42:35",10130800
9,0,200,"sd","13:42:31",10130700
9,0,300,"sd","13:42:16",10130500
9,0,4200,"sd","13:42:12",10130200
9,0,100,"sd","13:41:59",10126000
9,0,100,"sd","13:41:58",10125900
9.1,0.1,10000,"bu","13:41:52",10125800
9.1,0.1,5000,"bu","13:41:41",10115800
9,0,1000,"sd","13:41:37",10110800
9,0,1000,"sd","13:41:35",10109800
9,0,100,"sd","13:41:24",10108800
9,0,100,"sd","13:41:14",10108700
9,0,1000,"sd","13:41:11",10108600
9,0,200,"sd","13:41:10",10107600
9,0,1500,"sd","13:41:03",10107400
9,0,12800,"sd","13:40:54",10105900
9,0,400,"sd","13:40:51",10093100
9,0,5000,"sd","13:40:48",10092700
9,0,600,"sd","13:40:46",10087700
9,0,13000,"sd","13:40:42",10087100
9,0,2100,"sd","13:40:40",10074100
9,0,600,"sd","13:40:33",10072000
9,0,1000,"sd","13:40:29",10071400
9,0,1000,"sd","13:40:28",10070400
9,0,100,"sd","13:40:22",10069400
9,0,3000,"sd","13:40:14",10069300
9,0,5000,"sd","13:40:06",10066300
9,0,300,"sd","13:39:57",10061300
9,0,700,"sd","13:39:56",10061000
9,0,100,"sd","13:39:53",10060300
9,0,60000,"sd","13:39:49",10060200
9.1,0.1,100,"bu","13:39:46",10000200
9,0,30000,"sd","13:39:36",10000100
9,0,1200,"sd","13:39:27",9970100
9,0,500,"sd","13:39:18",9968900
9,0,200000,"sd","13:39:02",9968400
9,0,400,"sd","13:38:07",9768400
9,0,6000,"sd","13:38:01",9768000
9,0,700,"sd","13:37:37",9762000
9.1,0.1,22000,"bu","13:37:16",9761300
9,0,2000,"sd","13:37:13",9739300
9,0,3000,"sd","13:36:46",9737300
9,0,1000,"sd","13:36:31",9734300
9.1,0.1,1300,"bu","13:35:24",9733300
9.1,0.1,300,"bu","13:35:09",9732000
9.1,0.1,500,"bu","13:34:28",9731700
9.1,0.1,5000,"bu","13:34:18",9731200
9.1,0.1,5000,"bu","13:33:59",9726200
9.1,0.1,20000,"bu","13:33:49",9721200
9.1,0.1,3400,"bu","13:33:47",9701200
9.1,0.1,100,"bu","13:33:41",9697800
9.1,0.1,2500,"bu","13:33:03",9697700
9,0,200,"sd","13:33:02",9695200
9.1,0.1,300,"bu","13:33:00",9695000
9.1,0.1,5000,"bu","13:32:50",9694700
9.1,0.1,500,"bu","13:32:43",9689700
9.1,0.1,4900,"bu","13:32:42",9689200
9.1,0.1,5000,"bu","13:32:40",9684300
9.1,0.1,20000,"bu","13:32:39",9679300
9.1,0.1,1000,"bu","13:32:31",9659300
9.1,0.1,500,"bu","13:32:15",9658300
9,0,300,"sd","13:32:03",9657800
9.1,0.1,200,"bu","13:31:59",9657500
9.1,0.1,1500,"bu","13:31:44",9657300
9.1,0.1,2000,"bu","13:31:42",9655800
9.1,0.1,10000,"bu","13:31:18",9653800
9.1,0.1,100,"bu","13:31:10",9643800
9,0,100,"sd","13:30:51",9643700
9.1,0.1,500,"bu","13:30:49",9643600
9.1,0.1,2000,"bu","13:30:40",9643100
9.1,0.1,100,"bu","13:30:34",9641100
9.1,0.1,1000,"bu","13:30:30",9641000
9.1,0.1,2000,"bu","13:30:29",9640000
9.1,0.1,500,"bu","13:30:28",9638000
9.1,0.1,500,"bu","13:30:04",9637500
9,0,200,"sd","13:29:54",9637000
9.1,0.1,1000,"bu","13:29:50",9636800
9.1,0.1,500,"bu","13:29:41",9635800
9.1,0.1,100,"bu","13:29:40",9635300
9.1,0.1,3000,"bu","13:29:37",9635200
9.1,0.1,1000,"bu","13:29:36",9632200
9.1,0.1,2000,"bu","13:29:35",9631200
9,0,100,"sd","13:29:23",9629200
9.1,0.1,500,"bu","13:29:19",9629100
9.1,0.1,1000,"bu","13:29:06",9628600
9.1,0.1,3000,"bu","13:28:54",9627600
9.1,0.1,500,"bu","13:28:43",9624600
9.1,0.1,100,"bu","13:28:33",9624100
9.1,0.1,1000,"bu","13:28:31",9624000
9.1,0.1,1000,"bu","13:28:21",9623000
9.1,0.1,30000,"bu","13:28:09",9622000
9.1,0.1,100,"bu","13:27:53",9592000
9.1,0.1,2000,"bu","13:27:05",9591900
9.1,0.1,1900,"bu","13:26:58",9589900
9.1,0.1,2000,"bu","13:26:42",9588000
9,0,500,"sd","13:26:31",9586000
9.1,0.1,1000,"bu","13:26:20",9585500
9.1,0.1,100,"bu","13:26:14",9584500
9.1,0.1,700,"bu","13:26:11",9584400
9.1,0.1,600,"bu","13:26:10",9583700
9.1,0.1,1000,"bu","13:25:52",9583100
9.1,0.1,200,"bu","13:25:45",9582100
9.1,0.1,200,"bu","13:25:09",9581900
9.1,0.1,5000,"bu","13:25:05",9581700
9.1,0.1,900,"bu","13:24:54",9576700
9.1,0.1,100,"bu","13:24:51",9575800
9,0,300,"sd","13:24:50",9575700
9,0,200,"sd","13:24:48",9575400
9.1,0.1,500,"bu","13:24:37",9575200
9,0,100,"sd","13:24:30",9574700
9.1,0.1,100,"bu","13:24:29",9574600
9.1,0.1,100,"bu","13:24:26",9574500
9.1,0.1,500,"bu","13:24:24",9574400
9.1,0.1,700,"bu","13:24:14",9573900
9.1,0.1,101600,"sd","13:24:03",9573200
9.1,0.1,7200,"sd","13:24:01",9471600
9.1,0.1,700,"sd","13:23:59",9464400
9.1,0.1,8300,"sd","13:23:56",9463700
9.1,0.1,4300,"sd","13:23:54",9455400
9.1,0.1,100,"sd","13:23:51",9451100
9.1,0.1,7100,"sd","13:23:50",9451000
9.1,0.1,10000,"sd","13:23:48",9443900
9.1,0.1,12600,"sd","13:23:43",9433900
9.1,0.1,20000,"sd","13:23:42",9421300
9.1,0.1,10000,"sd","13:23:27",9401300
9.1,0.1,500,"sd","13:23:24",9391300
9.1,0.1,2000,"sd","13:23:23",9390800
9.1,0.1,20000,"sd","13:23:05",9388800
9.1,0.1,900,"sd","13:22:34",9368800
9.1,0.1,200,"sd","13:22:19",9367900
9.1,0.1,100,"sd","13:22:17",9367700
9.2,0.2,10000,"bu","13:22:15",9367600
9.1,0.1,3600,"sd","13:22:13",9357600
9.1,0.1,700,"sd","13:22:10",9354000
9.1,0.1,1000,"sd","13:21:59",9353300
9.1,0.1,500,"sd","13:21:41",9352300
9.1,0.1,11000,"sd","13:21:40",9351800
9.1,0.1,500,"sd","13:21:35",9340800
9.1,0.1,1000,"sd","13:21:23",9340300
9.1,0.1,4600,"sd","13:21:20",9339300
9.1,0.1,100,"sd","13:21:14",9334700
9.1,0.1,300,"sd","13:21:06",9334600
9.1,0.1,1000,"sd","13:21:05",9334300
9.1,0.1,700,"sd","13:20:49",9333300
9.1,0.1,1000,"sd","13:20:47",9332600
9.1,0.1,4000,"sd","13:20:46",9331600
9.1,0.1,30000,"sd","13:20:41",9327600
9.1,0.1,10000,"sd","13:20:26",9297600
9.1,0.1,1000,"sd","13:20:25",9287600
9.1,0.1,10000,"sd","13:20:22",9286600
9.1,0.1,400,"sd","13:20:15",9276600
9.1,0.1,500,"sd","13:20:10",9276200
9.1,0.1,5000,"sd","13:19:52",9275700
9.1,0.1,26500,"sd","13:19:49",9270700
9.2,0.2,2000,"bu","13:19:45",9244200
9.1,0.1,2000,"sd","13:19:15",9242200
9.1,0.1,100,"sd","13:19:03",9240200
9.2,0.2,500,"bu","13:18:56",9240100
9.1,0.1,1000,"sd","13:18:46",9239600
9.1,0.1,1500,"sd","13:18:40",9238600
9.1,0.1,500,"sd","13:18:31",9237100
9.1,0.1,300,"sd","13:18:29",9236600
9.1,0.1,700,"sd","13:18:17",9236300
9.1,0.1,400,"sd","13:18:15",9235600
9.1,0.1,30000,"sd","13:18:06",9235200
9.1,0.1,5000,"sd","13:18:04",9205200
9.1,0.1,800,"sd","13:17:54",9200200
9.1,0.1,10000,"sd","13:17:29",9199400
9.1,0.1,100,"sd","13:17:20",9189400
9.1,0.1,900,"sd","13:17:14",9189300
9.1,0.1,100,"sd","13:17:05",9188400
9.2,0.2,2000,"bu","13:17:01",9188300
9.1,0.1,900,"sd","13:16:56",9186300
9.2,0.2,500,"bu","13:16:32",9185400
9.1,0.1,700,"sd","13:16:30",9184900
9.2,0.2,100,"bu","13:16:05",9184200
9.2,0.2,5000,"bu","13:15:56",9184100
9.2,0.2,3700,"bu","13:15:38",9179100
9.2,0.2,100,"bu","13:15:15",9175400
9.2,0.2,1000,"bu","13:15:13",9175300
9.2,0.2,2000,"bu","13:14:14",9174300
9.1,0.1,1000,"sd","13:14:10",9172300
9.1,0.1,3000,"sd","13:14:05",9171300
9.1,0.1,7400,"sd","13:13:44",9168300
9.2,0.2,20000,"bu","13:13:33",9160900
9.1,0.1,10000,"sd","13:13:15",9140900
9.2,0.2,1100,"bu","13:13:02",9130900
9.2,0.2,11000,"bu","13:11:50",9129800
9.2,0.2,300,"bu","13:11:22",9118800
9.2,0.2,3500,"bu","13:11:20",9118500
9.1,0.1,10000,"sd","13:11:18",9115000
9.2,0.2,3000,"bu","13:11:01",9105000
9.1,0.1,500,"sd","13:10:43",9102000
9.1,0.1,2000,"sd","13:10:09",9101500
9.1,0.1,700,"sd","13:08:58",9099500
9.1,0.1,100,"sd","13:08:53",9098800
9.1,0.1,100,"sd","13:08:50",9098700
9.2,0.2,100,"bu","13:08:33",9098600
9.2,0.2,2000,"bu","13:08:12",9098500
9.1,0.1,300,"sd","13:08:10",9096500
9.2,0.2,200,"bu","13:08:08",9096200
9.2,0.2,1500,"bu","13:07:26",9096000
9.2,0.2,100,"bu","13:06:57",9094500
9.2,0.2,1000,"bu","13:06:11",9094400
9.2,0.2,10000,"bu","13:05:53",9093400
9.2,0.2,200,"bu","13:05:46",9083400
9.2,0.2,13500,"bu","13:05:33",9083200
9.2,0.2,1000,"sd","13:05:28",9069700
9.2,0.2,1000,"sd","13:05:23",9068700
9.2,0.2,2000,"sd","13:05:22",9067700
9.2,0.2,11000,"sd","13:05:20",9065700
9.2,0.2,100,"sd","13:05:17",9054700
9.2,0.2,1000,"sd","13:05:09",9054600
9.2,0.2,7200,"sd","13:05:08",9053600
9.2,0.2,5900,"sd","13:05:07",9046400
9.2,0.2,500,"sd","13:05:05",9040500
9.2,0.2,400,"sd","13:04:58",9040000
9.2,0.2,1000,"sd","13:04:42",9039600
9.2,0.2,20800,"sd","13:04:36",9038600
9.2,0.2,2000,"bu","13:04:33",9017800
9.2,0.2,200,"bu","13:04:32",9015800
9.2,0.2,6500,"bu","13:04:30",9015600
9.2,0.2,600,"bu","13:04:26",9009100
9.2,0.2,100,"bu","13:04:21",9008500
9.2,0.2,200,"bu","13:04:14",9008400
9.2,0.2,5000,"bu","13:04:13",9008200
9.2,0.2,100,"bu","13:04:06",9003200
9.2,0.2,15000,"bu","13:04:00",9003100
9.2,0.2,100,"bu","13:03:58",8988100
9.2,0.2,100,"bu","13:03:56",8988000
9.2,0.2,3000,"bu","13:03:51",8987900
9.2,0.2,20000,"bu","13:03:47",8984900
9.2,0.2,700,"bu","13:03:38",8964900
9.2,0.2,3600,"bu","13:03:04",8964200
9.2,0.2,100,"bu","13:02:58",8960600
9.2,0.2,500,"bu","13:02:57",8960500
9.1,0.1,21000,"sd","13:02:47",8960000
9.2,0.2,1000,"bu","13:02:38",8939000
9.2,0.2,5000,"bu","13:02:33",8938000
9.2,0.2,2500,"bu","13:02:32",8933000
9.2,0.2,3000,"bu","13:02:24",8930500
9.2,0.2,5000,"bu","13:02:21",8927500
9.1,0.1,200,"sd","13:02:19",8922500
9.2,0.2,800,"bu","13:02:14",8922300
9.2,0.2,30000,"bu","13:02:10",8921500
9.1,0.1,100,"sd","13:02:09",8891500
9.1,0.1,100,"sd","13:02:02",8891400
9.2,0.2,50000,"bu","13:01:55",8891300
9.2,0.2,1000,"bu","13:01:47",8841300
9.1,0.1,500,"sd","13:01:31",8840300
9.1,0.1,700,"sd","13:01:14",8839800
9.2,0.2,100,"bu","13:01:00",8839100
9.2,0.2,400,"bu","13:00:59",8839000
9.2,0.2,300,"bu","13:00:49",8838600
9.2,0.2,1000,"bu","13:00:40",8838300
9.2,0.2,1000,"bu","13:00:11",8837300
9.1,0.1,51100,"sd","13:00:04",8836300
9.2,0.2,20800,"bu","13:00:03",8785200
9.1,0.1,7800,"sd","13:00:02",8764400
9.1,0.1,600,"sd","13:00:01",8756600
9.2,0.2,500,"bu","11:29:48",8756000
9.1,0.1,300,"sd","11:29:29",8755500
9.2,0.2,26200,"bu","11:29:09",8755200
9.2,0.2,2800,"sd","11:29:08",8729000
9.2,0.2,800,"sd","11:29:06",8726200
9.2,0.2,200,"sd","11:29:01",8725400
9.2,0.2,100,"sd","11:28:58",8725200
9.2,0.2,100,"sd","11:28:50",8725100
9.2,0.2,10000,"sd","11:28:46",8725000
9.2,0.2,1000,"sd","11:28:42",8715000
9.2,0.2,200,"sd","11:28:40",8714000
9.2,0.2,100,"sd","11:28:33",8713800
9.2,0.2,1200,"sd","11:28:31",8713700
9.2,0.2,1500,"sd","11:28:30",8712500
9.2,0.2,500,"sd","11:28:26",8711000
9.2,0.2,300,"sd","11:28:17",8710500
9.2,0.2,1000,"sd","11:28:16",8710200
9.2,0.2,3400,"sd","11:28:12",8709200
9.2,0.2,800,"sd","11:28:09",8705800
9.2,0.2,200,"sd","11:28:01",8705000
9.2,0.2,100,"sd","11:28:00",8704800
9.2,0.2,1000,"sd","11:27:54",8704700
9.3,0.3,600,"bu","11:27:53",8703700
9.2,0.2,3000,"sd","11:27:52",8703100
9.2,0.2,10200,"sd","11:27:51",8700100
9.2,0.2,1000,"sd","11:27:34",8689900
9.2,0.2,1000,"sd","11:27:27",8688900
9.2,0.2,1000,"sd","11:27:18",8687900
9.2,0.2,5000,"sd","11:27:09",8686900
9.2,0.2,3000,"sd","11:27:05",8681900
9.2,0.2,1800,"sd","11:26:59",8678900
9.2,0.2,1000,"sd","11:26:54",8677100
9.2,0.2,300,"sd","11:26:46",8676100
9.2,0.2,500,"sd","11:26:40",8675800
9.2,0.2,1000,"sd","11:26:39",8675300
9.2,0.2,2000,"sd","11:26:34",8674300
9.2,0.2,2000,"sd","11:26:31",8672300
9.2,0.2,500,"sd","11:26:24",8670300
9.2,0.2,3000,"sd","11:26:22",8669800
9.2,0.2,300,"sd","11:26:21",8666800
9.2,0.2,18200,"sd","11:26:19",8666500
9.2,0.2,10100,"bu","11:26:15",8648300
9.2,0.2,100,"bu","11:26:13",8638200
9.2,0.2,1000,"bu","11:26:08",8638100
9.2,0.2,100,"bu","11:26:04",8637100
9.2,0.2,800,"bu","11:25:59",8637000
9.2,0.2,10000,"bu","11:25:55",8636200
9.2,0.2,1000,"bu","11:25:52",8626200
9.2,0.2,10000,"bu","11:25:51",8625200
9.2,0.2,9000,"bu","11:25:45",8615200
9.2,0.2,100,"bu","11:25:44",8606200
9.2,0.2,1000,"bu","11:25:42",8606100
9.2,0.2,3000,"bu","11:25:39",8605100
9.2,0.2,500,"bu","11:25:38",8602100
9.2,0.2,2000,"bu","11:25:27",8601600
9.2,0.2,1000,"bu","11:25:14",8599600
9.2,0.2,200,"bu","11:25:10",8598600
9.2,0.2,5000,"bu","11:25:00",8598400
9.2,0.2,10200,"bu","11:24:58",8593400
9.2,0.2,300,"bu","11:24:57",8583200
9.2,0.2,1000,"bu","11:24:56",8582900
9.2,0.2,2000,"bu","11:24:55",8581900
9.2,0.2,10100,"bu","11:24:48",8579900
9.2,0.2,200,"bu","11:24:37",8569800
9.2,0.2,9000,"bu","11:24:35",8569600
9.2,0.2,400,"bu","11:24:33",8560600
9.2,0.2,500,"bu","11:24:31",8560200
9.2,0.2,500,"bu","11:24:30",8559700
9.2,0.2,3800,"bu","11:24:28",8559200
9.2,0.2,1000,"bu","11:24:14",8555400
9.2,0.2,64700,"bu","11:24:09",8554400
9.2,0.2,1000,"sd","11:24:08",8489700
9.2,0.2,800,"sd","11:24:06",8488700
9.2,0.2,9000,"sd","11:24:04",8487900
9.2,0.2,20000,"sd","11:24:03",8478900
9.2,0.2,1000,"sd","11:24:01",8458900
9.2,0.2,5000,"sd","11:24:00",8457900
9.2,0.2,54000,"sd","11:23:57",8452900
9.2,0.2,1300,"sd","11:23:56",8398900
9.2,0.2,1500,"sd","11:23:55",8397600
9.2,0.2,10500,"sd","11:23:54",8396100
9.2,0.2,500,"sd","11:23:50",8385600
9.2,0.2,100000,"sd","11:23:49",8385100
9.2,0.2,1200,"sd","11:23:43",8285100
9.2,0.2,2400,"sd","11:23:42",8283900
9.2,0.2,2000,"sd","11:23:36",8281500
9.2,0.2,5000,"sd","11:23:35",8279500
9.2,0.2,10000,"sd","11:23:34",8274500
9.2,0.2,500,"sd","11:23:33",8264500
9.2,0.2,500,"sd","11:23:30",8264000
9.2,0.2,2000,"sd","11:23:28",8263500
9.2,0.2,100,"sd","11:23:27",8261500
9.3,0.3,200,"bu","11:23:26",8261400
9.2,0.2,7500,"sd","11:23:25",8261200
9.2,0.2,20300,"sd","11:23:19",8253700
9.2,0.2,500,"sd","11:23:16",8233400
9.2,0.2,2000,"sd","11:23:10",8232900
9.2,0.2,10000,"sd","11:23:08",8230900
9.2,0.2,5500,"sd","11:23:07",8220900
9.2,0.2,1000,"sd","11:23:05",8215400
9.2,0.2,100,"sd","11:23:03",8214400
9.2,0.2,200,"sd","11:23:01",8214300
9.2,0.2,5000,"sd","11:22:57",8214100
9.2,0.2,100,"sd","11:22:55",8209100
9.2,0.2,1000,"sd","11:22:37",8209000
9.2,0.2,500,"sd","11:22:35",8208000
9.2,0.2,3000,"sd","11:22:29",8207500
9.2,0.2,10000,"sd","11:22:19",8204500
9.2,0.2,300,"sd","11:22:13",8194500
9.2,0.2,100,"sd","11:22:08",8194200
9.2,0.2,500,"sd","11:21:57",8194100
9.2,0.2,200,"sd","11:21:41",8193600
9.2,0.2,6000,"sd","11:21:36",8193400
9.2,0.2,300,"sd","11:21:14",8187400
9.2,0.2,200,"sd","11:21:09",8187100
9.3,0.3,500,"bu","11:20:59",8186900
9.3,0.3,100,"bu","11:20:51",8186400
9.2,0.2,500,"sd","11:20:37",8186300
9.3,0.3,100,"bu","11:20:24",8185800
9.2,0.2,1000,"sd","11:20:19",8185700
9.2,0.2,300,"sd","11:20:05",8184700
9.2,0.2,100,"sd","11:20:03",8184400
9.2,0.2,1000,"sd","11:19:51",8184300
9.2,0.2,2000,"sd","11:19:41",8183300
9.2,0.2,300,"sd","11:19:29",8181300
9.3,0.3,1000,"bu","11:19:27",8181000
9.2,0.2,1000,"sd","11:19:10",8180000
9.2,0.2,300,"sd","11:19:06",8179000
9.2,0.2,100,"sd","11:19:04",8178700
9.2,0.2,700,"sd","11:18:59",8178600
9.2,0.2,700,"sd","11:18:46",8177900
9.2,0.2,1000,"sd","11:18:44",8177200
9.2,0.2,500,"sd","11:18:38",8176200
9.2,0.2,600,"sd","11:18:35",8175700
9.2,0.2,300,"sd","11:17:53",8175100
9.3,0.3,2000,"bu","11:17:41",8174800
9.2,0.2,5000,"sd","11:17:28",8172800
9.2,0.2,100,"sd","11:17:23",8167800
9.2,0.2,200,"sd","11:17:21",8167700
9.2,0.2,10000,"sd","11:17:17",8167500
9.2,0.2,2000,"sd","11:17:04",8157500
9.2,0.2,2000,"sd","11:16:57",8155500
9.2,0.2,1000,"sd","11:16:46",8153500
9.2,0.2,1000,"sd","11:16:40",8152500
9.2,0.2,1000,"sd","11:16:38",8151500
9.2,0.2,500,"sd","11:16:34",8150500
9.2,0.2,100,"sd","11:16:33",8150000
9.3,0.3,200,"bu","11:16:30",8149900
9.2,0.2,2000,"sd","11:16:28",8149700
9.2,0.2,300000,"sd","11:16:17",8147700
9.3,0.3,10000,"bu","11:16:12",7847700
9.3,0.3,1000,"bu","11:16:06",7837700
9.3,0.3,2000,"bu","11:15:53",7836700
9.3,0.3,50000,"bu","11:15:02",7834700
9.2,0.2,600,"sd","11:14:57",7784700
9.2,0.2,5000,"sd","11:14:52",7784100
9.3,0.3,40500,"bu","11:14:48",7779100
9.2,0.2,20000,"sd","11:14:37",7738600
9.3,0.3,3000,"bu","11:14:36",7718600
9.2,0.2,200,"sd","11:14:08",7715600
9.2,0.2,1000,"sd","11:14:04",7715400
9.3,0.3,50000,"bu","11:14:02",7714400
9.2,0.2,700,"sd","11:13:45",7664400
9.3,0.3,300,"bu","11:13:41",7663700
9.2,0.2,3700,"bu","11:13:39",7663400
9.2,0.2,70000,"bu","11:13:38",7659700
9.2,0.2,400,"bu","11:13:35",7589700
9.2,0.2,1500,"bu","11:13:34",7589300
9.2,0.2,1100,"bu","11:13:33",7587800
9.2,0.2,3200,"bu","11:13:32",7586700
9.2,0.2,1500,"bu","11:13:31",7583500
9.2,0.2,3100,"bu","11:13:29",7582000
9.2,0.2,51200,"bu","11:13:26",7578900
9.2,0.2,30000,"bu","11:13:25",7527700
9.2,0.2,900000,"bu","11:13:20",7497700
9.2,0.2,500,"bu","11:13:19",6597700
9.2,0.2,300,"bu","11:13:17",6597200
9.2,0.2,1000,"bu","11:13:16",6596900
9.2,0.2,400,"bu","11:13:15",6595900
9.2,0.2,1500,"bu","11:13:12",6595500
9.2,0.2,30000,"bu","11:13:10",6594000
9.2,0.2,30000,"bu","11:13:04",6564000
9.2,0.2,3000,"bu","11:13:01",6534000
9.2,0.2,10000,"bu","11:13:00",6531000
9.2,0.2,1000,"bu","11:12:53",6521000
9.2,0.2,400,"bu","11:12:49",6520000
9.2,0.2,100,"bu","11:12:37",6519600
9.2,0.2,100,"bu","11:12:35",6519500
9.2,0.2,200,"bu","11:12:33",6519400
9.2,0.2,200,"bu","11:12:20",6519200
9.2,0.2,300,"bu","11:12:16",6519000
9.2,0.2,200,"bu","11:12:12",6518700
9.2,0.2,600,"bu","11:12:09",6518500
9.1,0.1,300,"sd","11:12:01",6517900
9.1,0.1,200,"sd","11:11:44",6517600
9.1,0.1,1500,"sd","11:11:33",6517400
9.1,0.1,700,"sd","11:11:09",6515900
9.1,0.1,900,"sd","11:11:00",6515200
9.1,0.1,3000,"sd","11:10:55",6514300
9.1,0.1,1300,"sd","11:10:43",6511300
9.1,0.1,700,"sd","11:10:33",6510000
9.1,0.1,1000,"sd","11:10:00",6509300
9.1,0.1,100,"sd","11:09:28",6508300
9.1,0.1,2000,"sd","11:09:16",6508200
9.1,0.1,1000,"sd","11:09:00",6506200
9.1,0.1,1000,"sd","11:08:50",6505200
9.1,0.1,1000,"sd","11:08:40",6504200
9.1,0.1,300,"sd","11:08:12",6503200
9.1,0.1,500,"sd","11:07:45",6502900
9.1,0.1,2000,"sd","11:07:32",6502400
9.2,0.2,3000,"bu","11:07:21",6500400
9.1,0.1,55000,"sd","11:07:15",6497400
9.2,0.2,5000,"bu","11:06:49",6442400
9.2,0.2,1000,"bu","11:06:38",6437400
9.1,0.1,1000,"sd","11:06:27",6436400
9.1,0.1,400,"sd","11:06:20",6435400
9.1,0.1,500,"sd","11:06:01",6435000
9.1,0.1,1000,"sd","11:05:46",6434500
9.1,0.1,3500,"sd","11:05:21",6433500
9.1,0.1,2000,"sd","11:05:20",6430000
9.1,0.1,50000,"sd","11:04:58",6428000
9.1,0.1,1000,"sd","11:04:24",6378000
9.1,0.1,1000,"sd","11:04:22",6377000
9.1,0.1,500,"sd","11:04:09",6376000
9.1,0.1,500,"sd","11:03:57",6375500
9.1,0.1,100,"sd","11:03:56",6375000
9.1,0.1,200,"sd","11:03:35",6374900
9.1,0.1,2500,"sd","11:03:25",6374700
9.1,0.1,34600,"bu","11:03:01",6372200
9.1,0.1,4800,"bu","11:02:58",6337600
9.1,0.1,5000,"bu","11:02:54",6332800
9.1,0.1,1000,"bu","11:02:50",6327800
9.1,0.1,500,"bu","11:02:49",6326800
9.1,0.1,10000,"bu","11:02:48",6326300
9.1,0.1,300,"bu","11:02:45",6316300
9.1,0.1,5000,"bu","11:02:42",6316000
9.1,0.1,20000,"bu","11:02:32",6311000
9.1,0.1,800,"bu","11:02:26",6291000
9.1,0.1,5000,"bu","11:02:20",6290200
9.1,0.1,1000,"bu","11:02:16",6285200
9.1,0.1,2000,"bu","11:02:07",6284200
9.1,0.1,700,"bu","11:02:04",6282200
9.1,0.1,100,"bu","11:01:22",6281500
9.1,0.1,300,"bu","11:01:13",6281400
9.1,0.1,1000,"bu","11:01:05",6281100
9,0,3000,"sd","11:00:23",6280100
9.1,0.1,1100,"bu","11:00:22",6277100
9.1,0.1,500,"bu","11:00:20",6276000
9,0,3600,"sd","11:00:06",6275500
9,0,1200,"sd","11:00:05",6271900
9.1,0.1,1000,"bu","10:59:58",6270700
9.1,0.1,500,"bu","10:59:52",6269700
9.1,0.1,500,"bu","10:59:50",6269200
9.1,0.1,2000,"bu","10:59:32",6268700
9.1,0.1,100,"bu","10:59:31",6266700
9.1,0.1,5000,"bu","10:59:10",6266600
9.1,0.1,21000,"bu","10:59:07",6261600
9.1,0.1,1500,"bu","10:59:04",6240600
9.1,0.1,1000,"bu","10:58:43",6239100
9.1,0.1,100,"bu","10:58:38",6238100
9.1,0.1,900,"sd","10:58:37",6238000
9.1,0.1,5000,"sd","10:58:35",6237100
9.1,0.1,26000,"sd","10:58:34",6232100
9.1,0.1,4000,"sd","10:58:33",6206100
9.1,0.1,10000,"sd","10:58:30",6202100
9.1,0.1,23700,"sd","10:58:27",6192100
9.1,0.1,100,"sd","10:58:26",6168400
9.1,0.1,3200,"sd","10:58:25",6168300
9.1,0.1,10000,"sd","10:58:20",6165100
9.1,0.1,3000,"sd","10:58:18",6155100
9.1,0.1,3300,"sd","10:58:17",6152100
9.1,0.1,500,"sd","10:58:15",6148800
9.1,0.1,2500,"sd","10:58:14",6148300
9.1,0.1,6000,"sd","10:58:13",6145800
9.1,0.1,54000,"sd","10:58:09",6139800
9.1,0.1,4000,"sd","10:58:08",6085800
9.1,0.1,1500,"sd","10:58:07",6081800
9.1,0.1,1300,"sd","10:58:06",6080300
9.1,0.1,1000,"sd","10:58:05",6079000
9.1,0.1,10000,"sd","10:58:04",6078000
9.1,0.1,20000,"sd","10:58:03",6068000
9.1,0.1,8000,"sd","10:58:01",6048000
9.1,0.1,10000,"sd","10:57:57",6040000
9.1,0.1,200,"sd","10:57:55",6030000
9.1,0.1,1500,"sd","10:57:52",6029800
9.1,0.1,200,"sd","10:57:50",6028300
9.1,0.1,6100,"sd","10:57:44",6028100
9.1,0.1,4200,"sd","10:57:42",6022000
9.1,0.1,100000,"sd","10:57:41",6017800
9.1,0.1,10000,"sd","10:57:38",5917800
9.1,0.1,200,"sd","10:57:34",5907800
9.1,0.1,55000,"sd","10:57:27",5907600
9.1,0.1,1400,"sd","10:57:26",5852600
9.1,0.1,10000,"sd","10:57:11",5851200
9.1,0.1,50000,"sd","10:57:05",5841200
9.1,0.1,9600,"sd","10:56:52",5791200
9.1,0.1,1300,"sd","10:56:50",5781600
9.1,0.1,200,"sd","10:56:49",5780300
9.1,0.1,10000,"sd","10:56:36",5780100
9.1,0.1,100,"sd","10:56:34",5770100
9.1,0.1,200,"sd","10:56:24",5770000
9.1,0.1,1500,"sd","10:56:19",5769800
9.1,0.1,500,"sd","10:56:14",5768300
9.1,0.1,200,"sd","10:56:11",5767800
9.1,0.1,10200,"sd","10:55:58",5767600
9.1,0.1,100,"sd","10:55:57",5757400
9.1,0.1,50000,"sd","10:55:50",5757300
9.1,0.1,6000,"sd","10:55:32",5707300
9.1,0.1,20000,"sd","10:55:26",5701300
9.1,0.1,1000,"sd","10:55:23",5681300
9.1,0.1,800,"sd","10:55:16",5680300
9.1,0.1,200,"sd","10:55:15",5679500
9.1,0.1,700,"sd","10:55:11",5679300
9.1,0.1,300,"sd","10:55:06",5678600
9.1,0.1,500,"sd","10:54:56",5678300
9.1,0.1,200,"sd","10:54:47",5677800
9.1,0.1,50000,"sd","10:54:44",5677600
9.1,0.1,10000,"sd","10:54:29",5627600
9.1,0.1,500,"sd","10:54:26",5617600
9.1,0.1,100,"sd","10:54:13",5617100
9.1,0.1,5000,"sd","10:53:58",5617000
9.1,0.1,10000,"sd","10:53:52",5612000
9.1,0.1,500,"sd","10:53:26",5602000
9.1,0.1,3000,"sd","10:53:25",5601500
9.1,0.1,1100,"sd","10:52:54",5598500
9.2,0.2,100,"bu","10:52:50",5597400
9.1,0.1,2200,"sd","10:52:42",5597300
9.1,0.1,5000,"sd","10:52:38",5595100
9.1,0.1,100,"sd","10:52:29",5590100
9.2,0.2,100,"bu","10:52:23",5590000
9.2,0.2,200,"bu","10:52:08",5589900
9.2,0.2,1000,"bu","10:51:58",5589700
9.2,0.2,200,"bu","10:51:50",5588700
9.1,0.1,15000,"sd","10:51:41",5588500
9.1,0.1,1600,"sd","10:51:32",5573500
9.1,0.1,500,"sd","10:51:30",5571900
9.1,0.1,1000,"sd","10:51:29",5571400
9.1,0.1,10000,"sd","10:50:33",5570400
9.1,0.1,100,"sd","10:49:45",5560400
9.1,0.1,100,"sd","10:49:32",5560300
9.1,0.1,300,"sd","10:49:31",5560200
9.1,0.1,100,"sd","10:49:21",5559900
9.1,0.1,1000,"sd","10:49:08",5559800
9.2,0.2,500,"bu","10:49:02",5558800
9.1,0.1,5000,"sd","10:48:56",5558300
9.1,0.1,200,"sd","10:48:53",5553300
9.1,0.1,10000,"sd","10:48:52",5553100
9.1,0.1,2000,"sd","10:48:48",5543100
9.1,0.1,10000,"sd","10:48:45",5541100
9.1,0.1,10000,"sd","10:48:40",5531100
9.1,0.1,1300,"sd","10:48:38",5521100
9.1,0.1,20000,"sd","10:48:22",5519800
9.1,0.1,100,"sd","10:48:07",5499800
9.1,0.1,2700,"sd","10:48:04",5499700
9.1,0.1,1000,"sd","10:47:46",5497000
9.1,0.1,100,"sd","10:47:38",5496000
9.1,0.1,3000,"sd","10:47:36",5495900
9.1,0.1,100,"sd","10:47:34",5492900
9.1,0.1,300,"sd","10:47:28",5492800
9.1,0.1,28300,"sd","10:47:09",5492500
9.1,0.1,20000,"sd","10:46:55",5464200
9.1,0.1,1000,"sd","10:46:37",5444200
9.1,0.1,1400,"sd","10:46:31",5443200
9.1,0.1,1000,"sd","10:46:23",5441800
9.1,0.1,1000,"sd","10:46:21",5440800
9.1,0.1,500,"sd","10:46:08",5439800
9.1,0.1,600,"sd","10:46:00",5439300
9.1,0.1,400,"sd","10:45:34",5438700
9.1,0.1,200,"sd","10:45:24",5438300
9.1,0.1,100,"sd","10:45:10",5438100
9.1,0.1,200,"sd","10:44:46",5438000
9.1,0.1,1000,"sd","10:44:20",5437800
9.2,0.2,1000,"bu","10:43:48",5436800
9.2,0.2,1000,"bu","10:43:45",5435800
9.2,0.2,1000,"bu","10:43:31",5434800
9.1,0.1,300,"sd","10:43:29",5433800
9.2,0.2,2000,"bu","10:43:22",5433500
9.1,0.1,500,"sd","10:43:18",5431500
9.1,0.1,1000,"sd","10:43:17",5431000
9.1,0.1,3300,"sd","10:43:10",5430000
9.1,0.1,300,"sd","10:43:05",5426700
9.1,0.1,100,"sd","10:43:02",5426400
9.1,0.1,1000,"sd","10:43:01",5426300
9.1,0.1,5000,"sd","10:43:00",5425300
9.1,0.1,5000,"sd","10:42:58",5420300
9.1,0.1,85000,"sd","10:42:42",5415300
9.1,0.1,500,"sd","10:42:41",5330300
9.1,0.1,30000,"sd","10:42:40",5329800
9.1,0.1,7600,"sd","10:42:16",5299800
9.1,0.1,400,"sd","10:42:03",5292200
9.1,0.1,8500,"sd","10:42:01",5291800
9.1,0.1,1000,"sd","10:41:53",5283300
9.1,0.1,2000,"sd","10:41:49",5282300
9.1,0.1,500,"sd","10:41:46",5280300
9.1,0.1,100,"sd","10:41:38",5279800
9.1,0.1,4000,"sd","10:41:23",5279700
9.2,0.2,2300,"bu","10:41:15",5275700
9.2,0.2,4400,"bu","10:41:11",5273400
9.1,0.1,1000,"sd","10:41:06",5269000
9.1,0.1,1500,"sd","10:41:04",5268000
9.1,0.1,11800,"sd","10:40:54",5266500
9.1,0.1,200,"sd","10:40:48",5254700
9.1,0.1,5000,"sd","10:40:44",5254500
9.1,0.1,52000,"sd","10:40:40",5249500
9.1,0.1,2000,"sd","10:40:39",5197500
9.1,0.1,10000,"sd","10:40:17",5195500
9.1,0.1,15000,"sd","10:40:07",5185500
9.1,0.1,800,"sd","10:40:06",5170500
9.1,0.1,3100,"sd","10:39:54",5169700
9.1,0.1,27000,"sd","10:39:44",5166600
9.1,0.1,5000,"sd","10:39:16",5139600
9.1,0.1,5000,"sd","10:38:45",5134600
9.1,0.1,4800,"sd","10:38:43",5129600
9.2,0.2,200,"bu","10:38:40",5124800
9.2,0.2,1000,"bu","10:38:15",5124600
9.1,0.1,2000,"sd","10:38:14",5123600
9.1,0.1,1000,"sd","10:38:08",5121600
9.1,0.1,5000,"sd","10:37:51",5120600
9.1,0.1,100000,"sd","10:37:48",5115600
9.1,0.1,8200,"sd","10:37:39",5015600
9.2,0.2,1000,"bu","10:37:33",5007400
9.1,0.1,1000,"sd","10:37:25",5006400
9.1,0.1,10000,"sd","10:36:55",5005400
9.1,0.1,500,"sd","10:36:37",4995400
9.1,0.1,2000,"sd","10:36:18",4994900
9.2,0.2,500,"bu","10:35:48",4992900
9.2,0.2,10000,"bu","10:34:46",4992400
9.1,0.1,900,"sd","10:34:45",4982400
9.1,0.1,700,"sd","10:34:27",4981500
9.1,0.1,200,"sd","10:34:18",4980800
9.2,0.2,1000,"bu","10:34:03",4980600
9.2,0.2,2000,"bu","10:33:51",4979600
9.2,0.2,500,"bu","10:33:45",4977600
9.2,0.2,2300,"bu","10:33:42",4977100
9.2,0.2,5000,"bu","10:32:52",4974800
9.2,0.2,200,"bu","10:32:50",4969800
9.2,0.2,12000,"bu","10:32:49",4969600
9.2,0.2,100,"bu","10:32:45",4957600
9.2,0.2,20000,"bu","10:32:42",4957500
9.2,0.2,10000,"bu","10:32:22",4937500
9.2,0.2,30000,"bu","10:32:04",4927500
9.2,0.2,11200,"bu","10:31:49",4897500
9.2,0.2,2000,"bu","10:31:42",4886300
9.2,0.2,2000,"bu","10:31:25",4884300
9.2,0.2,1500,"bu","10:31:19",4882300
9.2,0.2,400,"bu","10:31:16",4880800
9.2,0.2,2000,"bu","10:31:09",4880400
9.2,0.2,5000,"bu","10:31:00",4878400
9.2,0.2,500,"bu","10:30:11",4873400
9.2,0.2,5300,"bu","10:29:37",4872900
9.2,0.2,500,"bu","10:29:10",4867600
9.2,0.2,3000,"bu","10:29:01",4867100
9.1,0.1,700,"sd","10:28:57",4864100
9.2,0.2,4500,"bu","10:28:52",4863400
9.2,0.2,3000,"bu","10:28:51",4858900
9.2,0.2,5000,"bu","10:28:45",4855900
9.2,0.2,28000,"bu","10:28:42",4850900
9.2,0.2,300,"bu","10:28:33",4822900
9.2,0.2,100,"bu","10:28:28",4822600
9.2,0.2,68000,"bu","10:28:18",4822500
9.2,0.2,100,"bu","10:28:05",4754500
9.2,0.2,10000,"bu","10:28:03",4754400
9.2,0.2,2000,"bu","10:27:45",4744400
9.2,0.2,400,"bu","10:27:39",4742400
9.2,0.2,25000,"bu","10:27:28",4742000
9.2,0.2,2000,"bu","10:27:15",4717000
9.2,0.2,500,"bu","10:26:52",4715000
9.1,0.1,500,"sd","10:26:41",4714500
9.1,0.1,1000,"sd","10:26:20",4714000
9.1,0.1,2000,"sd","10:25:58",4713000
9.2,0.2,100,"bu","10:25:56",4711000
9.2,0.2,11100,"bu","10:25:30",4710900
9.1,0.1,3000,"sd","10:25:26",4699800
9.2,0.2,100,"bu","10:24:46",4696800
9.2,0.2,1000,"bu","10:24:36",4696700
9.2,0.2,1100,"bu","10:24:19",4695700
9.2,0.2,11500,"bu","10:24:14",4694600
9.2,0.2,100,"bu","10:24:03",4683100
9.2,0.2,4200,"bu","10:23:38",4683000
9.2,0.2,1500,"bu","10:23:36",4678800
9.2,0.2,10000,"bu","10:23:28",4677300
9.2,0.2,8600,"bu","10:23:27",4667300
9.2,0.2,100000,"bu","10:23:09",4658700
9.2,0.2,2000,"bu","10:22:44",4558700
9.1,0.1,1000,"sd","10:22:34",4556700
9.2,0.2,200,"bu","10:22:05",4555700
9.2,0.2,100,"bu","10:22:04",4555500
9.2,0.2,4000,"bu","10:21:59",4555400
9.2,0.2,100,"bu","10:21:58",4551400
9.2,0.2,500,"bu","10:21:56",4551300
9.2,0.2,1000,"bu","10:21:46",4550800
9.2,0.2,1000,"bu","10:20:37",4549800
9.1,0.1,100,"sd","10:20:16",4548800
9.1,0.1,5000,"sd","10:20:01",4548700
9.2,0.2,1300,"bu","10:19:59",4543700
9.1,0.1,300,"sd","10:19:41",4542400
9.2,0.2,100,"bu","10:19:33",4542100
9.2,0.2,1200,"bu","10:18:55",4542000
9.2,0.2,1500,"bu","10:18:45",4540800
9.2,0.2,300,"bu","10:17:56",4539300
9.2,0.2,1000,"bu","10:17:52",4539000
9.1,0.1,1000,"sd","10:17:00",4538000
9.1,0.1,700,"sd","10:16:40",4537000
9.2,0.2,2000,"bu","10:16:25",4536300
9.2,0.2,100,"bu","10:16:01",4534300
9.2,0.2,100,"bu","10:15:54",4534200
9.2,0.2,7000,"bu","10:15:51",4534100
9.2,0.2,300,"bu","10:15:37",4527100
9.2,0.2,2300,"bu","10:15:14",4526800
9.2,0.2,1500,"bu","10:14:51",4524500
9.1,0.1,100,"sd","10:14:44",4523000
9.1,0.1,4800,"sd","10:14:38",4522900
9.2,0.2,1000,"bu","10:14:26",4518100
9.2,0.2,1000,"bu","10:14:13",4517100
9.2,0.2,1000,"bu","10:14:10",4516100
9.2,0.2,5000,"bu","10:14:08",4515100
9.1,0.1,1000,"sd","10:13:50",4510100
9.2,0.2,3000,"bu","10:13:30",4509100
9.2,0.2,2200,"bu","10:13:29",4506100
9.2,0.2,3000,"bu","10:13:26",4503900
9.2,0.2,1000,"bu","10:13:20",4500900
9.2,0.2,2000,"bu","10:13:18",4499900
9.1,0.1,5000,"sd","10:13:07",4497900
9.2,0.2,10200,"bu","10:12:51",4492900
9.2,0.2,1000,"bu","10:12:23",4482700
9.2,0.2,500,"bu","10:11:51",4481700
9.2,0.2,500,"bu","10:11:39",4481200
9.2,0.2,5000,"bu","10:11:14",4480700
9.2,0.2,5000,"bu","10:11:05",4475700
9.2,0.2,2000,"bu","10:10:58",4470700
9.2,0.2,5000,"bu","10:10:55",4468700
9.1,0.1,10000,"sd","10:10:29",4463700
9.2,0.2,1000,"bu","10:10:17",4453700
9.1,0.1,100,"sd","10:10:02",4452700
9.2,0.2,900,"bu","10:10:00",4452600
9.2,0.2,1600,"bu","10:09:55",4451700
9.2,0.2,1000,"bu","10:09:52",4450100
9.2,0.2,1500,"bu","10:09:42",4449100
9.2,0.2,500,"bu","10:09:25",4447600
9.1,0.1,700,"sd","10:09:16",4447100
9.1,0.1,1000,"sd","10:08:52",4446400
9.2,0.2,4300,"bu","10:08:44",4445400
9.2,0.2,40300,"bu","10:08:31",4441100
9.2,0.2,10300,"sd","10:08:30",4400800
9.2,0.2,10100,"sd","10:08:29",4390500
9.2,0.2,35500,"sd","10:08:28",4380400
9.2,0.2,52800,"sd","10:08:27",4344900
9.2,0.2,300,"sd","10:08:26",4292100
9.2,0.2,5900,"sd","10:08:25",4291800
9.2,0.2,22100,"sd","10:08:24",4285900
9.2,0.2,3900,"sd","10:08:23",4263800
9.2,0.2,1300,"sd","10:08:22",4259900
9.2,0.2,13400,"sd","10:08:21",4258600
9.2,0.2,2000,"sd","10:08:20",4245200
9.2,0.2,1200,"sd","10:08:19",4243200
9.2,0.2,5600,"sd","10:08:18",4242000
9.2,0.2,65000,"sd","10:08:17",4236400
9.2,0.2,5000,"sd","10:08:16",4171400
9.2,0.2,51000,"sd","10:08:14",4166400
9.2,0.2,2000,"sd","10:08:13",4115400
9.2,0.2,1400,"sd","10:08:12",4113400
9.2,0.2,17400,"sd","10:08:11",4112000
9.2,0.2,10000,"sd","10:08:09",4094600
9.2,0.2,1000,"sd","10:08:08",4084600
9.2,0.2,2000,"sd","10:08:07",4083600
9.2,0.2,14200,"sd","10:08:06",4081600
9.2,0.2,1500,"sd","10:08:04",4067400
9.2,0.2,7400,"sd","10:08:03",4065900
9.2,0.2,40200,"sd","10:08:02",4058500
9.2,0.2,21000,"sd","10:08:01",4018300
9.2,0.2,5000,"sd","10:08:00",3997300
9.2,0.2,1000,"sd","10:07:59",3992300
9.2,0.2,1000,"sd","10:07:57",3991300
9.2,0.2,30400,"sd","10:07:56",3990300
9.2,0.2,1000,"sd","10:07:55",3959900
9.2,0.2,30000,"sd","10:07:54",3958900
9.2,0.2,300,"sd","10:07:52",3928900
9.2,0.2,17000,"sd","10:07:51",3928600
9.2,0.2,2000,"sd","10:07:49",3911600
9.2,0.2,30000,"sd","10:07:48",3909600
9.2,0.2,500,"sd","10:07:45",3879600
9.2,0.2,1200,"sd","10:07:44",3879100
9.2,0.2,15000,"sd","10:07:42",3877900
9.2,0.2,100,"sd","10:07:38",3862900
9.2,0.2,100,"sd","10:07:34",3862800
9.2,0.2,100,"sd","10:07:31",3862700
9.2,0.2,30200,"sd","10:07:26",3862600
9.2,0.2,1000,"sd","10:07:25",3832400
9.2,0.2,5000,"sd","10:07:24",3831400
9.2,0.2,500,"sd","10:07:18",3826400
9.2,0.2,1000,"sd","10:07:16",3825900
9.2,0.2,3000,"sd","10:07:14",3824900
9.2,0.2,5000,"sd","10:07:13",3821900
9.2,0.2,1000,"sd","10:07:06",3816900
9.2,0.2,5000,"sd","10:07:02",3815900
9.2,0.2,400,"sd","10:06:51",3810900
9.3,0.3,100,"bu","10:06:50",3810500
9.2,0.2,1000,"sd","10:06:49",3810400
9.2,0.2,500,"sd","10:06:46",3809400
9.2,0.2,200,"sd","10:06:42",3808900
9.2,0.2,2000,"sd","10:06:37",3808700
9.2,0.2,300,"sd","10:06:36",3806700
9.2,0.2,5000,"sd","10:06:29",3806400
9.3,0.3,32500,"bu","10:06:28",3801400
9.2,0.2,100,"sd","10:06:27",3768900
9.2,0.2,200,"sd","10:06:18",3768800
9.2,0.2,300,"sd","10:06:15",3768600
9.2,0.2,3700,"sd","10:06:14",3768300
9.2,0.2,1100,"sd","10:06:12",3764600
9.2,0.2,16000,"sd","10:06:10",3763500
9.2,0.2,50000,"sd","10:05:57",3747500
9.2,0.2,1500,"sd","10:05:56",3697500
9.2,0.2,1000,"sd","10:05:51",3696000
9.2,0.2,2500,"sd","10:05:41",3695000
9.2,0.2,6000,"sd","10:05:40",3692500
9.3,0.3,30000,"bu","10:05:37",3686500
9.2,0.2,100,"sd","10:05:36",3656500
9.2,0.2,200,"sd","10:05:35",3656400
9.2,0.2,500,"sd","10:05:33",3656200
9.2,0.2,1000,"sd","10:05:31",3655700
9.2,0.2,500,"sd","10:05:21",3654700
9.2,0.2,700,"sd","10:05:06",3654200
9.2,0.2,100,"sd","10:05:04",3653500
9.2,0.2,100,"sd","10:04:58",3653400
9.2,0.2,1000,"sd","10:04:54",3653300
9.2,0.2,2000,"sd","10:04:53",3652300
9.2,0.2,5000,"sd","10:04:48",3650300
9.2,0.2,400,"sd","10:04:46",3645300
9.2,0.2,1000,"sd","10:04:44",3644900
9.2,0.2,2000,"sd","10:04:38",3643900
9.2,0.2,30000,"sd","10:04:37",3641900
9.2,0.2,100,"sd","10:04:24",3611900
9.3,0.3,2100,"bu","10:04:21",3611800
9.2,0.2,2000,"sd","10:04:16",3609700
9.2,0.2,11000,"sd","10:04:15",3607700
9.2,0.2,200,"sd","10:03:59",3596700
9.2,0.2,3000,"sd","10:03:58",3596500
9.2,0.2,1200,"sd","10:03:54",3593500
9.2,0.2,300,"sd","10:03:43",3592300
9.3,0.3,11000,"bu","10:03:41",3592000
9.3,0.3,1800,"bu","10:03:39",3581000
9.2,0.2,100,"sd","10:03:34",3579200
9.3,0.3,1500,"bu","10:03:30",3579100
9.2,0.2,1000,"sd","10:03:28",3577600
9.2,0.2,500,"sd","10:03:20",3576600
9.2,0.2,1000,"sd","10:03:13",3576100
9.3,0.3,200,"bu","10:03:09",3575100
9.3,0.3,8900,"bu","10:03:06",3574900
9.3,0.3,300,"bu","10:02:58",3566000
9.2,0.2,200,"sd","10:02:57",3565700
9.2,0.2,100,"sd","10:02:46",3565500
9.2,0.2,2000,"sd","10:02:44",3565400
9.2,0.2,4000,"sd","10:02:39",3563400
9.3,0.3,500,"bu","10:02:35",3559400
9.3,0.3,500,"bu","10:02:33",3558900
9.2,0.2,1000,"sd","10:02:27",3558400
9.3,0.3,1000,"bu","10:02:23",3557400
9.2,0.2,94300,"sd","10:02:16",3556400
9.2,0.2,3800,"bu","10:02:15",3462100
9.2,0.2,40000,"bu","10:02:14",3458300
9.2,0.2,10000,"bu","10:02:13",3418300
9.2,0.2,27600,"bu","10:02:12",3408300
9.2,0.2,9500,"bu","10:02:10",3380700
9.2,0.2,116000,"bu","10:02:08",3371200
9.2,0.2,36000,"bu","10:02:07",3255200
9.2,0.2,15000,"bu","10:02:06",3219200
9.2,0.2,200,"bu","10:02:05",3204200
9.2,0.2,25000,"bu","10:02:04",3204000
9.2,0.2,5000,"bu","10:02:03",3179000
9.2,0.2,112000,"bu","10:02:02",3174000
9.2,0.2,100000,"bu","10:01:59",3062000
9.2,0.2,200,"bu","10:01:58",2962000
9.2,0.2,1400,"bu","10:01:54",2961800
9.2,0.2,1300,"bu","10:01:53",2960400
9.2,0.2,6000,"bu","10:01:51",2959100
9.2,0.2,100,"bu","10:01:50",2953100
9.2,0.2,10000,"bu","10:01:48",2953000
9.2,0.2,72000,"bu","10:01:47",2943000
9.2,0.2,5000,"bu","10:01:46",2871000
9.2,0.2,200,"bu","10:01:45",2866000
9.2,0.2,500,"bu","10:01:41",2865800
9.2,0.2,3000,"bu","10:01:35",2865300
9.2,0.2,13000,"bu","10:01:33",2862300
9.2,0.2,800,"bu","10:01:30",2849300
9.2,0.2,700,"bu","10:01:22",2848500
9.2,0.2,10000,"bu","10:01:21",2847800
9.2,0.2,500,"bu","10:01:17",2837800
9.2,0.2,200,"bu","10:01:14",2837300
9.2,0.2,1000,"bu","10:01:05",2837100
9.2,0.2,1000,"bu","10:01:03",2836100
9.2,0.2,5500,"bu","10:01:02",2835100
9.2,0.2,1000,"bu","10:01:01",2829600
9.2,0.2,900,"bu","10:00:52",2828600
9.2,0.2,10000,"bu","10:00:51",2827700
9.2,0.2,3600,"bu","10:00:50",2817700
9.2,0.2,3600,"bu","10:00:49",2814100
9.2,0.2,300,"bu","10:00:46",2810500
9.2,0.2,500,"bu","10:00:43",2810200
9.2,0.2,1000,"bu","10:00:42",2809700
9.2,0.2,2000,"bu","10:00:41",2808700
9.2,0.2,100,"bu","10:00:35",2806700
9.2,0.2,100,"bu","10:00:34",2806600
9.2,0.2,300,"bu","10:00:32",2806500
9.2,0.2,10000,"bu","10:00:30",2806200
9.2,0.2,1000,"bu","10:00:29",2796200
9.2,0.2,100000,"bu","10:00:27",2795200
9.2,0.2,1000,"bu","10:00:26",2695200
9.2,0.2,61200,"bu","10:00:24",2694200
9.2,0.2,6000,"bu","10:00:19",2633000
9.2,0.2,1000,"bu","10:00:17",2627000
9.2,0.2,200,"bu","10:00:13",2626000
9.2,0.2,100000,"bu","10:00:01",2625800
9.2,0.2,100,"bu","09:59:59",2525800
9.2,0.2,400,"bu","09:59:48",2525700
9.2,0.2,2000,"bu","09:59:37",2525300
9.1,0.1,5000,"sd","09:59:34",2523300
9.2,0.2,900,"bu","09:59:28",2518300
9.1,0.1,200,"sd","09:59:27",2517400
9.2,0.2,5000,"bu","09:59:16",2517200
9.1,0.1,1000,"sd","09:59:02",2512200
9.2,0.2,400,"bu","09:59:01",2511200
9.1,0.1,900,"sd","09:58:50",2510800
9.1,0.1,700,"sd","09:58:08",2509900
9.2,0.2,1000,"bu","09:57:56",2509200
9.2,0.2,500,"bu","09:57:50",2508200
9.1,0.1,1000,"sd","09:57:43",2507700
9.2,0.2,25000,"bu","09:57:35",2506700
9.1,0.1,1000,"sd","09:57:23",2481700
9.2,0.2,200,"bu","09:57:22",2480700
9.2,0.2,1000,"bu","09:57:16",2480500
9.2,0.2,500,"bu","09:57:08",2479500
9.2,0.2,2000,"bu","09:57:02",2479000
9.1,0.1,300,"sd","09:56:41",2477000
9.1,0.1,5600,"sd","09:56:32",2476700
9.1,0.1,10000,"sd","09:56:30",2471100
9.1,0.1,1500,"sd","09:56:21",2461100
9.1,0.1,1000,"sd","09:56:16",2459600
9.1,0.1,3100,"sd","09:56:14",2458600
9.1,0.1,100,"sd","09:56:06",2455500
9.1,0.1,1000,"sd","09:55:52",2455400
9.1,0.1,500,"sd","09:55:51",2454400
9.1,0.1,100,"sd","09:55:49",2453900
9.1,0.1,1000,"sd","09:55:40",2453800
9.1,0.1,80000,"sd","09:55:38",2452800
9.1,0.1,100,"sd","09:55:14",2372800
9.1,0.1,100,"sd","09:54:32",2372700
9.2,0.2,1000,"bu","09:54:15",2372600
9.1,0.1,100,"sd","09:54:12",2371600
9.1,0.1,600,"sd","09:54:11",2371500
9.1,0.1,100,"sd","09:54:10",2370900
9.1,0.1,500,"sd","09:54:06",2370800
9.1,0.1,100,"sd","09:53:41",2370300
9.1,0.1,1000,"sd","09:53:34",2370200
9.2,0.2,5000,"bu","09:53:31",2369200
9.1,0.1,100,"sd","09:53:25",2364200
9.1,0.1,10000,"sd","09:53:22",2364100
9.1,0.1,200,"sd","09:53:20",2354100
9.1,0.1,4000,"sd","09:53:09",2353900
9.1,0.1,524200,"sd","09:53:08",2349900
9.1,0.1,2000,"bu","09:52:52",1825700
9.1,0.1,100,"bu","09:52:50",1823700
9.1,0.1,500,"bu","09:52:47",1823600
9.1,0.1,1000,"bu","09:52:41",1823100
9.1,0.1,500,"bu","09:52:35",1822100
9.1,0.1,5000,"bu","09:52:27",1821600
9.1,0.1,2000,"bu","09:52:26",1816600
9.1,0.1,50000,"bu","09:52:20",1814600
9,0,5000,"sd","09:52:09",1764600
9,0,1000,"sd","09:51:57",1759600
9.1,0.1,10000,"bu","09:51:54",1758600
9.1,0.1,2000,"bu","09:51:52",1748600
9,0,100,"sd","09:51:50",1746600
9.1,0.1,20000,"bu","09:51:25",1746500
9.1,0.1,200,"bu","09:51:22",1726500
9.1,0.1,20000,"bu","09:51:09",1726300
9.1,0.1,20000,"bu","09:51:04",1706300
9.1,0.1,400,"bu","09:50:56",1686300
9.1,0.1,10000,"bu","09:50:30",1685900
9,0,800,"sd","09:50:29",1675900
9.1,0.1,3200,"bu","09:50:18",1675100
9.1,0.1,700,"bu","09:49:43",1671900
9.1,0.1,100,"bu","09:49:22",1671200
9.1,0.1,500,"bu","09:49:08",1671100
9.1,0.1,20000,"bu","09:48:59",1670600
9,0,2000,"sd","09:48:52",1650600
9.1,0.1,10000,"bu","09:48:49",1648600
9.1,0.1,3000,"bu","09:48:27",1638600
9,0,2000,"sd","09:48:12",1635600
9,0,100,"sd","09:47:58",1633600
9,0,500,"sd","09:47:49",1633500
9,0,500,"sd","09:46:58",1633000
9,0,1000,"sd","09:46:42",1632500
9,0,18700,"sd","09:46:37",1631500
9,0,2000,"sd","09:46:33",1612800
9,0,2000,"sd","09:46:15",1610800
9,0,1000,"sd","09:46:10",1608800
9,0,500,"sd","09:45:55",1607800
9,0,500,"sd","09:45:38",1607300
9,0,3000,"sd","09:45:36",1606800
9,0,1000,"sd","09:45:30",1603800
9,0,2000,"sd","09:45:07",1602800
9.1,0.1,900,"bu","09:44:44",1600800
9,0,2000,"sd","09:44:42",1599900
9.1,0.1,1100,"bu","09:44:15",1597900
9.1,0.1,20000,"bu","09:44:13",1596800
9.1,0.1,100,"bu","09:43:59",1576800
9.1,0.1,3000,"bu","09:43:33",1576700
9,0,1100,"sd","09:43:32",1573700
9,0,500,"sd","09:43:25",1572600
9.1,0.1,1000,"bu","09:43:23",1572100
9,0,800,"sd","09:43:21",1571100
9,0,1000,"sd","09:43:19",1570300
9,0,500,"sd","09:42:49",1569300
9.1,0.1,2200,"bu","09:42:27",1568800
9,0,1500,"sd","09:42:14",1566600
9,0,15000,"sd","09:41:49",1565100
9.1,0.1,300,"bu","09:41:28",1550100
9.1,0.1,300,"bu","09:41:16",1549800
9,0,2000,"sd","09:41:14",1549500
9.1,0.1,5900,"bu","09:41:05",1547500
9,0,5000,"sd","09:40:43",1541600
9.1,0.1,3000,"bu","09:40:31",1536600
9.1,0.1,1000,"bu","09:40:17",1533600
9.1,0.1,600,"bu","09:40:07",1532600
9.1,0.1,2300,"bu","09:39:53",1532000
9.1,0.1,500,"bu","09:39:00",1529700
9.1,0.1,2000,"bu","09:38:46",1529200
9.1,0.1,200,"bu","09:38:42",1527200
9.1,0.1,40000,"bu","09:38:34",1527000
9.1,0.1,7900,"bu","09:38:22",1487000
9,0,700,"sd","09:38:17",1479100
9,0,300,"sd","09:38:04",1478400
9,0,3000,"sd","09:37:57",1478100
9,0,100,"sd","09:37:49",1475100
9,0,500,"sd","09:37:47",1475000
9,0,200,"sd","09:37:21",1474500
9,0,1000,"sd","09:36:59",1474300
9,0,1700,"sd","09:36:55",1473300
9,0,1000,"sd","09:36:35",1471600
9,0,20000,"sd","09:36:05",1470600
9.1,0.1,2000,"bu","09:35:57",1450600
9.1,0.1,10000,"bu","09:35:55",1448600
9,0,100,"sd","09:35:53",1438600
9.1,0.1,1100,"bu","09:35:52",1438500
9,0,10100,"sd","09:35:43",1437400
9.1,0.1,13200,"bu","09:35:39",1427300
9.1,0.1,2000,"bu","09:35:37",1414100
9.1,0.1,1600,"bu","09:35:36",1412100
9.1,0.1,5000,"bu","09:35:29",1410500
9.1,0.1,5000,"bu","09:35:26",1405500
9.1,0.1,11000,"bu","09:35:22",1400500
9.1,0.1,100,"bu","09:35:17",1389500
9.1,0.1,10000,"bu","09:35:16",1389400
9.1,0.1,200,"bu","09:35:15",1379400
9.1,0.1,500,"bu","09:35:14",1379200
9.1,0.1,2100,"bu","09:35:11",1378700
9.1,0.1,200,"bu","09:34:58",1376600
9,0,3000,"sd","09:34:50",1376400
9.1,0.1,100,"bu","09:34:49",1373400
9.1,0.1,300,"bu","09:34:48",1373300
9.1,0.1,100,"bu","09:34:44",1373000
9.1,0.1,4500,"bu","09:34:42",1372900
9.1,0.1,100,"bu","09:34:37",1368400
9.1,0.1,4000,"bu","09:34:35",1368300
9.1,0.1,10900,"bu","09:34:34",1364300
9.1,0.1,300,"bu","09:34:32",1353400
9.1,0.1,15000,"bu","09:34:29",1353100
9.1,0.1,10000,"bu","09:34:21",1338100
9,0,200,"sd","09:34:19",1328100
9.1,0.1,5000,"bu","09:34:16",1327900
9.1,0.1,200,"bu","09:34:11",1322900
9.1,0.1,1000,"bu","09:34:10",1322700
9.1,0.1,900,"bu","09:34:07",1321700
9.1,0.1,1000,"bu","09:33:58",1320800
9.1,0.1,20000,"bu","09:33:57",1319800
9.1,0.1,3600,"bu","09:33:52",1299800
9.1,0.1,1400,"bu","09:33:40",1296200
9.1,0.1,1000,"bu","09:33:39",1294800
9.1,0.1,1000,"bu","09:33:26",1293800
9.1,0.1,300,"bu","09:33:19",1292800
9.1,0.1,5000,"bu","09:33:13",1292500
9.1,0.1,700,"bu","09:33:12",1287500
9.1,0.1,16700,"bu","09:33:09",1286800
9.1,0.1,50000,"bu","09:33:07",1270100
9.1,0.1,16000,"bu","09:33:01",1220100
9.1,0.1,800,"bu","09:33:00",1204100
9.1,0.1,500,"bu","09:32:58",1203300
9.1,0.1,9500,"bu","09:32:57",1202800
9.1,0.1,1500,"bu","09:32:56",1193300
9.1,0.1,500,"bu","09:32:53",1191800
9.1,0.1,3000,"bu","09:32:48",1191300
9.1,0.1,20000,"bu","09:32:45",1188300
9.1,0.1,500,"bu","09:32:39",1168300
9.1,0.1,5000,"bu","09:32:36",1167800
9.1,0.1,100,"bu","09:32:30",1162800
9.1,0.1,20000,"bu","09:32:28",1162700
9.1,0.1,1000,"bu","09:32:22",1142700
9.1,0.1,1000,"bu","09:32:14",1141700
9.1,0.1,1700,"bu","09:32:13",1140700
9.1,0.1,1000,"bu","09:32:10",1139000
9.1,0.1,10000,"bu","09:32:09",1138000
9.1,0.1,4000,"bu","09:32:08",1128000
9.1,0.1,500,"bu","09:32:06",1124000
9.1,0.1,5000,"bu","09:31:59",1123500
9.1,0.1,10000,"bu","09:31:57",1118500
9.1,0.1,500,"bu","09:31:49",1108500
9.1,0.1,1000,"bu","09:31:47",1108000
9.1,0.1,500,"bu","09:31:45",1107000
9.1,0.1,500,"bu","09:31:40",1106500
9.1,0.1,2000,"bu","09:31:38",1106000
9.1,0.1,12000,"bu","09:31:32",1104000
9.1,0.1,30000,"bu","09:31:22",1092000
9.1,0.1,5000,"bu","09:31:21",1062000
9.1,0.1,1000,"bu","09:31:18",1057000
9.1,0.1,10000,"bu","09:31:16",1056000
9.1,0.1,1000,"bu","09:31:13",1046000
9.1,0.1,200,"bu","09:31:12",1045000
9.1,0.1,5000,"bu","09:31:04",1044800
9.1,0.1,10000,"bu","09:31:00",1039800
9.1,0.1,700,"bu","09:30:52",1029800
9.1,0.1,1000,"bu","09:30:33",1029100
9,0,2000,"sd","09:30:30",1028100
9.1,0.1,2000,"bu","09:30:24",1026100
9.1,0.1,5000,"bu","09:30:22",1024100
9.1,0.1,1000,"bu","09:30:18",1019100
9.1,0.1,5000,"bu","09:30:13",1018100
9.1,0.1,3100,"bu","09:30:11",1013100
9.1,0.1,200,"bu","09:30:10",1010000
9.1,0.1,7000,"bu","09:30:09",1009800
9.1,0.1,1000,"bu","09:29:58",1002800
9.1,0.1,15000,"bu","09:29:57",1001800
9.1,0.1,500,"bu","09:29:52",986800
9,0,600,"sd","09:29:48",986300
9.1,0.1,2000,"bu","09:29:34",985700
9.1,0.1,800,"bu","09:29:26",983700
9,0,1000,"sd","09:29:17",982900
9,0,2000,"sd","09:29:13",981900
9,0,5000,"sd","09:28:44",979900
9,0,1000,"sd","09:28:02",974900
9.1,0.1,300,"bu","09:27:45",973900
9,0,2500,"sd","09:27:39",973600
9,0,29500,"bu","09:27:38",971100
9,0,106000,"bu","09:27:36",941600
9,0,100000,"bu","09:27:34",835600
9,0,5200,"bu","09:27:32",735600
9,0,300,"bu","09:27:31",730400
9,0,1000,"bu","09:27:29",730100
9,0,3700,"bu","09:27:26",729100
9,0,2000,"bu","09:27:23",725400
9,0,9000,"bu","09:27:12",723400
9,0,10500,"bu","09:27:11",714400
9,0,50000,"bu","09:27:00",703900
8.9,-0.1,800,"sd","09:26:48",653900
8.9,-0.1,5000,"sd","09:26:42",653100
8.9,-0.1,1000,"sd","09:26:38",648100
8.9,-0.1,2000,"sd","09:26:29",647100
9,0,50000,"bu","09:26:22",645100
8.9,-0.1,800,"sd","09:26:06",595100
9,0,400,"bu","09:26:05",594300
9,0,1000,"bu","09:26:03",593900
9,0,100,"bu","09:25:52",592900
9,0,400,"bu","09:25:35",592800
8.9,-0.1,3000,"sd","09:25:25",592400
9,0,20000,"bu","09:25:23",589400
8.9,-0.1,400,"sd","09:25:00",569400
9,0,1000,"bu","09:24:59",569000
8.9,-0.1,300,"sd","09:24:58",568000
9,0,100,"bu","09:24:50",567700
9,0,200,"bu","09:24:43",567600
9,0,800,"bu","09:24:38",567400
9,0,500,"bu","09:24:27",566600
9,0,500,"bu","09:24:18",566100
9,0,100,"bu","09:24:16",565600
9,0,100,"bu","09:24:01",565500
9,0,400,"bu","09:23:59",565400
9,0,200,"bu","09:23:54",565000
9,0,500,"bu","09:23:45",564800
9,0,10000,"bu","09:23:41",564300
9,0,900,"bu","09:23:33",554300
9,0,100,"bu","09:23:26",553400
9,0,1000,"bu","09:23:09",553300
9,0,800,"bu","09:23:05",552300
9,0,1700,"bu","09:23:04",551500
9,0,500,"bu","09:23:00",549800
9,0,1500,"bu","09:22:50",549300
9,0,23200,"bu","09:22:48",547800
9,0,2200,"bu","09:22:20",524600
9,0,5000,"sd","09:22:19",522400
9,0,3700,"sd","09:22:18",517400
9,0,10000,"sd","09:22:15",513700
9,0,200,"sd","09:22:13",503700
9,0,500,"sd","09:22:12",503500
9,0,9000,"sd","09:22:11",503000
9,0,20000,"sd","09:21:58",494000
9,0,2000,"sd","09:21:55",474000
9,0,24200,"sd","09:21:53",472000
9,0,1600,"sd","09:21:51",447800
9,0,13900,"sd","09:21:50",446200
9,0,3000,"sd","09:21:48",432300
9,0,20000,"sd","09:21:42",429300
9.1,0.1,5000,"bu","09:21:36",409300
9,0,200,"sd","09:21:28",404300
9,0,1500,"sd","09:21:24",404100
9,0,500,"sd","09:21:16",402600
9,0,10000,"sd","09:21:15",402100
9,0,2000,"sd","09:21:12",392100
9,0,10000,"sd","09:21:11",390100
9,0,1500,"sd","09:21:10",380100
9,0,1000,"sd","09:21:02",378600
9,0,1500,"sd","09:21:00",377600
9,0,10000,"sd","09:20:55",376100
9,0,7200,"sd","09:20:54",366100
9,0,500,"sd","09:20:41",358900
9,0,32500,"sd","09:20:37",358400
9,0,200,"sd","09:20:28",325900
9,0,300,"sd","09:20:21",325700
9,0,5000,"sd","09:19:55",325400
9,0,400,"sd","09:19:50",320400
9,0,20000,"sd","09:19:42",320000
9,0,200,"sd","09:19:35",300000
9,0,4000,"sd","09:19:32",299800
9,0,15000,"sd","09:19:22",295800
9,0,200,"sd","09:19:07",280800
9,0,500,"sd","09:18:51",280600
9,0,3100,"sd","09:18:24",280100
9,0,500,"sd","09:18:20",277000
9,0,2200,"sd","09:18:13",276500
9,0,3000,"sd","09:17:47",274300
9,0,2000,"sd","09:17:45",271300
9,0,100,"sd","09:17:36",269300
9,0,400,"sd","09:17:29",269200
9,0,5000,"sd","09:17:28",268800
9,0,100,"sd","09:17:25",263800
9,0,1000,"sd","09:16:43",263700
9,0,100,"sd","09:16:14",262700
9,0,1300,"sd","09:15:53",262600
9,0,5000,"sd","09:15:51",261300
9,0,4100,"sd","09:15:45",256300
9,0,2000,"sd","09:15:36",252200
9,0,6600,"sd","09:15:25",250200
9,0,3000,"sd","09:15:09",243600
9,0,80000,"sd","09:14:47",240600
9,0,200,"sd","09:13:38",160600
9,0,20000,"sd","09:13:07",160400
9.1,0.1,400,"bu","09:12:02",140400
9.1,0.1,100,"bu","09:11:53",140000
9.1,0.1,1000,"bu","09:11:34",139900
9.1,0.1,200,"bu","09:11:21",138900
9.1,0.1,600,"bu","09:10:52",138700
9,0,100,"sd","09:10:50",138100
9.1,0.1,1400,"bu","09:10:41",138000
9.1,0.1,3000,"bu","09:09:49",136600
9.1,0.1,100,"bu","09:09:14",133600
9.1,0.1,1500,"bu","09:08:52",133500
9.1,0.1,500,"bu","09:08:43",132000
9.1,0.1,200,"bu","09:08:40",131500
9.1,0.1,10000,"bu","09:08:18",131300
9,0,100,"sd","09:08:17",121300
9,0,10000,"sd","09:07:57",121200
9,0,100,"sd","09:07:19",111200
9,0,20000,"sd","09:06:53",111100
9,0,10000,"sd","09:06:46",91100
9,0,200,"sd","09:06:44",81100
9,0,3700,"sd","09:06:41",80900
9,0,400,"sd","09:06:24",77200
9,0,500,"sd","09:05:57",76800
9,0,200,"sd","09:05:14",76300
9,0,1000,"sd","09:04:52",76100
9,0,1000,"sd","09:04:43",75100
9,0,2000,"sd","09:04:29",74100
9,0,2000,"sd","09:04:23",72100
9,0,3000,"sd","09:04:00",70100
9,0,3700,"sd","09:03:44",67100
9.1,0.1,15000,"bu","09:03:29",63400
9.1,0.1,5000,"bu","09:03:10",48400
9.1,0.1,2000,"bu","09:02:31",43400
9.1,0.1,100,"bu","09:02:24",41400
9.1,0.1,200,"bu","09:02:04",41300
9.1,0.1,2500,"bu","09:01:54",41100
9.1,0.1,1600,"bu","09:01:53",38600
9.1,0.1,5000,"bu","09:01:18",37000
9.1,0.1,500,"bu","09:00:58",32000
9,0,2500,"sd","09:00:22",31500
9,0,1100,"sd","09:00:21",29000
9,0,4000,"sd","09:00:14",27900
9,0,10600,"sd","09:00:12",23900
9,0,2700,"sd","09:00:10",13300
9.1,0.1,600,"bu","09:00:05",10600
9.1,0.1,200,"bu","09:00:03",10000
9.1,0.1,2000,"bu","09:00:02",9800
8.1,-0.9,7800,"sd","09:00:01",7800
