"price","change","match_qtty","side","time","total_vol"
43,-0.7,1000,"bu","14:44:12",151900
42.6,-1.1,400,"bu","14:38:39",150900
42.5,-1.2,1300,"sd","14:31:29",150500
42.5,-1.2,1100,"bu","14:26:18",149200
42,-1.7,500,"sd","14:21:20",148100
42.5,-1.2,2100,"sd","14:21:11",147600
42.6,-1.1,3000,"sd","14:08:26",145500
43,-0.7,1100,"bu","14:00:52",142500
42.8,-0.9,1100,"sd","14:00:11",141400
42.8,-0.9,1500,"bu","13:59:59",140300
42.6,-1.1,100,"sd","13:57:49",138800
42.5,-1.2,1500,"sd","13:57:11",138700
42.5,-1.2,1200,"bu","13:56:47",137200
42,-1.7,200,"sd","13:56:16",136000
42,-1.7,900,"sd","13:55:46",135800
42,-1.7,2300,"bu","13:55:26",134900
41,-2.7,500,"bu","13:54:46",132600
40.5,-3.2,9500,"sd","13:54:26",132100
41,-2.7,4500,"sd","13:54:22",122600
42,-1.7,3000,"bu","13:53:54",118100
42.5,-1.2,5200,"sd","13:52:42",115100
42.6,-1.1,1400,"bu","13:37:58",109900
42.8,-0.9,700,"bu","13:37:48",108500
43,-0.7,3300,"bu","13:36:48",107800
43.1,-0.6,300,"bu","13:36:30",104500
43.1,-0.6,5400,"sd","13:36:18",104200
43.3,-0.4,1500,"bu","13:36:04",98800
43.2,-0.5,3900,"sd","13:29:55",97300
43.2,-0.5,2300,"bu","13:29:35",93400
43.2,-0.5,2900,"bu","13:29:26",91100
43.3,-0.4,3600,"bu","13:27:21",88200
43.4,-0.3,600,"bu","13:27:09",84600
43.4,-0.3,3900,"sd","13:26:20",84000
43.3,-0.4,2500,"sd","13:26:00",80100
43.3,-0.4,3500,"sd","13:24:41",77600
43.4,-0.3,200,"sd","13:19:11",74100
43.4,-0.3,2200,"sd","13:18:40",73900
43.5,-0.2,2000,"bu","13:13:11",71700
43.5,-0.2,3200,"bu","13:08:48",69700
43.6,-0.1,1000,"bu","13:01:46",66500
43.7,0,1400,"sd","13:01:30",65500
43.8,0.1,1300,"bu","11:26:27",64100
43.7,0,2100,"sd","11:26:15",62800
43.7,0,4200,"bu","11:26:09",60700
43.6,-0.1,1500,"sd","11:01:07",56500
43.6,-0.1,2200,"bu","11:00:58",55000
43.6,-0.1,300,"bu","10:58:09",52800
43.6,-0.1,2400,"sd","10:50:05",52500
43.7,0,3700,"bu","10:49:46",50100
43.8,0.1,700,"bu","10:45:35",46400
43.8,0.1,2400,"sd","10:25:30",45700
43.8,0.1,1900,"sd","10:25:17",43300
43.8,0.1,1200,"bu","10:05:28",41400
43.7,0,2100,"bu","10:05:11",40200
43.6,-0.1,2300,"sd","10:01:50",38100
43.5,-0.2,1200,"sd","09:54:27",35800
43.5,-0.2,2300,"bu","09:45:37",34600
43.4,-0.3,1600,"sd","09:45:31",32300
43.4,-0.3,1800,"bu","09:45:19",30700
43.5,-0.2,2000,"sd","09:37:50",28900
43.6,-0.1,1100,"bu","09:37:39",26900
43.7,0,3000,"bu","09:27:31",25800
43.6,-0.1,1400,"sd","09:24:11",22800
43.5,-0.2,1300,"sd","09:24:01",21400
43.5,-0.2,2800,"bu","09:17:11",20100
43.6,-0.1,3600,"bu","09:16:42",17300
43.7,0,2100,"bu","09:15:32",13700
43.7,0,1000,"bu","09:11:25",11600
43.8,0.1,500,"bu","09:05:00",10600
43.8,0.1,2000,"sd","09:02:44",10100
43.9,0.2,2100,"bu","09:01:54",8100
43.8,0.1,1000,"sd","09:01:48",6000
43.8,0.1,2500,"bu","09:01:38",5000
43.7,0,2500,"sd","09:00:05",2500
