"price","change","match_qtty","side","time","total_vol"
12300,50,8000,"unknown","14:45:02",118100
12150,-100,900,"sd","14:24:44",110100
12150,-100,100,"sd","14:24:44",109200
12200,-50,200,"bu","14:22:10",109100
12200,-50,100,"bu","14:21:06",108900
12200,-50,500,"sd","14:20:17",108800
12200,-50,100,"unknown","14:15:20",108300
12200,-50,400,"bu","14:13:55",108200
12200,-50,500,"bu","14:13:16",107800
12200,-50,1100,"bu","14:13:07",107300
12200,-50,2000,"bu","14:13:07",106200
12200,-50,100,"bu","14:13:07",104200
12200,-50,500,"bu","14:11:57",104100
12200,-50,500,"bu","14:11:20",103600
12200,-50,2300,"bu","14:10:25",103100
12150,-100,100,"sd","14:04:22",100800
12200,-50,500,"bu","14:01:04",100700
12150,-100,300,"sd","13:58:36",100200
12200,-50,100,"sd","13:57:45",99900
12200,-50,1000,"sd","13:57:45",99800
12200,-50,2000,"sd","13:57:40",98800
12200,-50,2000,"sd","13:57:25",96800
12200,-50,100,"sd","13:57:11",94800
12200,-50,300,"sd","13:55:26",94700
12200,-50,4000,"sd","13:54:29",94400
12250,0,200,"bu","13:54:23",90400
12250,0,800,"sd","13:53:21",90200
12250,0,200,"bu","13:50:31",89400
12250,0,1000,"bu","13:50:31",89200
12250,0,200,"bu","13:49:58",88200
12250,0,2800,"sd","13:49:46",88000
12250,0,2200,"bu","13:49:41",85200
12250,0,400,"bu","13:48:53",83000
12250,0,100,"bu","13:48:47",82600
12250,0,1100,"bu","13:48:40",82500
12250,0,500,"bu","13:48:35",81400
12250,0,600,"sd","13:48:34",80900
12250,0,400,"bu","13:48:34",80300
12250,0,600,"bu","13:48:28",79900
12250,0,200,"bu","13:48:28",79300
12250,0,200,"bu","13:48:28",79100
12250,0,2000,"bu","13:48:23",78900
12250,0,3000,"bu","13:48:05",76900
12250,0,1000,"bu","13:45:37",73900
12250,0,2000,"bu","13:44:34",72900
12250,0,200,"bu","13:44:15",70900
12250,0,3000,"bu","13:43:38",70700
12250,0,100,"bu","13:43:14",67700
12250,0,100,"bu","13:41:41",67600
12250,0,100,"bu","13:41:01",67500
12250,0,500,"bu","13:41:01",67400
12250,0,1000,"bu","13:41:01",66900
12250,0,1800,"bu","13:41:01",65900
12250,0,500,"bu","13:41:01",64100
12250,0,500,"bu","13:41:01",63600
12250,0,2500,"bu","13:41:01",63100
12250,0,200,"bu","13:41:01",60600
12250,0,500,"bu","13:41:01",60400
12250,0,100,"bu","13:41:01",59900
12250,0,100,"bu","13:39:48",59800
12250,0,100,"bu","13:39:35",59700
12250,0,300,"bu","13:39:17",59600
12250,0,100,"bu","13:39:17",59300
12250,0,100,"bu","13:39:17",59200
12250,0,100,"bu","13:39:17",59100
12250,0,600,"bu","13:39:17",59000
12200,-50,500,"sd","13:38:52",58400
12200,-50,1100,"sd","13:38:52",57900
12200,-50,5000,"sd","13:38:52",56800
12200,-50,400,"sd","13:38:52",51800
12150,-100,2000,"bu","13:35:23",51400
12150,-100,600,"bu","13:35:23",49400
12150,-100,100,"bu","13:32:53",48800
12150,-100,100,"bu","13:32:48",48700
12150,-100,100,"bu","13:32:12",48600
12150,-100,100,"bu","13:32:02",48500
12150,-100,500,"bu","13:30:32",48400
12150,-100,3500,"sd","13:29:07",47900
12150,-100,1500,"bu","13:29:04",44400
12150,-100,500,"bu","13:28:49",42900
12150,-100,5000,"sd","13:28:03",42400
12150,-100,1000,"bu","13:27:30",37400
12150,-100,1000,"sd","13:26:20",36400
12150,-100,5000,"sd","13:26:20",35400
12100,-150,100,"sd","13:19:48",30400
12200,-50,300,"bu","13:19:40",30300
12150,-100,100,"bu","13:19:38",30000
12150,-100,500,"bu","13:19:20",29900
12150,-100,1400,"sd","13:19:06",29400
12150,-100,2600,"sd","13:18:31",28000
12150,-100,100,"sd","13:18:31",25400
12150,-100,300,"sd","13:18:31",25300
12150,-100,1000,"sd","13:16:50",25000
12150,-100,500,"bu","13:16:20",24000
12150,-100,200,"sd","13:15:21",23500
12150,-100,300,"sd","13:15:21",23300
12150,-100,400,"bu","13:13:46",23000
12100,-150,700,"sd","13:08:32",22600
12100,-150,300,"sd","13:08:32",21900
12100,-150,200,"sd","13:07:54",21600
12150,-100,300,"bu","13:02:38",21400
12150,-100,500,"sd","13:01:21",21100
12150,-100,100,"bu","11:27:45",20600
12150,-100,200,"sd","11:26:37",20500
12150,-100,1800,"bu","11:22:36",20300
12150,-100,1200,"sd","11:21:03",18500
12150,-100,200,"bu","11:13:54",17300
12150,-100,300,"sd","10:59:18",17100
12150,-100,200,"bu","10:55:56",16800
12150,-100,100,"bu","10:54:44",16600
12150,-100,100,"sd","10:52:37",16500
12150,-100,100,"sd","10:52:37",16400
12150,-100,2000,"sd","10:52:37",16300
12150,-100,2000,"sd","10:52:37",14300
12150,-100,200,"sd","10:52:37",12300
12150,-100,100,"sd","10:52:37",12100
12200,-50,100,"bu","10:52:26",12000
12200,-50,100,"bu","10:46:49",11900
12200,-50,400,"bu","10:46:49",11800
12200,-50,100,"bu","10:45:39",11400
12200,-50,100,"bu","10:45:39",11300
12200,-50,300,"bu","10:41:53",11200
12200,-50,200,"bu","10:41:52",10900
12200,-50,800,"sd","10:41:41",10700
12200,-50,100,"sd","10:41:41",9900
12200,-50,200,"sd","10:41:41",9800
12200,-50,600,"sd","10:39:10",9600
12200,-50,200,"sd","10:37:57",9000
12200,-50,500,"sd","10:36:43",8800
12200,-50,1000,"sd","10:31:02",8300
12200,-50,900,"sd","10:29:02",7300
12200,-50,900,"sd","10:25:20",6400
12200,-50,700,"sd","10:22:26",5500
12200,-50,300,"sd","10:22:26",4800
12250,0,200,"bu","09:58:26",4500
12250,0,200,"bu","09:49:50",4300
12250,0,300,"bu","09:35:40",4100
12250,0,1700,"bu","09:35:40",3800
12250,0,100,"unknown","09:22:50",2100
12250,0,900,"sd","09:18:37",2000
12250,0,100,"sd","09:18:37",1100
12250,0,1000,"sd","09:15:01",1000
