"price","change","match_qtty","side","time","total_vol"
28600,100,25300,"unknown","14:45:02",246200
28600,100,1000,"bu","14:29:43",220900
28600,100,100,"bu","14:29:36",219900
28600,100,100,"bu","14:29:15",219800
28600,100,100,"bu","14:29:11",219700
28600,100,100,"bu","14:29:11",219600
28600,100,800,"bu","14:29:11",219500
28600,100,1100,"bu","14:29:04",218700
28600,100,300,"bu","14:28:40",217600
28600,100,200,"bu","14:28:40",217300
28600,100,100,"bu","14:28:40",217100
28600,100,1000,"bu","14:28:40",217000
28600,100,100,"bu","14:28:40",216000
28600,100,200,"bu","14:28:40",215900
28550,50,100,"sd","14:26:44",215700
28550,50,100,"sd","14:26:11",215600
28550,50,400,"sd","14:26:02",215500
28550,50,5500,"sd","14:25:55",215100
28550,50,800,"sd","14:25:16",209600
28550,50,2000,"sd","14:22:25",208800
28550,50,1000,"sd","14:22:00",206800
28550,50,400,"sd","14:21:39",205800
28550,50,100,"sd","14:17:19",205400
28550,50,1000,"sd","14:16:01",205300
28550,50,100,"sd","14:15:39",204300
28550,50,100,"sd","14:15:22",204200
28550,50,2000,"sd","14:14:59",204100
28550,50,3000,"sd","14:14:16",202100
28550,50,1000,"sd","14:13:08",199100
28600,100,200,"bu","14:12:59",198100
28600,100,100,"bu","14:12:50",197900
28600,100,100,"bu","14:11:29",197800
28600,100,200,"bu","14:10:00",197700
28600,100,300,"bu","14:08:49",197500
28600,100,200,"bu","14:08:49",197200
28600,100,100,"bu","14:08:28",197000
28600,100,100,"bu","14:07:19",196900
28550,50,200,"sd","14:04:59",196800
28550,50,1000,"sd","14:04:59",196600
28550,50,100,"sd","14:04:59",195600
28600,100,200,"sd","14:04:53",195500
28600,100,100,"sd","14:04:53",195300
28600,100,100,"sd","14:04:53",195200
28600,100,200,"sd","14:04:53",195100
28600,100,200,"sd","14:03:41",194900
28600,100,100,"sd","13:59:51",194700
28600,100,200,"sd","13:59:47",194600
28600,100,100,"bu","13:58:42",194400
28600,100,3700,"bu","13:58:41",194300
28600,100,1000,"bu","13:58:21",190600
28600,100,200,"bu","13:57:55",189600
28600,100,100,"bu","13:56:25",189400
28600,100,200,"sd","13:56:20",189300
28600,100,100,"sd","13:56:20",189100
28600,100,100,"sd","13:56:20",189000
28600,100,100,"sd","13:56:20",188900
28600,100,1000,"sd","13:56:20",188800
28600,100,100,"sd","13:55:56",187800
28600,100,100,"sd","13:55:56",187700
28600,100,100,"sd","13:51:49",187600
28650,150,200,"bu","13:51:48",187500
28650,150,600,"bu","13:51:35",187300
28650,150,400,"bu","13:51:35",186700
28650,150,200,"bu","13:51:25",186300
28600,100,300,"bu","13:49:50",186100
28600,100,3400,"bu","13:49:50",185800
28600,100,1500,"bu","13:49:46",182400
28500,0,3800,"sd","13:46:55",180900
28550,50,100,"sd","13:46:23",177100
28550,50,200,"sd","13:46:23",177000
28550,50,5000,"sd","13:46:23",176800
28550,50,500,"sd","13:46:23",171800
28550,50,200,"sd","13:46:23",171300
28550,50,100,"sd","13:46:23",171100
28550,50,100,"sd","13:46:23",171000
28600,100,200,"bu","13:45:52",170900
28600,100,900,"bu","13:45:51",170700
28600,100,100,"bu","13:44:22",169800
28600,100,200,"bu","13:42:51",169700
28600,100,100,"bu","13:42:49",169500
28600,100,100,"sd","13:42:05",169400
28600,100,200,"sd","13:42:05",169300
28600,100,2800,"sd","13:41:50",169100
28600,100,100,"sd","13:41:50",166300
28600,100,100,"sd","13:41:50",166200
28600,100,100,"sd","13:40:49",166100
28600,100,3300,"sd","13:40:06",166000
28600,100,300,"sd","13:40:06",162700
28600,100,400,"sd","13:40:06",162400
28650,150,200,"bu","13:39:50",162000
28650,150,200,"bu","13:39:43",161800
28650,150,2000,"bu","13:39:40",161600
28650,150,100,"sd","13:38:45",159600
28650,150,200,"bu","13:36:50",159500
28700,200,100,"bu","13:35:19",159300
28700,200,500,"bu","13:35:14",159200
28700,200,200,"bu","13:33:49",158700
28700,200,100,"bu","13:32:18",158500
28700,200,200,"bu","13:30:48",158400
28700,200,100,"bu","13:29:51",158200
28700,200,100,"bu","13:29:18",158100
28700,200,200,"bu","13:27:47",158000
28700,200,100,"bu","13:26:17",157800
28700,200,2600,"bu","13:25:21",157700
28700,200,200,"bu","13:24:46",155100
28700,200,100,"bu","13:23:16",154900
28700,200,200,"bu","13:21:46",154800
28700,200,100,"bu","13:20:15",154600
28700,200,200,"bu","13:18:45",154500
28700,200,100,"bu","13:17:28",154300
28700,200,100,"bu","13:17:14",154200
28700,200,200,"bu","13:15:44",154100
28700,200,100,"bu","13:14:14",153900
28700,200,300,"bu","13:13:09",153800
28650,150,1900,"bu","13:13:09",153500
28650,150,200,"bu","13:13:09",151600
28650,150,200,"bu","13:13:09",151400
28650,150,100,"bu","13:13:09",151200
28650,150,3000,"bu","13:13:09",151100
28650,150,100,"bu","13:13:09",148100
28650,150,300,"bu","13:13:09",148000
28650,150,1000,"bu","13:13:09",147700
28650,150,100,"bu","13:13:09",146700
28650,150,400,"bu","13:13:09",146600
28600,100,1000,"bu","13:13:09",146200
28600,100,1000,"bu","13:13:09",145200
28600,100,400,"bu","13:13:09",144200
28600,100,700,"bu","13:13:09",143800
28600,100,100,"bu","13:13:09",143100
28600,100,1500,"bu","13:13:09",143000
28600,100,200,"bu","13:13:02",141500
28600,100,200,"bu","13:12:43",141300
28600,100,100,"bu","13:11:13",141100
28600,100,200,"bu","13:10:22",141000
28600,100,200,"bu","13:09:43",140800
28600,100,100,"bu","13:08:12",140600
28600,100,500,"bu","13:06:49",140500
28550,50,100,"bu","13:03:41",140000
28550,50,100,"bu","13:03:39",139900
28550,50,2000,"bu","13:03:24",139800
28550,50,1000,"bu","13:03:07",137800
28550,50,100,"bu","13:02:11",136800
28550,50,200,"bu","13:00:40",136700
28550,50,1000,"bu","13:00:31",136500
28550,50,200,"bu","13:00:31",135500
28550,50,200,"bu","13:00:31",135300
28550,50,3000,"bu","13:00:31",135100
28550,50,2100,"bu","13:00:31",132100
28550,50,2900,"sd","13:00:01",130000
28550,50,200,"sd","13:00:01",127100
28600,100,100,"bu","11:29:10",126900
28600,100,200,"bu","11:27:39",126800
28600,100,2000,"bu","11:27:07",126600
28600,100,100,"bu","11:26:09",124600
28600,100,500,"bu","11:24:48",124500
28600,100,200,"bu","11:24:39",124000
28600,100,100,"bu","11:23:08",123800
28600,100,200,"bu","11:21:38",123700
28600,100,100,"sd","11:20:32",123500
28600,100,200,"sd","11:20:32",123400
28600,100,200,"sd","11:20:32",123200
28600,100,500,"sd","11:18:32",123000
28600,100,100,"sd","11:18:32",122500
28600,100,100,"sd","11:18:32",122400
28600,100,100,"sd","11:18:32",122300
28600,100,200,"sd","11:18:32",122200
28600,100,100,"sd","11:16:34",122000
28600,100,100,"sd","11:16:34",121900
28600,100,200,"sd","11:16:34",121800
28600,100,600,"sd","11:16:34",121600
28600,100,1400,"sd","11:12:25",121000
28600,100,200,"sd","11:12:25",119600
28600,100,100,"sd","11:12:25",119400
28600,100,100,"sd","11:12:25",119300
28600,100,100,"sd","11:12:25",119200
28600,100,100,"sd","11:12:25",119100
28650,150,100,"bu","11:11:05",119000
28650,150,200,"bu","11:09:34",118900
28650,150,100,"bu","11:08:04",118700
28650,150,200,"bu","11:07:28",118600
28650,150,200,"bu","11:07:28",118400
28650,150,100,"bu","11:07:28",118200
28600,100,900,"sd","11:05:27",118100
28600,100,100,"sd","11:05:27",117200
28600,100,100,"sd","11:04:12",117100
28600,100,200,"sd","11:04:12",117000
28600,100,200,"sd","11:04:12",116800
28600,100,100,"sd","11:04:12",116600
28600,100,300,"sd","11:04:12",116500
28600,100,100,"sd","11:04:12",116200
28600,100,200,"sd","11:00:36",116100
28600,100,100,"sd","11:00:36",115900
28600,100,300,"sd","11:00:36",115800
28600,100,200,"sd","11:00:36",115500
28600,100,200,"sd","11:00:36",115300
28650,150,200,"bu","11:00:32",115100
28650,150,100,"bu","10:59:01",114900
28650,150,200,"sd","10:58:35",114800
28650,150,100,"sd","10:58:35",114600
28650,150,200,"sd","10:58:35",114500
28650,150,100,"sd","10:58:35",114300
28650,150,200,"sd","10:55:42",114200
28650,150,100,"sd","10:55:42",114000
28650,150,1700,"sd","10:55:42",113900
28650,150,3000,"sd","10:53:28",112200
28650,150,2200,"bu","10:49:28",109200
28600,100,400,"sd","10:47:05",107000
28650,150,100,"bu","10:46:58",106600
28650,150,100,"bu","10:46:41",106500
28600,100,100,"sd","10:44:46",106400
28600,100,100,"sd","10:44:46",106300
28650,150,100,"bu","10:43:57",106200
28650,150,200,"bu","10:42:27",106100
28650,150,100,"sd","10:41:19",105900
28650,150,200,"sd","10:41:19",105800
28650,150,100,"sd","10:41:19",105600
28650,150,200,"sd","10:41:19",105500
28650,150,100,"sd","10:41:19",105300
28650,150,200,"sd","10:41:19",105200
28650,150,100,"sd","10:38:20",105000
28650,150,100,"sd","10:36:43",104900
28650,150,200,"sd","10:35:11",104800
28650,150,300,"sd","10:35:11",104600
28650,150,100,"sd","10:34:37",104300
28650,150,600,"sd","10:33:35",104200
28650,150,300,"sd","10:33:35",103600
28650,150,200,"sd","10:31:17",103300
28700,200,200,"bu","10:30:24",103100
28700,200,100,"bu","10:28:54",102900
28700,200,200,"bu","10:27:23",102800
28700,200,4000,"bu","10:26:18",102600
28700,200,300,"bu","10:25:24",98600
28700,200,100,"bu","10:25:24",98300
28700,200,700,"bu","10:25:24",98200
28700,200,300,"bu","10:25:24",97500
28700,200,300,"bu","10:22:45",97200
28700,200,300,"bu","10:18:13",96900
28700,200,100,"bu","10:18:09",96600
28700,200,100,"bu","10:18:09",96500
28700,200,100,"sd","10:17:30",96400
28700,200,900,"sd","10:16:58",96300
28700,200,300,"sd","10:16:56",95400
28700,200,200,"sd","10:16:56",95100
28700,200,200,"sd","10:16:38",94900
28700,200,300,"sd","10:16:11",94700
28700,200,200,"sd","10:16:11",94400
28700,200,100,"sd","10:15:04",94200
28700,200,200,"sd","10:14:56",94100
28700,200,300,"sd","10:14:56",93900
28700,200,500,"sd","10:13:09",93600
28700,200,200,"sd","10:12:34",93100
28700,200,100,"sd","10:12:34",92900
28700,200,500,"sd","10:12:23",92800
28700,200,900,"sd","10:12:15",92300
28700,200,200,"sd","10:11:22",91400
28700,200,200,"sd","10:10:58",91200
28700,200,400,"sd","10:10:34",91000
28700,200,1000,"sd","10:10:14",90600
28700,200,100,"sd","10:08:52",89600
28700,200,300,"sd","10:08:40",89500
28700,200,1000,"sd","10:06:57",89200
28750,250,300,"bu","10:06:31",88200
28750,250,100,"bu","10:06:27",87900
28700,200,200,"sd","10:05:09",87800
28700,200,100,"sd","10:04:32",87600
28700,200,1000,"sd","10:04:23",87500
28750,250,100,"bu","10:02:37",86500
28750,250,600,"bu","10:02:05",86400
28750,250,1000,"sd","10:01:58",85800
28750,250,100,"sd","10:01:42",84800
28800,300,200,"bu","10:01:20",84700
28800,300,800,"bu","10:01:20",84500
28750,250,300,"sd","10:00:56",83700
28750,250,100,"sd","10:00:56",83400
28750,250,1000,"sd","10:00:56",83300
28750,250,100,"sd","10:00:56",82300
28800,300,1000,"bu","10:00:19",82200
28800,300,200,"bu","10:00:03",81200
28800,300,100,"bu","10:00:03",81000
28800,300,1700,"bu","10:00:03",80900
28800,300,2000,"bu","09:59:53",79200
28800,300,300,"bu","09:59:29",77200
28800,300,1000,"bu","09:59:27",76900
28750,250,1000,"bu","09:59:11",75900
28750,250,3500,"bu","09:59:11",74900
28750,250,200,"bu","09:59:11",71400
28750,250,200,"bu","09:59:11",71200
28750,250,100,"bu","09:59:03",71000
28700,200,500,"bu","09:58:55",70900
28700,200,200,"bu","09:58:55",70400
28700,200,100,"bu","09:58:55",70200
28700,200,5000,"bu","09:58:55",70100
28700,200,1000,"bu","09:58:15",65100
28700,200,2300,"bu","09:58:06",64100
28700,200,200,"bu","09:58:06",61800
28700,200,5000,"bu","09:58:06",61600
28700,200,200,"bu","09:58:06",56600
28700,200,300,"bu","09:58:06",56400
28700,200,700,"bu","09:58:01",56100
28650,150,3100,"bu","09:58:01",55400
28650,150,1000,"bu","09:58:01",52300
28600,100,1000,"bu","09:57:19",51300
28600,100,2000,"bu","09:57:19",50300
28600,100,500,"bu","09:57:19",48300
28600,100,1000,"bu","09:57:19",47800
28600,100,2000,"bu","09:57:19",46800
28600,100,8700,"bu","09:57:19",44800
28600,100,100,"bu","09:55:06",36100
28600,100,1200,"bu","09:55:01",36000
28550,50,700,"unknown","09:55:01",34800
28550,50,100,"unknown","09:55:01",34100
28550,50,100,"bu","09:54:59",33100
28550,50,900,"bu","09:54:59",34000
28500,0,100,"bu","09:54:37",33000
28500,0,600,"bu","09:54:37",32900
28500,0,600,"bu","09:54:37",32300
28500,0,1000,"bu","09:54:35",31700
28500,0,2400,"bu","09:54:33",30700
28500,0,100,"bu","09:54:29",28300
28500,0,100,"bu","09:54:22",28200
28500,0,3000,"bu","09:54:05",28100
28500,0,900,"bu","09:53:55",25100
28500,0,2500,"bu","09:53:40",24200
28500,0,500,"bu","09:53:40",21700
28500,0,1000,"bu","09:52:49",21200
28450,-50,1000,"sd","09:51:22",20200
28450,-50,300,"sd","09:50:16",19200
28450,-50,500,"bu","09:50:13",18900
28450,-50,100,"bu","09:50:10",18400
28450,-50,5000,"bu","09:49:03",18300
28450,-50,1000,"bu","09:49:03",13300
28450,-50,500,"bu","09:49:03",12300
28450,-50,100,"bu","09:49:03",11800
28450,-50,5900,"bu","09:49:03",11700
28450,-50,500,"bu","09:48:53",5800
28450,-50,100,"bu","09:40:43",5300
28450,-50,100,"bu","09:38:12",5200
28450,-50,100,"bu","09:37:45",5100
28450,-50,100,"bu","09:37:28",5000
28450,-50,100,"bu","09:37:10",4900
28400,-100,500,"bu","09:31:46",4800
28400,-100,1000,"bu","09:31:46",4300
28400,-100,100,"bu","09:31:46",3300
28400,-100,700,"sd","09:27:36",3200
28400,-100,300,"sd","09:27:23",2500
28400,-100,100,"sd","09:27:23",2200
28400,-100,100,"sd","09:27:23",2100
28400,-100,1000,"sd","09:27:23",2000
28450,-50,100,"sd","09:16:25",1000
28450,-50,100,"sd","09:16:25",900
28450,-50,600,"sd","09:16:25",800
28450,-50,100,"sd","09:15:26",200
28450,-50,100,"sd","09:15:13",100
