"price","change","match_qtty","side","time","total_vol"
9320,-100,15900,"unknown","14:45:04",378500
9300,-120,2300,"sd","14:29:05",362600
9310,-110,2000,"sd","14:29:05",360300
9310,-110,500,"sd","14:29:05",358300
9300,-120,2700,"sd","14:28:12",357800
9300,-120,500,"sd","14:28:12",355100
9300,-120,200,"sd","14:28:12",354600
9300,-120,12600,"sd","14:28:12",354400
9310,-110,4000,"sd","14:28:12",341800
9300,-120,400,"sd","14:26:19",337800
9300,-120,1000,"sd","14:26:19",337400
9300,-120,200,"sd","14:26:18",336400
9300,-120,1800,"sd","14:26:13",336200
9300,-120,700,"sd","14:26:13",334400
9310,-110,500,"sd","14:26:13",333700
9300,-120,4300,"sd","14:25:16",333200
9300,-120,2600,"sd","14:25:16",328900
9300,-120,100,"sd","14:24:40",326300
9300,-120,9600,"sd","14:23:59",326200
9300,-120,1000,"sd","14:23:59",316600
9300,-120,400,"sd","14:23:59",315600
9310,-110,400,"bu","14:23:29",315200
9310,-110,300,"bu","14:22:40",314800
9310,-110,200,"bu","14:22:37",314500
9310,-110,2000,"sd","14:21:51",314300
9310,-110,300,"sd","14:21:51",312300
9310,-110,1900,"sd","14:21:51",312000
9310,-110,1000,"sd","14:21:00",310100
9310,-110,1000,"sd","14:21:00",309100
9310,-110,1000,"sd","14:20:03",308100
9310,-110,200,"sd","14:20:03",307100
9300,-120,100,"sd","14:15:33",306900
9300,-120,2500,"sd","14:15:32",306800
9300,-120,300,"sd","14:15:32",304300
9300,-120,100,"sd","14:15:32",304000
9300,-120,500,"sd","14:15:32",303900
9300,-120,1000,"sd","14:15:32",303400
9300,-120,500,"sd","14:15:32",302400
9300,-120,200,"sd","14:15:32",301900
9300,-120,100,"sd","14:15:32",301700
9300,-120,100,"sd","14:15:32",301600
9300,-120,100,"sd","14:15:32",301500
9300,-120,1000,"sd","14:15:32",301400
9300,-120,100,"sd","14:15:32",300400
9300,-120,1200,"sd","14:15:32",300300
9310,-110,3200,"sd","14:15:32",299100
9310,-110,500,"sd","14:15:32",295900
9310,-110,100,"sd","14:15:32",295400
9310,-110,200,"sd","14:15:32",295300
9310,-110,200,"sd","14:15:32",295100
9310,-110,1100,"sd","14:15:32",294900
9310,-110,500,"sd","14:15:32",293800
9310,-110,200,"sd","14:15:32",293300
9310,-110,100,"sd","14:15:32",293100
9310,-110,200,"sd","14:15:32",293000
9310,-110,700,"sd","14:15:32",292800
9320,-100,200,"sd","14:15:32",292100
9320,-100,200,"sd","14:15:32",291900
9320,-100,100,"sd","14:15:32",291700
9320,-100,4800,"sd","14:15:32",291600
9350,-70,100,"unknown","14:13:52",286800
9330,-90,300,"sd","14:13:37",286700
9330,-90,100,"sd","14:12:56",286400
9330,-90,100,"sd","14:12:13",286300
9320,-100,200,"sd","14:11:29",286200
9320,-100,800,"sd","14:11:29",286000
9310,-110,300,"sd","14:03:11",285200
9310,-110,1700,"sd","14:03:11",284900
9320,-100,1000,"unknown","14:03:11",283200
9310,-110,4200,"sd","13:59:25",282200
9310,-110,100,"sd","13:59:25",278000
9310,-110,100,"sd","13:59:25",277900
9310,-110,200,"sd","13:59:25",277800
9310,-110,100,"sd","13:59:25",277600
9310,-110,2400,"sd","13:59:25",277500
9320,-100,2000,"unknown","13:59:25",275100
9320,-100,100,"unknown","13:59:25",273100
9320,-100,200,"unknown","13:59:25",273000
9320,-100,100,"unknown","13:59:25",272800
9320,-100,300,"unknown","13:59:25",272700
9330,-90,200,"unknown","13:59:25",272400
9350,-70,900,"sd","13:57:50",272200
9350,-70,200,"sd","13:57:21",271300
9350,-70,200,"sd","13:57:13",271100
9350,-70,700,"sd","13:56:57",270900
9350,-70,500,"sd","13:56:57",270200
9350,-70,800,"sd","13:56:57",269700
9380,-40,100,"bu","13:55:39",268900
9380,-40,1900,"bu","13:55:39",268800
9380,-40,2500,"bu","13:55:39",266900
9350,-70,200,"sd","13:55:24",264400
9360,-60,300,"sd","13:54:38",264200
9360,-60,500,"sd","13:53:59",263900
9350,-70,500,"bu","13:53:09",263400
9350,-70,500,"bu","13:51:50",262900
9350,-70,100,"unknown","13:50:37",262400
9320,-100,300,"bu","13:50:07",262300
9320,-100,300,"bu","13:50:06",262000
9320,-100,500,"bu","13:49:52",261700
9320,-100,500,"bu","13:49:47",261200
9320,-100,5000,"bu","13:49:35",260700
9320,-100,1000,"sd","13:48:23",255700
9320,-100,2000,"sd","13:48:23",254700
9330,-90,200,"sd","13:48:23",252700
9340,-80,200,"sd","13:48:23",252500
9350,-70,100,"bu","13:47:10",252300
9310,-110,2600,"sd","13:45:21",252200
9320,-100,1000,"sd","13:45:21",249600
9350,-70,100,"bu","13:44:46",248600
9350,-70,200,"sd","13:44:42",248500
9300,-120,800,"sd","13:35:01",248300
9310,-110,100,"unknown","13:35:01",247500
9300,-120,1000,"bu","13:28:46",247400
9300,-120,1900,"sd","13:28:27",246400
9300,-120,1000,"sd","13:28:27",244500
9300,-120,100,"sd","13:28:27",243500
9300,-120,1000,"sd","13:28:27",243400
9300,-120,5000,"sd","13:28:27",242400
9300,-120,200,"sd","13:28:27",237400
9300,-120,400,"sd","13:28:27",237200
9300,-120,100,"sd","13:28:27",236800
9300,-120,1000,"sd","13:28:27",236700
9300,-120,700,"sd","13:28:27",235700
9310,-110,200,"sd","13:28:27",235000
9310,-110,100,"sd","13:28:27",234800
9310,-110,100,"sd","13:28:27",234700
9310,-110,300,"sd","13:28:27",234600
9310,-110,400,"sd","13:28:27",234300
9310,-110,100,"sd","13:25:00",233900
9310,-110,900,"sd","13:25:00",233800
9310,-110,100,"sd","13:24:05",232900
9310,-110,100,"sd","13:24:05",232800
9310,-110,500,"sd","13:24:05",232700
9310,-110,300,"sd","13:24:05",232200
9350,-70,200,"bu","13:23:11",231900
9350,-70,600,"bu","13:19:13",231700
9330,-90,1000,"bu","13:18:01",231100
9310,-110,600,"bu","13:15:42",230100
9300,-120,300,"bu","13:14:52",229500
9300,-120,100,"bu","13:14:47",229200
9300,-120,2000,"bu","13:14:45",229100
9300,-120,300,"bu","13:14:23",227100
9300,-120,100,"bu","13:14:13",226800
9300,-120,200,"bu","13:14:04",226700
9280,-140,1500,"sd","13:13:57",226500
9280,-140,1000,"sd","13:13:57",225000
9280,-140,500,"sd","13:13:57",224000
9280,-140,200,"sd","13:13:57",223500
9280,-140,400,"sd","13:13:57",223300
9280,-140,500,"sd","13:13:57",222900
9280,-140,100,"sd","13:13:57",222400
9280,-140,200,"sd","13:13:57",222300
9280,-140,200,"sd","13:13:57",222100
9280,-140,100,"sd","13:13:57",221900
9290,-130,2000,"sd","13:13:57",221800
9290,-130,100,"sd","13:13:57",219800
9290,-130,1000,"sd","13:13:57",219700
9290,-130,100,"sd","13:13:57",218700
9290,-130,200,"sd","13:13:57",218600
9290,-130,100,"sd","13:13:57",218400
9300,-120,1000,"bu","13:13:45",218300
9300,-120,100,"bu","13:12:38",217300
9300,-120,300,"bu","13:11:05",217200
9300,-120,3000,"bu","13:10:47",216900
9300,-120,1000,"bu","13:10:02",213900
9300,-120,200,"bu","13:09:32",212900
9300,-120,200,"sd","13:09:15",212700
9300,-120,100,"sd","13:09:15",212500
9300,-120,200,"sd","13:09:15",212400
9300,-120,3400,"sd","13:09:15",212200
9300,-120,1000,"sd","13:09:15",208800
9300,-120,5000,"sd","13:09:15",207800
9300,-120,400,"sd","13:09:15",202800
9310,-110,200,"sd","13:09:15",202400
9310,-110,100,"sd","13:09:15",202200
9330,-90,300,"sd","13:09:15",202100
9310,-110,400,"sd","13:07:52",201800
9330,-90,600,"sd","13:07:52",201400
9330,-90,400,"bu","13:05:07",200800
9330,-90,100,"bu","13:04:14",200400
9310,-110,100,"sd","13:02:23",200300
9300,-120,500,"sd","13:00:57",200200
9300,-120,300,"sd","13:00:10",199700
9300,-120,300,"sd","13:00:10",199400
9300,-120,200,"sd","13:00:10",199100
9300,-120,1200,"sd","13:00:10",198900
9300,-120,100,"sd","13:00:05",197700
9300,-120,300,"sd","13:00:01",197600
9300,-120,500,"sd","13:00:01",197300
9300,-120,2900,"sd","11:29:00",196800
9300,-120,2500,"bu","11:28:12",193900
9300,-120,5000,"bu","11:28:08",191400
9300,-120,500,"bu","11:27:30",186400
9290,-130,2000,"sd","11:27:21",185900
9290,-130,100,"sd","11:27:21",183900
9290,-130,100,"sd","11:27:21",183800
9290,-130,100,"sd","11:27:21",183700
9300,-120,500,"bu","11:27:12",183600
9300,-120,100,"bu","11:26:58",183100
9300,-120,100,"bu","11:26:37",183000
9300,-120,100,"bu","11:26:34",182900
9300,-120,4800,"bu","11:26:25",182800
9300,-120,100,"bu","11:25:14",178000
9290,-130,200,"sd","11:24:31",177900
9290,-130,300,"sd","11:24:31",177700
9300,-120,200,"bu","11:24:09",177400
9280,-140,1000,"bu","11:18:56",177200
9280,-140,600,"sd","11:18:31",176200
9280,-140,100,"sd","11:18:31",175600
9280,-140,200,"sd","11:18:31",175500
9280,-140,2000,"sd","11:18:31",175300
9280,-140,200,"sd","11:18:31",173300
9280,-140,2000,"sd","11:18:31",173100
9280,-140,200,"sd","11:18:31",171100
9290,-130,200,"sd","11:18:31",170900
9290,-130,3000,"sd","11:17:31",170700
9300,-120,200,"bu","11:17:24",167700
9300,-120,200,"sd","11:16:18",167500
9300,-120,5000,"sd","11:16:18",167300
9300,-120,100,"sd","11:16:18",162300
9300,-120,500,"sd","11:16:04",162200
9300,-120,500,"sd","11:16:04",161700
9300,-120,100,"sd","11:16:04",161200
9300,-120,100,"sd","11:16:04",161100
9300,-120,100,"sd","11:16:04",161000
9300,-120,300,"sd","11:16:04",160900
9300,-120,200,"sd","11:16:04",160600
9310,-110,2000,"sd","11:16:04",160400
9310,-110,5000,"sd","11:16:04",158400
9320,-100,100,"sd","11:16:04",153400
9320,-100,500,"sd","11:16:04",153300
9300,-120,100,"sd","11:16:04",152800
9300,-120,10000,"sd","11:16:04",152700
9300,-120,500,"sd","11:16:04",142700
9300,-120,700,"sd","11:11:58",142200
9300,-120,100,"sd","11:11:58",141500
9300,-120,100,"sd","11:11:58",141400
9300,-120,200,"sd","11:11:58",141300
9300,-120,2100,"sd","11:11:58",141100
9300,-120,500,"sd","11:11:58",139000
9300,-120,400,"sd","11:11:58",138500
9300,-120,100,"sd","11:11:58",138100
9310,-110,500,"sd","11:11:58",138000
9310,-110,3000,"sd","11:11:58",137500
9320,-100,100,"sd","11:11:58",134500
9320,-100,2000,"sd","11:11:58",134400
9320,-100,100,"sd","11:11:58",132400
9320,-100,100,"sd","11:11:58",132300
9320,-100,100,"sd","11:11:28",132200
9330,-90,100,"sd","11:11:28",132100
9330,-90,100,"sd","11:11:28",132000
9330,-90,1000,"sd","11:11:28",131900
9330,-90,3000,"sd","11:11:28",130900
9330,-90,100,"sd","11:11:28",127900
9330,-90,100,"sd","11:11:28",127800
9330,-90,300,"sd","11:11:28",127700
9330,-90,200,"sd","11:11:28",127400
9330,-90,1300,"bu","11:09:14",127200
9350,-70,200,"bu","11:09:01",125900
9350,-70,200,"bu","11:09:01",125700
9350,-70,500,"bu","11:09:01",125500
9350,-70,500,"bu","11:09:01",125000
9350,-70,100,"bu","11:09:01",124500
9350,-70,100,"bu","11:09:01",124400
9350,-70,300,"bu","11:09:01",124300
9350,-70,200,"bu","11:09:01",124000
9350,-70,500,"bu","11:09:01",123800
9360,-60,2000,"bu","11:09:01",123300
9360,-60,200,"unknown","11:09:01",121300
9360,-60,200,"sd","11:09:01",121100
9360,-60,100,"sd","11:09:01",120900
9360,-60,400,"sd","11:09:01",120800
9360,-60,100,"sd","11:09:01",118900
9330,-90,1000,"sd","11:09:01",120400
9360,-60,500,"sd","11:09:01",119400
9350,-70,500,"sd","11:09:01",118800
9350,-70,200,"sd","11:09:01",118300
9350,-70,800,"sd","11:09:01",118100
9350,-70,100,"sd","11:09:01",117300
9370,-50,900,"sd","11:08:41",117100
9370,-50,100,"sd","11:08:41",117200
9390,-30,300,"bu","11:08:02",116200
9390,-30,100,"bu","11:07:26",115900
9380,-40,100,"sd","11:07:25",115800
9390,-30,100,"bu","11:04:28",115700
9380,-40,100,"sd","11:04:09",115600
9380,-40,300,"sd","11:04:09",115500
9380,-40,100,"sd","11:04:09",115200
9380,-40,200,"sd","11:04:09",115100
9380,-40,100,"sd","11:03:35",114900
9380,-40,200,"sd","11:01:13",114800
9380,-40,100,"sd","11:01:13",114600
9380,-40,200,"sd","11:01:13",114500
9390,-30,100,"bu","10:58:19",114300
9390,-30,100,"bu","10:57:56",114200
9390,-30,100,"sd","10:56:39",114100
9390,-30,3000,"sd","10:56:03",114000
9390,-30,1900,"sd","10:55:16",111000
9390,-30,1100,"sd","10:55:16",109100
9400,-20,100,"bu","10:55:07",108000
9400,-20,600,"bu","10:54:46",107900
9400,-20,2000,"bu","10:54:46",107300
9400,-20,200,"bu","10:54:46",105300
9400,-20,200,"bu","10:54:46",105100
9390,-30,1900,"bu","10:52:45",104900
9390,-30,2000,"bu","10:52:45",103000
9390,-30,100,"bu","10:50:18",101000
9390,-30,100,"bu","10:48:50",100900
9380,-40,800,"sd","10:48:49",100800
9380,-40,100,"sd","10:48:49",100000
9380,-40,500,"sd","10:48:49",99900
9380,-40,100,"sd","10:48:49",99400
9380,-40,500,"sd","10:48:49",99300
9390,-30,500,"bu","10:47:26",98800
9380,-40,500,"bu","10:46:35",98300
9380,-40,1000,"sd","10:46:32",97800
9380,-40,300,"sd","10:46:32",96800
9380,-40,200,"sd","10:46:32",96500
9380,-40,600,"sd","10:45:10",96300
9380,-40,1200,"sd","10:39:33",95700
9380,-40,200,"sd","10:39:33",94500
9390,-30,100,"sd","10:39:18",94300
9390,-30,200,"sd","10:39:18",94200
9390,-30,100,"sd","10:39:18",94000
9390,-30,100,"sd","10:39:18",93900
9390,-30,200,"sd","10:34:46",93800
9400,-20,1000,"sd","10:34:21",93600
9400,-20,100,"bu","10:32:04",92600
9390,-30,100,"sd","10:31:51",92500
9400,-20,100,"sd","10:31:44",92400
9400,-20,5000,"sd","10:31:44",92300
9400,-20,600,"sd","10:31:44",87300
9400,-20,7100,"sd","10:31:44",86700
9400,-20,100,"sd","10:29:18",79600
9400,-20,1300,"sd","10:29:18",79500
9400,-20,2900,"sd","10:29:18",78200
9400,-20,100,"sd","10:29:18",75300
9400,-20,200,"sd","10:29:18",75200
9400,-20,4000,"sd","10:29:18",75000
9400,-20,1000,"sd","10:29:18",71000
9400,-20,200,"sd","10:29:18",70000
9400,-20,100,"sd","10:29:18",69800
9400,-20,100,"sd","10:29:18",69700
9400,-20,3700,"sd","10:29:00",69600
9400,-20,500,"sd","10:29:00",65900
9400,-20,500,"sd","10:29:00",65400
9400,-20,500,"sd","10:29:00",64900
9400,-20,400,"sd","10:28:55",64400
9400,-20,200,"sd","10:28:40",64000
9400,-20,500,"sd","10:28:31",63300
9400,-20,500,"sd","10:28:31",63800
9410,-10,100,"bu","10:28:02",62800
9410,-10,1800,"bu","10:26:21",62700
9410,-10,700,"bu","10:26:21",60900
9410,-10,200,"bu","10:25:30",60200
9410,-10,500,"bu","10:23:46",60000
9410,-10,3200,"bu","10:22:52",59500
9410,-10,300,"bu","10:22:11",56300
9410,-10,100,"sd","10:19:25",56000
9410,-10,200,"sd","10:18:48",55900
9410,-10,100,"sd","10:18:48",55700
9410,-10,200,"bu","10:17:56",55600
9410,-10,100,"bu","10:17:51",55400
9410,-10,100,"bu","10:17:22",55300
9410,-10,400,"bu","10:16:51",55200
9410,-10,100,"sd","10:16:40",54800
9410,-10,500,"sd","10:16:40",54700
9410,-10,600,"sd","10:16:40",54200
9410,-10,400,"sd","10:16:05",53600
9410,-10,1000,"sd","10:16:05",53200
9410,-10,1000,"sd","10:16:05",52200
9410,-10,500,"sd","10:16:05",51200
9410,-10,100,"sd","10:16:05",50700
9420,0,500,"bu","10:15:20",50600
9420,0,200,"bu","10:14:17",50100
9420,0,100,"bu","10:13:19",49900
9420,0,1900,"sd","10:13:02",49800
9430,10,300,"bu","10:09:55",47900
9430,10,200,"sd","10:06:47",47600
9430,10,100,"sd","10:05:43",47400
9420,0,3100,"sd","10:02:58",47300
9420,0,200,"sd","10:02:58",44200
9420,0,700,"sd","10:02:58",44000
9420,0,100,"sd","10:02:32",43300
9420,0,200,"sd","10:02:08",43200
9420,0,500,"sd","10:02:08",43000
9420,0,200,"sd","10:02:08",42500
9430,10,100,"sd","10:02:08",42300
9430,10,100,"sd","10:00:30",42200
9430,10,1000,"sd","09:59:51",42100
9420,0,300,"sd","09:54:43",41100
9420,0,200,"sd","09:54:43",40800
9420,0,500,"sd","09:54:43",40600
9420,0,300,"sd","09:54:43",40100
9420,0,700,"sd","09:54:43",39800
9420,0,600,"sd","09:50:08",39100
9420,0,400,"sd","09:49:06",38500
9420,0,100,"sd","09:49:06",38100
9420,0,1000,"sd","09:49:06",38000
9420,0,300,"sd","09:49:06",37000
9420,0,21500,"sd","09:49:06",36700
9450,30,200,"bu","09:48:10",15200
9450,30,100,"bu","09:46:06",15000
9420,0,100,"sd","09:45:48",14900
9420,0,1000,"sd","09:41:25",14800
9470,50,1000,"bu","09:39:50",13800
9470,50,2500,"sd","09:38:57",12800
9470,50,1000,"sd","09:38:56",10300
9470,50,200,"sd","09:38:41",9300
9470,50,100,"sd","09:38:33",9100
9470,50,100,"bu","09:38:02",9000
9470,50,1000,"bu","09:38:02",8900
9470,50,100,"bu","09:38:02",7900
9420,0,3000,"sd","09:37:34",7800
9420,0,2400,"sd","09:36:10",4800
9420,0,600,"sd","09:36:10",2400
9420,0,200,"sd","09:30:46",1800
9420,0,800,"sd","09:29:40",1600
9470,50,100,"bu","09:28:07",800
9480,60,100,"bu","09:27:18",700
9480,60,100,"bu","09:24:37",600
9420,0,100,"sd","09:23:09",500
9490,70,100,"bu","09:21:10",400
9500,80,100,"bu","09:19:35",300
9420,0,200,"sd","09:19:17",200
