"price","change","match_qtty","side","time","total_vol"
13.7,0.1,2500,"bu","14:45:01",79400
13.7,0.1,100,"bu","14:27:16",76900
13.6,0,1000,"sd","14:22:57",76800
13.6,0,300,"sd","14:22:57",75800
13.6,0,900,"sd","14:22:57",75500
13.6,0,100,"sd","14:19:58",74600
13.6,0,100,"sd","14:19:58",74500
13.6,0,500,"sd","14:19:58",74400
13.7,0.1,100,"bu","14:19:06",73900
13.65,0.05,1000,"sd","14:15:30",73800
13.65,0.05,1000,"sd","14:10:47",72800
13.7,0.1,1000,"sd","14:09:42",71800
13.7,0.1,1000,"bu","14:08:15",70800
13.7,0.1,200,"sd","13:55:40",69800
13.7,0.1,100,"sd","13:54:35",69600
13.7,0.1,1000,"sd","13:54:25",69500
13.7,0.1,700,"sd","13:52:54",68500
13.7,0.1,3000,"bu","13:52:54",67800
13.65,0.05,1000,"sd","13:52:00",64800
13.65,0.05,2000,"sd","13:52:00",63800
13.7,0.1,1000,"sd","13:38:25",61800
13.7,0.1,300,"sd","13:38:25",60800
13.7,0.1,1200,"sd","13:37:40",60500
13.7,0.1,100,"sd","13:37:40",59300
13.7,0.1,1900,"sd","13:25:29",59200
13.7,0.1,100,"sd","13:25:29",57300
13.75,0.15,100,"bu","13:14:40",57200
13.7,0.1,300,"sd","13:10:41",57100
13.7,0.1,3000,"sd","13:10:41",56800
13.7,0.1,400,"sd","13:10:41",53800
13.7,0.1,1000,"sd","13:08:17",53400
13.7,0.1,600,"sd","13:04:49",52400
13.7,0.1,100,"sd","13:04:49",51800
13.7,0.1,100,"sd","13:02:43",51700
13.7,0.1,2100,"sd","13:02:43",51600
13.7,0.1,900,"bu","13:00:27",49500
13.7,0.1,100,"bu","13:00:04",48600
13.7,0.1,100,"bu","13:00:01",48500
13.7,0.1,100,"sd","13:00:01",48400
13.7,0.1,600,"bu","11:28:03",48300
13.7,0.1,1000,"bu","11:27:35",47700
13.7,0.1,400,"sd","11:26:32",46700
13.7,0.1,2100,"bu","11:25:45",46300
13.7,0.1,400,"sd","11:03:21",44200
13.7,0.1,2000,"sd","11:03:21",43800
13.7,0.1,2000,"sd","11:00:45",41800
13.7,0.1,2000,"sd","10:58:56",39800
13.7,0.1,100,"bu","10:57:21",37800
13.7,0.1,4900,"bu","10:56:47",37700
13.7,0.1,100,"bu","10:56:47",32800
13.7,0.1,300,"bu","10:55:04",32700
13.7,0.1,300,"bu","10:54:10",32400
13.7,0.1,200,"bu","10:53:44",32100
13.7,0.1,2000,"bu","10:53:29",31900
13.7,0.1,100,"bu","10:50:12",29900
13.6,0,500,"bu","10:47:35",29800
13.6,0,500,"sd","10:46:43",29300
13.6,0,2000,"bu","10:46:21",28800
13.6,0,1000,"sd","10:45:44",26800
13.7,0.1,500,"sd","10:41:01",25800
13.7,0.1,1000,"bu","10:39:50",25300
13.7,0.1,500,"bu","10:39:50",24300
13.7,0.1,1000,"bu","10:38:05",23800
13.7,0.1,500,"bu","10:38:05",22800
13.7,0.1,500,"bu","10:38:05",22300
13.5,-0.1,2000,"bu","10:29:10",21800
13.3,-0.3,100,"sd","10:23:17",19800
13.35,-0.25,800,"sd","10:23:17",19700
13.4,-0.2,100,"sd","10:23:16",18900
13.4,-0.2,800,"sd","10:23:16",18800
13.5,-0.1,300,"sd","10:23:16",18000
13.8,0.2,100,"bu","10:16:04",17700
13.6,0,500,"bu","10:16:04",17600
13.6,0,500,"sd","09:52:26",17100
13.6,0,500,"bu","09:51:12",16600
13.6,0,1000,"bu","09:51:12",16100
13.5,-0.1,200,"bu","09:50:50",15100
13.5,-0.1,900,"bu","09:50:29",14900
13.4,-0.2,200,"sd","09:41:19",14000
13.5,-0.1,300,"sd","09:41:19",13800
13.5,-0.1,200,"sd","09:33:56",13500
13.5,-0.1,1000,"bu","09:30:46",13300
13.4,-0.2,1000,"bu","09:29:02",12300
13.35,-0.25,900,"bu","09:28:32",11300
13.35,-0.25,900,"sd","09:26:31",10400
13.35,-0.25,100,"bu","09:24:29",9500
13.35,-0.25,200,"sd","09:24:11",9400
13.35,-0.25,2000,"bu","09:22:25",9200
13.4,-0.2,1000,"bu","09:22:06",7200
13.3,-0.3,3800,"sd","09:21:59",6200
13.3,-0.3,200,"sd","09:21:59",2400
13.3,-0.3,300,"bu","09:21:46",2200
13.3,-0.3,200,"bu","09:21:17",1900
13.3,-0.3,300,"bu","09:21:16",1700
13.3,-0.3,200,"bu","09:20:44",1400
13.25,-0.35,600,"sd","09:19:53",1200
13.25,-0.35,400,"sd","09:19:53",600
13.8,0.2,100,"bu","09:17:50",200
13.25,-0.35,100,"sd","09:17:44",100
