"price","change","match_qtty","side","time","total_vol"
13,0.55,557600,"bu","14:45:02",9149300
12.95,0.5,2000,"sd","14:29:57",8591700
12.95,0.5,1300,"sd","14:29:57",8589700
12.95,0.5,2000,"sd","14:29:56",8588400
12.95,0.5,100,"sd","14:29:56",8586400
12.95,0.5,100,"sd","14:29:56",8586300
12.95,0.5,500,"sd","14:29:56",8586200
12.95,0.5,300,"bu","14:29:54",8585700
12.95,0.5,400,"bu","14:29:54",8585400
12.9,0.45,3000,"sd","14:29:53",8585000
12.95,0.5,100,"bu","14:29:53",8582000
12.95,0.5,200,"bu","14:29:53",8581900
12.95,0.5,4800,"bu","14:29:52",8581700
12.95,0.5,200,"bu","14:29:52",8576900
12.95,0.5,2000,"bu","14:29:52",8576700
12.9,0.45,100,"sd","14:29:50",8574700
12.9,0.45,200,"sd","14:29:49",8574600
12.95,0.5,800,"bu","14:29:49",8574400
12.95,0.5,100,"bu","14:29:49",8573600
12.95,0.5,100,"bu","14:29:49",8573500
12.9,0.45,5000,"sd","14:29:48",8573400
12.95,0.5,200,"bu","14:29:47",8568400
12.95,0.5,2600,"bu","14:29:47",8568200
12.95,0.5,2200,"bu","14:29:47",8565600
12.95,0.5,1000,"bu","14:29:46",8563400
12.9,0.45,100,"sd","14:29:44",8562400
12.9,0.45,9300,"sd","14:29:42",8562300
12.9,0.45,700,"sd","14:29:42",8553000
12.9,0.45,1000,"sd","14:29:39",8552300
12.9,0.45,100,"sd","14:29:39",8551300
12.95,0.5,1800,"bu","14:29:39",8551200
12.95,0.5,100,"bu","14:29:39",8549400
12.95,0.5,100,"bu","14:29:39",8549300
12.9,0.45,1600,"sd","14:29:37",8549200
12.9,0.45,500,"sd","14:29:36",8547600
12.9,0.45,2000,"sd","14:29:35",8547100
12.9,0.45,100,"sd","14:29:34",8545100
12.9,0.45,10000,"bu","14:29:29",8545000
12.9,0.45,500,"bu","14:29:29",8535000
12.9,0.45,500,"bu","14:29:29",8534500
12.9,0.45,3000,"bu","14:29:29",8534000
12.9,0.45,200,"bu","14:29:26",8531000
12.9,0.45,3200,"bu","14:29:25",8530800
12.85,0.4,100,"sd","14:29:24",8527600
12.9,0.45,22200,"bu","14:29:23",8527500
12.9,0.45,100,"bu","14:29:23",8505300
12.9,0.45,2000,"bu","14:29:23",8505200
12.9,0.45,500,"bu","14:29:23",8503200
12.9,0.45,3000,"bu","14:29:23",8502700
12.9,0.45,100,"bu","14:29:23",8499700
12.9,0.45,300,"bu","14:29:23",8499600
12.9,0.45,500,"bu","14:29:23",8499300
12.9,0.45,1300,"bu","14:29:23",8498800
12.9,0.45,700,"bu","14:29:23",8497500
12.9,0.45,1000,"bu","14:29:23",8496800
12.9,0.45,100,"bu","14:29:23",8495800
12.9,0.45,11700,"bu","14:29:23",8495700
12.9,0.45,5000,"bu","14:29:23",8484000
12.9,0.45,1500,"bu","14:29:23",8479000
12.85,0.4,1000,"sd","14:29:19",8477500
12.9,0.45,500,"bu","14:29:17",8476500
12.9,0.45,100,"bu","14:29:17",8476000
12.9,0.45,1000,"bu","14:29:17",8475900
12.9,0.45,400,"bu","14:29:17",8474900
12.85,0.4,200,"sd","14:29:17",8474500
12.85,0.4,18200,"sd","14:29:17",8474300
12.85,0.4,600,"sd","14:29:17",8456100
12.85,0.4,1200,"sd","14:29:17",8455500
12.85,0.4,1000,"sd","14:29:11",8454300
12.85,0.4,500,"sd","14:29:11",8453300
12.85,0.4,100,"sd","14:29:10",8452800
12.85,0.4,200,"sd","14:29:06",8452700
12.85,0.4,1000,"sd","14:29:06",8452500
12.85,0.4,2800,"sd","14:29:06",8451500
12.85,0.4,2000,"bu","14:29:03",8448700
12.85,0.4,200,"bu","14:29:03",8446700
12.85,0.4,800,"bu","14:28:58",8446500
12.85,0.4,100,"bu","14:28:58",8445700
12.85,0.4,1000,"bu","14:28:58",8445600
12.85,0.4,600,"bu","14:28:58",8444600
12.85,0.4,400,"bu","14:28:56",8444000
12.85,0.4,100,"bu","14:28:56",8443600
12.8,0.35,1000,"bu","14:28:55",8443500
12.8,0.35,900,"bu","14:28:55",8442500
12.8,0.35,500,"bu","14:28:55",8441600
12.8,0.35,2000,"bu","14:28:55",8441100
12.8,0.35,5000,"bu","14:28:55",8439100
12.8,0.35,200,"bu","14:28:55",8434100
12.8,0.35,500,"bu","14:28:55",8433900
12.8,0.35,100,"bu","14:28:55",8433400
12.8,0.35,300,"bu","14:28:55",8433300
12.8,0.35,1000,"bu","14:28:55",8433000
12.8,0.35,100,"bu","14:28:55",8432000
12.8,0.35,3000,"bu","14:28:55",8431900
12.8,0.35,1000,"bu","14:28:55",8428900
12.8,0.35,100,"bu","14:28:55",8427900
12.8,0.35,1000,"bu","14:28:55",8427800
12.8,0.35,1000,"bu","14:28:55",8426800
12.8,0.35,100,"bu","14:28:55",8425800
12.8,0.35,500,"bu","14:28:55",8425700
12.8,0.35,1000,"bu","14:28:55",8425200
12.8,0.35,100,"bu","14:28:55",8424200
12.8,0.35,100,"bu","14:28:55",8424100
12.8,0.35,200,"bu","14:28:54",8424000
12.8,0.35,800,"bu","14:28:54",8423800
12.8,0.35,200,"bu","14:28:53",8423000
12.8,0.35,200,"bu","14:28:50",8422800
12.8,0.35,800,"bu","14:28:49",8422600
12.75,0.3,3300,"sd","14:28:46",8421800
12.75,0.3,1200,"sd","14:28:46",8418500
12.75,0.3,4000,"sd","14:28:45",8417300
12.75,0.3,1000,"sd","14:28:45",8413300
12.75,0.3,3000,"sd","14:28:45",8412300
12.75,0.3,2000,"sd","14:28:45",8409300
12.75,0.3,300,"sd","14:28:43",8407300
12.75,0.3,500,"sd","14:28:42",8407000
12.75,0.3,100,"bu","14:28:42",8406500
12.75,0.3,500,"bu","14:28:40",8406400
12.75,0.3,500,"bu","14:28:40",8405900
12.75,0.3,900,"bu","14:28:40",8405400
12.75,0.3,100,"bu","14:28:40",8404500
12.75,0.3,1000,"bu","14:28:40",8404400
12.75,0.3,500,"bu","14:28:40",8403400
12.75,0.3,300,"bu","14:28:40",8402900
12.75,0.3,2200,"bu","14:28:40",8402600
12.75,0.3,30000,"bu","14:28:39",8400400
12.75,0.3,500,"bu","14:28:38",8370400
12.75,0.3,300,"bu","14:28:37",8369900
12.75,0.3,2000,"bu","14:28:35",8369600
12.75,0.3,600,"bu","14:28:34",8367600
12.75,0.3,14400,"bu","14:28:33",8367000
12.75,0.3,5600,"bu","14:28:33",8352600
12.75,0.3,2000,"bu","14:28:32",8347000
12.75,0.3,2000,"bu","14:28:31",8345000
12.75,0.3,100,"bu","14:28:30",8343000
12.75,0.3,400,"bu","14:28:30",8342900
12.75,0.3,800,"bu","14:28:30",8342500
12.75,0.3,100,"bu","14:28:30",8341700
12.75,0.3,100,"bu","14:28:30",8341600
12.7,0.25,100,"sd","14:28:29",8341500
12.7,0.25,500,"sd","14:28:28",8341400
12.7,0.25,1000,"sd","14:28:26",8340900
12.7,0.25,100,"sd","14:28:24",8339900
12.75,0.3,900,"bu","14:28:23",8339800
12.75,0.3,500,"bu","14:28:23",8338900
12.7,0.25,400,"bu","14:28:12",8338400
12.7,0.25,100,"sd","14:28:10",8338000
12.7,0.25,1000,"bu","14:28:04",8337900
12.7,0.25,2900,"bu","14:28:04",8336900
12.7,0.25,1800,"bu","14:28:04",8334000
12.7,0.25,1000,"bu","14:28:03",8332200
12.7,0.25,500,"bu","14:28:03",8331200
12.65,0.2,500,"sd","14:28:03",8330700
12.7,0.25,3800,"bu","14:28:02",8330200
12.7,0.25,100,"bu","14:28:02",8326400
12.7,0.25,500,"bu","14:28:02",8326300
12.7,0.25,200,"bu","14:28:02",8325800
12.7,0.25,400,"bu","14:28:02",8325600
12.7,0.25,2600,"bu","14:28:02",8325200
12.7,0.25,500,"bu","14:28:02",8322600
12.7,0.25,2100,"bu","14:28:02",8322100
12.7,0.25,2000,"bu","14:28:02",8320000
12.7,0.25,10000,"bu","14:28:02",8318000
12.7,0.25,400,"bu","14:28:02",8308000
12.7,0.25,100,"bu","14:28:02",8307600
12.7,0.25,800,"bu","14:28:02",8307500
12.7,0.25,100,"bu","14:28:02",8306700
12.7,0.25,100,"bu","14:28:02",8306600
12.7,0.25,500,"bu","14:28:02",8306500
12.7,0.25,100,"bu","14:28:02",8306000
12.7,0.25,500,"bu","14:28:02",8305900
12.7,0.25,200,"bu","14:28:02",8305400
12.7,0.25,200,"bu","14:28:00",8305200
12.7,0.25,500,"bu","14:28:00",8305000
12.7,0.25,2000,"bu","14:28:00",8304500
12.7,0.25,1300,"bu","14:28:00",8302500
12.7,0.25,8000,"bu","14:27:58",8301200
12.7,0.25,10000,"bu","14:27:55",8293200
12.7,0.25,10000,"bu","14:27:54",8283200
12.7,0.25,2000,"bu","14:27:54",8273200
12.7,0.25,100,"bu","14:27:54",8271200
12.7,0.25,1000,"bu","14:27:49",8271100
12.7,0.25,3000,"bu","14:27:49",8270100
12.7,0.25,3000,"bu","14:27:47",8267100
12.7,0.25,500,"bu","14:27:47",8264100
12.7,0.25,1600,"bu","14:27:45",8263600
12.65,0.2,1000,"sd","14:27:42",8262000
12.7,0.25,1000,"bu","14:27:33",8261000
12.7,0.25,500,"bu","14:27:31",8260000
12.65,0.2,1300,"sd","14:27:29",8259500
12.65,0.2,500,"sd","14:27:29",8258200
12.65,0.2,100,"sd","14:27:29",8257700
12.65,0.2,100,"sd","14:27:29",8257600
12.65,0.2,3400,"sd","14:27:29",8257500
12.65,0.2,100,"sd","14:27:29",8254100
12.7,0.25,5000,"bu","14:27:28",8254000
12.65,0.2,500,"sd","14:27:24",8249000
12.65,0.2,300,"sd","14:27:24",8248500
12.65,0.2,100,"bu","14:27:15",8248200
12.65,0.2,100,"bu","14:27:15",8248100
12.65,0.2,500,"bu","14:27:15",8248000
12.65,0.2,100,"bu","14:27:15",8247500
12.65,0.2,400,"bu","14:27:15",8247400
12.65,0.2,100,"bu","14:27:15",8247000
12.65,0.2,500,"bu","14:27:15",8246900
12.65,0.2,300,"bu","14:27:15",8246400
12.65,0.2,1000,"bu","14:27:15",8246100
12.65,0.2,200,"bu","14:27:15",8245100
12.65,0.2,500,"bu","14:27:14",8244900
12.65,0.2,500,"bu","14:27:13",8244400
12.65,0.2,100,"bu","14:27:13",8243900
12.65,0.2,100,"bu","14:27:12",8243800
12.65,0.2,500,"bu","14:27:12",8243700
12.65,0.2,500,"bu","14:27:12",8243200
12.65,0.2,400,"bu","14:27:12",8242700
12.65,0.2,500,"bu","14:27:11",8242300
12.65,0.2,200,"bu","14:27:10",8241800
12.65,0.2,2400,"bu","14:27:08",8241600
12.6,0.15,1000,"sd","14:27:06",8239200
12.65,0.2,1000,"bu","14:27:05",8238200
12.65,0.2,1000,"bu","14:27:05",8237200
12.65,0.2,1000,"bu","14:27:05",8236200
12.6,0.15,500,"sd","14:27:03",8235200
12.65,0.2,400,"bu","14:27:02",8234700
12.65,0.2,100,"bu","14:27:02",8234300
12.65,0.2,2000,"bu","14:27:02",8234200
12.6,0.15,100,"sd","14:26:49",8232200
12.6,0.15,1000,"bu","14:26:48",8232100
12.6,0.15,500,"bu","14:26:48",8231100
12.6,0.15,2000,"bu","14:26:48",8230600
12.6,0.15,500,"bu","14:26:47",8228600
12.6,0.15,300,"bu","14:26:45",8228100
12.6,0.15,500,"bu","14:26:44",8227800
12.6,0.15,1700,"bu","14:26:44",8227300
12.6,0.15,100,"bu","14:26:44",8225600
12.6,0.15,5000,"bu","14:26:44",8225500
12.6,0.15,100,"bu","14:26:44",8220500
12.6,0.15,5000,"bu","14:26:44",8220400
12.6,0.15,100,"bu","14:26:44",8215400
12.6,0.15,100,"bu","14:26:44",8215300
12.6,0.15,2900,"bu","14:26:44",8215200
12.6,0.15,5000,"bu","14:26:43",8212300
12.6,0.15,2000,"bu","14:26:42",8207300
12.6,0.15,10000,"bu","14:26:40",8205300
12.6,0.15,10100,"bu","14:26:40",8195300
12.6,0.15,1000,"bu","14:26:40",8185200
12.6,0.15,1000,"bu","14:26:40",8184200
12.6,0.15,2900,"bu","14:26:40",8183200
12.6,0.15,700,"bu","14:26:38",8180300
12.6,0.15,1400,"bu","14:26:37",8179600
12.6,0.15,100,"bu","14:26:37",8178200
12.6,0.15,2000,"bu","14:26:37",8178100
12.6,0.15,1000,"bu","14:26:37",8176100
12.6,0.15,1000,"bu","14:26:37",8175100
12.6,0.15,500,"bu","14:26:37",8174100
12.6,0.15,500,"bu","14:26:37",8173600
12.6,0.15,100,"bu","14:26:37",8173100
12.6,0.15,3400,"bu","14:26:37",8173000
12.6,0.15,1000,"bu","14:26:33",8169600
12.6,0.15,600,"bu","14:26:33",8168600
12.6,0.15,3400,"bu","14:26:33",8168000
12.6,0.15,100,"bu","14:26:31",8164600
12.6,0.15,200,"bu","14:26:31",8164500
12.6,0.15,3900,"bu","14:26:31",8164300
12.6,0.15,6600,"bu","14:26:31",8160400
12.6,0.15,200,"bu","14:26:31",8153800
12.6,0.15,5000,"bu","14:26:31",8153600
12.6,0.15,1000,"bu","14:26:31",8148600
12.6,0.15,3000,"bu","14:26:31",8147600
12.55,0.1,20000,"sd","14:26:28",8144600
12.6,0.15,5000,"bu","14:26:27",8124600
12.6,0.15,5000,"bu","14:26:25",8119600
12.6,0.15,5000,"bu","14:26:25",8114600
12.6,0.15,1000,"bu","14:26:23",8109600
12.6,0.15,1000,"bu","14:26:23",8108600
12.6,0.15,1500,"bu","14:26:23",8107600
12.6,0.15,400,"bu","14:26:23",8106100
12.6,0.15,100,"bu","14:26:23",8105700
12.6,0.15,1100,"bu","14:26:23",8105600
12.6,0.15,100,"bu","14:26:23",8104500
12.6,0.15,100,"bu","14:26:23",8104400
12.55,0.1,500,"sd","14:26:15",8104300
12.55,0.1,1000,"sd","14:26:15",8103800
12.6,0.15,400,"bu","14:26:15",8102800
12.6,0.15,200,"bu","14:26:15",8102400
12.6,0.15,100,"bu","14:26:15",8102200
12.6,0.15,1000,"bu","14:26:15",8102100
12.6,0.15,1900,"bu","14:26:15",8101100
12.6,0.15,3600,"bu","14:26:15",8099200
12.6,0.15,3000,"bu","14:26:15",8095600
12.6,0.15,100,"bu","14:26:15",8092600
12.6,0.15,100,"bu","14:26:15",8092500
12.6,0.15,5200,"bu","14:26:15",8092400
12.6,0.15,10000,"bu","14:26:15",8087200
12.6,0.15,2200,"bu","14:26:15",8077200
12.6,0.15,400,"bu","14:26:15",8075000
12.6,0.15,700,"bu","14:26:15",8074600
12.6,0.15,1000,"bu","14:26:15",8073900
12.6,0.15,100,"bu","14:26:15",8072900
12.55,0.1,5000,"sd","14:26:14",8072800
12.55,0.1,27500,"sd","14:26:10",8067800
12.55,0.1,2500,"sd","14:26:10",8040300
12.55,0.1,2500,"bu","14:26:03",8037800
12.55,0.1,200,"bu","14:26:03",8035300
12.55,0.1,3000,"bu","14:26:03",8035100
12.55,0.1,5000,"bu","14:26:03",8032100
12.55,0.1,100,"bu","14:26:03",8027100
12.55,0.1,500,"bu","14:26:03",8027000
12.55,0.1,1000,"bu","14:26:03",8026500
12.55,0.1,100,"bu","14:26:03",8025500
12.55,0.1,85100,"bu","14:26:03",8025400
12.55,0.1,100,"bu","14:26:02",7940300
12.55,0.1,1000,"bu","14:26:00",7940200
12.55,0.1,300,"bu","14:26:00",7939200
12.55,0.1,200,"bu","14:25:57",7938900
12.55,0.1,8000,"bu","14:25:51",7938700
12.55,0.1,100,"bu","14:25:50",7930700
12.55,0.1,2000,"bu","14:25:45",7930600
12.55,0.1,1200,"bu","14:25:45",7928600
12.55,0.1,200,"bu","14:25:44",7927400
12.55,0.1,100,"bu","14:25:44",7927200
12.55,0.1,100,"bu","14:25:44",7927100
12.55,0.1,2000,"bu","14:25:44",7927000
12.55,0.1,100,"bu","14:25:44",7925000
12.55,0.1,5000,"bu","14:25:44",7924900
12.55,0.1,1300,"bu","14:25:44",7919900
12.55,0.1,200,"bu","14:25:44",7918600
12.5,0.05,400,"sd","14:25:44",7918400
12.55,0.1,500,"bu","14:25:41",7918000
12.55,0.1,500,"bu","14:25:41",7917500
12.5,0.05,100,"sd","14:25:37",7917000
12.55,0.1,1200,"bu","14:25:36",7916900
12.55,0.1,1200,"bu","14:25:34",7915700
12.55,0.1,300,"bu","14:25:29",7914500
12.55,0.1,2000,"bu","14:25:27",7914200
12.5,0.05,500,"sd","14:25:26",7912200
12.5,0.05,200,"sd","14:25:26",7911700
12.5,0.05,300,"sd","14:25:26",7911500
12.5,0.05,300,"sd","14:25:26",7911200
12.5,0.05,100,"sd","14:25:20",7910900
12.55,0.1,100,"bu","14:25:18",7910800
12.5,0.05,100,"sd","14:25:08",7910700
12.55,0.1,600,"bu","14:25:08",7910600
12.55,0.1,900,"bu","14:25:08",7910000
12.55,0.1,1000,"bu","14:25:08",7909100
12.55,0.1,200,"bu","14:25:08",7908100
12.55,0.1,300,"bu","14:25:08",7907900
12.5,0.05,300,"sd","14:24:51",7907600
12.5,0.05,100,"sd","14:24:48",7907300
12.55,0.1,200,"bu","14:24:47",7907200
12.55,0.1,100,"bu","14:24:47",7907000
12.55,0.1,1000,"bu","14:24:47",7906900
12.55,0.1,1400,"bu","14:24:47",7905900
12.5,0.05,200,"sd","14:24:44",7904500
12.5,0.05,1000,"sd","14:24:44",7904300
12.5,0.05,6200,"sd","14:24:44",7903300
12.5,0.05,3800,"sd","14:24:44",7897100
12.5,0.05,31000,"sd","14:24:44",7893300
12.5,0.05,100,"sd","14:24:44",7862300
12.5,0.05,5000,"sd","14:24:44",7862200
12.5,0.05,100,"sd","14:24:44",7857200
12.5,0.05,400,"sd","14:24:44",7857100
12.5,0.05,1000,"sd","14:24:44",7856700
12.5,0.05,200,"sd","14:24:44",7855700
12.5,0.05,1000,"sd","14:24:44",7855500
12.5,0.05,1000,"sd","14:24:39",7854500
12.55,0.1,1000,"bu","14:24:38",7853500
12.5,0.05,1000,"sd","14:24:38",7852500
12.5,0.05,1000,"sd","14:24:35",7851500
12.5,0.05,800,"sd","14:24:30",7850500
12.5,0.05,100,"sd","14:24:30",7849700
12.55,0.1,1300,"bu","14:24:26",7849600
12.55,0.1,200,"bu","14:24:21",7848300
12.5,0.05,300,"sd","14:24:18",7848100
12.5,0.05,300,"sd","14:24:17",7847800
12.5,0.05,1300,"sd","14:24:15",7847500
12.5,0.05,2700,"sd","14:24:15",7846200
12.5,0.05,2300,"sd","14:23:55",7843500
12.5,0.05,7700,"sd","14:23:55",7841200
12.5,0.05,300,"sd","14:23:53",7833500
12.5,0.05,1100,"sd","14:23:53",7833200
12.5,0.05,2600,"sd","14:23:44",7832100
12.55,0.1,1900,"bu","14:23:41",7829500
12.5,0.05,100,"sd","14:23:37",7827600
12.55,0.1,1500,"bu","14:23:33",7827500
12.55,0.1,100,"bu","14:23:31",7826000
12.5,0.05,1200,"sd","14:23:27",7825900
12.5,0.05,300,"sd","14:23:27",7824700
12.5,0.05,1000,"sd","14:23:27",7824400
12.5,0.05,500,"sd","14:23:27",7823400
12.5,0.05,1000,"sd","14:23:27",7822900
12.5,0.05,1000,"sd","14:23:27",7821900
12.55,0.1,1000,"bu","14:23:17",7820900
12.55,0.1,1600,"bu","14:23:08",7819900
12.55,0.1,100,"bu","14:23:08",7818300
12.55,0.1,2000,"bu","14:23:08",7818200
12.55,0.1,2000,"bu","14:23:08",7816200
12.55,0.1,1300,"bu","14:23:08",7814200
12.5,0.05,9000,"bu","14:23:02",7812900
12.5,0.05,500,"sd","14:22:56",7803900
12.5,0.05,100,"sd","14:22:56",7803400
12.5,0.05,3000,"sd","14:22:56",7803300
12.5,0.05,200,"sd","14:22:56",7800300
12.5,0.05,2000,"sd","14:22:56",7800100
12.5,0.05,300,"sd","14:22:56",7798100
12.5,0.05,300,"sd","14:22:56",7797800
12.5,0.05,1000,"sd","14:22:56",7797500
12.5,0.05,1200,"sd","14:22:56",7796500
12.5,0.05,500,"sd","14:22:56",7795300
12.5,0.05,800,"sd","14:22:56",7794800
12.5,0.05,400,"sd","14:22:56",7794000
12.5,0.05,100,"sd","14:22:56",7793600
12.5,0.05,500,"sd","14:22:56",7793500
12.5,0.05,100,"sd","14:22:56",7793000
12.55,0.1,500,"bu","14:22:55",7792900
12.55,0.1,1200,"bu","14:22:52",7792400
12.55,0.1,1100,"bu","14:22:52",7791200
12.55,0.1,200,"bu","14:22:52",7790100
12.55,0.1,800,"bu","14:22:52",7789900
12.55,0.1,300,"bu","14:22:52",7789100
12.55,0.1,400,"bu","14:22:52",7788800
12.55,0.1,1000,"bu","14:22:52",7788400
12.5,0.05,900,"sd","14:22:46",7787400
12.5,0.05,500,"sd","14:22:37",7786500
12.5,0.05,400,"sd","14:22:36",7786000
12.5,0.05,500,"sd","14:22:36",7785600
12.5,0.05,1000,"sd","14:22:33",7785100
12.5,0.05,900,"bu","14:22:19",7784100
12.5,0.05,500,"bu","14:22:19",7783200
12.5,0.05,500,"bu","14:22:19",7782700
12.5,0.05,1100,"bu","14:22:19",7782200
12.5,0.05,2000,"bu","14:22:19",7781100
12.5,0.05,1000,"bu","14:22:19",7779100
12.5,0.05,500,"bu","14:22:19",7778100
12.5,0.05,500,"bu","14:22:19",7777600
12.5,0.05,1000,"bu","14:22:19",7777100
12.5,0.05,1000,"bu","14:22:19",7776100
12.5,0.05,2500,"bu","14:22:19",7775100
12.5,0.05,2500,"bu","14:22:19",7772600
12.5,0.05,100,"bu","14:22:18",7770100
12.5,0.05,900,"bu","14:22:14",7770000
12.5,0.05,4000,"bu","14:22:14",7769100
12.5,0.05,1000,"bu","14:22:14",7765100
12.5,0.05,100,"bu","14:22:14",7764100
12.5,0.05,300,"bu","14:22:14",7764000
12.5,0.05,300,"bu","14:22:14",7763700
12.5,0.05,10000,"bu","14:22:14",7763400
12.5,0.05,2000,"bu","14:22:14",7753400
12.5,0.05,500,"bu","14:22:14",7751400
12.5,0.05,1800,"bu","14:22:14",7750900
12.5,0.05,200,"bu","14:22:13",7749100
12.5,0.05,200,"bu","14:22:13",7748900
12.5,0.05,4600,"bu","14:22:13",7748700
12.5,0.05,5000,"bu","14:22:13",7744100
12.5,0.05,1000,"bu","14:22:09",7739100
12.5,0.05,5000,"bu","14:22:09",7738100
12.5,0.05,1000,"bu","14:22:09",7733100
12.5,0.05,1000,"bu","14:22:09",7732100
12.5,0.05,400,"bu","14:22:09",7731100
12.5,0.05,500,"bu","14:22:09",7730700
12.5,0.05,1000,"bu","14:22:09",7730200
12.5,0.05,100,"bu","14:22:09",7729200
12.45,0,100,"sd","14:22:09",7729100
12.45,0,3000,"sd","14:21:51",7729000
12.45,0,20000,"sd","14:21:51",7726000
12.45,0,1000,"sd","14:21:51",7706000
12.45,0,3000,"sd","14:21:51",7705000
12.45,0,10000,"sd","14:21:51",7702000
12.45,0,100,"sd","14:21:51",7692000
12.45,0,300,"sd","14:21:51",7691900
12.45,0,3000,"sd","14:21:51",7691600
12.45,0,100,"bu","14:21:51",7688600
12.45,0,1000,"bu","14:21:51",7688500
12.45,0,200,"bu","14:21:51",7687500
12.45,0,300,"bu","14:21:51",7687300
12.4,-0.05,600,"sd","14:21:45",7687000
12.4,-0.05,19100,"sd","14:21:16",7686400
12.4,-0.05,200,"bu","14:20:58",7667300
12.4,-0.05,300,"bu","14:20:58",7667100
12.4,-0.05,500,"bu","14:20:58",7666800
12.4,-0.05,100,"bu","14:20:58",7666300
12.4,-0.05,20000,"bu","14:20:58",7666200
12.4,-0.05,300,"bu","14:20:58",7646200
12.35,-0.1,100,"sd","14:20:46",7645900
12.35,-0.1,500,"sd","14:20:19",7645800
12.4,-0.05,700,"bu","14:20:17",7645300
12.4,-0.05,200,"bu","14:20:14",7644600
12.4,-0.05,100,"bu","14:20:14",7644400
12.4,-0.05,2000,"bu","14:20:14",7644300
12.4,-0.05,100,"bu","14:20:14",7642300
12.4,-0.05,300,"bu","14:20:14",7642200
12.4,-0.05,1000,"bu","14:20:14",7641900
12.4,-0.05,100,"bu","14:20:14",7640900
12.4,-0.05,100,"bu","14:20:07",7640800
12.35,-0.1,100,"unknown","14:20:00",7640700
12.35,-0.1,100,"unknown","14:20:00",7640600
12.35,-0.1,100,"bu","14:20:00",7640500
12.35,-0.1,200,"bu","14:20:00",7640400
12.35,-0.1,100,"bu","14:20:00",7640200
12.35,-0.1,100,"bu","14:19:56",7640100
12.35,-0.1,200,"bu","14:19:56",7640000
12.35,-0.1,1800,"bu","14:19:41",7639800
12.35,-0.1,200,"bu","14:19:41",7638000
12.35,-0.1,1000,"bu","14:19:41",7637800
12.35,-0.1,800,"bu","14:19:38",7636800
12.35,-0.1,100,"bu","14:19:38",7636000
12.35,-0.1,1000,"bu","14:19:38",7635900
12.35,-0.1,100,"bu","14:19:38",7634900
12.35,-0.1,900,"bu","14:19:36",7634800
12.35,-0.1,100,"bu","14:19:36",7633900
12.35,-0.1,500,"bu","14:19:33",7633800
12.35,-0.1,400,"bu","14:19:31",7633300
12.35,-0.1,100,"bu","14:19:31",7632900
12.35,-0.1,100,"bu","14:19:31",7632800
12.35,-0.1,100,"bu","14:19:31",7632700
12.35,-0.1,9900,"bu","14:19:30",7632600
12.35,-0.1,100,"bu","14:19:30",7622700
12.3,-0.15,100,"bu","14:19:19",7622600
12.3,-0.15,200,"bu","14:19:18",7622500
12.3,-0.15,800,"bu","14:19:18",7622300
12.3,-0.15,200,"bu","14:19:16",7621500
12.3,-0.15,100,"bu","14:19:16",7621300
12.3,-0.15,1000,"bu","14:19:16",7621200
12.3,-0.15,100,"bu","14:19:16",7620200
12.3,-0.15,300,"bu","14:19:16",7620100
12.3,-0.15,100,"bu","14:19:16",7619800
12.3,-0.15,900,"bu","14:19:16",7619700
12.3,-0.15,100,"bu","14:19:14",7618800
12.3,-0.15,1000,"bu","14:19:14",7618700
12.3,-0.15,2500,"bu","14:19:14",7617700
12.3,-0.15,1400,"bu","14:19:14",7615200
12.25,-0.2,100,"sd","14:19:13",7613800
12.3,-0.15,10000,"bu","14:19:10",7613700
12.3,-0.15,5000,"bu","14:19:06",7603700
12.3,-0.15,600,"bu","14:19:00",7598700
12.3,-0.15,2000,"bu","14:19:00",7598100
12.3,-0.15,1000,"bu","14:19:00",7596100
12.3,-0.15,100,"bu","14:19:00",7595100
12.3,-0.15,1300,"bu","14:19:00",7595000
12.25,-0.2,2000,"sd","14:18:42",7593700
12.3,-0.15,1700,"bu","14:18:31",7591700
12.3,-0.15,500,"bu","14:18:31",7590000
12.3,-0.15,800,"bu","14:18:31",7589500
12.25,-0.2,1000,"sd","14:18:28",7588700
12.25,-0.2,300,"sd","14:18:28",7587700
12.25,-0.2,100,"sd","14:18:18",7587400
12.25,-0.2,100,"sd","14:18:15",7587300
12.3,-0.15,200,"bu","14:18:13",7587200
12.3,-0.15,4000,"bu","14:18:13",7587000
12.3,-0.15,300,"bu","14:18:13",7583000
12.25,-0.2,500,"sd","14:18:13",7582700
12.25,-0.2,500,"sd","14:18:13",7582200
12.2,-0.25,200,"sd","14:18:06",7581700
12.2,-0.25,100,"sd","14:18:06",7581500
12.25,-0.2,1100,"sd","14:18:06",7581400
12.25,-0.2,400,"bu","14:18:04",7580300
12.25,-0.2,1000,"bu","14:18:02",7579900
12.25,-0.2,100,"bu","14:17:54",7578900
12.25,-0.2,900,"bu","14:17:54",7578800
12.25,-0.2,200,"bu","14:17:46",7577900
12.2,-0.25,400,"sd","14:17:45",7577700
12.2,-0.25,500,"sd","14:17:45",7577300
12.2,-0.25,200,"sd","14:17:45",7576800
12.25,-0.2,100,"bu","14:17:39",7576600
12.25,-0.2,1600,"bu","14:17:35",7576500
12.25,-0.2,2200,"bu","14:17:33",7574900
12.25,-0.2,800,"bu","14:17:33",7572700
12.2,-0.25,100,"sd","14:17:29",7571900
12.25,-0.2,100,"bu","14:17:28",7571800
12.2,-0.25,1200,"sd","14:17:15",7571700
12.2,-0.25,500,"sd","14:17:15",7570500
12.2,-0.25,100,"sd","14:17:15",7570000
12.2,-0.25,400,"sd","14:17:15",7569900
12.2,-0.25,2300,"sd","14:17:15",7569500
12.25,-0.2,500,"sd","14:17:15",7567200
12.25,-0.2,500,"bu","14:17:07",7566700
12.25,-0.2,100,"bu","14:17:07",7566200
12.25,-0.2,900,"bu","14:17:07",7566100
12.25,-0.2,500,"bu","14:17:07",7565200
12.2,-0.25,100,"sd","14:16:37",7564700
12.2,-0.25,600,"bu","14:16:34",7564600
12.2,-0.25,300,"bu","14:16:29",7564000
12.15,-0.3,100,"sd","14:16:28",7563700
12.2,-0.25,100,"bu","14:16:27",7563600
12.2,-0.25,300,"bu","14:16:25",7563500
12.2,-0.25,1000,"bu","14:16:22",7563200
12.2,-0.25,1000,"bu","14:16:17",7562200
12.2,-0.25,500,"bu","14:16:15",7561200
12.2,-0.25,1500,"bu","14:16:12",7560700
12.2,-0.25,100,"bu","14:16:12",7559200
12.2,-0.25,600,"bu","14:16:12",7559100
12.2,-0.25,1000,"bu","14:16:12",7558500
12.2,-0.25,400,"bu","14:16:12",7557500
12.2,-0.25,3000,"bu","14:16:12",7557100
12.2,-0.25,3000,"bu","14:16:11",7554100
12.2,-0.25,100,"bu","14:16:03",7551100
12.15,-0.3,800,"sd","14:16:02",7551000
12.15,-0.3,200,"sd","14:16:02",7550200
12.2,-0.25,1000,"bu","14:16:00",7550000
12.2,-0.25,800,"bu","14:15:56",7549000
12.2,-0.25,2000,"bu","14:15:41",7548200
12.2,-0.25,100,"bu","14:15:21",7546200
12.15,-0.3,100,"sd","14:15:21",7546100
12.15,-0.3,400,"sd","14:15:03",7546000
12.15,-0.3,300,"bu","14:14:55",7545600
12.15,-0.3,3700,"bu","14:14:55",7545300
12.15,-0.3,100,"bu","14:14:55",7541600
12.15,-0.3,1200,"bu","14:14:55",7541500
12.15,-0.3,1300,"bu","14:14:54",7540300
12.15,-0.3,200,"bu","14:14:54",7539000
12.1,-0.35,100,"sd","14:14:54",7538800
12.15,-0.3,5000,"bu","14:14:53",7538700
12.1,-0.35,1100,"sd","14:14:52",7533700
12.15,-0.3,300,"bu","14:14:52",7532600
12.15,-0.3,500,"bu","14:14:50",7532300
12.15,-0.3,12000,"bu","14:14:44",7531800
12.1,-0.35,1000,"sd","14:14:41",7519800
12.1,-0.35,200,"sd","14:14:40",7518800
12.1,-0.35,1000,"sd","14:14:34",7518600
12.1,-0.35,100,"sd","14:14:28",7517600
12.1,-0.35,100,"sd","14:14:20",7517500
12.1,-0.35,200,"sd","14:14:20",7517400
12.15,-0.3,2000,"bu","14:14:19",7517200
12.05,-0.4,1800,"sd","14:14:12",7515200
12.1,-0.35,200,"sd","14:14:12",7513400
12.1,-0.35,100,"bu","14:14:10",7513200
12.1,-0.35,900,"sd","14:14:09",7513100
12.1,-0.35,1100,"sd","14:14:06",7512200
12.1,-0.35,1900,"sd","14:14:06",7511100
12.1,-0.35,100,"sd","14:14:06",7509200
12.1,-0.35,300,"bu","14:14:05",7509100
12.1,-0.35,1000,"bu","14:14:05",7508800
12.1,-0.35,4000,"bu","14:14:05",7507800
12.1,-0.35,100,"bu","14:14:05",7503800
12.1,-0.35,300,"bu","14:14:05",7503700
12.1,-0.35,500,"bu","14:14:05",7503400
12.1,-0.35,100,"bu","14:14:05",7502900
12.1,-0.35,500,"bu","14:14:05",7502800
12.1,-0.35,200,"bu","14:14:05",7502300
12.1,-0.35,1000,"bu","14:14:05",7502100
12.1,-0.35,1000,"bu","14:14:04",7501100
12.1,-0.35,100,"bu","14:14:04",7500100
12.1,-0.35,1000,"bu","14:14:02",7500000
12.1,-0.35,400,"bu","14:13:53",7499000
12.1,-0.35,200,"bu","14:13:53",7498600
12.1,-0.35,2400,"bu","14:13:53",7498400
12.05,-0.4,6300,"sd","14:13:51",7496000
12.05,-0.4,300,"sd","14:13:48",7489700
12.05,-0.4,3000,"sd","14:13:48",7489400
12.05,-0.4,700,"bu","14:13:46",7486400
12.05,-0.4,200,"sd","14:13:45",7485700
12.05,-0.4,100,"bu","14:13:42",7485500
12.05,-0.4,3000,"bu","14:13:42",7485400
12.05,-0.4,100,"bu","14:13:42",7482400
12.05,-0.4,100,"bu","14:13:42",7482300
12.05,-0.4,2000,"bu","14:13:42",7482200
12.05,-0.4,14500,"bu","14:13:42",7480200
12.05,-0.4,500,"bu","14:13:41",7465700
12,-0.45,800,"sd","14:13:38",7465200
12.05,-0.4,500,"bu","14:13:37",7464400
12.05,-0.4,2500,"bu","14:13:28",7463900
12,-0.45,400,"sd","14:13:27",7461400
12,-0.45,300,"sd","14:13:27",7461000
12,-0.45,100,"sd","14:13:27",7460700
12,-0.45,300,"sd","14:13:27",7460600
12,-0.45,300,"sd","14:13:27",7460300
12,-0.45,3000,"sd","14:13:27",7460000
12.05,-0.4,1000,"bu","14:13:26",7457000
12.05,-0.4,600,"bu","14:13:23",7456000
12.05,-0.4,100,"bu","14:13:22",7455400
12.05,-0.4,300,"bu","14:13:21",7455300
12,-0.45,2000,"sd","14:13:19",7455000
12.05,-0.4,200,"bu","14:13:18",7453000
12,-0.45,1700,"sd","14:13:15",7452800
12,-0.45,200,"sd","14:13:09",7451100
12.05,-0.4,100,"bu","14:13:05",7450900
12,-0.45,10000,"sd","14:12:58",7450800
12,-0.45,2500,"sd","14:12:54",7440800
12,-0.45,10600,"sd","14:12:53",7438300
12,-0.45,3000,"sd","14:12:53",7427700
12,-0.45,1000,"sd","14:12:53",7424700
12,-0.45,200,"sd","14:12:53",7423700
12,-0.45,100,"sd","14:12:53",7423500
12,-0.45,5000,"sd","14:12:53",7423400
12,-0.45,1000,"sd","14:12:53",7418400
12,-0.45,500,"sd","14:12:53",7417400
12,-0.45,300,"sd","14:12:53",7416900
12,-0.45,200,"sd","14:12:53",7416600
12,-0.45,22600,"sd","14:12:53",7416400
12.05,-0.4,800,"sd","14:12:53",7393800
12.05,-0.4,4700,"sd","14:12:53",7393000
12.05,-0.4,300,"sd","14:12:53",7388300
12.05,-0.4,700,"sd","14:12:53",7388000
12.05,-0.4,30000,"sd","14:12:52",7387300
12.05,-0.4,30000,"sd","14:12:48",7357300
12.1,-0.35,1500,"bu","14:12:48",7327300
12.05,-0.4,1100,"sd","14:12:47",7325800
12.05,-0.4,100,"sd","14:12:44",7324700
12.05,-0.4,5000,"sd","14:12:40",7324600
12.05,-0.4,5000,"sd","14:12:38",7319600
12.05,-0.4,3000,"sd","14:12:36",7314600
12.05,-0.4,2000,"sd","14:12:35",7311600
12.05,-0.4,2000,"sd","14:12:33",7309600
12.05,-0.4,1600,"sd","14:12:33",7307600
12.05,-0.4,5000,"bu","14:12:32",7306000
12.05,-0.4,1000,"bu","14:12:32",7301000
12.05,-0.4,100,"bu","14:12:32",7300000
12.05,-0.4,10000,"bu","14:12:32",7299900
12.05,-0.4,2000,"bu","14:12:32",7289900
12.05,-0.4,400,"bu","14:12:32",7287900
12.05,-0.4,1000,"bu","14:12:32",7287500
12,-0.45,300,"sd","14:12:25",7286500
12,-0.45,5000,"sd","14:12:23",7286200
12,-0.45,1000,"sd","14:12:21",7281200
12,-0.45,200,"sd","14:12:19",7280200
12,-0.45,600,"sd","14:12:18",7280000
12,-0.45,200,"sd","14:12:17",7279400
12,-0.45,1000,"sd","14:12:17",7279200
12,-0.45,10900,"sd","14:12:13",7278200
12,-0.45,2000,"sd","14:12:10",7267300
12,-0.45,2000,"sd","14:12:08",7265300
12,-0.45,4200,"sd","14:12:08",7263300
12,-0.45,5000,"sd","14:12:08",7259100
12,-0.45,200,"sd","14:12:08",7254100
12,-0.45,100,"sd","14:12:08",7253900
12,-0.45,500,"sd","14:12:08",7253800
12.05,-0.4,1000,"bu","14:12:06",7253300
12,-0.45,500,"sd","14:12:04",7252300
12,-0.45,1000,"sd","14:12:03",7251800
12,-0.45,100,"sd","14:12:03",7250800
12,-0.45,3900,"sd","14:12:03",7250700
12.05,-0.4,500,"bu","14:11:58",7246800
12,-0.45,1100,"sd","14:11:57",7246300
12,-0.45,500,"sd","14:11:57",7245200
12,-0.45,1000,"sd","14:11:57",7244700
12,-0.45,2000,"sd","14:11:57",7243700
12,-0.45,100,"sd","14:11:57",7241700
12,-0.45,400,"sd","14:11:57",7241600
12,-0.45,500,"sd","14:11:57",7241200
12,-0.45,100,"sd","14:11:57",7240700
12,-0.45,2900,"sd","14:11:57",7240600
12,-0.45,1000,"sd","14:11:57",7237700
12,-0.45,500,"sd","14:11:57",7236700
12,-0.45,5000,"sd","14:11:57",7236200
12,-0.45,400,"sd","14:11:57",7231200
12,-0.45,100,"sd","14:11:57",7230800
12,-0.45,500,"sd","14:11:57",7230700
12,-0.45,600,"sd","14:11:56",7230200
12,-0.45,1500,"sd","14:11:55",7229600
12.05,-0.4,5000,"unknown","14:11:48",7228100
12.05,-0.4,1000,"sd","14:11:48",7223100
12.05,-0.4,500,"sd","14:11:48",7222100
12.05,-0.4,1800,"sd","14:11:48",7221600
12.05,-0.4,21000,"sd","14:11:48",7219800
12.05,-0.4,1000,"sd","14:11:48",7198800
12.05,-0.4,1000,"sd","14:11:48",7197800
12.05,-0.4,5000,"sd","14:11:48",7196800
12.05,-0.4,3000,"sd","14:11:47",7191800
12.05,-0.4,500,"sd","14:11:47",7188800
12.05,-0.4,100,"sd","14:11:47",7188300
12.05,-0.4,2000,"sd","14:11:47",7188200
12.05,-0.4,700,"sd","14:11:45",7186200
12.05,-0.4,100,"sd","14:11:45",7185500
12.05,-0.4,5000,"sd","14:11:45",7185400
12.05,-0.4,2000,"sd","14:11:45",7180400
12.05,-0.4,200,"sd","14:11:45",7178400
12.05,-0.4,3900,"sd","14:11:45",7178200
12.05,-0.4,5000,"sd","14:11:44",7174300
12.05,-0.4,100,"sd","14:11:40",7169300
12.05,-0.4,200,"sd","14:11:36",7169200
12.05,-0.4,800,"sd","14:11:31",7169000
12.05,-0.4,200,"sd","14:11:31",7168200
12.05,-0.4,300,"sd","14:11:30",7168000
12.1,-0.35,200,"bu","14:11:24",7167700
12.1,-0.35,5900,"sd","14:11:17",7167500
12.1,-0.35,4500,"sd","14:11:16",7161600
12.1,-0.35,2000,"sd","14:11:15",7157100
12.1,-0.35,100,"sd","14:11:14",7155100
12.1,-0.35,4000,"sd","14:11:13",7155000
12.1,-0.35,10000,"sd","14:11:11",7151000
12.1,-0.35,2800,"sd","14:11:10",7141000
12.1,-0.35,400,"bu","14:11:10",7138200
12.1,-0.35,500,"bu","14:11:10",7137800
12.1,-0.35,2000,"bu","14:11:10",7137300
12.1,-0.35,1000,"bu","14:11:10",7135300
12.1,-0.35,10000,"bu","14:11:10",7134300
12.1,-0.35,1000,"bu","14:11:10",7124300
12.1,-0.35,5000,"bu","14:11:10",7123300
12.1,-0.35,800,"bu","14:11:10",7118300
12.1,-0.35,8800,"sd","14:10:58",7117500
12.1,-0.35,900,"sd","14:10:58",7108700
12.1,-0.35,1200,"sd","14:10:58",7107800
12.1,-0.35,100,"sd","14:10:58",7106600
12.1,-0.35,500,"sd","14:10:58",7106500
12.1,-0.35,200,"sd","14:10:58",7106000
12.1,-0.35,500,"sd","14:10:58",7105800
12.1,-0.35,2700,"sd","14:10:58",7105300
12.1,-0.35,2300,"sd","14:10:56",7102600
12.1,-0.35,300,"sd","14:10:56",7100300
12.1,-0.35,400,"sd","14:10:56",7100000
12.1,-0.35,4600,"sd","14:10:56",7099600
12.1,-0.35,1000,"sd","14:10:56",7095000
12.1,-0.35,500,"sd","14:10:56",7094000
12.1,-0.35,100,"sd","14:10:56",7093500
12.1,-0.35,500,"sd","14:10:56",7093400
12.1,-0.35,500,"sd","14:10:56",7092900
12.1,-0.35,500,"sd","14:10:56",7092400
12.1,-0.35,1000,"sd","14:10:56",7091900
12.1,-0.35,100,"sd","14:10:56",7090900
12.1,-0.35,100,"sd","14:10:56",7090800
12.1,-0.35,500,"sd","14:10:56",7090700
12.1,-0.35,3000,"sd","14:10:56",7090200
12.1,-0.35,5000,"sd","14:10:56",7087200
12.1,-0.35,1000,"sd","14:10:56",7082200
12.1,-0.35,1000,"sd","14:10:56",7081200
12.1,-0.35,3000,"sd","14:10:56",7080200
12.1,-0.35,500,"sd","14:10:56",7077200
12.1,-0.35,2000,"sd","14:10:56",7076700
12.1,-0.35,100,"sd","14:10:56",7074700
12.1,-0.35,1000,"sd","14:10:56",7074600
12.1,-0.35,1000,"sd","14:10:56",7073600
12.1,-0.35,100,"sd","14:10:56",7072600
12.1,-0.35,100,"sd","14:10:56",7072500
12.1,-0.35,700,"sd","14:10:56",7072400
12.1,-0.35,500,"sd","14:10:56",7071700
12.1,-0.35,1000,"sd","14:10:56",7071200
12.1,-0.35,500,"sd","14:10:56",7070200
12.1,-0.35,2000,"sd","14:10:56",7069700
12.1,-0.35,1300,"sd","14:10:55",7067700
12.1,-0.35,300,"sd","14:10:55",7066400
12.1,-0.35,400,"sd","14:10:55",7066100
12.1,-0.35,500,"sd","14:10:53",7065700
12.1,-0.35,400,"sd","14:10:53",7065200
12.1,-0.35,300,"sd","14:10:51",7064800
12.1,-0.35,5000,"sd","14:10:51",7064500
12.1,-0.35,10000,"sd","14:10:51",7059500
12.1,-0.35,3700,"sd","14:10:51",7049500
12.1,-0.35,100,"sd","14:10:51",7045800
12.1,-0.35,300,"sd","14:10:51",7045700
12.1,-0.35,600,"sd","14:10:51",7045400
12.1,-0.35,400,"sd","14:10:51",7044800
12.1,-0.35,200,"sd","14:10:51",7044400
12.1,-0.35,700,"sd","14:10:50",7044200
12.1,-0.35,300,"sd","14:10:49",7043500
12.1,-0.35,2000,"sd","14:10:49",7043200
12.1,-0.35,2700,"sd","14:10:49",7041200
12.1,-0.35,2000,"sd","14:10:49",7038500
12.1,-0.35,300,"sd","14:10:49",7036500
12.1,-0.35,200,"sd","14:10:49",7036200
12.1,-0.35,2800,"sd","14:10:47",7036000
12.1,-0.35,100,"sd","14:10:47",7033200
12.1,-0.35,2000,"sd","14:10:47",7033100
12.1,-0.35,100,"sd","14:10:47",7031100
12.1,-0.35,900,"sd","14:10:46",7031000
12.1,-0.35,1000,"sd","14:10:46",7030100
12.1,-0.35,1100,"sd","14:10:46",7029100
12.1,-0.35,2000,"sd","14:10:44",7028000
12.1,-0.35,500,"sd","14:10:43",7026000
12.1,-0.35,5000,"sd","14:10:43",7025500
12.1,-0.35,1400,"sd","14:10:42",7020500
12.1,-0.35,100,"sd","14:10:42",7019100
12.1,-0.35,100,"sd","14:10:42",7019000
12.1,-0.35,100,"sd","14:10:42",7018900
12.1,-0.35,800,"sd","14:10:42",7018800
12.1,-0.35,500,"sd","14:10:42",7018000
12.1,-0.35,4000,"sd","14:10:42",7017500
12.1,-0.35,4200,"sd","14:10:42",7013500
12.1,-0.35,30000,"sd","14:10:41",7009300
12.1,-0.35,100,"sd","14:10:38",6979300
12.1,-0.35,5000,"sd","14:10:38",6979200
12.1,-0.35,1000,"sd","14:10:31",6974200
12.15,-0.3,1000,"sd","14:10:28",6973200
12.15,-0.3,500,"sd","14:10:28",6972200
12.15,-0.3,200,"sd","14:10:28",6971700
12.15,-0.3,6000,"sd","14:10:28",6971500
12.15,-0.3,100,"sd","14:10:28",6965500
12.15,-0.3,100,"sd","14:10:28",6965400
12.15,-0.3,1900,"sd","14:10:28",6965300
12.15,-0.3,1000,"sd","14:10:28",6963400
12.15,-0.3,2000,"sd","14:10:28",6962400
12.15,-0.3,500,"sd","14:10:28",6960400
12.15,-0.3,7000,"sd","14:10:28",6959900
12.15,-0.3,100,"sd","14:10:28",6952900
12.15,-0.3,3000,"sd","14:10:28",6952800
12.15,-0.3,300,"sd","14:10:28",6949800
12.15,-0.3,4400,"sd","14:10:28",6949500
12.15,-0.3,500,"sd","14:10:28",6945100
12.15,-0.3,500,"sd","14:10:26",6944600
12.15,-0.3,100,"sd","14:10:17",6944100
12.15,-0.3,900,"sd","14:10:17",6944000
12.2,-0.25,1000,"bu","14:10:17",6943100
12.2,-0.25,200,"bu","14:10:17",6942100
12.2,-0.25,100,"bu","14:10:17",6941900
12.2,-0.25,900,"bu","14:10:17",6941800
12.2,-0.25,5000,"bu","14:10:17",6940900
12.2,-0.25,100,"bu","14:10:17",6935900
12.2,-0.25,100,"sd","14:10:17",6935800
12.2,-0.25,100,"sd","14:10:17",6935700
12.2,-0.25,300,"sd","14:10:17",6935600
12.2,-0.25,100,"sd","14:10:17",6935300
12.2,-0.25,100,"sd","14:10:17",6935200
12.2,-0.25,100,"sd","14:10:17",6935100
12.2,-0.25,1900,"sd","14:10:16",6935000
12.2,-0.25,300,"sd","14:10:16",6933100
12.2,-0.25,100,"sd","14:10:16",6932800
12.2,-0.25,13800,"sd","14:10:16",6932700
12.2,-0.25,16800,"sd","14:10:15",6918900
12.2,-0.25,1000,"sd","14:10:15",6902100
12.2,-0.25,20000,"sd","14:10:14",6901100
12.2,-0.25,800,"sd","14:10:14",6881100
12.2,-0.25,3000,"sd","14:10:13",6880300
12.2,-0.25,500,"sd","14:10:09",6877300
12.2,-0.25,30000,"sd","14:10:06",6876800
12.2,-0.25,5000,"sd","14:10:04",6846800
12.2,-0.25,1700,"sd","14:09:56",6841800
12.25,-0.2,100,"sd","14:09:37",6840100
12.25,-0.2,1200,"sd","14:09:37",6840000
12.25,-0.2,8700,"sd","14:09:37",6838800
12.25,-0.2,900,"sd","14:09:35",6830100
12.25,-0.2,4000,"sd","14:09:33",6829200
12.25,-0.2,3000,"sd","14:09:28",6825200
12.25,-0.2,12000,"sd","14:09:23",6822200
12.25,-0.2,5000,"sd","14:09:23",6810200
12.25,-0.2,1100,"sd","14:09:16",6805200
12.25,-0.2,300,"sd","14:09:13",6804100
12.25,-0.2,100,"sd","14:09:08",6803800
12.25,-0.2,1000,"sd","14:09:07",6803700
12.25,-0.2,2500,"sd","14:09:07",6802700
12.25,-0.2,5300,"sd","14:09:01",6800200
12.25,-0.2,1000,"sd","14:08:51",6794900
12.25,-0.2,1300,"sd","14:08:50",6793900
12.25,-0.2,1000,"sd","14:08:46",6792600
12.25,-0.2,19000,"sd","14:08:41",6791600
12.25,-0.2,2000,"sd","14:08:37",6772600
12.25,-0.2,1000,"sd","14:08:34",6770600
12.25,-0.2,2000,"sd","14:08:33",6769600
12.25,-0.2,2000,"sd","14:08:32",6767600
12.25,-0.2,1000,"bu","14:08:23",6765600
12.25,-0.2,2300,"bu","14:08:23",6764600
12.25,-0.2,1900,"bu","14:08:23",6762300
12.25,-0.2,4600,"bu","14:08:23",6760400
12.25,-0.2,10000,"bu","14:08:23",6755800
12.25,-0.2,7000,"bu","14:08:23",6745800
12.25,-0.2,100,"bu","14:08:17",6738800
12.2,-0.25,7400,"sd","14:08:10",6738700
12.2,-0.25,600,"sd","14:08:10",6731300
12.2,-0.25,1500,"sd","14:08:10",6730700
12.2,-0.25,500,"sd","14:08:10",6729200
12.2,-0.25,2000,"sd","14:08:10",6728700
12.2,-0.25,100,"sd","14:08:10",6726700
12.2,-0.25,7000,"sd","14:08:10",6726600
12.2,-0.25,200,"sd","14:08:10",6719600
12.2,-0.25,700,"sd","14:08:10",6719400
12.2,-0.25,100,"sd","14:08:02",6718700
12.25,-0.2,100,"bu","14:07:55",6718600
12.25,-0.2,400,"bu","14:07:43",6718500
12.25,-0.2,100,"bu","14:07:33",6718100
12.25,-0.2,100,"sd","14:07:30",6718000
12.25,-0.2,600,"sd","14:07:30",6717900
12.25,-0.2,500,"sd","14:07:30",6717300
12.25,-0.2,1000,"sd","14:07:30",6716800
12.25,-0.2,100,"sd","14:07:30",6715800
12.25,-0.2,400,"sd","14:07:27",6715700
12.25,-0.2,600,"sd","14:07:27",6715300
12.25,-0.2,2400,"sd","14:07:27",6714700
12.25,-0.2,100,"sd","14:07:27",6712300
12.25,-0.2,100,"sd","14:07:27",6712200
12.25,-0.2,500,"sd","14:07:27",6712100
12.25,-0.2,100,"sd","14:07:27",6711600
12.25,-0.2,100,"sd","14:07:27",6711500
12.25,-0.2,3000,"sd","14:07:27",6711400
12.25,-0.2,500,"sd","14:07:27",6708400
12.25,-0.2,500,"sd","14:07:27",6707900
12.25,-0.2,100,"sd","14:07:27",6707400
12.25,-0.2,2600,"sd","14:07:27",6707300
12.25,-0.2,45000,"sd","14:07:21",6704700
12.3,-0.15,100,"bu","14:07:07",6659700
12.25,-0.2,600,"sd","14:07:04",6659600
12.25,-0.2,2000,"sd","14:06:47",6659000
12.25,-0.2,2000,"sd","14:06:34",6657000
12.25,-0.2,5000,"sd","14:06:29",6655000
12.25,-0.2,400,"sd","14:06:27",6650000
12.25,-0.2,4000,"sd","14:06:04",6649600
12.25,-0.2,300,"sd","14:05:41",6645600
12.25,-0.2,1000,"sd","14:05:34",6645300
12.25,-0.2,2900,"sd","14:05:34",6644300
12.3,-0.15,100,"bu","14:05:30",6641400
12.25,-0.2,300,"sd","14:05:25",6641300
12.3,-0.15,400,"bu","14:05:25",6641000
12.25,-0.2,5000,"sd","14:05:15",6640600
12.25,-0.2,10000,"sd","14:05:02",6635600
12.3,-0.15,100,"bu","14:04:46",6625600
12.25,-0.2,1000,"sd","14:04:27",6625500
12.25,-0.2,200,"sd","14:03:56",6624500
12.25,-0.2,400,"sd","14:03:37",6624300
12.25,-0.2,1500,"sd","14:03:31",6623900
12.25,-0.2,200,"sd","14:03:23",6622400
12.3,-0.15,100,"bu","14:03:23",6622200
12.3,-0.15,100,"bu","14:03:03",6622100
12.3,-0.15,3800,"bu","14:02:26",6622000
12.3,-0.15,300,"bu","14:02:26",6618200
12.3,-0.15,900,"bu","14:02:26",6617900
12.25,-0.2,500,"sd","14:02:11",6617000
12.25,-0.2,500,"sd","14:02:03",6616500
12.25,-0.2,1000,"sd","14:01:56",6616000
12.3,-0.15,100,"bu","14:01:15",6615000
12.3,-0.15,100,"bu","14:01:15",6614900
12.3,-0.15,100,"bu","14:01:14",6614800
12.3,-0.15,100,"bu","14:01:14",6614700
12.3,-0.15,100,"bu","14:00:57",6614600
12.3,-0.15,200,"bu","14:00:57",6614500
12.3,-0.15,100,"bu","14:00:49",6614300
12.3,-0.15,700,"bu","14:00:48",6614200
12.3,-0.15,700,"bu","14:00:48",6613500
12.3,-0.15,1000,"bu","14:00:48",6612800
12.3,-0.15,100,"bu","14:00:48",6611800
12.3,-0.15,1000,"bu","14:00:48",6611700
12.3,-0.15,2000,"bu","14:00:23",6610700
12.25,-0.2,100,"sd","14:00:14",6608700
12.3,-0.15,3000,"bu","14:00:02",6608600
12.25,-0.2,400,"sd","14:00:01",6605600
12.25,-0.2,500,"sd","13:59:16",6605200
12.25,-0.2,1000,"sd","13:59:00",6604700
12.25,-0.2,1000,"sd","13:58:49",6603700
12.25,-0.2,400,"bu","13:58:42",6602700
12.25,-0.2,9100,"bu","13:58:42",6602300
12.25,-0.2,100,"bu","13:58:42",6593200
12.25,-0.2,1000,"bu","13:58:42",6593100
12.2,-0.25,200,"sd","13:58:38",6592100
12.25,-0.2,1000,"bu","13:58:25",6591900
12.25,-0.2,100,"bu","13:58:21",6590900
12.25,-0.2,600,"bu","13:58:12",6590800
12.25,-0.2,400,"bu","13:58:12",6590200
12.25,-0.2,100,"sd","13:58:04",6589800
12.25,-0.2,1900,"sd","13:57:58",6589700
12.25,-0.2,100,"sd","13:57:58",6587800
12.25,-0.2,2000,"sd","13:57:58",6587700
12.25,-0.2,100,"bu","13:57:42",6585700
12.25,-0.2,2900,"bu","13:57:42",6585600
12.2,-0.25,500,"sd","13:57:39",6582700
12.2,-0.25,200,"sd","13:57:27",6582200
12.25,-0.2,100,"bu","13:57:26",6582000
12.2,-0.25,100,"sd","13:57:18",6581900
12.25,-0.2,400,"bu","13:57:16",6581800
12.25,-0.2,4600,"bu","13:57:16",6581400
12.25,-0.2,1000,"bu","13:57:10",6576800
12.25,-0.2,1000,"bu","13:56:51",6575800
12.2,-0.25,200,"sd","13:56:46",6574800
12.25,-0.2,200,"bu","13:56:43",6574600
12.25,-0.2,1000,"sd","13:56:28",6574400
12.25,-0.2,200,"sd","13:56:28",6573400
12.25,-0.2,100,"sd","13:56:28",6573200
12.25,-0.2,1900,"sd","13:56:28",6573100
12.25,-0.2,40000,"sd","13:56:13",6571200
12.3,-0.15,100,"bu","13:56:09",6531200
12.25,-0.2,6000,"sd","13:56:07",6531100
12.3,-0.15,300,"bu","13:55:47",6525100
12.3,-0.15,2000,"bu","13:55:47",6524800
12.3,-0.15,200,"bu","13:55:47",6522800
12.3,-0.15,100,"bu","13:55:47",6522600
12.3,-0.15,900,"bu","13:55:47",6522500
12.3,-0.15,200,"bu","13:55:47",6521600
12.3,-0.15,300,"bu","13:55:47",6521400
12.3,-0.15,100,"bu","13:55:27",6521100
12.3,-0.15,200,"bu","13:55:23",6521000
12.3,-0.15,1000,"bu","13:55:05",6520800
12.3,-0.15,400,"bu","13:55:03",6519800
12.3,-0.15,4000,"bu","13:55:03",6519400
12.3,-0.15,100,"bu","13:55:03",6515400
12.25,-0.2,1600,"sd","13:54:55",6515300
12.25,-0.2,200,"bu","13:54:22",6513700
12.25,-0.2,100,"bu","13:54:22",6513500
12.25,-0.2,10000,"bu","13:54:22",6513400
12.25,-0.2,300,"bu","13:54:22",6503400
12.25,-0.2,39900,"bu","13:54:22",6503100
12.25,-0.2,10000,"bu","13:54:21",6463200
12.2,-0.25,300,"sd","13:53:58",6453200
12.2,-0.25,200,"sd","13:53:56",6452900
12.2,-0.25,100,"sd","13:53:56",6452700
12.2,-0.25,400,"sd","13:53:45",6452600
12.2,-0.25,500,"bu","13:53:28",6452200
12.2,-0.25,1500,"bu","13:53:13",6451700
12.2,-0.25,200,"bu","13:53:13",6450200
12.2,-0.25,200,"bu","13:53:13",6450000
12.2,-0.25,300,"bu","13:53:13",6449800
12.2,-0.25,100,"bu","13:53:06",6449500
12.15,-0.3,100,"sd","13:53:05",6449400
12.15,-0.3,1000,"sd","13:52:31",6449300
12.15,-0.3,8900,"bu","13:52:20",6448300
12.15,-0.3,100,"sd","13:52:18",6439400
12.15,-0.3,200,"sd","13:52:16",6439300
12.15,-0.3,300,"sd","13:52:05",6439100
12.1,-0.35,8400,"sd","13:51:44",6438800
12.1,-0.35,200,"sd","13:51:36",6430400
12.15,-0.3,100,"sd","13:51:36",6430200
12.1,-0.35,16700,"sd","13:51:20",6430100
12.15,-0.3,3000,"sd","13:51:20",6413400
12.15,-0.3,100,"sd","13:51:20",6410400
12.15,-0.3,1000,"sd","13:51:20",6410300
12.15,-0.3,400,"sd","13:51:20",6409300
12.15,-0.3,200,"sd","13:51:20",6408900
12.15,-0.3,2000,"sd","13:51:20",6408700
12.15,-0.3,100,"sd","13:51:20",6406700
12.15,-0.3,300,"sd","13:51:20",6406600
12.15,-0.3,100,"sd","13:51:20",6406300
12.15,-0.3,500,"sd","13:51:20",6406200
12.15,-0.3,1000,"sd","13:51:20",6405700
12.15,-0.3,100,"sd","13:51:20",6404700
12.15,-0.3,300,"sd","13:51:20",6404600
12.15,-0.3,1000,"sd","13:51:20",6404300
12.15,-0.3,200,"sd","13:51:20",6403300
12.15,-0.3,3000,"sd","13:51:20",6403100
12.15,-0.3,100,"sd","13:51:20",6400100
12.15,-0.3,1000,"sd","13:51:20",6400000
12.15,-0.3,5000,"sd","13:51:20",6399000
12.15,-0.3,5000,"sd","13:51:20",6394000
12.15,-0.3,1000,"sd","13:51:20",6389000
12.15,-0.3,100,"sd","13:51:20",6388000
12.15,-0.3,7800,"sd","13:51:20",6387900
12.15,-0.3,1000,"sd","13:51:11",6380100
12.15,-0.3,1000,"sd","13:51:11",6379100
12.15,-0.3,200,"sd","13:51:03",6378100
12.2,-0.25,500,"sd","13:51:01",6377900
12.2,-0.25,300,"sd","13:51:01",6377400
12.2,-0.25,100,"sd","13:51:01",6377100
12.2,-0.25,1000,"sd","13:51:01",6377000
12.2,-0.25,900,"sd","13:50:52",6376000
12.2,-0.25,100,"sd","13:50:52",6375100
12.2,-0.25,9000,"sd","13:50:52",6375000
12.2,-0.25,1000,"sd","13:50:49",6366000
12.2,-0.25,4000,"sd","13:50:49",6365000
12.2,-0.25,100,"sd","13:50:38",6361000
12.2,-0.25,200,"sd","13:50:35",6360900
12.25,-0.2,50100,"sd","13:50:27",6360700
12.25,-0.2,700,"sd","13:50:25",6310600
12.25,-0.2,2000,"sd","13:50:23",6309900
12.25,-0.2,47200,"bu","13:50:08",6307900
12.2,-0.25,100,"sd","13:50:07",6260700
12.2,-0.25,1000,"sd","13:50:07",6260600
12.2,-0.25,200,"sd","13:50:07",6259600
12.2,-0.25,600,"sd","13:50:07",6259400
12.2,-0.25,500,"sd","13:50:07",6258800
12.2,-0.25,2000,"sd","13:50:07",6258300
12.2,-0.25,500,"sd","13:50:07",6256300
12.2,-0.25,2000,"sd","13:50:07",6255800
12.2,-0.25,500,"sd","13:50:07",6253800
12.2,-0.25,500,"sd","13:50:07",6253300
12.2,-0.25,300,"sd","13:50:06",6252800
12.2,-0.25,200,"sd","13:50:06",6252500
12.2,-0.25,800,"sd","13:50:06",6252300
12.2,-0.25,100,"sd","13:50:06",6251500
12.2,-0.25,200,"sd","13:50:06",6251400
12.2,-0.25,200,"sd","13:50:06",6251200
12.2,-0.25,2000,"sd","13:50:06",6251000
12.2,-0.25,200,"sd","13:50:06",6249000
12.2,-0.25,1100,"sd","13:50:06",6248800
12.2,-0.25,100,"sd","13:50:06",6247700
12.2,-0.25,500,"sd","13:50:06",6247600
12.2,-0.25,1500,"sd","13:50:06",6247100
12.2,-0.25,200,"sd","13:50:06",6245600
12.2,-0.25,5000,"sd","13:50:06",6245400
12.2,-0.25,1000,"sd","13:50:06",6240400
12.2,-0.25,100,"sd","13:50:06",6239400
12.2,-0.25,500,"sd","13:50:06",6239300
12.2,-0.25,100,"sd","13:50:06",6238800
12.2,-0.25,800,"sd","13:50:06",6238700
12.2,-0.25,2200,"sd","13:50:03",6237900
12.2,-0.25,3000,"sd","13:50:01",6235700
12.2,-0.25,4000,"sd","13:49:36",6232700
12.2,-0.25,1000,"sd","13:49:36",6228700
12.25,-0.2,1500,"bu","13:49:19",6227700
12.25,-0.2,1000,"bu","13:49:18",6226200
12.25,-0.2,300,"sd","13:49:16",6225200
12.25,-0.2,200,"sd","13:49:15",6224900
12.25,-0.2,100,"sd","13:49:15",6224700
12.25,-0.2,2200,"sd","13:49:15",6224600
12.25,-0.2,17800,"sd","13:49:04",6222400
12.25,-0.2,100,"sd","13:49:04",6204600
12.25,-0.2,100,"sd","13:49:04",6204500
12.25,-0.2,200,"sd","13:49:04",6204400
12.25,-0.2,500,"sd","13:49:04",6204200
12.25,-0.2,100,"sd","13:49:04",6203700
12.25,-0.2,1000,"sd","13:49:04",6203600
12.25,-0.2,200,"sd","13:49:04",6202600
12.3,-0.15,1500,"sd","13:49:01",6202400
12.3,-0.15,500,"bu","13:48:57",6200900
12.3,-0.15,900,"bu","13:48:55",6200400
12.3,-0.15,500,"sd","13:48:48",6199500
12.3,-0.15,1000,"sd","13:48:43",6199000
12.3,-0.15,1500,"sd","13:48:41",6198000
12.35,-0.1,100,"bu","13:48:36",6196500
12.3,-0.15,17900,"sd","13:48:34",6196400
12.3,-0.15,2000,"sd","13:48:34",6178500
12.3,-0.15,100,"sd","13:48:34",6176500
12.3,-0.15,900,"sd","13:48:00",6176400
12.3,-0.15,100,"sd","13:48:00",6175500
12.35,-0.1,100,"bu","13:47:59",6175400
12.3,-0.15,200,"sd","13:47:49",6175300
12.3,-0.15,500,"sd","13:47:49",6175100
12.3,-0.15,300,"sd","13:47:49",6174600
12.35,-0.1,400,"bu","13:47:48",6174300
12.35,-0.1,500,"bu","13:47:43",6173900
12.3,-0.15,200,"sd","13:47:39",6173400
12.3,-0.15,300,"sd","13:47:39",6173200
12.35,-0.1,200,"bu","13:47:34",6172900
12.35,-0.1,1700,"bu","13:47:27",6172700
12.35,-0.1,700,"bu","13:47:26",6171000
12.35,-0.1,2000,"bu","13:47:25",6170300
12.35,-0.1,5000,"bu","13:47:22",6168300
12.35,-0.1,500,"bu","13:47:20",6163300
12.35,-0.1,9000,"bu","13:47:15",6162800
12.35,-0.1,5000,"bu","13:47:12",6153800
12.35,-0.1,500,"bu","13:47:09",6148800
12.35,-0.1,3900,"bu","13:47:02",6148300
12.3,-0.15,400,"bu","13:46:30",6144400
12.3,-0.15,200,"bu","13:46:30",6144000
12.3,-0.15,1000,"bu","13:46:29",6143800
12.3,-0.15,2000,"bu","13:46:23",6142800
12.3,-0.15,6400,"bu","13:46:21",6140800
12.3,-0.15,500,"bu","13:46:21",6134400
12.3,-0.15,2000,"bu","13:46:21",6133900
12.3,-0.15,100,"bu","13:46:21",6131900
12.3,-0.15,1000,"bu","13:46:21",6131800
12.3,-0.15,500,"bu","13:46:20",6130800
12.3,-0.15,500,"bu","13:46:14",6130300
12.25,-0.2,1500,"sd","13:46:08",6129800
12.25,-0.2,1800,"sd","13:45:59",6128300
12.25,-0.2,1000,"sd","13:45:59",6126500
12.25,-0.2,100,"sd","13:45:59",6125500
12.25,-0.2,2100,"sd","13:45:59",6125400
12.25,-0.2,200,"sd","13:45:42",6123300
12.25,-0.2,600,"sd","13:45:34",6123100
12.25,-0.2,100,"sd","13:45:30",6122500
12.25,-0.2,100,"bu","13:45:22",6122400
12.25,-0.2,300,"bu","13:45:20",6122300
12.25,-0.2,1000,"bu","13:45:20",6122000
12.25,-0.2,1000,"bu","13:45:14",6121000
12.25,-0.2,1500,"bu","13:45:12",6120000
12.25,-0.2,4800,"sd","13:45:11",6118500
12.25,-0.2,1300,"sd","13:45:11",6113700
12.25,-0.2,200,"bu","13:44:57",6112400
12.25,-0.2,200,"bu","13:44:53",6112200
12.25,-0.2,300,"bu","13:44:49",6112000
12.25,-0.2,3000,"bu","13:44:49",6111700
12.25,-0.2,5100,"bu","13:44:49",6108700
12.25,-0.2,11600,"bu","13:44:49",6103600
12.2,-0.25,3000,"sd","13:44:35",6092000
12.2,-0.25,1000,"sd","13:44:34",6089000
12.25,-0.2,500,"bu","13:44:33",6088000
12.25,-0.2,1600,"bu","13:44:29",6087500
12.25,-0.2,400,"bu","13:44:24",6085900
12.25,-0.2,400,"bu","13:44:23",6085500
12.2,-0.25,400,"sd","13:43:52",6085100
12.2,-0.25,800,"sd","13:43:39",6084700
12.25,-0.2,100,"bu","13:43:25",6083900
12.25,-0.2,1000,"bu","13:43:09",6083800
12.2,-0.25,700,"sd","13:42:33",6082800
12.25,-0.2,100,"bu","13:42:32",6082100
12.25,-0.2,100,"bu","13:42:30",6082000
12.2,-0.25,1000,"sd","13:42:26",6081900
12.25,-0.2,100,"bu","13:42:12",6080900
12.2,-0.25,100,"sd","13:41:38",6080800
12.2,-0.25,300,"sd","13:41:19",6080700
12.2,-0.25,2000,"sd","13:41:12",6080400
12.25,-0.2,100,"bu","13:41:09",6078400
12.25,-0.2,400,"bu","13:41:09",6078300
12.25,-0.2,300,"bu","13:41:01",6077900
12.25,-0.2,100,"sd","13:40:57",6077600
12.25,-0.2,500,"sd","13:40:57",6077500
12.25,-0.2,500,"sd","13:40:57",6077000
12.25,-0.2,500,"sd","13:40:57",6076500
12.25,-0.2,5700,"sd","13:40:57",6076000
12.25,-0.2,4300,"sd","13:40:24",6070300
12.25,-0.2,200,"sd","13:40:24",6066000
12.3,-0.15,500,"sd","13:40:24",6065800
12.25,-0.2,100,"sd","13:40:21",6065300
12.3,-0.15,100,"sd","13:40:21",6065200
12.3,-0.15,200,"bu","13:40:07",6065100
12.25,-0.2,600,"sd","13:40:00",6064900
12.25,-0.2,2000,"sd","13:39:56",6064300
12.25,-0.2,400,"sd","13:39:49",6062300
12.25,-0.2,1000,"sd","13:39:49",6061900
12.25,-0.2,600,"sd","13:39:49",6060900
12.25,-0.2,1400,"sd","13:39:07",6060300
12.25,-0.2,600,"sd","13:39:07",6058900
12.25,-0.2,1000,"sd","13:39:06",6058300
12.25,-0.2,400,"sd","13:39:01",6057300
12.25,-0.2,2000,"sd","13:39:01",6056900
12.25,-0.2,200,"sd","13:39:01",6054900
12.25,-0.2,200,"sd","13:39:01",6054700
12.25,-0.2,1000,"sd","13:39:01",6054500
12.25,-0.2,200,"sd","13:39:01",6053500
12.25,-0.2,500,"sd","13:39:01",6053300
12.25,-0.2,500,"sd","13:39:01",6052800
12.25,-0.2,500,"sd","13:38:52",6052300
12.25,-0.2,1500,"sd","13:38:52",6051800
12.25,-0.2,1000,"sd","13:38:52",6050300
12.25,-0.2,700,"sd","13:38:42",6049300
12.25,-0.2,1000,"sd","13:38:31",6048600
12.25,-0.2,100,"sd","13:38:29",6047600
12.25,-0.2,1000,"sd","13:38:01",6047500
12.3,-0.15,3000,"bu","13:37:48",6046500
12.3,-0.15,100,"sd","13:37:45",6043500
12.3,-0.15,2000,"sd","13:37:45",6043400
12.3,-0.15,300,"sd","13:37:45",6041400
12.3,-0.15,500,"sd","13:37:45",6041100
12.3,-0.15,2000,"sd","13:37:45",6040600
12.3,-0.15,500,"sd","13:37:45",6038600
12.3,-0.15,100,"sd","13:37:45",6038100
12.3,-0.15,200,"sd","13:37:45",6038000
12.3,-0.15,200,"sd","13:37:45",6037800
12.3,-0.15,100,"sd","13:37:45",6037600
12.3,-0.15,100,"sd","13:37:45",6037500
12.3,-0.15,500,"sd","13:37:45",6037400
12.3,-0.15,100,"sd","13:37:45",6036900
12.3,-0.15,100,"sd","13:37:45",6036800
12.3,-0.15,100,"sd","13:37:45",6036700
12.3,-0.15,1000,"sd","13:37:45",6036600
12.3,-0.15,2000,"sd","13:37:45",6035600
12.3,-0.15,200,"sd","13:37:45",6033600
12.3,-0.15,100,"sd","13:37:45",6033400
12.3,-0.15,500,"sd","13:37:45",6033300
12.3,-0.15,1000,"sd","13:37:45",6032800
12.3,-0.15,1000,"sd","13:37:45",6031800
12.3,-0.15,300,"sd","13:37:45",6030800
12.3,-0.15,18600,"sd","13:37:45",6030500
12.3,-0.15,2000,"sd","13:37:43",6011900
12.3,-0.15,300,"sd","13:37:40",6009900
12.3,-0.15,400,"sd","13:37:39",6009600
12.3,-0.15,2000,"sd","13:37:31",6009200
12.3,-0.15,100,"sd","13:37:27",6007200
12.3,-0.15,10000,"sd","13:37:27",6007100
12.3,-0.15,2000,"sd","13:37:26",5997100
12.3,-0.15,500,"sd","13:37:23",5995100
12.3,-0.15,100,"sd","13:37:20",5994600
12.3,-0.15,5000,"sd","13:37:19",5994500
12.3,-0.15,5000,"sd","13:37:12",5989500
12.35,-0.1,100,"bu","13:37:03",5984500
12.35,-0.1,10000,"bu","13:36:54",5984400
12.35,-0.1,6000,"sd","13:36:52",5974400
12.35,-0.1,100,"sd","13:36:52",5968400
12.35,-0.1,100,"sd","13:36:52",5968300
12.35,-0.1,1900,"sd","13:36:52",5968200
12.4,-0.05,1200,"bu","13:36:49",5966300
12.4,-0.05,1700,"bu","13:36:49",5965100
12.35,-0.1,700,"sd","13:36:48",5963400
12.35,-0.1,400,"sd","13:36:45",5962700
12.4,-0.05,400,"bu","13:36:25",5962300
12.4,-0.05,100,"bu","13:36:23",5961900
12.4,-0.05,2000,"bu","13:36:21",5961800
12.4,-0.05,100,"bu","13:36:12",5959800
12.4,-0.05,300,"bu","13:36:11",5959700
12.35,-0.1,2000,"sd","13:36:06",5959400
12.4,-0.05,100,"bu","13:36:02",5957400
12.4,-0.05,300,"bu","13:36:00",5957300
12.4,-0.05,1000,"bu","13:36:00",5957000
12.4,-0.05,3000,"bu","13:36:00",5956000
12.4,-0.05,700,"bu","13:36:00",5953000
12.4,-0.05,1000,"bu","13:35:59",5952300
12.4,-0.05,2300,"bu","13:35:58",5951300
12.4,-0.05,100,"bu","13:35:58",5949000
12.4,-0.05,7600,"bu","13:35:58",5948900
12.4,-0.05,900,"bu","13:35:52",5941300
12.4,-0.05,300,"bu","13:35:33",5940400
12.4,-0.05,2000,"bu","13:35:32",5940100
12.4,-0.05,400,"bu","13:35:19",5938100
12.4,-0.05,100,"bu","13:35:19",5937700
12.4,-0.05,100,"bu","13:35:16",5937600
12.4,-0.05,100,"bu","13:35:11",5937500
12.4,-0.05,100,"bu","13:35:02",5937400
12.3,-0.15,300,"sd","13:34:56",5937300
12.3,-0.15,46300,"sd","13:34:11",5937000
12.35,-0.1,2000,"sd","13:34:11",5890700
12.35,-0.1,500,"sd","13:34:11",5888700
12.35,-0.1,1000,"sd","13:34:11",5888200
12.35,-0.1,100,"sd","13:34:11",5887200
12.35,-0.1,100,"sd","13:34:11",5887100
12.35,-0.1,100,"sd","13:34:11",5887000
12.35,-0.1,9400,"sd","13:34:11",5886900
12.35,-0.1,500,"sd","13:34:11",5877500
12.35,-0.1,500,"sd","13:34:11",5877000
12.4,-0.05,300,"sd","13:34:11",5876500
12.4,-0.05,3000,"sd","13:34:11",5876200
12.4,-0.05,1000,"sd","13:34:11",5873200
12.4,-0.05,400,"sd","13:34:11",5872200
12.4,-0.05,2200,"sd","13:34:11",5871800
12.4,-0.05,1000,"sd","13:34:11",5869600
12.4,-0.05,2000,"sd","13:34:11",5868600
12.4,-0.05,7000,"sd","13:34:11",5866600
12.45,0,500,"bu","13:34:09",5859600
12.45,0,200,"bu","13:34:08",5859100
12.45,0,7400,"sd","13:34:07",5858900
12.45,0,14500,"sd","13:34:07",5851500
12.45,0,1000,"bu","13:34:01",5837000
12.45,0,5000,"bu","13:34:01",5836000
12.45,0,19500,"bu","13:34:01",5831000
12.45,0,500,"bu","13:33:56",5811500
12.45,0,1000,"bu","13:33:55",5811000
12.45,0,100,"bu","13:33:55",5810000
12.45,0,300,"bu","13:33:51",5809900
12.4,-0.05,3000,"sd","13:33:48",5809600
12.4,-0.05,1000,"sd","13:33:48",5806600
12.4,-0.05,1000,"sd","13:33:48",5805600
12.45,0,200,"bu","13:33:35",5804600
12.45,0,500,"bu","13:33:31",5804400
12.45,0,1700,"bu","13:33:24",5803900
12.45,0,1000,"bu","13:33:22",5802200
12.45,0,5000,"sd","13:33:21",5801200
12.45,0,15000,"sd","13:33:21",5796200
12.45,0,4000,"sd","13:33:21",5781200
12.45,0,300,"sd","13:33:21",5777200
12.45,0,100,"sd","13:33:21",5776900
12.45,0,500,"sd","13:33:21",5776800
12.45,0,100,"sd","13:33:21",5776300
12.45,0,500,"sd","13:33:21",5776200
12.45,0,100,"sd","13:33:21",5775700
12.45,0,2800,"sd","13:33:21",5775600
12.45,0,1400,"sd","13:33:21",5772800
12.45,0,2000,"sd","13:33:21",5771400
12.45,0,43300,"sd","13:33:21",5769400
12.45,0,100,"sd","13:33:21",5726100
12.5,0.05,500,"bu","13:33:18",5726000
12.5,0.05,500,"bu","13:33:11",5725500
12.5,0.05,2000,"bu","13:33:11",5725000
12.5,0.05,500,"bu","13:33:11",5723000
12.5,0.05,100,"bu","13:33:07",5722500
12.5,0.05,100,"bu","13:33:07",5722400
12.5,0.05,2000,"bu","13:33:07",5722300
12.5,0.05,100,"bu","13:33:07",5720300
12.5,0.05,7500,"bu","13:33:07",5720200
12.5,0.05,8000,"bu","13:33:07",5712700
12.5,0.05,5000,"bu","13:33:06",5704700
12.5,0.05,500,"bu","13:33:05",5699700
12.5,0.05,200,"bu","13:33:00",5699200
12.5,0.05,100,"bu","13:33:00",5699000
12.5,0.05,5000,"bu","13:32:56",5698900
12.45,0,6700,"sd","13:32:55",5693900
12.45,0,500,"sd","13:32:55",5687200
12.45,0,2800,"sd","13:32:55",5686700
12.5,0.05,2000,"bu","13:32:54",5683900
12.5,0.05,500,"bu","13:32:54",5681900
12.5,0.05,1200,"bu","13:32:52",5681400
12.5,0.05,800,"bu","13:32:52",5680200
12.5,0.05,100,"bu","13:32:49",5679400
12.5,0.05,100,"bu","13:32:45",5679300
12.5,0.05,500,"bu","13:32:42",5679200
12.5,0.05,500,"bu","13:32:42",5678700
12.5,0.05,1000,"bu","13:32:39",5678200
12.5,0.05,200,"bu","13:32:39",5677200
12.5,0.05,1800,"bu","13:32:39",5677000
12.5,0.05,4000,"bu","13:32:36",5675200
12.5,0.05,500,"bu","13:32:36",5671200
12.5,0.05,3000,"bu","13:32:30",5670700
12.5,0.05,100,"bu","13:32:26",5667700
12.45,0,200,"sd","13:32:19",5667600
12.45,0,200,"sd","13:32:19",5667400
12.45,0,500,"sd","13:32:19",5667200
12.45,0,500,"sd","13:32:19",5666700
12.5,0.05,100,"bu","13:32:17",5666200
12.5,0.05,1000,"bu","13:32:17",5666100
12.45,0,400,"sd","13:31:57",5665100
12.45,0,100,"sd","13:31:49",5664700
12.45,0,1000,"sd","13:31:47",5664600
12.4,-0.05,400,"sd","13:31:41",5663600
12.4,-0.05,100,"sd","13:31:41",5663200
12.4,-0.05,400,"sd","13:31:36",5663100
12.4,-0.05,200,"sd","13:31:32",5662700
12.5,0.05,100,"bu","13:31:31",5662500
12.4,-0.05,2400,"sd","13:31:30",5662400
12.4,-0.05,500,"sd","13:31:30",5660000
12.4,-0.05,200,"sd","13:31:30",5659500
12.4,-0.05,1000,"sd","13:31:30",5659300
12.4,-0.05,200,"sd","13:31:30",5658300
12.4,-0.05,1000,"sd","13:31:30",5658100
12.4,-0.05,100,"sd","13:31:30",5657100
12.4,-0.05,500,"sd","13:31:30",5657000
12.4,-0.05,100,"sd","13:31:30",5656500
12.4,-0.05,100,"sd","13:31:30",5656400
12.4,-0.05,2400,"sd","13:31:30",5656300
12.45,0,500,"sd","13:31:30",5653900
12.45,0,1000,"sd","13:31:30",5653400
12.5,0.05,400,"bu","13:31:28",5652400
12.5,0.05,100,"bu","13:31:28",5652000
12.5,0.05,1000,"bu","13:31:26",5651900
12.5,0.05,100,"bu","13:31:21",5650900
12.5,0.05,2500,"bu","13:31:11",5650800
12.5,0.05,2800,"bu","13:31:09",5648300
12.5,0.05,100,"bu","13:31:05",5645500
12.5,0.05,300,"bu","13:31:05",5645400
12.5,0.05,4100,"bu","13:31:04",5645100
12.45,0,10900,"bu","13:31:04",5641000
12.45,0,1000,"bu","13:31:03",5630100
12.45,0,500,"bu","13:31:01",5629100
12.45,0,10000,"sd","13:31:01",5628600
12.5,0.05,100,"sd","13:31:01",5618600
12.5,0.05,100,"sd","13:31:01",5618500
12.5,0.05,2000,"sd","13:31:01",5618400
12.5,0.05,300,"sd","13:31:01",5616400
12.5,0.05,14300,"sd","13:31:01",5616100
12.45,0,500,"sd","13:31:01",5601800
12.45,0,200,"sd","13:31:01",5601300
12.45,0,100,"sd","13:31:01",5601100
12.45,0,50000,"sd","13:31:01",5601000
12.5,0.05,10000,"sd","13:31:01",5551000
12.5,0.05,100,"sd","13:30:56",5541000
12.5,0.05,100,"sd","13:30:45",5540900
12.5,0.05,2000,"bu","13:30:37",5540800
12.5,0.05,1000,"bu","13:30:37",5538800
12.5,0.05,200,"bu","13:30:37",5537800
12.5,0.05,100,"bu","13:30:37",5537600
12.5,0.05,700,"bu","13:30:37",5537500
12.5,0.05,1500,"bu","13:30:37",5536800
12.5,0.05,1500,"bu","13:30:36",5535300
12.5,0.05,500,"bu","13:30:36",5533800
12.5,0.05,10000,"bu","13:30:36",5533300
12.5,0.05,100,"bu","13:30:36",5523300
12.5,0.05,300,"bu","13:30:36",5523200
12.5,0.05,100,"bu","13:30:36",5522900
12.5,0.05,300,"bu","13:30:36",5522800
12.5,0.05,2000,"bu","13:30:36",5522500
12.5,0.05,500,"bu","13:30:36",5520500
12.5,0.05,500,"bu","13:30:36",5520000
12.5,0.05,500,"bu","13:30:36",5519500
12.5,0.05,500,"bu","13:30:36",5519000
12.5,0.05,500,"bu","13:30:36",5518500
12.5,0.05,1000,"bu","13:30:36",5518000
12.5,0.05,3000,"bu","13:30:36",5517000
12.5,0.05,200,"bu","13:30:36",5514000
12.5,0.05,1000,"bu","13:30:36",5513800
12.5,0.05,200,"bu","13:30:36",5512800
12.5,0.05,1500,"bu","13:30:36",5512600
12.5,0.05,1000,"bu","13:30:36",5511100
12.5,0.05,2800,"bu","13:30:36",5510100
12.5,0.05,100,"bu","13:30:35",5507300
12.5,0.05,200,"bu","13:30:22",5507200
12.5,0.05,1000,"bu","13:30:19",5507000
12.5,0.05,900,"bu","13:30:04",5506000
12.5,0.05,200,"bu","13:30:04",5505100
12.5,0.05,800,"bu","13:30:04",5504900
12.5,0.05,3100,"bu","13:30:04",5504100
12.5,0.05,400,"bu","13:30:01",5501000
12.5,0.05,1500,"bu","13:29:52",5500600
12.5,0.05,1500,"bu","13:29:52",5499100
12.5,0.05,500,"bu","13:29:51",5497600
12.5,0.05,5000,"bu","13:29:50",5497100
12.5,0.05,1000,"bu","13:29:50",5492100
12.5,0.05,2000,"bu","13:29:46",5491100
12.5,0.05,3000,"bu","13:29:44",5489100
12.5,0.05,1200,"bu","13:29:42",5486100
12.5,0.05,800,"bu","13:29:39",5484900
12.5,0.05,400,"bu","13:29:38",5484100
12.5,0.05,300,"bu","13:29:36",5483700
12.5,0.05,2000,"bu","13:29:34",5483400
12.5,0.05,200,"bu","13:29:29",5481400
12.5,0.05,300,"bu","13:29:20",5481200
12.5,0.05,1700,"bu","13:29:20",5480900
12.5,0.05,1800,"bu","13:29:20",5479200
12.5,0.05,200,"bu","13:29:19",5477400
12.5,0.05,600,"bu","13:29:10",5477200
12.5,0.05,100,"bu","13:29:10",5476600
12.5,0.05,100,"bu","13:29:10",5476500
12.5,0.05,100,"bu","13:29:10",5476400
12.5,0.05,100,"bu","13:29:10",5476300
12.45,0,300,"bu","13:28:56",5476200
12.45,0,200,"bu","13:28:56",5475900
12.45,0,3500,"bu","13:28:56",5475700
12.45,0,1000,"bu","13:28:56",5472200
12.45,0,1900,"bu","13:28:56",5471200
12.45,0,100,"bu","13:28:56",5469300
12.45,0,900,"bu","13:28:55",5469200
12.45,0,500,"bu","13:28:55",5468300
12.45,0,1600,"bu","13:28:55",5467800
12.45,0,200,"bu","13:28:53",5466200
12.45,0,4000,"bu","13:28:53",5466000
12.45,0,3000,"bu","13:28:53",5462000
12.45,0,3000,"bu","13:28:53",5459000
12.45,0,500,"bu","13:28:53",5456000
12.45,0,5700,"bu","13:28:37",5455500
12.45,0,100,"bu","13:28:37",5449800
12.45,0,700,"bu","13:28:37",5449700
12.45,0,20000,"bu","13:28:37",5449000
12.45,0,500,"bu","13:28:37",5429000
12.45,0,1100,"bu","13:28:37",5428500
12.45,0,500,"bu","13:28:37",5427400
12.45,0,1000,"bu","13:28:37",5426900
12.45,0,2000,"bu","13:28:37",5425900
12.45,0,500,"bu","13:28:37",5423900
12.45,0,500,"bu","13:28:37",5423400
12.45,0,1000,"bu","13:28:37",5422900
12.45,0,400,"bu","13:28:37",5421900
12.45,0,300,"bu","13:28:37",5421500
12.45,0,7500,"bu","13:28:37",5421200
12.45,0,500,"bu","13:28:37",5413700
12.45,0,100,"bu","13:28:37",5413200
12.45,0,1500,"bu","13:28:37",5413100
12.45,0,5000,"bu","13:28:37",5411600
12.45,0,1000,"bu","13:28:37",5406600
12.45,0,100,"bu","13:28:37",5405600
12.4,-0.05,600,"bu","13:28:21",5405500
12.4,-0.05,100,"bu","13:28:20",5404900
12.4,-0.05,1000,"bu","13:28:18",5404800
12.4,-0.05,300,"bu","13:28:18",5403800
12.4,-0.05,100,"bu","13:28:18",5403500
12.4,-0.05,500,"bu","13:28:18",5403400
12.4,-0.05,100,"bu","13:28:18",5402900
12.4,-0.05,100,"bu","13:28:17",5402800
12.4,-0.05,1000,"bu","13:28:17",5402700
12.4,-0.05,300,"bu","13:28:17",5401700
12.4,-0.05,300,"bu","13:28:17",5401400
12.4,-0.05,100,"bu","13:28:17",5401100
12.4,-0.05,500,"bu","13:28:17",5401000
12.4,-0.05,400,"bu","13:28:17",5400500
12.4,-0.05,5500,"bu","13:28:16",5400100
12.4,-0.05,6100,"bu","13:28:14",5394600
12.4,-0.05,500,"bu","13:28:14",5388500
12.4,-0.05,500,"bu","13:28:14",5388000
12.4,-0.05,600,"bu","13:28:14",5387500
12.4,-0.05,7300,"bu","13:28:14",5386900
12.4,-0.05,500,"bu","13:28:11",5379600
12.4,-0.05,100,"bu","13:28:09",5379100
12.4,-0.05,800,"bu","13:28:05",5379000
12.4,-0.05,5000,"bu","13:28:03",5378200
12.4,-0.05,5000,"bu","13:28:01",5373200
12.4,-0.05,20000,"bu","13:27:56",5368200
12.4,-0.05,1000,"bu","13:27:54",5348200
12.4,-0.05,4300,"bu","13:27:42",5347200
12.4,-0.05,500,"bu","13:27:42",5342900
12.4,-0.05,400,"bu","13:27:42",5342400
12.35,-0.1,900,"bu","13:27:42",5342000
12.35,-0.1,1000,"bu","13:27:42",5341100
12.35,-0.1,100,"bu","13:27:42",5340100
12.35,-0.1,1000,"bu","13:27:42",5340000
12.35,-0.1,1800,"bu","13:27:42",5339000
12.35,-0.1,500,"bu","13:27:42",5337200
12.35,-0.1,1000,"bu","13:27:42",5336700
12.35,-0.1,200,"bu","13:27:41",5335700
12.35,-0.1,5000,"bu","13:27:40",5335500
12.35,-0.1,100,"bu","13:27:40",5330500
12.35,-0.1,100,"bu","13:27:34",5330400
12.35,-0.1,10000,"bu","13:27:33",5330300
12.35,-0.1,1000,"bu","13:27:30",5320300
12.35,-0.1,5000,"bu","13:27:29",5319300
12.35,-0.1,100,"bu","13:27:29",5314300
12.35,-0.1,3000,"bu","13:27:16",5314200
12.35,-0.1,6300,"bu","13:27:15",5311200
12.35,-0.1,100,"bu","13:27:13",5304900
12.3,-0.15,500,"sd","13:27:03",5304800
12.3,-0.15,6900,"bu","13:27:00",5304300
12.3,-0.15,18000,"bu","13:26:58",5297400
12.3,-0.15,1100,"bu","13:26:49",5279400
12.3,-0.15,2000,"bu","13:26:24",5278300
12.3,-0.15,600,"bu","13:26:22",5276300
12.3,-0.15,5000,"bu","13:26:18",5275700
12.3,-0.15,7000,"bu","13:26:14",5270700
12.3,-0.15,3000,"bu","13:26:09",5263700
12.3,-0.15,1000,"bu","13:26:04",5260700
12.3,-0.15,2500,"bu","13:26:03",5259700
12.3,-0.15,1000,"sd","13:26:02",5257200
12.3,-0.15,300,"sd","13:26:02",5256200
12.3,-0.15,100,"sd","13:26:02",5255900
12.3,-0.15,2000,"sd","13:26:02",5255800
12.3,-0.15,2000,"sd","13:26:02",5253800
12.3,-0.15,100,"sd","13:26:02",5251800
12.3,-0.15,2000,"sd","13:26:02",5251700
12.3,-0.15,300,"sd","13:26:02",5249700
12.3,-0.15,2000,"sd","13:26:02",5249400
12.3,-0.15,1000,"sd","13:26:02",5247400
12.3,-0.15,2100,"sd","13:26:02",5246400
12.35,-0.1,2900,"bu","13:26:02",5244300
12.35,-0.1,1000,"bu","13:25:51",5241400
12.35,-0.1,300,"bu","13:25:49",5240400
12.35,-0.1,10000,"bu","13:25:47",5240100
12.35,-0.1,1600,"bu","13:25:43",5230100
12.35,-0.1,500,"bu","13:25:43",5228500
12.35,-0.1,2900,"bu","13:25:43",5228000
12.3,-0.15,100,"sd","13:25:40",5225100
12.3,-0.15,58700,"sd","13:25:39",5225000
12.35,-0.1,200,"bu","13:25:27",5166300
12.35,-0.1,600,"bu","13:25:27",5166100
12.35,-0.1,1100,"bu","13:25:27",5165500
12.35,-0.1,100,"bu","13:25:27",5164400
12.3,-0.15,200,"sd","13:24:54",5164300
12.35,-0.1,400,"bu","13:24:54",5164100
12.35,-0.1,600,"bu","13:24:54",5163700
12.35,-0.1,500,"bu","13:24:53",5163100
12.35,-0.1,1400,"bu","13:24:53",5162600
12.35,-0.1,100,"bu","13:24:53",5161200
12.3,-0.15,1000,"sd","13:24:37",5161100
12.3,-0.15,2000,"sd","13:24:32",5160100
12.3,-0.15,10000,"bu","13:24:32",5158100
12.3,-0.15,1000,"bu","13:24:32",5148100
12.3,-0.15,100,"bu","13:24:32",5147100
12.3,-0.15,600,"bu","13:24:32",5147000
12.3,-0.15,24200,"bu","13:24:32",5146400
12.3,-0.15,19900,"bu","13:24:29",5122200
12.3,-0.15,100,"bu","13:24:26",5102300
12.3,-0.15,500,"bu","13:24:16",5102200
12.3,-0.15,1500,"bu","13:24:02",5101700
12.25,-0.2,1000,"sd","13:23:50",5100200
12.3,-0.15,1000,"bu","13:23:39",5099200
12.3,-0.15,400,"bu","13:23:37",5098200
12.3,-0.15,400,"bu","13:23:11",5097800
12.3,-0.15,2000,"sd","13:23:05",5097400
12.3,-0.15,1100,"bu","13:23:01",5095400
12.35,-0.1,500,"bu","13:23:01",5094300
12.35,-0.1,400,"bu","13:23:01",5093800
12.3,-0.15,1000,"sd","13:22:52",5093400
12.3,-0.15,500,"sd","13:22:52",5092400
12.3,-0.15,2000,"sd","13:22:52",5091900
12.3,-0.15,200,"sd","13:22:52",5089900
12.3,-0.15,200,"sd","13:22:52",5089700
12.3,-0.15,1000,"sd","13:22:52",5089500
12.3,-0.15,200,"sd","13:22:37",5088500
12.3,-0.15,1000,"sd","13:22:25",5088300
12.3,-0.15,100,"sd","13:22:15",5087300
12.3,-0.15,100,"bu","13:22:14",5087200
12.3,-0.15,2600,"bu","13:22:14",5087100
12.3,-0.15,200,"bu","13:22:13",5084500
12.3,-0.15,2000,"bu","13:22:13",5084300
12.3,-0.15,1000,"bu","13:22:13",5082300
12.3,-0.15,800,"bu","13:22:13",5081300
12.3,-0.15,200,"bu","13:22:13",5080500
12.3,-0.15,300,"bu","13:22:12",5080300
12.3,-0.15,300,"bu","13:22:09",5080000
12.3,-0.15,1000,"bu","13:22:08",5079700
12.3,-0.15,1000,"bu","13:22:04",5078700
12.3,-0.15,400,"bu","13:22:01",5077700
12.3,-0.15,300,"bu","13:22:01",5077300
12.3,-0.15,300,"bu","13:22:01",5077000
12.3,-0.15,100,"bu","13:22:01",5076700
12.3,-0.15,300,"bu","13:22:01",5076600
12.3,-0.15,900,"bu","13:22:01",5076300
12.3,-0.15,200,"bu","13:22:01",5075400
12.25,-0.2,200,"sd","13:21:57",5075200
12.3,-0.15,500,"bu","13:21:54",5075000
12.3,-0.15,300,"bu","13:20:55",5074500
12.3,-0.15,200,"bu","13:20:55",5074200
12.3,-0.15,100,"bu","13:20:55",5074000
12.25,-0.2,600,"bu","13:20:41",5073900
12.25,-0.2,3000,"bu","13:20:39",5073300
12.25,-0.2,500,"bu","13:20:36",5070300
12.25,-0.2,500,"bu","13:20:26",5069800
12.25,-0.2,400,"bu","13:20:25",5069300
12.25,-0.2,100,"bu","13:20:25",5068900
12.25,-0.2,400,"bu","13:20:25",5068800
12.25,-0.2,100,"bu","13:20:17",5068400
12.25,-0.2,1000,"bu","13:20:16",5068300
12.25,-0.2,500,"bu","13:20:13",5067300
12.2,-0.25,1000,"bu","13:19:58",5066800
12.2,-0.25,2600,"bu","13:19:58",5065800
12.2,-0.25,1000,"bu","13:19:58",5063200
12.2,-0.25,1000,"bu","13:19:58",5062200
12.2,-0.25,1000,"bu","13:19:58",5061200
12.2,-0.25,1000,"bu","13:19:58",5060200
12.2,-0.25,500,"bu","13:19:58",5059200
12.2,-0.25,2000,"bu","13:19:58",5058700
12.2,-0.25,4000,"bu","13:19:58",5056700
12.2,-0.25,2700,"bu","13:19:58",5052700
12.2,-0.25,100,"bu","13:19:58",5050000
12.2,-0.25,500,"bu","13:19:58",5049900
12.2,-0.25,6700,"bu","13:19:53",5049400
12.2,-0.25,2000,"bu","13:19:53",5042700
12.2,-0.25,1000,"bu","13:19:53",5040700
12.2,-0.25,1500,"bu","13:19:53",5039700
12.2,-0.25,600,"bu","13:19:53",5038200
12.2,-0.25,8200,"bu","13:19:53",5037600
12.2,-0.25,1000,"bu","13:19:45",5029400
12.2,-0.25,100,"bu","13:19:31",5028400
12.15,-0.3,400,"bu","13:19:19",5028300
12.15,-0.3,500,"bu","13:19:19",5027900
12.15,-0.3,200,"bu","13:19:19",5027400
12.15,-0.3,3800,"bu","13:19:19",5027200
12.15,-0.3,3000,"bu","13:19:15",5023400
12.15,-0.3,100,"bu","13:19:09",5020400
12.15,-0.3,1000,"bu","13:19:07",5020300
12.15,-0.3,3600,"bu","13:19:06",5019300
12.15,-0.3,400,"bu","13:19:06",5015700
12.15,-0.3,2600,"bu","13:18:59",5015300
12.15,-0.3,8700,"bu","13:18:59",5012700
12.15,-0.3,500,"bu","13:18:59",5004000
12.15,-0.3,5000,"bu","13:18:59",5003500
12.15,-0.3,1000,"bu","13:18:59",4998500
12.15,-0.3,1000,"bu","13:18:59",4997500
12.15,-0.3,100,"bu","13:18:59",4996500
12.15,-0.3,1100,"bu","13:18:59",4996400
12.1,-0.35,100,"sd","13:18:14",4995300
12.1,-0.35,100,"sd","13:17:56",4995200
12.15,-0.3,100,"bu","13:17:52",4995100
12.1,-0.35,100,"sd","13:17:51",4995000
12.1,-0.35,500,"sd","13:17:50",4994900
12.1,-0.35,400,"sd","13:17:40",4994400
12.15,-0.3,800,"bu","13:17:37",4994000
12.15,-0.3,100,"bu","13:17:37",4993200
12.15,-0.3,100,"bu","13:17:37",4993100
12.1,-0.35,3000,"sd","13:17:34",4993000
12.15,-0.3,1400,"bu","13:17:22",4990000
12.1,-0.35,1000,"sd","13:17:13",4988600
12.1,-0.35,700,"sd","13:17:09",4987600
12.1,-0.35,500,"bu","13:17:03",4986900
12.1,-0.35,22000,"bu","13:17:03",4986400
12.1,-0.35,2000,"bu","13:17:03",4964400
12.1,-0.35,300,"bu","13:17:02",4962400
12.1,-0.35,700,"bu","13:17:02",4962100
12.05,-0.4,700,"sd","13:17:02",4961400
12.05,-0.4,100,"sd","13:17:02",4960700
12.05,-0.4,300,"sd","13:17:02",4960600
12.05,-0.4,600,"sd","13:17:02",4960300
12.05,-0.4,1500,"sd","13:17:02",4959700
12.05,-0.4,500,"sd","13:17:02",4958200
12.05,-0.4,1000,"sd","13:17:02",4957700
12.05,-0.4,300,"sd","13:17:02",4956700
12.05,-0.4,300,"sd","13:17:02",4956400
12.05,-0.4,500,"sd","13:17:02",4956100
12.05,-0.4,200,"sd","13:17:02",4955600
12.05,-0.4,2800,"sd","13:17:02",4955400
12.05,-0.4,5200,"sd","13:16:57",4952600
12.05,-0.4,12000,"sd","13:16:52",4947400
12.05,-0.4,100,"sd","13:16:52",4935400
12.05,-0.4,200,"sd","13:16:52",4935300
12.05,-0.4,200,"sd","13:16:52",4935100
12.05,-0.4,200,"sd","13:16:52",4934900
12.05,-0.4,3200,"sd","13:16:52",4934700
12.05,-0.4,30000,"sd","13:16:52",4931500
12.05,-0.4,500,"sd","13:16:52",4901500
12.05,-0.4,600,"sd","13:16:52",4901000
12.05,-0.4,500,"sd","13:16:52",4900400
12.05,-0.4,2500,"sd","13:16:52",4899900
12.05,-0.4,15000,"sd","13:16:50",4897400
12.05,-0.4,1000,"sd","13:16:40",4882400
12.1,-0.35,300,"sd","13:16:31",4881400
12.1,-0.35,200,"bu","13:16:23",4881100
12.1,-0.35,500,"bu","13:16:21",4880900
12.1,-0.35,1000,"sd","13:16:18",4880400
12.1,-0.35,3500,"sd","13:16:18",4879400
12.1,-0.35,4800,"sd","13:16:18",4875900
12.1,-0.35,200,"sd","13:15:56",4871100
12.15,-0.3,1500,"bu","13:15:49",4870900
12.15,-0.3,500,"bu","13:15:49",4869400
12.15,-0.3,500,"bu","13:15:49",4868900
12.1,-0.35,2000,"bu","13:15:49",4868400
12.1,-0.35,500,"bu","13:15:49",4866400
12.1,-0.35,500,"sd","13:15:47",4865900
12.05,-0.4,100,"sd","13:15:36",4865400
12.1,-0.35,300,"sd","13:15:30",4865300
12.1,-0.35,2000,"sd","13:15:30",4865000
12.1,-0.35,700,"sd","13:15:30",4863000
12.1,-0.35,3700,"sd","13:15:30",4862300
12.1,-0.35,100,"sd","13:15:30",4858600
12.1,-0.35,100,"sd","13:15:30",4858500
12.1,-0.35,1000,"sd","13:15:30",4858400
12.1,-0.35,100,"sd","13:15:30",4857400
12.1,-0.35,1100,"sd","13:15:22",4857300
12.1,-0.35,1000,"sd","13:15:11",4856200
12.1,-0.35,4200,"sd","13:15:09",4855200
12.1,-0.35,2500,"sd","13:15:09",4851000
12.1,-0.35,100,"sd","13:15:09",4848500
12.1,-0.35,3000,"sd","13:15:09",4848400
12.1,-0.35,200,"sd","13:15:09",4845400
12.1,-0.35,8800,"sd","13:15:09",4845200
12.1,-0.35,1000,"sd","13:15:09",4836400
12.1,-0.35,100,"sd","13:15:09",4835400
12.1,-0.35,500,"sd","13:15:09",4835300
12.1,-0.35,200,"sd","13:15:09",4834800
12.1,-0.35,4000,"sd","13:15:09",4834600
12.1,-0.35,200,"sd","13:15:08",4830600
12.1,-0.35,200,"sd","13:15:08",4830400
12.1,-0.35,500,"sd","13:15:08",4830200
12.1,-0.35,500,"sd","13:15:08",4829700
12.1,-0.35,24000,"sd","13:15:08",4829200
12.15,-0.3,500,"bu","13:15:08",4805200
12.15,-0.3,500,"bu","13:15:08",4804700
12.15,-0.3,9000,"bu","13:15:08",4804200
12.1,-0.35,200,"sd","13:14:57",4795200
12.1,-0.35,10000,"sd","13:14:30",4795000
12.15,-0.3,600,"bu","13:14:20",4785000
12.15,-0.3,200,"bu","13:14:16",4784400
12.15,-0.3,100,"sd","13:14:04",4784200
12.15,-0.3,2000,"sd","13:14:04",4784100
12.15,-0.3,700,"sd","13:14:04",4782100
12.15,-0.3,300,"sd","13:13:42",4781400
12.15,-0.3,3000,"sd","13:13:42",4781100
12.15,-0.3,2000,"sd","13:13:42",4778100
12.15,-0.3,2000,"sd","13:13:42",4776100
12.15,-0.3,700,"sd","13:13:42",4774100
12.15,-0.3,700,"sd","13:13:21",4773400
12.15,-0.3,300,"bu","13:13:03",4772700
12.15,-0.3,1300,"bu","13:13:03",4772400
12.15,-0.3,700,"bu","13:12:58",4771100
12.15,-0.3,500,"bu","13:12:58",4770400
12.15,-0.3,100,"bu","13:12:58",4769900
12.15,-0.3,400,"bu","13:12:58",4769800
12.15,-0.3,300,"bu","13:12:58",4769400
12.15,-0.3,700,"bu","13:12:49",4769100
12.15,-0.3,200,"bu","13:12:49",4768400
12.15,-0.3,100,"bu","13:12:49",4768200
12.15,-0.3,400,"bu","13:12:49",4768100
12.15,-0.3,1600,"bu","13:12:49",4767700
12.15,-0.3,400,"bu","13:12:46",4766100
12.15,-0.3,100,"bu","13:12:36",4765700
12.1,-0.35,4000,"sd","13:12:35",4765600
12.15,-0.3,1000,"bu","13:12:35",4761600
12.1,-0.35,1200,"sd","13:12:34",4760600
12.15,-0.3,200,"bu","13:12:29",4759400
12.1,-0.35,500,"sd","13:12:25",4759200
12.15,-0.3,500,"bu","13:12:24",4758700
12.1,-0.35,9800,"sd","13:12:20",4758200
12.15,-0.3,5000,"bu","13:12:20",4748400
12.1,-0.35,5000,"sd","13:12:17",4743400
12.15,-0.3,1100,"bu","13:12:02",4738400
12.15,-0.3,100,"bu","13:11:55",4737300
12.15,-0.3,1900,"bu","13:11:55",4737200
12.1,-0.35,2000,"sd","13:11:53",4735300
12.1,-0.35,6800,"sd","13:11:49",4733300
12.1,-0.35,8000,"sd","13:11:49",4726500
12.15,-0.3,100,"bu","13:11:46",4718500
12.1,-0.35,500,"sd","13:11:44",4718400
12.1,-0.35,20000,"bu","13:11:40",4717900
12.1,-0.35,400,"bu","13:11:40",4697900
12.1,-0.35,2000,"bu","13:11:40",4697500
12.1,-0.35,5600,"bu","13:11:40",4695500
12.05,-0.4,1400,"sd","13:11:35",4689900
12.05,-0.4,2000,"sd","13:11:35",4688500
12.05,-0.4,100,"sd","13:11:35",4686500
12.05,-0.4,1500,"sd","13:11:35",4686400
12.05,-0.4,500,"sd","13:11:28",4684900
12.05,-0.4,100,"sd","13:11:21",4684400
12.05,-0.4,100,"sd","13:11:21",4684300
12.05,-0.4,500,"sd","13:11:21",4684200
12.05,-0.4,100,"sd","13:11:21",4683700
12.05,-0.4,500,"sd","13:11:21",4683600
12.05,-0.4,100,"sd","13:11:21",4683100
12.05,-0.4,3000,"sd","13:11:21",4683000
12.05,-0.4,300,"sd","13:11:21",4680000
12.05,-0.4,300,"sd","13:11:21",4679700
12.1,-0.35,2000,"bu","13:11:09",4679400
12.1,-0.35,500,"bu","13:11:06",4677400
12.1,-0.35,200,"sd","13:11:03",4676900
12.1,-0.35,1000,"sd","13:11:03",4676700
12.1,-0.35,100,"sd","13:11:03",4675700
12.1,-0.35,500,"sd","13:11:03",4675600
12.1,-0.35,1000,"sd","13:11:03",4675100
12.1,-0.35,1000,"sd","13:11:03",4674100
12.1,-0.35,500,"sd","13:11:03",4673100
12.1,-0.35,100,"sd","13:11:03",4672600
12.1,-0.35,200,"sd","13:11:03",4672500
12.1,-0.35,7300,"sd","13:11:03",4672300
12.1,-0.35,700,"sd","13:10:58",4665000
12.1,-0.35,2000,"sd","13:10:53",4664300
12.1,-0.35,100,"sd","13:10:52",4662300
12.1,-0.35,1500,"sd","13:10:52",4662200
12.1,-0.35,500,"sd","13:10:52",4660700
12.1,-0.35,200,"sd","13:10:52",4660200
12.1,-0.35,500,"sd","13:10:52",4660000
12.1,-0.35,200,"sd","13:10:52",4659500
12.1,-0.35,100,"sd","13:10:52",4659300
12.1,-0.35,100,"sd","13:10:52",4659200
12.1,-0.35,1500,"sd","13:10:52",4659100
12.1,-0.35,1000,"sd","13:10:52",4657600
12.1,-0.35,4300,"sd","13:10:52",4656600
12.1,-0.35,15000,"sd","13:10:48",4652300
12.1,-0.35,3500,"sd","13:10:44",4637300
12.1,-0.35,500,"sd","13:10:35",4633800
12.1,-0.35,76700,"sd","13:10:34",4633300
12.1,-0.35,200,"sd","13:10:34",4556600
12.1,-0.35,1000,"sd","13:10:34",4556400
12.1,-0.35,1000,"sd","13:10:34",4555400
12.1,-0.35,1000,"sd","13:10:34",4554400
12.1,-0.35,200,"sd","13:10:34",4553400
12.1,-0.35,100,"sd","13:10:34",4553200
12.1,-0.35,6800,"sd","13:10:34",4553100
12.1,-0.35,2000,"sd","13:10:34",4546300
12.1,-0.35,800,"sd","13:10:34",4544300
12.1,-0.35,200,"sd","13:10:34",4543500
12.15,-0.3,200,"bu","13:10:33",4543300
12.2,-0.25,10500,"bu","13:10:32",4543100
12.15,-0.3,9500,"bu","13:10:32",4532600
12.15,-0.3,100,"sd","13:10:30",4523100
12.15,-0.3,2000,"sd","13:10:30",4523000
12.15,-0.3,200,"sd","13:10:30",4521000
12.15,-0.3,1500,"sd","13:10:30",4520800
12.15,-0.3,600,"sd","13:10:30",4519300
12.15,-0.3,500,"sd","13:10:30",4518700
12.15,-0.3,500,"sd","13:10:30",4518200
12.15,-0.3,200,"sd","13:10:30",4517700
12.15,-0.3,100,"sd","13:10:30",4517500
12.15,-0.3,400,"sd","13:10:30",4517400
12.15,-0.3,200,"sd","13:10:30",4517000
12.15,-0.3,200,"sd","13:10:30",4516800
12.15,-0.3,4000,"sd","13:10:30",4516600
12.2,-0.25,100,"bu","13:10:28",4512600
12.15,-0.3,100,"sd","13:10:27",4512500
12.15,-0.3,400,"sd","13:10:01",4512400
12.15,-0.3,100,"sd","13:10:01",4512000
12.15,-0.3,2000,"sd","13:10:00",4511900
12.15,-0.3,500,"sd","13:09:22",4509900
12.15,-0.3,300,"sd","13:09:22",4509400
12.2,-0.25,100,"bu","13:09:11",4509100
12.2,-0.25,400,"bu","13:09:11",4509000
12.1,-0.35,100,"sd","13:09:04",4508600
12.1,-0.35,300,"sd","13:09:04",4508500
12.1,-0.35,300,"sd","13:09:04",4508200
12.15,-0.3,200,"sd","13:09:04",4507900
12.15,-0.3,100,"sd","13:09:04",4507700
12.15,-0.3,900,"sd","13:09:02",4507600
12.15,-0.3,200,"sd","13:08:52",4506700
12.15,-0.3,800,"sd","13:08:52",4506500
12.15,-0.3,100,"sd","13:08:52",4505700
12.15,-0.3,1500,"sd","13:08:52",4505600
12.15,-0.3,1000,"sd","13:08:52",4504100
12.15,-0.3,3000,"sd","13:08:52",4503100
12.15,-0.3,200,"sd","13:08:52",4500100
12.15,-0.3,100,"sd","13:08:52",4499900
12.15,-0.3,1000,"sd","13:08:52",4499800
12.15,-0.3,100,"sd","13:08:52",4498800
12.15,-0.3,4600,"sd","13:08:52",4498700
12.15,-0.3,5000,"sd","13:08:45",4494100
12.15,-0.3,400,"sd","13:08:33",4489100
12.15,-0.3,1000,"sd","13:08:33",4488700
12.15,-0.3,3600,"sd","13:08:33",4487700
12.15,-0.3,100,"sd","13:08:09",4484100
12.15,-0.3,500,"sd","13:08:03",4484000
12.15,-0.3,1000,"sd","13:07:45",4483500
12.2,-0.25,1000,"bu","13:07:37",4482500
12.2,-0.25,200,"bu","13:07:15",4481500
12.15,-0.3,800,"sd","13:07:13",4481300
12.15,-0.3,1000,"sd","13:07:13",4480500
12.15,-0.3,1000,"sd","13:07:13",4479500
12.15,-0.3,200,"sd","13:07:13",4478500
12.2,-0.25,200,"bu","13:07:07",4478300
12.15,-0.3,900,"sd","13:06:59",4478100
12.15,-0.3,100,"sd","13:06:59",4477200
12.15,-0.3,200,"sd","13:06:59",4477100
12.15,-0.3,1000,"sd","13:06:59",4476900
12.15,-0.3,800,"sd","13:06:59",4475900
12.15,-0.3,900,"sd","13:06:54",4475100
12.15,-0.3,3000,"sd","13:06:54",4474200
12.15,-0.3,300,"sd","13:06:49",4471200
12.15,-0.3,200,"sd","13:06:49",4470900
12.15,-0.3,200,"sd","13:06:49",4470700
12.15,-0.3,1000,"sd","13:06:49",4470500
12.15,-0.3,1300,"sd","13:06:49",4469500
12.2,-0.25,200,"bu","13:06:48",4468200
12.2,-0.25,4900,"sd","13:06:45",4468000
12.25,-0.2,500,"bu","13:06:44",4463100
12.2,-0.25,500,"sd","13:06:43",4462600
12.2,-0.25,4600,"sd","13:06:42",4462100
12.2,-0.25,45400,"sd","13:06:42",4457500
12.25,-0.2,200,"bu","13:06:38",4412100
12.2,-0.25,1000,"sd","13:06:34",4411900
12.2,-0.25,100,"sd","13:06:34",4410900
12.2,-0.25,200,"sd","13:06:34",4410800
12.2,-0.25,100,"sd","13:06:34",4410600
12.2,-0.25,300,"sd","13:06:34",4410500
12.2,-0.25,100,"sd","13:06:34",4410200
12.2,-0.25,54600,"sd","13:06:34",4410100
12.2,-0.25,300,"sd","13:06:34",4355500
12.2,-0.25,2000,"sd","13:06:34",4355200
12.2,-0.25,500,"sd","13:06:34",4353200
12.2,-0.25,2200,"sd","13:06:34",4352700
12.2,-0.25,500,"sd","13:06:34",4350500
12.2,-0.25,1000,"sd","13:06:34",4350000
12.2,-0.25,100,"sd","13:06:34",4349000
12.2,-0.25,2000,"sd","13:06:34",4348900
12.2,-0.25,100,"sd","13:06:34",4346900
12.2,-0.25,500,"sd","13:06:34",4346800
12.2,-0.25,100,"sd","13:06:34",4346300
12.2,-0.25,1000,"sd","13:06:34",4346200
12.2,-0.25,2000,"sd","13:06:34",4345200
12.2,-0.25,1000,"sd","13:06:34",4343200
12.2,-0.25,3000,"sd","13:06:34",4342200
12.2,-0.25,500,"sd","13:06:34",4339200
12.2,-0.25,5000,"sd","13:06:34",4338700
12.2,-0.25,100,"sd","13:06:34",4333700
12.2,-0.25,500,"sd","13:06:34",4333600
12.2,-0.25,1700,"sd","13:06:34",4333100
12.2,-0.25,10000,"sd","13:06:34",4331400
12.25,-0.2,5000,"bu","13:06:34",4321400
12.25,-0.2,3000,"bu","13:06:27",4316400
12.25,-0.2,100,"bu","13:06:24",4313400
12.25,-0.2,10000,"bu","13:06:23",4313300
12.25,-0.2,1000,"bu","13:06:16",4303300
12.25,-0.2,2800,"sd","13:06:10",4302300
12.25,-0.2,100,"sd","13:06:10",4299500
12.25,-0.2,2800,"sd","13:06:10",4299400
12.25,-0.2,2000,"sd","13:06:10",4296600
12.25,-0.2,1000,"sd","13:06:10",4294600
12.25,-0.2,9500,"sd","13:06:10",4293600
12.25,-0.2,500,"sd","13:06:10",4284100
12.25,-0.2,500,"sd","13:06:07",4283600
12.25,-0.2,500,"sd","13:06:07",4283100
12.25,-0.2,200,"sd","13:05:44",4282600
12.25,-0.2,100,"bu","13:05:40",4282400
12.25,-0.2,200,"bu","13:05:40",4282300
12.25,-0.2,200,"bu","13:05:38",4282100
12.25,-0.2,500,"bu","13:05:38",4281900
12.25,-0.2,500,"bu","13:05:36",4281400
12.25,-0.2,100,"bu","13:05:36",4280900
12.25,-0.2,400,"bu","13:05:36",4280800
12.25,-0.2,400,"bu","13:05:31",4280400
12.25,-0.2,200,"bu","13:05:31",4280000
12.25,-0.2,3000,"bu","13:05:30",4279800
12.25,-0.2,2900,"bu","13:05:29",4276800
12.25,-0.2,2000,"bu","13:05:28",4273900
12.2,-0.25,500,"sd","13:05:28",4271900
12.25,-0.2,2000,"bu","13:05:27",4271400
12.25,-0.2,15000,"bu","13:05:26",4269400
12.25,-0.2,5000,"bu","13:05:22",4254400
12.2,-0.25,200,"sd","13:05:17",4249400
12.25,-0.2,5000,"bu","13:05:16",4249200
12.25,-0.2,1900,"bu","13:05:14",4244200
12.25,-0.2,700,"bu","13:05:11",4242300
12.25,-0.2,12300,"bu","13:05:09",4241600
12.25,-0.2,1700,"bu","13:05:09",4229300
12.25,-0.2,200,"bu","13:05:07",4227600
12.25,-0.2,5000,"bu","13:05:05",4227400
12.25,-0.2,1000,"bu","13:05:04",4222400
12.25,-0.2,100,"bu","13:05:02",4221400
12.25,-0.2,300,"bu","13:05:00",4221300
12.25,-0.2,100,"bu","13:04:59",4221000
12.25,-0.2,9600,"bu","13:04:58",4220900
12.25,-0.2,2000,"bu","13:04:57",4211300
12.25,-0.2,500,"bu","13:04:52",4209300
12.25,-0.2,1500,"bu","13:04:49",4208800
12.25,-0.2,1000,"bu","13:04:48",4207300
12.25,-0.2,1100,"bu","13:04:44",4206300
12.25,-0.2,1100,"bu","13:04:28",4205200
12.2,-0.25,100,"sd","13:04:07",4204100
12.2,-0.25,1000,"sd","13:04:07",4204000
12.2,-0.25,100,"sd","13:04:07",4203000
12.2,-0.25,100,"sd","13:04:05",4202900
12.2,-0.25,800,"sd","13:04:03",4202800
12.2,-0.25,9200,"sd","13:04:03",4202000
12.2,-0.25,400,"sd","13:04:03",4192800
12.2,-0.25,400,"bu","13:03:59",4192400
12.2,-0.25,1000,"bu","13:03:59",4192000
12.2,-0.25,1000,"bu","13:03:58",4191000
12.2,-0.25,2000,"bu","13:03:56",4190000
12.2,-0.25,3400,"sd","13:03:50",4188000
12.2,-0.25,500,"sd","13:03:50",4184600
12.2,-0.25,10000,"sd","13:03:50",4184100
12.2,-0.25,500,"sd","13:03:50",4174100
12.2,-0.25,100,"sd","13:03:50",4173600
12.2,-0.25,200,"sd","13:03:50",4173500
12.2,-0.25,3000,"sd","13:03:50",4173300
12.2,-0.25,900,"sd","13:03:50",4170300
12.2,-0.25,100,"sd","13:03:50",4169400
12.2,-0.25,20000,"sd","13:03:50",4169300
12.2,-0.25,1000,"sd","13:03:50",4149300
12.2,-0.25,2000,"sd","13:03:50",4148300
12.2,-0.25,2000,"sd","13:03:50",4146300
12.2,-0.25,100,"sd","13:03:50",4144300
12.2,-0.25,1000,"sd","13:03:50",4144200
12.2,-0.25,200,"sd","13:03:50",4143200
12.2,-0.25,600,"sd","13:03:50",4143000
12.2,-0.25,500,"sd","13:03:47",4142400
12.2,-0.25,7000,"sd","13:03:45",4141900
12.2,-0.25,300,"sd","13:03:34",4134900
12.2,-0.25,2700,"sd","13:03:34",4134600
12.2,-0.25,1300,"sd","13:03:31",4131900
12.2,-0.25,100,"sd","13:03:06",4130600
12.2,-0.25,5000,"sd","13:03:00",4130500
12.2,-0.25,400,"sd","13:02:56",4125500
12.2,-0.25,500,"sd","13:02:44",4125100
12.2,-0.25,1000,"sd","13:02:44",4124600
12.25,-0.2,4000,"bu","13:02:44",4123600
12.25,-0.2,1500,"bu","13:02:40",4119600
12.2,-0.25,300,"sd","13:02:24",4118100
12.2,-0.25,5000,"sd","13:02:23",4117800
12.2,-0.25,200,"sd","13:02:23",4112800
12.2,-0.25,200,"sd","13:02:23",4112600
12.2,-0.25,3600,"sd","13:02:23",4112400
12.2,-0.25,1000,"sd","13:02:23",4108800
12.25,-0.2,300,"bu","13:02:22",4107800
12.2,-0.25,200,"sd","13:02:19",4107500
12.25,-0.2,1000,"bu","13:02:15",4107300
12.25,-0.2,100,"bu","13:02:11",4106300
12.25,-0.2,1000,"bu","13:02:03",4106200
12.25,-0.2,500,"bu","13:02:02",4105200
12.25,-0.2,4000,"sd","13:02:01",4104700
12.25,-0.2,10000,"sd","13:02:01",4100700
12.25,-0.2,1000,"sd","13:02:01",4090700
12.25,-0.2,1400,"sd","13:02:01",4089700
12.25,-0.2,500,"sd","13:01:50",4088300
12.25,-0.2,900,"bu","13:01:45",4087800
12.25,-0.2,200,"bu","13:01:45",4086900
12.25,-0.2,200,"bu","13:01:42",4086700
12.25,-0.2,100,"bu","13:01:42",4086500
12.25,-0.2,1700,"bu","13:01:42",4086400
12.25,-0.2,300,"bu","13:01:33",4084700
12.2,-0.25,2000,"sd","13:01:28",4084400
12.2,-0.25,200,"bu","13:01:28",4082400
12.2,-0.25,200,"bu","13:01:28",4082200
12.2,-0.25,1400,"bu","13:01:28",4082000
12.15,-0.3,5000,"bu","13:01:15",4080600
12.15,-0.3,1000,"bu","13:01:15",4075600
12.15,-0.3,1000,"bu","13:01:14",4074600
12.1,-0.35,200,"sd","13:01:13",4073600
12.1,-0.35,100,"sd","13:01:13",4073400
12.1,-0.35,200,"sd","13:01:13",4073300
12.1,-0.35,100,"sd","13:01:13",4073100
12.1,-0.35,100,"sd","13:01:13",4073000
12.1,-0.35,500,"sd","13:01:13",4072900
12.1,-0.35,500,"sd","13:01:13",4072400
12.1,-0.35,1000,"sd","13:01:13",4071900
12.1,-0.35,300,"sd","13:01:13",4070900
12.1,-0.35,2000,"sd","13:01:13",4070600
12.1,-0.35,45000,"sd","13:01:13",4068600
12.15,-0.3,200,"bu","13:01:12",4023600
12.15,-0.3,100,"bu","13:01:11",4023400
12.15,-0.3,7700,"bu","13:01:10",4023300
12.15,-0.3,100,"bu","13:01:10",4015600
12.15,-0.3,7200,"bu","13:01:10",4015500
12.15,-0.3,500,"bu","13:01:09",4008300
12.15,-0.3,7300,"bu","13:01:06",4007800
12.15,-0.3,2700,"bu","13:01:06",4000500
12.15,-0.3,500,"bu","13:01:03",3997800
12.15,-0.3,4900,"bu","13:01:02",3997300
12.15,-0.3,5000,"bu","13:01:01",3992400
12.15,-0.3,300,"bu","13:00:53",3987400
12.15,-0.3,20000,"bu","13:00:43",3987100
12.1,-0.35,100,"sd","13:00:38",3967100
12.15,-0.3,5000,"bu","13:00:30",3967000
12.1,-0.35,4000,"sd","13:00:29",3962000
12.1,-0.35,3000,"sd","13:00:23",3958000
12.15,-0.3,500,"bu","13:00:18",3955000
12.1,-0.35,4000,"sd","13:00:17",3954500
12.15,-0.3,3000,"bu","13:00:14",3950500
12.15,-0.3,500,"bu","13:00:12",3947500
12.15,-0.3,300,"bu","13:00:11",3947000
12.15,-0.3,4000,"bu","13:00:11",3946700
12.15,-0.3,2000,"bu","13:00:07",3942700
12.15,-0.3,3000,"bu","13:00:07",3940700
12.15,-0.3,300,"bu","13:00:06",3937700
12.15,-0.3,1000,"bu","13:00:05",3937400
12.15,-0.3,700,"bu","13:00:05",3936400
12.15,-0.3,20000,"bu","13:00:04",3935700
12.15,-0.3,400,"bu","13:00:04",3915700
12.15,-0.3,3900,"bu","13:00:04",3915300
12.15,-0.3,300,"bu","13:00:04",3911400
12.1,-0.35,100,"sd","13:00:04",3911100
12.15,-0.3,1000,"bu","13:00:04",3911000
12.15,-0.3,100,"bu","13:00:04",3910000
12.2,-0.25,100,"bu","13:00:04",3909900
12.15,-0.3,500,"bu","13:00:04",3909800
12.15,-0.3,2000,"bu","13:00:04",3909300
12.15,-0.3,500,"bu","13:00:04",3907300
12.15,-0.3,5000,"bu","13:00:04",3906800
12.15,-0.3,10000,"bu","13:00:04",3901800
12.15,-0.3,100,"bu","13:00:04",3891800
12.15,-0.3,300,"bu","13:00:04",3891700
12.2,-0.25,94800,"bu","13:00:03",3891400
12.15,-0.3,100,"bu","13:00:03",3796600
12.15,-0.3,200,"bu","13:00:03",3796500
12.25,-0.2,48100,"bu","13:00:03",3796300
12.25,-0.2,39400,"bu","13:00:03",3748200
12.15,-0.3,5000,"bu","13:00:03",3708800
12.2,-0.25,2600,"bu","13:00:03",3703800
12.15,-0.3,19300,"bu","13:00:02",3701200
12.2,-0.25,700,"bu","13:00:02",3681900
12.1,-0.35,3000,"sd","13:00:02",3681200
12.15,-0.3,800,"sd","13:00:01",3678200
12.15,-0.3,400,"sd","13:00:01",3677400
12.15,-0.3,1200,"sd","13:00:01",3677000
12.15,-0.3,1000,"sd","13:00:01",3675800
12.15,-0.3,5000,"sd","13:00:01",3674800
12.15,-0.3,100,"sd","13:00:01",3669800
12.15,-0.3,4000,"sd","13:00:01",3669700
12.15,-0.3,500,"sd","13:00:01",3665700
12.15,-0.3,400,"sd","13:00:01",3665200
12.15,-0.3,1000,"sd","13:00:01",3664800
12.15,-0.3,300,"sd","13:00:00",3663800
12.15,-0.3,300,"sd","13:00:00",3663500
12.15,-0.3,500,"sd","13:00:00",3663200
12.15,-0.3,1000,"sd","13:00:00",3662700
12.15,-0.3,900,"sd","13:00:00",3661700
12.15,-0.3,1000,"sd","13:00:00",3660800
12.15,-0.3,2000,"sd","13:00:00",3659800
12.15,-0.3,100,"sd","11:29:38",3657800
12.2,-0.25,100,"bu","11:29:31",3657700
12.2,-0.25,500,"bu","11:29:30",3657600
12.2,-0.25,1300,"bu","11:29:25",3657100
12.2,-0.25,1300,"bu","11:29:25",3655800
12.2,-0.25,500,"bu","11:29:25",3654500
12.2,-0.25,5000,"bu","11:29:25",3654000
12.2,-0.25,100,"bu","11:29:25",3649000
12.2,-0.25,1800,"bu","11:29:25",3648900
12.15,-0.3,100,"sd","11:29:24",3647100
12.15,-0.3,400,"sd","11:29:24",3647000
12.2,-0.25,100,"bu","11:29:18",3646600
12.2,-0.25,1000,"bu","11:29:05",3646500
12.15,-0.3,1000,"sd","11:28:42",3645500
12.2,-0.25,100,"bu","11:28:40",3644500
12.2,-0.25,1000,"bu","11:28:22",3644400
12.2,-0.25,100,"bu","11:27:42",3643400
12.15,-0.3,1600,"sd","11:27:14",3643300
12.15,-0.3,48400,"sd","11:27:14",3641700
12.2,-0.25,1000,"bu","11:26:52",3593300
12.15,-0.3,200,"sd","11:25:59",3592300
12.15,-0.3,1400,"sd","11:25:17",3592100
12.15,-0.3,100,"sd","11:25:17",3590700
12.2,-0.25,100,"sd","11:25:06",3590600
12.2,-0.25,200,"sd","11:25:06",3590500
12.2,-0.25,30200,"sd","11:25:06",3590300
12.25,-0.2,1000,"sd","11:24:46",3560100
12.25,-0.2,9600,"sd","11:24:46",3559100
12.25,-0.2,200,"sd","11:24:10",3549500
12.25,-0.2,400,"sd","11:23:51",3549300
12.25,-0.2,8000,"bu","11:23:37",3548900
12.25,-0.2,300,"bu","11:23:37",3540900
12.25,-0.2,300,"bu","11:23:37",3540600
12.25,-0.2,500,"bu","11:23:37",3540300
12.25,-0.2,700,"bu","11:23:37",3539800
12.25,-0.2,300,"bu","11:23:28",3539100
12.25,-0.2,500,"bu","11:23:28",3538800
12.25,-0.2,200,"bu","11:23:28",3538300
12.2,-0.25,60000,"sd","11:23:22",3538100
12.25,-0.2,100,"bu","11:23:11",3478100
12.2,-0.25,9800,"bu","11:22:34",3478000
12.2,-0.25,600,"bu","11:22:06",3468200
12.2,-0.25,300,"sd","11:21:58",3467600
12.2,-0.25,1000,"sd","11:21:58",3467300
12.2,-0.25,7000,"sd","11:21:58",3466300
12.2,-0.25,1000,"sd","11:21:58",3459300
12.2,-0.25,200,"sd","11:21:58",3458300
12.2,-0.25,100,"sd","11:21:58",3458100
12.2,-0.25,400,"sd","11:21:38",3458000
12.2,-0.25,2000,"sd","11:21:26",3457600
12.2,-0.25,100,"sd","11:21:12",3455600
12.2,-0.25,300,"sd","11:21:00",3455500
12.2,-0.25,100,"sd","11:20:59",3455200
12.2,-0.25,100,"sd","11:20:59",3455100
12.2,-0.25,300,"sd","11:20:59",3455000
12.2,-0.25,100,"sd","11:20:54",3454700
12.2,-0.25,19600,"sd","11:19:51",3454600
12.2,-0.25,8000,"sd","11:19:51",3435000
12.25,-0.2,3000,"sd","11:19:51",3427000
12.25,-0.2,500,"sd","11:19:51",3424000
12.25,-0.2,1900,"sd","11:19:51",3423500
12.25,-0.2,100,"sd","11:19:29",3421600
12.3,-0.15,100,"bu","11:19:28",3421500
12.25,-0.2,5800,"sd","11:19:19",3421400
12.25,-0.2,8000,"bu","11:19:17",3415600
12.25,-0.2,1200,"bu","11:19:17",3407600
12.25,-0.2,200,"bu","11:19:17",3406400
12.25,-0.2,1500,"bu","11:19:17",3406200
12.25,-0.2,1000,"bu","11:19:17",3404700
12.25,-0.2,300,"bu","11:19:17",3403700
12.25,-0.2,500,"bu","11:19:15",3403400
12.25,-0.2,500,"bu","11:18:58",3402900
12.25,-0.2,100,"bu","11:18:49",3402400
12.25,-0.2,200,"bu","11:18:38",3402300
12.2,-0.25,100,"bu","11:18:16",3402100
12.2,-0.25,400,"bu","11:18:16",3402000
12.2,-0.25,200,"bu","11:18:16",3401600
12.2,-0.25,100,"bu","11:18:16",3401400
12.2,-0.25,8000,"bu","11:18:14",3401300
12.2,-0.25,300,"bu","11:18:07",3393300
12.2,-0.25,1300,"bu","11:18:07",3393000
12.2,-0.25,3300,"bu","11:18:07",3391700
12.2,-0.25,900,"bu","11:18:01",3388400
12.2,-0.25,500,"bu","11:17:58",3387500
12.2,-0.25,500,"bu","11:17:56",3387000
12.2,-0.25,1700,"bu","11:17:56",3386500
12.2,-0.25,1000,"bu","11:17:56",3384800
12.2,-0.25,500,"bu","11:17:53",3383800
12.2,-0.25,200,"bu","11:17:42",3383300
12.2,-0.25,100,"bu","11:17:40",3383100
12.2,-0.25,200,"bu","11:17:12",3383000
12.2,-0.25,100,"bu","11:17:02",3382800
12.2,-0.25,200,"bu","11:16:59",3382700
12.2,-0.25,200,"bu","11:16:57",3382500
12.15,-0.3,300,"bu","11:16:22",3382300
12.1,-0.35,15000,"sd","11:16:20",3382000
12.15,-0.3,100,"bu","11:16:14",3367000
12.15,-0.3,300,"bu","11:16:13",3366900
12.15,-0.3,200,"bu","11:16:13",3366600
12.15,-0.3,500,"bu","11:16:12",3366400
12.15,-0.3,100,"bu","11:15:37",3365900
12.1,-0.35,300,"sd","11:14:54",3365800
12.15,-0.3,5100,"bu","11:14:39",3365500
12.15,-0.3,100,"sd","11:14:21",3360400
12.15,-0.3,200,"bu","11:13:38",3360300
12.15,-0.3,400,"bu","11:13:36",3360100
12.15,-0.3,2500,"bu","11:13:30",3359700
12.15,-0.3,200,"bu","11:13:30",3357200
12.15,-0.3,2300,"bu","11:13:30",3357000
12.15,-0.3,200,"bu","11:13:26",3354700
12.15,-0.3,5000,"bu","11:13:25",3354500
12.15,-0.3,900,"bu","11:12:51",3349500
12.15,-0.3,100,"bu","11:12:51",3348600
12.1,-0.35,10000,"sd","11:12:34",3348500
12.1,-0.35,5000,"sd","11:12:03",3338500
12.1,-0.35,1000,"sd","11:11:54",3333500
12.1,-0.35,100,"bu","11:11:53",3332500
12.1,-0.35,500,"bu","11:11:53",3332400
12.1,-0.35,8400,"bu","11:11:53",3331900
12.1,-0.35,400,"bu","11:11:51",3323500
12.1,-0.35,100,"sd","11:11:02",3323100
12.1,-0.35,1000,"sd","11:11:02",3323000
12.1,-0.35,100,"sd","11:11:02",3322000
12.15,-0.3,3600,"bu","11:10:57",3321900
12.15,-0.3,1900,"bu","11:10:56",3318300
12.1,-0.35,100,"bu","11:10:49",3316400
12.1,-0.35,100,"bu","11:10:48",3316300
12.1,-0.35,78100,"bu","11:10:48",3316200
12.15,-0.3,100,"bu","11:10:29",3238100
12.15,-0.3,500,"bu","11:10:29",3238000
12.15,-0.3,200,"bu","11:10:29",3237500
12.15,-0.3,200,"bu","11:10:29",3237300
12.1,-0.35,100,"sd","11:10:10",3237100
12.1,-0.35,500,"sd","11:10:05",3237000
12.1,-0.35,15000,"bu","11:10:05",3236500
12.1,-0.35,6300,"bu","11:10:05",3221500
12.1,-0.35,200,"bu","11:09:58",3215200
12.1,-0.35,1000,"bu","11:09:53",3215000
12.1,-0.35,5000,"sd","11:09:50",3214000
12.1,-0.35,2000,"sd","11:09:50",3209000
12.1,-0.35,500,"sd","11:09:50",3207000
12.1,-0.35,1000,"sd","11:09:31",3206500
12.1,-0.35,1000,"sd","11:09:31",3205500
12.1,-0.35,5000,"sd","11:09:31",3204500
12.1,-0.35,500,"sd","11:09:31",3199500
12.1,-0.35,1000,"sd","11:09:31",3199000
12.1,-0.35,500,"sd","11:09:31",3198000
12.1,-0.35,900,"sd","11:09:31",3197500
12.1,-0.35,200,"sd","11:09:31",3196600
12.1,-0.35,1000,"sd","11:09:31",3196400
12.1,-0.35,1000,"sd","11:09:31",3195400
12.1,-0.35,300,"sd","11:09:31",3194400
12.1,-0.35,100,"sd","11:09:31",3194100
12.1,-0.35,1000,"sd","11:09:31",3194000
12.1,-0.35,500,"sd","11:09:31",3193000
12.1,-0.35,2000,"sd","11:09:31",3192500
12.1,-0.35,3000,"sd","11:09:31",3190500
12.1,-0.35,500,"sd","11:09:31",3187500
12.15,-0.3,200,"bu","11:09:01",3187000
12.1,-0.35,1000,"sd","11:08:47",3186800
12.15,-0.3,100,"bu","11:08:39",3185800
12.15,-0.3,200,"bu","11:08:19",3185700
12.15,-0.3,100,"bu","11:07:36",3185500
12.15,-0.3,200,"bu","11:07:34",3185400
12.15,-0.3,100,"bu","11:07:34",3185200
12.15,-0.3,1000,"bu","11:07:34",3185100
12.15,-0.3,1000,"sd","11:07:34",3184100
12.15,-0.3,100,"sd","11:07:34",3183100
12.15,-0.3,1000,"sd","11:07:34",3183000
12.15,-0.3,500,"sd","11:07:34",3182000
12.15,-0.3,2000,"sd","11:07:34",3181500
12.15,-0.3,500,"sd","11:07:34",3179500
12.15,-0.3,10000,"sd","11:07:34",3179000
12.15,-0.3,200,"sd","11:07:34",3169000
12.2,-0.25,1900,"bu","11:07:27",3168800
12.2,-0.25,100,"bu","11:07:27",3166900
12.2,-0.25,800,"bu","11:07:22",3166800
12.2,-0.25,100,"bu","11:07:22",3166000
12.2,-0.25,1000,"bu","11:07:21",3165900
12.2,-0.25,200,"bu","11:06:14",3164900
12.2,-0.25,200,"sd","11:06:11",3164700
12.2,-0.25,500,"sd","11:05:33",3164500
12.2,-0.25,3000,"sd","11:05:33",3164000
12.2,-0.25,500,"sd","11:05:33",3161000
12.2,-0.25,100,"sd","11:05:33",3160500
12.2,-0.25,10000,"sd","11:05:33",3160400
12.2,-0.25,1000,"sd","11:05:33",3150400
12.2,-0.25,400,"sd","11:05:33",3149400
12.2,-0.25,100,"sd","11:05:33",3149000
12.2,-0.25,200,"sd","11:05:33",3148900
12.2,-0.25,100,"sd","11:05:33",3148700
12.2,-0.25,300,"sd","11:05:33",3148600
12.2,-0.25,1000,"sd","11:05:33",3148300
12.2,-0.25,100,"sd","11:05:33",3147300
12.2,-0.25,500,"sd","11:05:33",3147200
12.2,-0.25,100,"sd","11:05:33",3146700
12.2,-0.25,300,"sd","11:05:33",3146600
12.2,-0.25,100,"sd","11:05:33",3146300
12.2,-0.25,200,"sd","11:05:33",3146200
12.2,-0.25,100,"sd","11:05:33",3146000
12.2,-0.25,200,"sd","11:05:33",3145900
12.2,-0.25,200,"sd","11:05:33",3145700
12.2,-0.25,500,"sd","11:05:33",3145500
12.2,-0.25,100,"sd","11:05:33",3145000
12.2,-0.25,100,"sd","11:05:33",3144900
12.2,-0.25,200,"sd","11:05:11",3144800
12.2,-0.25,1800,"sd","11:05:11",3144600
12.25,-0.2,100,"bu","11:05:11",3142800
12.25,-0.2,100,"bu","11:05:05",3142700
12.2,-0.25,3200,"sd","11:04:51",3142600
12.2,-0.25,100,"sd","11:04:51",3139400
12.2,-0.25,500,"sd","11:04:51",3139300
12.2,-0.25,7500,"sd","11:04:51",3138800
12.25,-0.2,200,"bu","11:04:48",3131300
12.25,-0.2,300,"bu","11:04:48",3131100
12.25,-0.2,100,"bu","11:04:04",3130800
12.25,-0.2,1000,"bu","11:03:51",3130700
12.25,-0.2,1000,"bu","11:03:37",3129700
12.2,-0.25,1500,"sd","11:03:02",3128700
12.25,-0.2,1000,"bu","11:02:58",3127200
12.2,-0.25,10000,"sd","11:01:50",3126200
12.25,-0.2,200,"bu","11:01:48",3116200
12.25,-0.2,300,"bu","11:01:22",3116000
12.25,-0.2,100,"bu","11:01:01",3115700
12.25,-0.2,600,"bu","11:01:01",3115600
12.25,-0.2,400,"bu","11:00:36",3115000
12.25,-0.2,400,"bu","11:00:36",3114600
12.25,-0.2,1000,"bu","11:00:34",3114200
12.25,-0.2,8600,"sd","11:00:14",3113200
12.25,-0.2,1400,"sd","10:59:38",3104600
12.25,-0.2,100,"sd","10:59:38",3103200
12.25,-0.2,500,"sd","10:59:38",3103100
12.25,-0.2,100,"sd","10:59:38",3102600
12.25,-0.2,100,"bu","10:59:29",3102500
12.25,-0.2,200,"bu","10:59:17",3102400
12.2,-0.25,1000,"sd","10:59:15",3102200
12.2,-0.25,5000,"sd","10:59:14",3101200
12.2,-0.25,100,"sd","10:58:31",3096200
12.2,-0.25,1100,"sd","10:58:14",3096100
12.2,-0.25,9700,"sd","10:58:05",3095000
12.2,-0.25,1000,"sd","10:57:40",3085300
12.2,-0.25,3000,"sd","10:57:12",3084300
12.2,-0.25,1000,"sd","10:56:43",3081300
12.2,-0.25,5000,"sd","10:56:13",3080300
12.25,-0.2,500,"bu","10:56:00",3075300
12.25,-0.2,100,"sd","10:55:42",3074800
12.25,-0.2,500,"sd","10:55:42",3074700
12.25,-0.2,1000,"sd","10:55:42",3074200
12.25,-0.2,200,"sd","10:55:42",3073200
12.25,-0.2,100,"sd","10:54:29",3073000
12.3,-0.15,200,"bu","10:53:40",3072900
12.25,-0.2,100,"sd","10:53:29",3072700
12.25,-0.2,100,"sd","10:53:29",3072600
12.25,-0.2,800,"sd","10:53:29",3072500
12.25,-0.2,2500,"sd","10:53:15",3071700
12.25,-0.2,10000,"sd","10:52:53",3069200
12.25,-0.2,1700,"sd","10:52:32",3059200
12.25,-0.2,300,"sd","10:52:32",3057500
12.25,-0.2,100,"sd","10:52:19",3057200
12.25,-0.2,600,"sd","10:52:15",3057100
12.25,-0.2,300,"sd","10:52:15",3056500
12.25,-0.2,4100,"sd","10:52:15",3056200
12.3,-0.15,4000,"bu","10:52:00",3052100
12.3,-0.15,1100,"bu","10:51:48",3048100
12.3,-0.15,600,"bu","10:51:48",3047000
12.3,-0.15,500,"sd","10:51:44",3046400
12.3,-0.15,1000,"sd","10:51:44",3045900
12.3,-0.15,500,"sd","10:51:44",3044900
12.3,-0.15,1000,"sd","10:51:40",3044400
12.3,-0.15,2000,"sd","10:51:38",3043400
12.3,-0.15,500,"sd","10:51:38",3041400
12.3,-0.15,200,"sd","10:51:38",3040900
12.3,-0.15,1000,"sd","10:51:38",3040700
12.3,-0.15,2900,"sd","10:51:38",3039700
12.3,-0.15,200,"sd","10:51:38",3036800
12.3,-0.15,1000,"sd","10:51:38",3036600
12.3,-0.15,100,"sd","10:51:38",3035600
12.3,-0.15,300,"sd","10:51:38",3035500
12.3,-0.15,700,"sd","10:51:38",3035200
