"price","change","match_qtty","side","time","total_vol"
14,0.7,400,"bu","14:54:19",346300
14,0.7,6600,"bu","14:53:01",345900
13.8,0.5,20400,"sd","14:51:53",339300
13.8,0.5,100,"bu","14:49:25",318900
13.8,0.5,100,"bu","14:45:28",318800
13.8,0.5,200,"bu","14:39:14",318700
13.8,0.5,100,"bu","14:35:23",318500
13.8,0.5,100,"bu","14:34:29",318400
13.8,0.5,300,"bu","14:29:53",318300
13.8,0.5,100,"bu","14:29:15",318000
13.8,0.5,200,"bu","14:29:03",317900
13.7,0.4,3000,"sd","14:28:26",317700
13.8,0.5,300,"bu","14:27:20",314700
13.8,0.5,2200,"sd","14:25:18",314400
13.8,0.5,500,"sd","14:23:22",312200
13.8,0.5,500,"sd","14:23:04",311700
13.8,0.5,1000,"sd","14:21:56",311200
13.8,0.5,2000,"sd","14:18:48",310200
13.8,0.5,2000,"sd","14:18:38",308200
13.8,0.5,1000,"sd","14:18:33",306200
13.8,0.5,1000,"sd","14:17:09",305200
13.8,0.5,10000,"sd","14:14:19",304200
13.9,0.6,4000,"bu","14:11:51",294200
13.9,0.6,500,"bu","14:11:45",290200
13.9,0.6,2000,"bu","14:11:10",289700
13.9,0.6,500,"bu","14:07:44",287700
13.9,0.6,500,"bu","14:06:03",287200
13.9,0.6,300,"bu","14:04:19",286700
13.9,0.6,200,"sd","14:04:08",286400
13.8,0.5,1400,"unknown","13:57:47",286200
13.8,0.5,5000,"sd","13:56:24",284800
13.8,0.5,1000,"sd","13:52:37",279800
13.9,0.6,300,"bu","13:52:21",278800
13.9,0.6,100,"bu","13:52:05",278500
13.9,0.6,500,"bu","13:51:43",278400
13.9,0.6,1900,"sd","13:49:39",277900
14,0.7,500,"bu","13:49:32",276000
13.9,0.6,4000,"sd","13:49:31",275500
13.9,0.6,500,"sd","13:49:06",271500
13.9,0.6,1100,"sd","13:48:46",271000
13.9,0.6,600,"sd","13:46:39",269900
13.9,0.6,2000,"sd","13:44:44",269300
13.9,0.6,7900,"sd","13:44:28",267300
14,0.7,2000,"bu","13:40:48",259400
14,0.7,500,"bu","13:40:37",257400
14,0.7,1000,"bu","13:39:50",256900
14,0.7,5900,"sd","13:39:36",255900
14.1,0.8,2000,"bu","13:36:01",250000
14.1,0.8,200,"bu","13:28:09",248000
14,0.7,300,"sd","13:27:15",247800
14,0.7,1000,"sd","13:26:41",247500
14,0.7,1000,"sd","13:25:32",246500
14.1,0.8,100,"bu","13:21:41",245500
14.1,0.8,100,"bu","13:21:11",245400
14,0.7,1200,"bu","13:21:04",245300
14,0.7,100,"bu","13:20:38",244100
14,0.7,700,"sd","13:19:25",244000
14,0.7,2300,"bu","13:18:15",243300
14,0.7,200,"bu","13:17:09",241000
14,0.7,500,"sd","13:16:44",240800
14,0.7,2500,"bu","13:16:41",240300
14,0.7,100,"bu","13:13:48",237800
14,0.7,1000,"bu","13:09:40",237700
14,0.7,200,"bu","13:08:12",236700
14,0.7,1700,"sd","13:07:40",236500
14,0.7,3000,"sd","13:07:07",234800
14.1,0.8,700,"unknown","13:03:07",231800
14.1,0.8,600,"bu","13:02:31",231100
14.1,0.8,1500,"unknown","13:00:35",230500
14.1,0.8,2100,"bu","13:00:06",229000
14,0.7,200,"sd","13:00:03",226900
14,0.7,200,"sd","11:29:13",226700
14,0.7,500,"sd","11:27:50",226500
14,0.7,500,"sd","11:25:24",226000
14,0.7,1000,"sd","11:25:15",225500
14,0.7,2000,"sd","11:20:41",224500
14.1,0.8,2000,"bu","11:20:13",222500
14,0.7,1000,"sd","11:20:07",220500
14.1,0.8,1000,"sd","11:17:42",219500
14.1,0.8,100,"bu","11:17:22",218500
14.1,0.8,1000,"bu","11:14:19",218400
14.1,0.8,500,"bu","11:13:24",217400
14.1,0.8,200,"bu","11:12:07",216900
14.1,0.8,100,"sd","11:11:52",216700
14.1,0.8,900,"sd","11:11:39",216600
14.1,0.8,800,"bu","11:10:53",215700
14.1,0.8,2000,"bu","11:08:54",214900
14.1,0.8,1000,"bu","11:08:41",212900
14,0.7,500,"sd","11:08:16",211900
14,0.7,100,"bu","11:08:07",211400
14,0.7,600,"bu","11:07:06",211300
14,0.7,400,"sd","11:06:41",210700
14,0.7,1000,"sd","11:06:35",210300
14,0.7,18600,"sd","11:06:23",209300
14,0.7,3000,"bu","11:06:05",190700
14,0.7,5000,"bu","11:05:18",187700
14,0.7,100,"bu","11:05:12",182700
14,0.7,4500,"bu","11:05:04",182600
13.9,0.6,3300,"unknown","11:01:52",178100
13.9,0.6,3000,"bu","10:58:39",174800
13.9,0.6,2000,"bu","10:57:52",171800
13.9,0.6,500,"unknown","10:49:03",169800
14,0.7,1500,"bu","10:46:09",169300
13.9,0.6,200,"bu","10:45:27",167800
13.9,0.6,500,"sd","10:45:24",167600
13.9,0.6,1300,"sd","10:45:07",167100
13.9,0.6,100,"bu","10:45:00",165800
13.9,0.6,500,"bu","10:44:43",165700
13.9,0.6,2800,"bu","10:44:32",165200
14,0.7,1000,"bu","10:44:14",162400
14,0.7,1400,"bu","10:42:56",161400
14,0.7,1000,"bu","10:42:40",160000
14,0.7,100,"bu","10:42:27",159000
13.9,0.6,100,"sd","10:42:24",158900
13.9,0.6,1000,"sd","10:42:15",158800
14,0.7,300,"bu","10:42:12",157800
13.9,0.6,1000,"sd","10:42:08",157500
14,0.7,1000,"bu","10:41:32",156500
14,0.7,100,"bu","10:39:58",155500
13.9,0.6,3100,"sd","10:39:33",155400
13.9,0.6,5000,"bu","10:37:54",152300
13.8,0.5,12000,"unknown","10:37:12",147300
13.8,0.5,500,"bu","10:35:38",135300
13.8,0.5,1700,"bu","10:35:00",134800
13.8,0.5,200,"bu","10:33:41",133100
13.8,0.5,100,"bu","10:32:33",132900
13.7,0.4,500,"sd","10:32:17",132800
13.7,0.4,9900,"bu","10:32:15",132300
13.7,0.4,4600,"bu","10:31:53",122400
13.7,0.4,20000,"bu","10:31:27",117800
13.7,0.4,1000,"bu","10:28:15",97800
13.7,0.4,1900,"bu","10:28:11",96800
13.7,0.4,3000,"bu","10:27:40",94900
13.7,0.4,100,"bu","10:22:29",91900
13.7,0.4,100,"bu","10:22:13",91800
13.7,0.4,5000,"bu","10:18:12",91700
13.6,0.3,2000,"sd","10:17:58",86700
13.6,0.3,3200,"bu","10:17:46",84700
13.6,0.3,4000,"bu","10:17:40",81500
13.5,0.2,1000,"sd","10:15:57",77500
13.5,0.2,2000,"sd","10:11:53",76500
13.5,0.2,5300,"sd","10:09:43",74500
13.6,0.3,3000,"bu","10:04:51",69200
13.6,0.3,2800,"bu","10:04:33",66200
13.6,0.3,2200,"sd","10:03:46",63400
13.6,0.3,500,"bu","10:03:08",61200
13.6,0.3,2700,"bu","10:02:33",60700
13.6,0.3,300,"bu","10:02:10",58000
13.6,0.3,700,"bu","10:00:49",57700
13.6,0.3,600,"sd","10:00:26",57000
13.6,0.3,100,"sd","09:59:50",56400
13.6,0.3,800,"bu","09:59:17",56300
13.6,0.3,2200,"sd","09:59:09",55500
13.6,0.3,1000,"sd","09:57:50",53300
13.6,0.3,9600,"sd","09:56:17",52300
13.6,0.3,500,"unknown","09:48:33",42700
13.6,0.3,2900,"unknown","09:46:00",42200
13.6,0.3,1000,"sd","09:40:45",39300
13.6,0.3,500,"sd","09:40:41",38300
13.6,0.3,500,"sd","09:38:36",37800
13.7,0.4,100,"bu","09:36:17",37300
13.6,0.3,500,"sd","09:32:16",37200
13.6,0.3,1200,"sd","09:29:14",36700
13.6,0.3,5000,"sd","09:27:39",35500
13.6,0.3,100,"sd","09:27:18",30500
13.6,0.3,1500,"sd","09:27:03",30400
13.6,0.3,300,"sd","09:24:10",28900
13.6,0.3,500,"sd","09:22:16",28600
13.7,0.4,200,"bu","09:22:11",28100
13.6,0.3,300,"sd","09:21:21",27900
13.6,0.3,200,"sd","09:21:09",27600
13.6,0.3,1000,"sd","09:20:54",27400
13.7,0.4,400,"sd","09:20:16",26400
13.7,0.4,100,"sd","09:19:11",26000
13.7,0.4,500,"sd","09:19:07",25900
13.7,0.4,100,"sd","09:19:01",25400
13.7,0.4,2000,"unknown","09:18:35",25300
13.7,0.4,1000,"sd","09:18:26",23300
13.7,0.4,2000,"bu","09:17:51",22300
13.7,0.4,200,"bu","09:16:01",20300
13.6,0.3,500,"sd","09:15:50",20100
13.7,0.4,900,"unknown","09:13:25",19600
13.7,0.4,2700,"bu","09:10:01",18700
13.6,0.3,900,"sd","09:09:30",16000
13.6,0.3,2000,"bu","09:09:11",15100
13.5,0.2,3000,"bu","09:06:42",13100
13.5,0.2,5000,"bu","09:06:28",10100
13.5,0.2,5000,"bu","09:05:13",5100
13.4,0.1,100,"unknown","09:01:18",100
