"price","change","match_qtty","side","time","total_vol"
2.8,0.2,8700,"bu","14:45:01",326400
2.7,0.1,1000,"bu","14:29:11",317700
2.7,0.1,100,"bu","14:27:11",316700
2.7,0.1,200,"bu","14:26:05",316600
2.7,0.1,900,"bu","14:23:01",316400
2.7,0.1,100,"sd","14:21:07",315500
2.7,0.1,200,"unknown","14:20:43",315400
2.7,0.1,39800,"sd","14:19:51",315200
2.7,0.1,200,"bu","14:18:58",275400
2.7,0.1,1000,"bu","14:14:41",275200
2.7,0.1,15100,"bu","14:12:12",274200
2.8,0.2,300,"bu","14:11:36",259100
2.8,0.2,100,"bu","14:02:19",258800
2.8,0.2,200,"bu","13:57:24",258700
2.8,0.2,100,"bu","13:49:11",258500
2.8,0.2,2000,"bu","13:46:24",258400
2.7,0.1,1400,"bu","13:46:16",256400
2.7,0.1,2300,"bu","13:44:26",255000
2.7,0.1,1000,"sd","13:43:20",252700
2.7,0.1,500,"sd","13:42:34",251700
2.7,0.1,800,"sd","13:42:31",251200
2.7,0.1,1300,"sd","13:37:08",250400
2.7,0.1,1000,"sd","13:36:29",249100
2.7,0.1,100,"sd","13:36:03",248100
2.7,0.1,500,"bu","13:35:27",248000
2.7,0.1,10000,"bu","13:35:21",247500
2.7,0.1,1000,"bu","13:34:20",237500
2.7,0.1,2700,"sd","13:33:31",236500
2.7,0.1,2000,"sd","13:26:43",233800
2.7,0.1,2000,"sd","13:20:14",231800
2.7,0.1,200,"sd","13:16:46",229800
2.7,0.1,300,"sd","13:16:21",229600
2.7,0.1,500,"bu","13:13:08",229300
2.7,0.1,3900,"bu","13:12:53",228800
2.7,0.1,4000,"bu","13:11:48",224900
2.7,0.1,900,"sd","13:08:58",220900
2.7,0.1,3100,"sd","13:06:51",220000
2.7,0.1,300,"sd","13:00:48",216900
2.7,0.1,700,"sd","13:00:06",216600
2.7,0.1,3100,"sd","13:00:05",215900
2.7,0.1,500,"sd","13:00:04",212800
2.7,0.1,900,"bu","13:00:03",212300
2.7,0.1,2000,"bu","13:00:02",211400
2.7,0.1,3100,"bu","11:28:52",209400
2.7,0.1,1500,"sd","11:28:50",206300
2.7,0.1,1000,"sd","11:28:24",204800
2.7,0.1,2100,"sd","11:22:22",203800
2.7,0.1,2000,"sd","11:21:02",201700
2.7,0.1,800,"sd","11:11:55",199700
2.7,0.1,700,"sd","11:09:56",198900
2.7,0.1,100,"sd","11:08:58",198200
2.7,0.1,3500,"sd","11:08:27",198100
2.7,0.1,15000,"bu","11:08:02",194600
2.7,0.1,10000,"bu","11:07:51",179600
2.7,0.1,44000,"bu","11:06:12",169600
2.7,0.1,300,"sd","11:01:16",125600
2.7,0.1,2000,"sd","10:56:10",125300
2.7,0.1,200,"sd","10:53:36",123300
2.7,0.1,1000,"sd","10:46:31",123100
2.7,0.1,4000,"sd","10:46:05",122100
2.7,0.1,200,"sd","10:45:41",118100
2.7,0.1,700,"bu","10:42:55",117900
2.7,0.1,4000,"bu","10:42:54",117200
2.7,0.1,40000,"bu","10:42:51",113200
2.7,0.1,5000,"bu","10:41:32",73200
2.7,0.1,6000,"bu","10:40:40",68200
2.7,0.1,5000,"bu","10:40:00",62200
2.7,0.1,200,"bu","10:38:45",57200
2.7,0.1,5000,"bu","10:35:07",57000
2.7,0.1,20000,"bu","10:32:34",52000
2.7,0.1,200,"bu","10:28:41",32000
2.7,0.1,16500,"bu","10:24:38",31800
2.7,0.1,300,"bu","10:22:30",15300
2.7,0.1,500,"bu","10:11:41",15000
2.7,0.1,1000,"bu","10:11:26",14500
2.7,0.1,100,"bu","10:10:47",13500
2.6,0,500,"sd","10:09:21",13400
2.7,0.1,500,"bu","10:08:55",12900
2.6,0,300,"sd","10:06:38",12400
2.6,0,200,"sd","09:38:44",12100
2.7,0.1,100,"bu","09:33:38",11900
2.6,0,10000,"sd","09:22:29",11800
2.7,0.1,100,"bu","09:19:42",1800
2.6,0,1500,"sd","09:11:40",1700
2.6,0,200,"sd","09:00:14",200
