"price","change","match_qtty","side","time","total_vol"
5.68,0.19,1400,"bu","14:45:02",119700
5.68,0.19,300,"bu","14:26:50",118300
5.68,0.19,1200,"bu","14:19:28",118000
5.68,0.19,200,"bu","14:19:28",116800
5.68,0.19,4800,"bu","14:17:42",116600
5.68,0.19,200,"bu","14:17:42",111800
5.66,0.17,1000,"bu","14:16:24",111600
5.66,0.17,3500,"bu","14:16:02",110600
5.62,0.13,500,"bu","14:14:14",107100
5.62,0.13,4000,"bu","14:13:56",106600
5.62,0.13,4500,"bu","14:12:55",102600
5.62,0.13,1000,"sd","14:12:39",98100
5.62,0.13,100,"sd","14:11:44",97100
5.63,0.14,100,"sd","14:11:06",97000
5.66,0.17,500,"bu","14:09:30",96900
5.66,0.17,400,"bu","14:09:30",96400
5.66,0.17,200,"bu","14:07:10",96000
5.68,0.19,2800,"sd","14:03:05",95800
5.68,0.19,300,"sd","13:56:16",93000
5.68,0.19,100,"bu","13:55:57",92700
5.68,0.19,1500,"bu","13:55:57",92600
5.68,0.19,4500,"bu","13:55:57",91100
5.68,0.19,500,"bu","13:49:54",86600
5.66,0.17,1000,"sd","13:48:36",86100
5.67,0.18,1000,"sd","13:48:17",85100
5.67,0.18,200,"sd","13:48:17",84100
5.67,0.18,400,"sd","13:44:06",83900
5.67,0.18,100,"sd","13:41:11",83500
5.67,0.18,200,"sd","13:28:02",83400
5.67,0.18,100,"bu","13:19:14",83200
5.67,0.18,2000,"bu","13:19:01",83100
5.67,0.18,500,"bu","13:18:01",81100
5.67,0.18,1000,"bu","13:09:48",80600
5.67,0.18,100,"bu","13:09:29",79600
5.66,0.17,2000,"sd","13:06:30",79500
5.66,0.17,5000,"sd","13:06:07",77500
5.66,0.17,1000,"sd","13:04:27",72500
5.66,0.17,200,"bu","13:00:30",71500
5.66,0.17,5600,"bu","13:00:30",71300
5.66,0.17,200,"bu","13:00:09",65700
5.66,0.17,100,"bu","11:16:00",65500
5.52,0.03,100,"sd","11:03:28",65400
5.59,0.1,200,"bu","11:02:43",65300
5.59,0.1,1300,"sd","11:00:04",65100
5.6,0.11,200,"sd","11:00:04",63800
5.6,0.11,2500,"sd","10:59:06",63600
5.6,0.11,2500,"sd","10:59:06",61100
5.65,0.16,900,"sd","10:56:36",58600
5.65,0.16,800,"sd","10:55:41",57700
5.65,0.16,300,"sd","10:53:54",56900
5.65,0.16,700,"sd","10:53:54",56600
5.66,0.17,1200,"sd","10:50:44",55900
5.67,0.18,1300,"sd","10:49:32",54700
5.67,0.18,3000,"sd","10:49:19",53400
5.67,0.18,200,"sd","10:48:27",50400
5.67,0.18,200,"sd","10:48:27",50200
5.67,0.18,1100,"sd","10:47:24",50000
5.67,0.18,2000,"sd","10:45:27",48900
5.67,0.18,2200,"sd","10:39:49",46900
5.68,0.19,2800,"sd","10:39:49",44700
5.68,0.19,100,"sd","10:36:16",41900
5.68,0.19,3700,"bu","10:21:03",41800
5.68,0.19,1300,"bu","10:20:22",38100
5.68,0.19,100,"bu","10:20:22",36800
5.68,0.19,10000,"bu","10:10:10",36700
5.66,0.17,100,"bu","10:08:14",26700
5.66,0.17,1200,"bu","10:08:14",26600
5.66,0.17,2500,"bu","10:08:14",25400
5.66,0.17,1500,"bu","10:07:57",22900
5.65,0.16,500,"unknown","10:07:57",21400
5.66,0.17,100,"bu","09:57:50",20900
5.66,0.17,100,"unknown","09:54:20",20800
5.66,0.17,100,"bu","09:50:39",20700
5.66,0.17,100,"bu","09:49:07",20600
5.66,0.17,100,"bu","09:49:07",20500
5.66,0.17,100,"bu","09:46:11",20400
5.6,0.11,400,"unknown","09:39:27",20300
5.6,0.11,100,"unknown","09:39:27",19900
5.6,0.11,400,"bu","09:39:02",19800
5.6,0.11,9600,"bu","09:39:02",19400
5.59,0.1,500,"bu","09:36:55",9800
5.5,0.01,500,"bu","09:33:54",9300
5.5,0.01,3000,"bu","09:33:54",8800
5.5,0.01,2900,"sd","09:23:46",5800
5.6,0.11,400,"bu","09:21:07",2900
5.6,0.11,500,"sd","09:20:34",2500
5.6,0.11,100,"sd","09:20:11",2000
5.6,0.11,500,"sd","09:19:46",1900
5.6,0.11,300,"sd","09:19:12",1400
5.6,0.11,100,"sd","09:18:40",1100
5.6,0.11,100,"sd","09:18:31",1000
5.5,0.01,900,"sd","09:15:02",900
