"price","change","match_qtty","side","time","total_vol"
7.9,0,1300,"sd","14:40:50",187100
7.9,0,6000,"sd","14:38:46",185800
7.9,0,7500,"sd","14:33:24",179800
8,0.1,3000,"bu","14:30:19",172300
7.9,0,1000,"sd","14:08:38",169300
8,0.1,500,"bu","14:07:01",168300
8,0.1,100,"bu","14:04:56",167800
8,0.1,2000,"bu","14:02:54",167700
8,0.1,500,"bu","13:50:33",165700
8,0.1,6200,"sd","13:44:27",165200
8,0.1,600,"sd","13:43:59",159000
8,0.1,1000,"sd","13:42:53",158400
8,0.1,200,"sd","13:42:47",157400
8,0.1,11100,"sd","13:37:10",157200
8,0.1,4700,"bu","13:36:56",146100
8,0.1,6400,"bu","13:36:02",141400
8,0.1,2500,"bu","13:35:09",135000
8,0.1,42200,"bu","13:34:22",132500
8,0.1,600,"bu","13:33:55",90300
8,0.1,100,"bu","13:33:44",89700
8,0.1,500,"bu","13:26:50",89600
8,0.1,500,"bu","13:24:22",89100
8,0.1,1000,"bu","13:23:56",88600
8,0.1,500,"bu","13:23:21",87600
7.9,0,3500,"bu","13:03:03",87100
7.9,0,900,"bu","13:00:47",83600
7.9,0,900,"bu","13:00:06",82700
7.9,0,500,"bu","13:00:04",81800
7.8,-0.1,300,"sd","13:00:03",81300
7.8,-0.1,1900,"sd","11:29:11",81000
7.8,-0.1,700,"sd","11:16:30",79100
7.9,0,1400,"bu","11:15:48",78400
7.9,0,100,"bu","11:07:54",77000
7.9,0,100,"bu","11:07:28",76900
7.9,0,100,"bu","11:04:22",76800
7.9,0,100,"bu","11:02:05",76700
7.9,0,2700,"bu","11:00:38",76600
7.9,0,100,"bu","10:57:49",73900
7.9,0,10000,"bu","10:57:19",73800
7.9,0,2000,"bu","10:56:12",63800
7.9,0,8600,"bu","10:44:38",61800
7.9,0,400,"sd","10:44:17",53200
7.9,0,1800,"sd","10:28:25",52800
7.9,0,7700,"sd","10:27:08",51000
7.9,0,2300,"bu","10:24:15",43300
7.9,0,1500,"bu","10:17:39",41000
7.9,0,100,"bu","10:15:59",39500
7.9,0,100,"bu","10:12:55",39400
7.9,0,500,"bu","10:12:32",39300
7.9,0,100,"bu","10:08:41",38800
7.9,0,100,"bu","10:06:22",38700
7.9,0,100,"bu","10:06:11",38600
7.8,-0.1,10000,"sd","10:04:39",38500
7.9,0,2500,"bu","10:01:58",28500
7.9,0,1400,"sd","10:00:41",26000
7.9,0,400,"sd","09:54:29",24600
7.9,0,3000,"unknown","09:50:26",24200
7.9,0,1700,"bu","09:45:20",21200
7.9,0,100,"bu","09:43:58",19500
7.9,0,300,"bu","09:43:31",19400
7.9,0,100,"bu","09:43:09",19100
7.9,0,100,"bu","09:42:38",19000
7.9,0,500,"bu","09:42:26",18900
7.9,0,100,"bu","09:41:48",18400
7.9,0,200,"bu","09:41:40",18300
7.9,0,100,"bu","09:41:15",18100
7.9,0,100,"bu","09:40:58",18000
7.9,0,200,"bu","09:40:07",17900
7.9,0,100,"bu","09:35:45",17700
7.9,0,100,"bu","09:35:43",17600
7.9,0,100,"bu","09:29:44",17500
7.9,0,5200,"sd","09:26:48",17400
7.9,0,1000,"sd","09:26:41",12200
7.9,0,100,"sd","09:21:12",11200
7.9,0,1000,"sd","09:20:38",11100
7.9,0,1900,"sd","09:19:51",10100
7.9,0,1400,"sd","09:16:04",8200
8,0.1,1000,"bu","09:09:39",6800
8,0.1,200,"bu","09:09:24",5800
8,0.1,200,"bu","09:04:16",5600
8,0.1,1000,"bu","09:03:54",5400
8,0.1,100,"bu","09:03:46",4400
8,0.1,900,"bu","09:03:44",4300
8,0.1,2000,"bu","09:00:14",3400
7.9,0,1400,"sd","09:00:06",1400
