"price","change","match_qtty","side","time","total_vol"
11.8,-0.1,4500,"sd","14:58:06",448000
11.9,0,100,"bu","14:56:59",443500
11.8,-0.1,100,"sd","14:54:52",443400
11.8,-0.1,100,"sd","14:54:28",443300
11.8,-0.1,1000,"sd","14:53:24",443200
11.8,-0.1,100,"sd","14:53:19",442200
11.8,-0.1,1000,"sd","14:53:12",442100
11.9,0,2000,"bu","14:52:33",441100
11.8,-0.1,300,"sd","14:51:16",439100
11.8,-0.1,500,"sd","14:50:20",438800
11.8,-0.1,200,"sd","14:45:14",438300
11.8,-0.1,200,"sd","14:45:02",438100
11.8,-0.1,200,"sd","14:45:00",437900
11.8,-0.1,200,"sd","14:44:09",437700
11.8,-0.1,100,"sd","14:43:12",437500
11.8,-0.1,400,"sd","14:40:36",437400
11.8,-0.1,5000,"bu","14:40:24",437000
11.8,-0.1,2000,"bu","14:40:23",432000
11.8,-0.1,2000,"bu","14:40:09",430000
11.8,-0.1,7000,"bu","14:39:54",428000
11.8,-0.1,1000,"bu","14:39:43",421000
11.8,-0.1,1000,"bu","14:38:55",420000
11.8,-0.1,100,"bu","14:38:15",419000
11.8,-0.1,38100,"bu","14:37:59",418900
11.8,-0.1,1000,"sd","14:37:53",380800
11.8,-0.1,100,"sd","14:37:35",379800
11.8,-0.1,100,"sd","14:36:56",379700
11.8,-0.1,300,"sd","14:35:55",379600
11.8,-0.1,200,"sd","14:34:44",379300
11.8,-0.1,2000,"sd","14:34:01",379100
11.8,-0.1,500,"sd","14:32:11",377100
11.8,-0.1,17000,"sd","14:29:44",376600
11.8,-0.1,2000,"sd","14:28:54",359600
11.9,0,1800,"sd","14:27:18",357600
11.9,0,500,"sd","14:26:57",355800
11.9,0,3000,"sd","14:26:05",355300
11.9,0,500,"sd","14:26:00",352300
11.9,0,500,"sd","14:24:40",351800
11.9,0,1000,"sd","14:23:21",351300
11.9,0,1500,"sd","14:23:07",350300
11.9,0,3000,"sd","14:22:26",348800
11.9,0,100,"sd","14:21:51",345800
11.9,0,1000,"sd","14:20:43",345700
11.9,0,1400,"bu","14:19:12",344700
11.9,0,600,"sd","14:18:27",343300
11.9,0,1100,"sd","14:17:50",342700
11.9,0,1000,"sd","14:17:42",341600
11.9,0,1500,"sd","14:16:52",340600
11.9,0,1000,"sd","14:16:34",339100
11.9,0,1000,"sd","14:16:27",338100
11.9,0,200,"sd","14:15:40",337100
11.9,0,100,"sd","14:15:23",336900
11.9,0,200,"sd","14:14:37",336800
11.9,0,200,"sd","14:14:21",336600
11.9,0,200,"sd","14:13:54",336400
11.9,0,1000,"sd","14:13:44",336200
11.9,0,700,"sd","14:13:19",335200
11.9,0,2000,"bu","14:13:06",334500
11.9,0,1300,"sd","14:12:58",332500
11.9,0,700,"bu","14:12:56",331200
11.9,0,100,"sd","14:12:47",330500
11.9,0,100,"sd","14:12:37",330400
11.9,0,800,"bu","14:12:34",330300
11.9,0,200,"bu","14:12:22",329500
11.9,0,1000,"bu","14:12:03",329300
11.9,0,1000,"bu","14:11:48",328300
11.9,0,2000,"bu","14:11:35",327300
11.9,0,2000,"bu","14:10:39",325300
11.9,0,3000,"bu","14:09:48",323300
11.9,0,2000,"bu","14:09:08",320300
11.9,0,3600,"bu","14:09:04",318300
11.9,0,3000,"sd","14:08:02",314700
11.9,0,400,"sd","14:06:47",311700
11.9,0,2000,"bu","14:06:40",311300
11.9,0,8600,"bu","14:06:16",309300
11.9,0,5000,"sd","14:06:01",300700
11.9,0,2900,"sd","14:03:27",295700
12,0.1,2000,"bu","14:03:25",292800
11.9,0,1000,"sd","14:02:36",290800
11.9,0,5000,"sd","14:02:09",289800
11.9,0,2200,"sd","14:00:26",284800
11.9,0,500,"sd","13:59:42",282600
11.9,0,200,"sd","13:55:59",282100
11.9,0,200,"sd","13:55:50",281900
11.9,0,2000,"sd","13:54:35",281700
11.9,0,200,"sd","13:53:37",279700
11.9,0,1000,"sd","13:51:48",279500
11.9,0,100,"sd","13:50:26",278500
11.9,0,300,"sd","13:49:47",278400
11.9,0,100,"sd","13:48:59",278100
11.9,0,10000,"sd","13:48:10",278000
12,0.1,500,"bu","13:47:12",268000
11.9,0,1000,"sd","13:44:40",267500
11.9,0,2000,"sd","13:44:13",266500
11.9,0,1000,"sd","13:43:52",264500
11.9,0,3000,"sd","13:43:35",263500
11.9,0,200,"bu","13:39:58",260500
11.9,0,800,"bu","13:39:47",260300
11.9,0,500,"sd","13:39:44",259500
11.9,0,1900,"sd","13:39:35",259000
11.9,0,1000,"sd","13:39:15",257100
11.9,0,1000,"sd","13:38:47",256100
11.9,0,500,"sd","13:38:21",255100
11.9,0,5000,"sd","13:38:06",254600
11.9,0,1000,"sd","13:37:49",249600
11.9,0,200,"sd","13:37:28",248600
11.9,0,1000,"sd","13:37:08",248400
11.9,0,200,"sd","13:36:01",247400
11.9,0,1000,"sd","13:35:40",247200
11.9,0,1000,"sd","13:34:32",246200
11.9,0,1000,"sd","13:33:51",245200
11.9,0,500,"sd","13:33:49",244200
11.9,0,100,"sd","13:32:45",243700
11.9,0,3000,"sd","13:32:40",243600
11.9,0,1000,"sd","13:32:09",240600
11.9,0,1000,"unknown","13:27:38",239600
11.9,0,300,"sd","13:27:35",238600
11.9,0,1000,"sd","13:27:05",238300
11.9,0,2000,"sd","13:26:52",237300
11.9,0,2700,"bu","13:25:38",235300
11.9,0,2000,"bu","13:25:27",232600
11.9,0,1000,"bu","13:25:20",230600
11.9,0,2000,"bu","13:25:01",229600
11.9,0,1000,"bu","13:24:42",227600
11.9,0,4400,"bu","13:24:24",226600
11.9,0,3000,"bu","13:23:40",222200
11.9,0,100,"sd","13:23:06",219200
11.9,0,200,"bu","13:22:43",219100
11.9,0,1000,"bu","13:22:36",218900
11.9,0,2000,"bu","13:22:18",217900
11.9,0,1000,"bu","13:20:03",215900
11.9,0,1000,"bu","13:19:47",214900
11.9,0,2000,"bu","13:19:31",213900
11.9,0,3000,"bu","13:19:23",211900
11.9,0,1000,"bu","13:19:19",208900
11.9,0,1000,"bu","13:19:06",207900
11.9,0,2000,"bu","13:18:55",206900
11.9,0,1000,"bu","13:18:53",204900
11.9,0,1000,"bu","13:18:39",203900
11.9,0,2000,"bu","13:18:28",202900
11.9,0,2000,"bu","13:18:16",200900
11.9,0,2000,"bu","13:18:13",198900
11.9,0,1000,"bu","13:18:06",196900
11.9,0,300,"bu","13:18:01",195900
11.9,0,1000,"bu","13:17:57",195600
11.9,0,2000,"bu","13:17:46",194600
11.9,0,2000,"bu","13:17:24",192600
11.9,0,3000,"bu","13:12:05",190600
11.9,0,500,"bu","11:27:24",187600
11.9,0,1500,"bu","11:27:12",187100
11.9,0,1000,"bu","11:26:09",185600
11.9,0,1000,"bu","11:25:57",184600
11.9,0,1000,"bu","11:25:46",183600
11.9,0,2000,"bu","11:25:37",182600
11.9,0,1000,"bu","11:25:19",180600
11.9,0,2000,"bu","11:24:42",179600
11.9,0,1000,"bu","11:24:23",177600
11.9,0,1000,"bu","11:24:12",176600
11.9,0,1000,"bu","11:24:00",175600
11.9,0,500,"bu","11:23:59",174600
11.9,0,2000,"bu","11:23:49",174100
11.9,0,1000,"bu","11:23:36",172100
11.9,0,1000,"bu","11:23:23",171100
11.8,-0.1,200,"sd","11:15:38",170100
11.8,-0.1,6000,"sd","11:13:54",169900
11.8,-0.1,300,"sd","11:12:51",163900
11.8,-0.1,1100,"sd","11:11:00",163600
11.9,0,100,"bu","11:09:38",162500
11.9,0,100,"bu","11:08:58",162400
11.9,0,100,"bu","11:05:53",162300
11.8,-0.1,1000,"sd","11:05:04",162200
11.9,0,3400,"bu","11:02:31",161200
11.9,0,200,"sd","11:01:04",157800
11.9,0,400,"sd","11:00:29",157600
11.9,0,100,"sd","10:57:01",157200
11.9,0,8100,"bu","10:56:44",157100
11.9,0,1000,"bu","10:56:21",149000
11.9,0,1000,"bu","10:56:08",148000
11.9,0,2000,"bu","10:55:58",147000
11.9,0,200,"bu","10:55:56",145000
11.9,0,1000,"bu","10:55:46",144800
11.9,0,500,"bu","10:55:18",143800
11.9,0,1500,"bu","10:55:02",143300
11.9,0,1000,"bu","10:54:50",141800
11.9,0,1000,"bu","10:54:38",140800
11.9,0,2000,"bu","10:54:20",139800
11.9,0,3000,"bu","10:53:13",137800
11.9,0,100,"bu","10:51:16",134800
11.9,0,400,"bu","10:47:00",134700
11.8,-0.1,200,"sd","10:45:35",134300
11.8,-0.1,300,"sd","10:44:16",134100
11.9,0,2000,"bu","10:43:44",133800
11.9,0,3000,"bu","10:35:24",131800
11.8,-0.1,100,"sd","10:34:03",128800
11.8,-0.1,100,"sd","10:31:50",128700
11.8,-0.1,100,"sd","10:31:00",128600
11.9,0,2000,"bu","10:30:51",128500
11.8,-0.1,100,"sd","10:30:45",126500
11.9,0,1000,"bu","10:30:39",126400
11.9,0,100,"bu","10:29:16",125400
11.9,0,2000,"bu","10:28:45",125300
11.9,0,2000,"bu","10:23:53",123300
11.9,0,1500,"bu","10:23:01",121300
11.8,-0.1,200,"sd","10:23:00",119800
11.9,0,500,"bu","10:22:47",119600
11.9,0,500,"bu","10:22:31",119100
11.9,0,100,"bu","10:22:17",118600
11.9,0,300,"bu","10:21:54",118500
11.9,0,2000,"bu","10:21:10",118200
11.9,0,500,"bu","10:19:30",116200
11.9,0,1000,"bu","10:19:08",115700
11.9,0,300,"bu","10:18:55",114700
11.9,0,500,"bu","10:18:19",114400
11.9,0,100,"bu","10:18:18",113900
11.9,0,500,"bu","10:18:05",113800
11.9,0,500,"bu","10:17:53",113300
11.9,0,2000,"bu","10:17:50",112800
11.9,0,1000,"bu","10:14:45",110800
11.9,0,1000,"bu","10:14:44",109800
11.9,0,200,"bu","10:14:30",108800
11.9,0,1000,"bu","10:14:25",108600
11.9,0,2000,"bu","10:14:23",107600
11.9,0,2000,"bu","10:14:12",105600
11.9,0,300,"bu","10:14:07",103600
11.9,0,4200,"bu","10:13:51",103300
11.9,0,100,"bu","10:13:47",99100
11.9,0,4200,"bu","10:13:02",99000
11.9,0,300,"bu","10:11:16",94800
11.9,0,500,"bu","10:10:16",94500
11.9,0,800,"bu","10:06:58",94000
11.9,0,400,"bu","10:06:54",93200
11.8,-0.1,1000,"sd","10:06:14",92800
11.8,-0.1,300,"sd","10:03:43",91800
11.8,-0.1,5000,"sd","10:00:36",91500
11.8,-0.1,100,"sd","09:55:18",86500
11.8,-0.1,600,"bu","09:50:24",86400
11.8,-0.1,1900,"bu","09:47:38",85800
11.8,-0.1,4500,"sd","09:46:56",83900
11.9,0,2000,"bu","09:46:21",79400
11.8,-0.1,500,"sd","09:43:58",77400
11.8,-0.1,500,"sd","09:43:44",76900
11.8,-0.1,3800,"sd","09:43:38",76400
11.8,-0.1,100,"sd","09:43:32",72600
11.8,-0.1,200,"sd","09:41:22",72500
11.8,-0.1,200,"sd","09:39:01",72300
11.9,0,100,"bu","09:38:44",72100
11.9,0,500,"bu","09:37:30",72000
11.9,0,2000,"bu","09:37:13",71500
11.8,-0.1,2000,"sd","09:37:08",69500
11.9,0,4000,"bu","09:36:32",67500
11.8,-0.1,30000,"sd","09:36:05",63500
11.8,-0.1,100,"sd","09:35:43",33500
11.9,0,200,"bu","09:35:35",33400
11.9,0,100,"bu","09:35:32",33200
11.9,0,1000,"bu","09:34:05",33100
11.8,-0.1,1500,"sd","09:31:45",32100
11.8,-0.1,100,"sd","09:30:37",30600
11.9,0,2000,"bu","09:30:10",30500
11.8,-0.1,200,"sd","09:27:56",28500
11.8,-0.1,500,"sd","09:27:49",28300
11.8,-0.1,1000,"sd","09:27:26",27800
11.9,0,2200,"bu","09:26:40",26800
11.9,0,1000,"sd","09:26:28",24600
11.9,0,1000,"sd","09:25:33",23600
11.9,0,1000,"sd","09:25:17",22600
11.9,0,500,"sd","09:24:58",21600
11.9,0,300,"sd","09:24:30",21100
11.9,0,2100,"sd","09:24:25",20800
11.9,0,600,"sd","09:23:35",18700
11.9,0,900,"sd","09:23:26",18100
11.9,0,100,"sd","09:22:59",17200
11.9,0,3000,"sd","09:21:28",17100
11.9,0,2000,"sd","09:20:48",14100
12,0.1,5000,"bu","09:20:26",12100
12,0.1,1000,"bu","09:19:24",7100
12,0.1,900,"bu","09:16:16",6100
12,0.1,100,"bu","09:08:51",5200
12,0.1,2700,"sd","09:06:56",5100
12,0.1,100,"sd","09:06:52",2400
12,0.1,500,"sd","09:06:30",2300
12,0.1,100,"sd","09:03:58",1800
12,0.1,1600,"bu","09:02:57",1700
12,0.1,100,"bu","09:01:48",100
