"price","change","match_qtty","side","time","total_vol"
9390,50,49600,"unknown","14:45:00",1538900
9350,10,500,"sd","14:29:54",1489300
9350,10,100,"sd","14:29:54",1488800
9330,-10,4800,"sd","14:29:42",1488700
9330,-10,100,"sd","14:29:42",1483900
9330,-10,1000,"sd","14:29:42",1483800
9330,-10,3900,"sd","14:29:42",1482800
9330,-10,5000,"sd","14:29:42",1478900
9330,-10,200,"sd","14:29:42",1473900
9350,10,100,"bu","14:29:31",1473700
9350,10,100,"bu","14:29:03",1473600
9350,10,1400,"sd","14:28:30",1473500
9350,10,600,"sd","14:28:30",1472100
9360,20,2000,"bu","14:28:22",1471500
9350,10,1200,"bu","14:27:22",1469500
9350,10,200,"bu","14:27:22",1468300
9350,10,3600,"bu","14:26:58",1468100
9350,10,2000,"bu","14:26:58",1464500
9330,-10,8200,"bu","14:26:28",1462500
9330,-10,1000,"bu","14:26:20",1454300
9330,-10,9400,"bu","14:26:06",1453300
9320,-20,1000,"sd","14:26:01",1443900
9330,-10,1000,"sd","14:25:26",1442900
9330,-10,100,"sd","14:25:26",1441900
9330,-10,13000,"sd","14:25:26",1441800
9330,-10,400,"sd","14:25:26",1428800
9330,-10,200,"sd","14:25:25",1428400
9330,-10,300,"bu","14:25:11",1428200
9330,-10,100,"bu","14:25:10",1427900
9330,-10,9600,"bu","14:24:57",1427800
9330,-10,400,"bu","14:24:57",1418200
9330,-10,1900,"bu","14:24:48",1417800
9330,-10,100,"bu","14:24:48",1415900
9330,-10,2000,"bu","14:24:07",1415800
9330,-10,100,"bu","14:23:55",1413800
9320,-20,100,"bu","14:23:23",1413700
9310,-30,6400,"sd","14:23:22",1413600
9320,-20,300,"sd","14:23:22",1407200
9320,-20,500,"sd","14:23:22",1406900
9320,-20,100,"sd","14:23:22",1406400
9320,-20,700,"sd","14:23:01",1406300
9320,-20,1000,"sd","14:23:01",1405600
9320,-20,300,"sd","14:23:01",1404600
9320,-20,200,"sd","14:23:01",1404300
9320,-20,1000,"sd","14:23:01",1404100
9320,-20,1000,"sd","14:23:01",1403100
9320,-20,1000,"sd","14:23:01",1402100
9320,-20,300,"sd","14:23:01",1401100
9320,-20,200,"sd","14:23:01",1400800
9320,-20,500,"sd","14:23:01",1400600
9320,-20,15800,"sd","14:23:01",1400100
9330,-10,400,"sd","14:22:22",1384300
9320,-20,4600,"sd","14:22:22",1383900
9330,-10,3900,"sd","14:22:22",1379300
9330,-10,100,"sd","14:22:22",1375400
9340,0,100,"bu","14:22:07",1375300
9330,-10,4600,"sd","14:21:31",1375200
9330,-10,3400,"sd","14:21:31",1370600
9330,-10,1500,"bu","14:21:15",1367200
9330,-10,100,"bu","14:21:15",1365700
9330,-10,500,"bu","14:21:07",1365600
9330,-10,400,"bu","14:21:06",1365100
9330,-10,200,"bu","14:21:06",1364700
9330,-10,400,"bu","14:20:53",1364500
9330,-10,100,"bu","14:20:31",1364100
9330,-10,3100,"bu","14:20:17",1364000
9330,-10,500,"sd","14:20:09",1360900
9330,-10,3000,"sd","14:20:09",1360400
9330,-10,700,"sd","14:20:09",1357400
9330,-10,2000,"bu","14:19:29",1356700
9330,-10,2300,"bu","14:19:29",1354700
9330,-10,100,"sd","14:19:21",1352400
9330,-10,100,"sd","14:19:21",1352300
9330,-10,300,"sd","14:19:21",1352200
9330,-10,1700,"sd","14:19:12",1351900
9330,-10,5300,"sd","14:19:12",1350200
9330,-10,500,"sd","14:19:08",1344900
9330,-10,200,"sd","14:18:36",1344400
9330,-10,100,"sd","14:18:36",1344200
9320,-20,3600,"sd","14:18:07",1344100
9330,-10,500,"unknown","14:18:07",1340500
9330,-10,500,"unknown","14:18:07",1340000
9330,-10,5000,"unknown","14:18:07",1339500
9330,-10,300,"unknown","14:18:07",1334500
9330,-10,100,"unknown","14:18:07",1334200
9340,0,100,"bu","14:17:57",1334100
9330,-10,800,"sd","14:17:07",1334000
9330,-10,900,"sd","14:17:03",1333200
9340,0,100,"bu","14:17:01",1332300
9330,-10,500,"sd","14:16:44",1332200
9340,0,100,"bu","14:16:44",1331700
9330,-10,100,"sd","14:16:29",1331600
9320,-20,6000,"sd","14:16:03",1331500
9320,-20,1000,"sd","14:16:03",1325500
9320,-20,500,"sd","14:16:03",1324500
9320,-20,5000,"sd","14:16:03",1324000
9320,-20,1000,"sd","14:16:03",1319000
9320,-20,1000,"sd","14:16:03",1318000
9320,-20,1000,"sd","14:16:03",1317000
9320,-20,1000,"sd","14:16:03",1316000
9320,-20,100,"sd","14:16:03",1315000
9330,-10,1000,"sd","14:16:03",1314900
9330,-10,2000,"sd","14:16:03",1313900
9330,-10,1400,"sd","14:16:03",1311900
9340,0,10000,"bu","14:15:08",1310500
9330,-10,100,"bu","14:15:02",1300500
9330,-10,500,"bu","14:15:02",1300400
9330,-10,700,"bu","14:14:49",1299900
9330,-10,2000,"bu","14:14:36",1299200
9330,-10,1000,"bu","14:14:32",1297200
9330,-10,500,"bu","14:14:32",1296200
9330,-10,300,"bu","14:14:32",1295700
9330,-10,200,"sd","14:14:00",1295400
9340,0,1300,"bu","14:13:42",1295200
9330,-10,200,"bu","14:12:56",1293900
9330,-10,2000,"bu","14:12:55",1293700
9330,-10,3000,"bu","14:12:41",1291700
9330,-10,200,"bu","14:12:35",1288700
9330,-10,1000,"bu","14:12:35",1288500
9330,-10,1600,"bu","14:12:35",1287500
9330,-10,400,"sd","14:12:24",1285900
9330,-10,100,"sd","14:12:24",1285500
9340,0,300,"bu","14:12:08",1285400
9330,-10,100,"unknown","14:11:52",1285100
9330,-10,500,"sd","14:11:22",1285000
9330,-10,1000,"sd","14:11:22",1284500
9330,-10,100,"sd","14:11:22",1283500
9330,-10,5000,"sd","14:11:22",1283400
9330,-10,3300,"sd","14:11:22",1278400
9340,0,4300,"bu","14:11:10",1275100
9340,0,300,"bu","14:11:08",1270800
9340,0,3400,"bu","14:11:08",1270500
9340,0,1000,"bu","14:10:55",1267100
9340,0,300,"bu","14:10:40",1266100
9330,-10,5100,"sd","14:10:32",1265800
9330,-10,1500,"sd","14:10:26",1260700
9330,-10,3200,"sd","14:10:15",1259200
9330,-10,1000,"sd","14:10:15",1256000
9330,-10,1000,"sd","14:10:15",1255000
9330,-10,500,"sd","14:10:15",1254000
9330,-10,600,"sd","14:10:15",1253500
9330,-10,100,"sd","14:10:15",1252900
9330,-10,1000,"sd","14:10:15",1252800
9330,-10,1000,"sd","14:10:15",1251800
9330,-10,1600,"sd","14:10:15",1250800
9340,0,2000,"sd","14:09:48",1249200
9340,0,500,"sd","14:09:48",1247200
9340,0,2300,"sd","14:09:48",1246700
9340,0,2000,"sd","14:09:48",1244400
9340,0,500,"sd","14:09:48",1242400
9340,0,7000,"sd","14:09:48",1241900
9350,10,5000,"bu","14:09:33",1234900
9350,10,2000,"bu","14:09:33",1229900
9350,10,3900,"sd","14:09:33",1227900
9350,10,1100,"sd","14:09:31",1224000
9350,10,7900,"sd","14:09:31",1222900
9350,10,800,"sd","14:09:28",1215000
9350,10,1000,"sd","14:09:11",1214200
9350,10,300,"sd","14:08:36",1213200
9350,10,500,"sd","14:08:36",1212900
9350,10,200,"sd","14:08:36",1212400
9350,10,15000,"sd","14:08:36",1212200
9360,20,1400,"bu","14:07:40",1197200
9350,10,5000,"sd","14:07:30",1195800
9360,20,1000,"bu","14:06:59",1190800
9360,20,100,"bu","14:06:45",1189800
9360,20,500,"bu","14:06:33",1189700
9360,20,100,"bu","14:06:30",1189200
9370,30,900,"sd","14:05:41",1189100
9370,30,500,"sd","14:05:41",1188200
9370,30,100,"sd","14:05:41",1187700
9370,30,2700,"sd","14:05:41",1187600
9370,30,6500,"bu","14:03:45",1184900
9370,30,5000,"bu","14:03:45",1178400
9370,30,500,"bu","14:03:45",1173400
9370,30,3000,"bu","14:03:45",1172900
9370,30,3500,"bu","14:03:42",1169900
9370,30,4500,"bu","14:03:42",1166400
9370,30,200,"bu","14:03:40",1161900
9370,30,300,"bu","14:02:23",1161700
9370,30,200,"bu","14:02:23",1161400
9350,10,500,"sd","14:01:48",1161200
9370,30,1800,"bu","14:01:11",1160700
9360,20,2200,"bu","14:01:11",1158900
9340,0,3400,"bu","14:00:20",1156700
9340,0,500,"bu","14:00:06",1153300
9340,0,2000,"bu","14:00:00",1152800
9340,0,500,"sd","13:59:57",1150800
9340,0,3500,"sd","13:59:57",1150300
9360,20,100,"sd","13:59:57",1146800
9360,20,200,"bu","13:59:44",1146700
9360,20,300,"bu","13:59:44",1146500
9360,20,400,"bu","13:59:44",1146200
9340,0,1500,"sd","13:59:26",1145800
9340,0,2000,"sd","13:59:26",1144300
9340,0,10000,"sd","13:59:26",1142300
9340,0,5000,"sd","13:59:26",1132300
9340,0,400,"sd","13:59:26",1127300
9340,0,100,"sd","13:59:26",1126900
9350,10,1000,"unknown","13:59:26",1126800
9350,10,1000,"bu","13:58:39",1125800
9350,10,1000,"bu","13:58:27",1124800
9350,10,3000,"bu","13:58:03",1123800
9350,10,4000,"bu","13:57:43",1120800
9350,10,600,"bu","13:57:43",1116800
9350,10,2000,"bu","13:57:43",1116200
9350,10,400,"bu","13:57:43",1114200
9350,10,1400,"bu","13:57:38",1113800
9350,10,5000,"bu","13:57:38",1112400
9350,10,1100,"bu","13:57:38",1107400
9330,-10,200,"sd","13:57:15",1106300
9330,-10,200,"sd","13:56:55",1106100
9330,-10,100,"sd","13:56:55",1105900
9330,-10,100,"sd","13:56:55",1105800
9330,-10,500,"sd","13:56:55",1105700
9330,-10,100,"sd","13:56:54",1105200
9350,10,1500,"bu","13:55:43",1105100
9340,0,100,"sd","13:55:41",1103600
9350,10,100,"bu","13:55:35",1103500
9340,0,100,"unknown","13:54:53",1103400
9340,0,100,"sd","13:54:51",1103300
9340,0,100,"sd","13:54:49",1103200
9340,0,100,"sd","13:54:34",1103100
9340,0,300,"sd","13:54:02",1103000
9340,0,100,"sd","13:53:45",1102700
9360,20,9000,"sd","13:53:43",1102600
9340,0,400,"sd","13:53:43",1093600
9350,10,1000,"sd","13:53:37",1093200
9350,10,3000,"sd","13:53:35",1092200
9350,10,900,"sd","13:53:34",1089200
9350,10,1000,"bu","13:53:32",1088300
9350,10,200,"bu","13:53:30",1087300
9350,10,200,"bu","13:53:28",1087100
9350,10,1000,"unknown","13:53:26",1086900
9350,10,2000,"sd","13:53:25",1085900
9350,10,1000,"sd","13:53:23",1083900
9360,20,100,"sd","13:53:21",1082900
9360,20,900,"sd","13:53:19",1082800
9360,20,1000,"sd","13:53:19",1081900
9370,30,4700,"bu","13:52:07",1080900
9370,30,3300,"bu","13:51:39",1076200
9370,30,600,"sd","13:51:28",1072900
9370,30,300,"sd","13:51:25",1072300
9370,30,800,"sd","13:51:04",1072000
9370,30,100,"sd","13:50:36",1071200
9370,30,100,"sd","13:50:36",1071100
9370,30,9900,"sd","13:50:26",1071000
9370,30,100,"sd","13:50:26",1061100
9380,40,300,"sd","13:49:27",1061000
9380,40,100,"sd","13:49:00",1060700
9380,40,100,"sd","13:49:00",1060600
9380,40,200,"sd","13:49:00",1060500
9380,40,600,"sd","13:49:00",1060300
9380,40,300,"sd","13:48:52",1059700
9380,40,200,"sd","13:48:17",1059400
9380,40,1000,"sd","13:48:16",1059200
9380,40,600,"sd","13:47:45",1058200
9380,40,1000,"sd","13:47:40",1057600
9380,40,1000,"sd","13:46:45",1056600
9390,50,1000,"bu","13:46:21",1055600
9390,50,1500,"bu","13:44:49",1054600
9390,50,1700,"bu","13:44:49",1053100
9390,50,900,"bu","13:44:49",1051400
9390,50,200,"bu","13:44:14",1050500
9390,50,600,"bu","13:43:44",1050300
9380,40,100,"sd","13:43:41",1049700
9380,40,500,"sd","13:43:41",1049600
9390,50,100,"bu","13:42:54",1049100
9390,50,1900,"bu","13:41:37",1049000
9390,50,1300,"bu","13:40:34",1047100
9390,50,700,"bu","13:40:34",1045800
9380,40,500,"sd","13:40:05",1045100
9380,40,1000,"bu","13:39:30",1044600
9380,40,3500,"bu","13:39:07",1043600
9380,40,100,"bu","13:39:07",1040100
9380,40,100,"bu","13:39:07",1040000
9380,40,100,"bu","13:39:07",1039900
9380,40,1200,"bu","13:39:07",1039800
9380,40,5000,"bu","13:38:59",1038600
9380,40,100,"bu","13:38:16",1033600
9370,30,600,"bu","13:37:51",1033500
9370,30,100,"sd","13:37:38",1032900
9370,30,300,"sd","13:37:38",1032800
9380,40,100,"bu","13:36:45",1032500
9380,40,500,"bu","13:35:23",1032400
9380,40,500,"bu","13:35:16",1031900
9380,40,2300,"bu","13:34:45",1031400
9380,40,200,"bu","13:33:40",1029100
9370,30,500,"unknown","13:33:40",1028900
9380,40,300,"bu","13:33:40",1028400
9370,30,2000,"bu","13:33:38",1028100
9370,30,10000,"sd","13:33:28",1026100
9370,30,500,"sd","13:33:28",1016100
9370,30,3000,"sd","13:33:28",1015600
9370,30,500,"bu","13:32:22",1012600
9370,30,1100,"bu","13:32:22",1012100
9370,30,9800,"sd","13:31:53",1011000
9370,30,200,"sd","13:31:45",1001200
9370,30,300,"sd","13:31:45",1001000
9370,30,4000,"sd","13:31:35",1000700
9370,30,1000,"bu","13:31:17",996700
9370,30,1400,"bu","13:30:48",995700
9370,30,1400,"bu","13:30:48",994300
9370,30,100,"bu","13:30:09",992900
9370,30,1500,"bu","13:30:09",992800
9360,20,3000,"bu","13:30:09",991300
9360,20,1700,"bu","13:30:09",988300
9360,20,400,"bu","13:30:09",986600
9360,20,3000,"bu","13:30:09",986200
9360,20,300,"bu","13:30:09",983200
9360,20,800,"bu","13:29:33",982900
9360,20,2000,"bu","13:29:32",982100
9360,20,1900,"bu","13:29:23",980100
9360,20,500,"bu","13:28:04",978200
9360,20,100,"sd","13:27:50",977700
9360,20,2000,"sd","13:27:49",977600
9360,20,1500,"sd","13:27:32",975600
9360,20,1000,"unknown","13:25:55",974100
9360,20,700,"unknown","13:25:55",973100
9360,20,300,"sd","13:25:15",972400
9360,20,100,"bu","13:24:12",972100
9360,20,100,"bu","13:24:01",972000
9360,20,800,"sd","13:23:45",971900
9360,20,2000,"sd","13:23:32",971100
9370,30,3300,"sd","13:22:31",969100
9370,30,1500,"sd","13:22:15",965800
9370,30,4200,"sd","13:22:07",964300
9370,30,400,"bu","13:21:59",960100
9370,30,600,"bu","13:21:59",959700
9360,20,200,"sd","13:21:42",959100
9360,20,300,"sd","13:21:42",958900
9370,30,1000,"sd","13:21:36",958600
9370,30,200,"sd","13:21:36",957600
9370,30,200,"sd","13:21:36",957400
9370,30,600,"sd","13:20:44",957200
9370,30,5000,"sd","13:20:44",956600
9370,30,1100,"sd","13:20:44",951600
9370,30,600,"sd","13:20:44",950500
9370,30,1000,"sd","13:20:44",949900
9370,30,3800,"sd","13:20:44",948900
9370,30,800,"sd","13:20:13",945100
9370,30,400,"sd","13:19:45",944300
9380,40,400,"sd","13:19:34",943900
9380,40,3000,"sd","13:19:34",943500
9380,40,100,"sd","13:19:34",940500
9380,40,2900,"sd","13:17:46",940400
9380,40,1000,"sd","13:17:34",937500
9380,40,2100,"sd","13:17:34",936500
9380,40,500,"sd","13:17:11",934400
9380,40,3500,"sd","13:16:47",933900
9380,40,200,"sd","13:16:31",930400
9380,40,3000,"bu","13:14:31",930200
9380,40,700,"bu","13:14:31",927200
9380,40,300,"sd","13:13:20",926500
9380,40,1000,"sd","13:13:16",926200
9380,40,200,"sd","13:13:16",925200
9370,30,500,"sd","13:12:07",925000
9380,40,1000,"bu","13:11:52",924500
9380,40,100,"bu","13:11:10",923500
9380,40,100,"bu","13:11:00",923400
9370,30,1000,"bu","13:10:31",923300
9360,20,200,"sd","13:09:44",922300
9360,20,100,"bu","13:09:37",922100
9340,0,6000,"sd","13:09:05",922000
9340,0,100,"unknown","13:07:23",916000
9340,0,500,"unknown","13:07:23",915900
9310,-30,300,"sd","13:07:22",915400
9320,-20,100,"unknown","13:07:22",915100
9320,-20,500,"unknown","13:07:22",915000
9320,-20,500,"unknown","13:07:22",914500
9320,-20,4000,"sd","13:07:22",914000
9320,-20,200,"sd","13:07:22",910000
9330,-10,1800,"sd","13:07:22",909800
9330,-10,200,"sd","13:07:22",908000
9330,-10,100,"sd","13:07:22",907800
9330,-10,100,"sd","13:07:22",907700
9330,-10,100,"sd","13:07:22",907600
9330,-10,100,"sd","13:07:22",907500
9330,-10,500,"sd","13:07:22",907400
9330,-10,100,"sd","13:07:22",906900
9330,-10,800,"sd","13:07:22",906800
9330,-10,500,"sd","13:05:40",906000
9330,-10,500,"sd","13:05:40",905500
9330,-10,200,"sd","13:05:38",905000
9330,-10,200,"sd","13:05:24",904800
9330,-10,800,"sd","13:04:47",904600
9330,-10,100,"sd","13:04:47",903800
9330,-10,100,"sd","13:04:47",903700
9340,0,1800,"bu","13:03:51",903600
9340,0,500,"bu","13:03:23",901800
9340,0,700,"bu","13:03:22",901300
9340,0,300,"bu","13:03:22",900600
9340,0,100,"bu","13:02:39",900300
9340,0,900,"bu","13:02:32",900200
9340,0,100,"bu","13:02:32",899300
9340,0,100,"bu","13:02:32",899200
9340,0,100,"bu","13:02:31",899100
9340,0,4300,"bu","13:02:31",899000
9340,0,100,"bu","13:02:30",894700
9350,10,200,"unknown","13:02:22",894600
9350,10,100,"unknown","13:02:21",894400
9350,10,1400,"unknown","13:02:21",894300
9340,0,9900,"sd","13:02:20",892900
9350,10,100,"unknown","13:02:20",883000
9350,10,2000,"unknown","13:02:19",882900
9340,0,100,"sd","13:02:19",880900
9350,10,600,"unknown","13:02:18",880800
9350,10,300,"unknown","13:02:18",880200
9350,10,1500,"unknown","13:02:16",879900
9350,10,8000,"unknown","13:02:14",878400
9360,20,1000,"unknown","13:02:12",870400
9360,20,1000,"unknown","13:02:10",869400
9360,20,3000,"unknown","13:02:07",868400
9360,20,1000,"unknown","13:02:05",865400
9360,20,100,"unknown","13:02:02",864400
9360,20,600,"unknown","13:01:59",864300
9380,40,500,"bu","13:01:57",863700
9370,30,100,"unknown","13:01:55",863200
9380,40,2900,"bu","13:01:54",863100
9380,40,200,"bu","13:01:50",860200
9380,40,400,"unknown","13:01:29",860000
9380,40,100,"sd","13:01:23",859600
9380,40,100,"sd","13:01:19",859500
9360,20,100,"sd","13:01:14",859400
9380,40,100,"sd","13:00:33",859300
9380,40,100,"sd","13:00:28",859200
9360,20,100,"sd","13:00:24",859100
9360,20,100,"bu","11:29:21",859000
9360,20,100,"bu","11:29:21",858900
9360,20,100,"bu","11:29:12",858800
9360,20,800,"bu","11:28:56",858700
9360,20,200,"bu","11:28:56",857900
9360,20,800,"bu","11:27:39",857700
9360,20,1000,"bu","11:27:39",856900
9350,10,1500,"sd","11:27:24",855900
9350,10,500,"sd","11:26:18",854400
9360,20,100,"bu","11:25:38",853900
9360,20,300,"bu","11:25:38",853800
9360,20,100,"sd","11:25:38",853500
9360,20,3500,"sd","11:25:38",853400
9360,20,1800,"sd","11:24:31",849900
9360,20,100,"sd","11:24:31",848100
9360,20,1400,"sd","11:24:31",848000
9360,20,3000,"sd","11:24:31",846600
9360,20,100,"sd","11:24:31",843600
9360,20,500,"sd","11:24:31",843500
9360,20,1200,"sd","11:24:31",843000
9360,20,100,"sd","11:24:31",841800
9370,30,100,"bu","11:24:24",841700
9360,20,100,"sd","11:24:09",841600
9370,30,100,"bu","11:21:27",841500
9370,30,300,"unknown","11:21:27",841400
9370,30,500,"sd","11:21:27",841100
9380,40,600,"sd","11:20:47",840600
9380,40,300,"sd","11:20:25",840000
9380,40,100,"sd","11:20:25",839700
9380,40,500,"sd","11:20:25",839600
9380,40,1000,"sd","11:20:25",839100
9380,40,100,"sd","11:20:25",838100
9390,50,300,"sd","11:19:56",838000
9390,50,300,"sd","11:18:52",837700
9390,50,400,"sd","11:18:34",837400
9390,50,100,"sd","11:18:34",837000
9400,60,200,"sd","11:16:13",836900
9400,60,800,"sd","11:15:44",836700
9400,60,200,"sd","11:15:44",835900
9400,60,500,"sd","11:15:32",835700
9400,60,300,"bu","11:15:19",835200
9400,60,100,"sd","11:14:47",834900
9400,60,100,"sd","11:14:47",834800
9400,60,6000,"sd","11:14:01",834700
9400,60,1900,"sd","11:13:50",828700
9400,60,1000,"sd","11:13:28",826800
9410,70,100,"sd","11:13:19",825800
9410,70,100,"sd","11:13:19",825700
9410,70,600,"sd","11:13:19",825600
9410,70,400,"bu","11:10:59",825000
9410,70,100,"bu","11:10:57",824600
9410,70,100,"bu","11:10:33",824500
9400,60,1000,"unknown","11:10:17",824400
9400,60,4000,"bu","11:10:01",823400
9400,60,2000,"bu","11:10:01",819400
9400,60,100,"bu","11:10:01",817400
9400,60,3500,"bu","11:10:01",817300
9390,50,400,"bu","11:10:01",813800
9390,50,600,"bu","11:09:29",813400
9390,50,5000,"bu","11:08:16",812800
9380,40,12600,"bu","11:07:30",807800
9380,40,1000,"bu","11:07:29",795200
9380,40,2000,"bu","11:07:19",794200
9380,40,500,"bu","11:07:09",792200
9370,30,1500,"bu","11:06:32",791700
9370,30,500,"sd","11:06:10",790200
9380,40,3000,"bu","11:05:44",789700
9380,40,100,"bu","11:05:24",786700
9380,40,100,"bu","11:05:20",786600
9380,40,700,"bu","11:05:10",786500
9380,40,4300,"bu","11:05:10",785800
9380,40,700,"bu","11:04:29",781500
9380,40,300,"bu","11:04:29",780800
9380,40,1600,"bu","11:04:26",780500
9380,40,200,"bu","11:03:20",778900
9380,40,900,"bu","11:02:59",778700
9380,40,2000,"bu","11:02:59",777800
9380,40,2100,"bu","11:02:59",775800
9380,40,1200,"bu","11:02:18",773700
9380,40,400,"sd","11:01:37",772500
9380,40,1000,"sd","11:01:37",772100
9380,40,300,"sd","11:01:37",771100
9380,40,200,"sd","11:01:26",770800
9380,40,100,"sd","11:01:26",770600
9380,40,100,"sd","11:01:26",770500
9380,40,500,"sd","11:01:26",770400
9390,50,100,"bu","11:00:39",769900
9390,50,10000,"bu","11:00:09",769800
9390,50,5000,"bu","10:59:17",759800
9390,50,100,"bu","10:59:02",754800
9390,50,100,"bu","10:59:02",754700
9390,50,200,"bu","10:59:02",754600
9390,50,2000,"bu","10:59:02",754400
9390,50,1500,"bu","10:59:01",752400
9400,60,100,"bu","10:58:59",750900
9390,50,500,"sd","10:58:39",750800
9390,50,500,"sd","10:58:39",750300
9400,60,5000,"sd","10:58:18",749800
9400,60,500,"sd","10:58:18",744800
9400,60,1600,"sd","10:58:18",744300
9400,60,100,"sd","10:58:18",742700
9400,60,1000,"sd","10:58:18",742600
9400,60,200,"sd","10:58:18",741600
9400,60,5000,"sd","10:58:18",741400
9400,60,500,"sd","10:58:18",736400
9400,60,100,"sd","10:58:18",735900
9400,60,400,"sd","10:58:11",735800
9400,60,100,"sd","10:58:11",735400
9400,60,1000,"sd","10:58:11",735300
9400,60,1000,"sd","10:58:11",734300
9400,60,100,"sd","10:58:11",733300
9400,60,1000,"sd","10:58:11",733200
9400,60,100,"sd","10:58:11",732200
9400,60,300,"sd","10:58:11",732100
9400,60,6000,"sd","10:58:11",731800
9400,60,600,"sd","10:58:11",725800
9400,60,4700,"sd","10:58:11",725200
9400,60,1300,"sd","10:57:54",720500
9400,60,100,"sd","10:57:54",719200
9400,60,5500,"sd","10:57:54",719100
9400,60,3000,"sd","10:57:54",713600
9410,70,200,"bu","10:57:16",710600
9410,70,100,"bu","10:56:44",710400
9410,70,3000,"bu","10:56:44",710300
9410,70,900,"bu","10:56:44",707300
9410,70,100,"bu","10:56:44",706400
9410,70,600,"bu","10:56:44",706300
9410,70,400,"sd","10:56:41",705700
9420,80,100,"sd","10:56:11",705300
9420,80,900,"sd","10:55:51",705200
9420,80,100,"sd","10:55:51",704300
9420,80,400,"sd","10:55:47",704200
9420,80,200,"sd","10:55:47",703800
9420,80,9400,"sd","10:55:47",703600
9430,90,1000,"unknown","10:54:48",694200
9430,90,100,"sd","10:53:28",693200
9430,90,1800,"bu","10:53:22",693100
9430,90,200,"bu","10:53:02",691300
9430,90,200,"bu","10:53:02",691100
9430,90,5000,"bu","10:53:02",690900
9430,90,100,"bu","10:53:02",685900
9430,90,200,"bu","10:53:02",685800
9440,100,2800,"sd","10:52:29",685600
9440,100,200,"sd","10:52:12",682800
9440,100,500,"sd","10:52:12",682600
9440,100,300,"sd","10:52:12",682100
9440,100,9000,"sd","10:52:12",681800
9450,110,5000,"bu","10:51:53",672800
9450,110,600,"sd","10:51:19",667800
9450,110,800,"sd","10:51:14",667200
9450,110,800,"sd","10:51:03",666400
9450,110,200,"sd","10:51:03",665600
9450,110,500,"bu","10:49:59",665400
9450,110,1600,"bu","10:49:59",664900
9440,100,1000,"sd","10:49:58",663300
9440,100,1000,"sd","10:49:58",662300
9450,110,200,"bu","10:49:53",661300
9450,110,1000,"bu","10:48:50",661100
9450,110,200,"bu","10:48:48",660100
9450,110,100,"bu","10:48:48",659900
9450,110,200,"bu","10:48:48",659800
9450,110,300,"sd","10:46:41",659600
9450,110,300,"sd","10:46:38",659300
9450,110,200,"sd","10:45:37",659000
9450,110,1000,"sd","10:45:01",658800
9450,110,5000,"sd","10:44:53",657800
9450,110,3200,"bu","10:44:50",652800
9450,110,500,"sd","10:43:45",649600
9450,110,100,"sd","10:43:45",649100
9450,110,1800,"sd","10:43:45",649000
9450,110,400,"sd","10:43:45",647200
9450,110,5000,"sd","10:43:44",646800
9450,110,4600,"sd","10:42:56",641800
9450,110,1400,"sd","10:42:56",637200
9450,110,800,"sd","10:42:23",635800
9460,120,2000,"sd","10:42:23",635000
9460,120,300,"sd","10:42:23",633000
9450,110,3600,"sd","10:42:23",632700
9450,110,500,"sd","10:42:23",629100
9450,110,100,"sd","10:42:23",628600
9450,110,200,"sd","10:42:23",628500
9450,110,500,"sd","10:42:23",628300
9450,110,1000,"sd","10:42:23",627800
9450,110,500,"sd","10:42:23",626800
9450,110,500,"sd","10:42:23",626300
9450,110,1000,"sd","10:42:23",625800
9470,130,3000,"bu","10:42:16",624800
9470,130,1500,"bu","10:42:11",621800
9470,130,500,"bu","10:42:11",620300
9470,130,700,"bu","10:41:33",619800
9470,130,500,"bu","10:41:33",619100
9460,120,3000,"sd","10:41:29",618600
9460,120,200,"sd","10:41:29",615600
9460,120,500,"sd","10:41:29",615400
9460,120,200,"sd","10:41:29",614900
9460,120,1000,"sd","10:41:29",614700
9470,130,600,"bu","10:41:25",613700
9470,130,100,"sd","10:40:55",613100
9470,130,600,"sd","10:40:55",613000
9470,130,400,"sd","10:40:26",612400
9470,130,1400,"sd","10:40:26",612000
9470,130,600,"sd","10:40:02",610600
9470,130,400,"sd","10:40:02",610000
9470,130,100,"sd","10:39:23",609600
9480,140,2700,"bu","10:37:24",609500
9480,140,200,"bu","10:37:24",606800
9480,140,200,"bu","10:34:56",606600
9480,140,100,"bu","10:34:56",606400
9480,140,300,"sd","10:34:56",606300
9480,140,2000,"sd","10:34:56",606000
9480,140,200,"sd","10:34:56",604000
9490,150,100,"bu","10:33:12",603800
9490,150,100,"bu","10:33:06",603700
9490,150,3900,"bu","10:32:47",603600
9490,150,100,"bu","10:32:47",599700
9480,140,100,"sd","10:31:26",599600
9480,140,100,"sd","10:31:26",599500
9480,140,400,"sd","10:30:48",599400
9480,140,100,"sd","10:30:48",599000
9480,140,900,"sd","10:29:18",598900
9480,140,100,"sd","10:29:18",598000
9480,140,900,"sd","10:27:43",597900
9480,140,500,"sd","10:27:43",597000
9480,140,100,"sd","10:27:43",596500
9480,140,200,"sd","10:27:43",596400
9480,140,100,"sd","10:27:43",596200
9500,160,3000,"sd","10:27:17",596100
9500,160,2600,"sd","10:27:17",593100
9500,160,400,"sd","10:27:11",590500
9500,160,300,"sd","10:27:11",590100
9500,160,500,"sd","10:26:51",589800
9500,160,200,"bu","10:26:13",589300
9500,160,4000,"bu","10:26:02",589100
9500,160,300,"sd","10:25:25",585100
9500,160,1000,"sd","10:25:25",584800
9500,160,10900,"sd","10:25:25",583800
9510,170,200,"bu","10:25:16",572900
9510,170,1000,"bu","10:23:21",572700
9510,170,900,"bu","10:22:32",571700
9510,170,100,"bu","10:22:32",570800
9500,160,100,"sd","10:22:23",570700
9500,160,2000,"sd","10:22:04",570600
9500,160,100,"bu","10:20:24",568600
9500,160,100,"bu","10:20:24",568500
9500,160,1800,"bu","10:20:24",568400
9500,160,300,"bu","10:19:29",566600
9500,160,5000,"bu","10:19:29",566300
9500,160,3100,"bu","10:19:29",561300
9500,160,1000,"bu","10:19:29",558200
9500,160,1000,"bu","10:19:29",557200
9500,160,10100,"bu","10:19:29",556200
9500,160,24700,"bu","10:19:29",546100
9500,160,200,"bu","10:19:29",521400
9500,160,2700,"bu","10:19:29",521200
9500,160,900,"bu","10:19:29",518500
9490,150,1000,"bu","10:19:29",517600
9500,160,100,"bu","10:18:28",516600
9480,140,7000,"sd","10:18:15",516500
9480,140,100,"sd","10:18:03",509500
9490,150,500,"sd","10:18:03",509400
9480,140,2900,"sd","10:18:03",508900
9480,140,500,"sd","10:18:03",506000
9480,140,5300,"sd","10:18:03",505500
9480,140,500,"sd","10:18:03",500200
9480,140,200,"sd","10:18:03",499700
9490,150,100,"bu","10:17:36",499500
9490,150,200,"bu","10:17:22",499400
9490,150,200,"bu","10:17:22",499200
9490,150,2600,"bu","10:17:22",499000
9490,150,300,"bu","10:16:22",496400
9490,150,500,"bu","10:16:16",496100
9490,150,1000,"bu","10:16:13",495600
9490,150,100,"bu","10:15:58",494600
9490,150,400,"bu","10:15:55",494500
9490,150,100,"bu","10:15:38",494100
9490,150,200,"bu","10:15:38",494000
9490,150,200,"bu","10:15:38",493800
9490,150,600,"bu","10:15:38",493600
9490,150,1400,"bu","10:15:38",493000
9490,150,400,"bu","10:14:42",491600
9490,150,600,"bu","10:14:41",491200
9490,150,200,"bu","10:14:15",490600
9490,150,100,"bu","10:13:50",490400
9490,150,100,"bu","10:13:30",490300
9490,150,300,"bu","10:12:48",490200
9490,150,1000,"bu","10:12:47",489900
9490,150,500,"bu","10:11:50",488900
9490,150,2000,"bu","10:11:05",488400
9480,140,1000,"sd","10:09:45",486400
9480,140,500,"sd","10:09:45",485400
9480,140,500,"sd","10:09:45",484900
9490,150,100,"sd","10:08:40",484400
9490,150,1000,"sd","10:08:40",484300
9490,150,200,"sd","10:08:40",483300
9490,150,4100,"sd","10:08:40",483100
9490,150,1000,"sd","10:08:00",479000
9490,150,200,"sd","10:07:34",478000
9490,150,2000,"sd","10:07:34",477800
9490,150,1500,"sd","10:07:34",475800
9500,160,100,"bu","10:06:53",474300
9500,160,200,"sd","10:06:34",474200
9500,160,800,"bu","10:06:31",474000
9500,160,100,"sd","10:06:30",473200
9500,160,100,"sd","10:06:30",473100
9500,160,100,"sd","10:06:30",473000
9500,160,1000,"sd","10:06:30",472900
9500,160,2900,"sd","10:06:30",471900
9500,160,300,"sd","10:06:24",469000
9500,160,6800,"sd","10:06:11",468700
9500,160,300,"sd","10:06:11",461900
9500,160,1000,"sd","10:06:11",461600
9500,160,500,"sd","10:06:11",460600
9500,160,800,"sd","10:06:11",460100
9500,160,100,"sd","10:06:11",459300
9500,160,500,"sd","10:06:11",459200
9520,180,1000,"bu","10:05:51",458700
9520,180,400,"bu","10:04:24",457700
9520,180,100,"bu","10:03:58",457300
9520,180,900,"bu","10:03:58",457200
9520,180,500,"bu","10:03:41",456300
9520,180,600,"bu","10:03:41",455800
9520,180,200,"bu","10:03:41",455200
9520,180,100,"bu","10:03:41",455000
9520,180,100,"bu","10:03:41",454900
9520,180,100,"bu","10:03:06",454800
9520,180,1800,"bu","10:01:27",454700
9520,180,500,"bu","10:01:27",452900
9520,180,100,"bu","10:01:27",452400
9520,180,1000,"bu","10:01:27",452300
9520,180,100,"bu","10:01:27",451300
9520,180,500,"bu","10:01:27",451200
9520,180,1000,"bu","10:01:27",450700
9520,180,500,"bu","10:01:09",449700
9520,180,500,"bu","10:01:09",449200
9520,180,2500,"bu","10:00:09",448700
9510,170,1000,"bu","10:00:09",446200
9510,170,500,"bu","10:00:09",445200
9510,170,1000,"bu","10:00:09",444700
9500,160,500,"sd","09:59:59",443700
9500,160,2000,"sd","09:59:58",443200
9500,160,1500,"sd","09:59:38",441200
9510,170,300,"bu","09:59:35",439700
9500,160,500,"sd","09:59:16",439400
9510,170,100,"bu","09:58:52",438900
9510,170,3600,"sd","09:58:52",438800
9510,170,400,"sd","09:58:47",435200
9510,170,100,"sd","09:58:47",434800
9510,170,100,"sd","09:58:27",434700
9510,170,200,"bu","09:57:35",434600
9510,170,400,"bu","09:57:29",434400
9510,170,1400,"bu","09:57:22",434000
9510,170,3600,"bu","09:57:13",432600
9510,170,2500,"bu","09:57:01",429000
9510,170,1000,"bu","09:57:01",426500
9510,170,500,"bu","09:57:01",425500
9510,170,100,"bu","09:57:01",425000
9510,170,2900,"bu","09:57:01",424900
9510,170,400,"bu","09:56:46",422000
9510,170,1000,"bu","09:56:41",421600
9510,170,100,"bu","09:56:24",420600
9510,170,100,"bu","09:55:44",420500
9510,170,100,"bu","09:55:22",420400
9500,160,100,"bu","09:55:22",420300
9500,160,100,"bu","09:55:22",420200
9500,160,500,"bu","09:55:22",420100
9500,160,1500,"bu","09:54:56",419600
9490,150,500,"sd","09:54:42",418100
9490,150,10100,"sd","09:52:44",417600
9490,150,100,"sd","09:52:26",407500
9490,150,5800,"sd","09:51:54",407400
9500,160,2900,"sd","09:51:54",401600
9500,160,17000,"unknown","09:51:46",398700
9500,160,100,"bu","09:51:46",381700
9500,160,3300,"bu","09:51:46",381600
9500,160,10000,"bu","09:51:46",378300
9500,160,200,"bu","09:51:46",368300
9500,160,1000,"bu","09:51:46",368100
9500,160,100,"bu","09:51:46",367100
9500,160,1000,"bu","09:51:46",367000
9500,160,10500,"bu","09:51:46",366000
9500,160,2000,"bu","09:51:46",355500
9500,160,300,"bu","09:51:46",353500
9500,160,1000,"bu","09:51:46",353200
9500,160,500,"bu","09:51:46",352200
9500,160,100,"bu","09:51:46",351700
9500,160,100,"bu","09:51:19",351600
9500,160,2300,"bu","09:51:07",351500
9500,160,2000,"bu","09:51:05",349200
9500,160,1000,"bu","09:51:02",347200
9500,160,600,"bu","09:51:01",346200
9500,160,200,"bu","09:50:37",345600
9500,160,500,"bu","09:50:18",345400
9500,160,500,"bu","09:50:18",344900
9490,150,500,"sd","09:49:48",344400
9490,150,100,"bu","09:49:29",343900
9490,150,1200,"bu","09:49:29",343800
9490,150,400,"bu","09:49:10",342600
9490,150,400,"bu","09:48:46",342200
9490,150,500,"bu","09:48:46",341800
9490,150,3900,"bu","09:48:46",341300
9490,150,5000,"bu","09:48:23",337400
9490,150,500,"bu","09:48:23",332400
9490,150,100,"bu","09:48:23",331900
9470,130,200,"sd","09:47:45",331800
9460,120,300,"sd","09:47:22",331600
9460,120,100,"sd","09:47:16",331300
9460,120,2000,"bu","09:46:50",331200
9450,110,200,"sd","09:46:37",329200
9450,110,100,"sd","09:46:37",329000
9450,110,5000,"sd","09:46:37",328900
9450,110,700,"sd","09:46:37",323900
9450,110,200,"sd","09:46:24",323200
9450,110,800,"sd","09:45:34",323000
9450,110,600,"sd","09:45:20",322200
9490,150,100,"bu","09:43:11",321600
9480,140,100,"unknown","09:43:11",321500
9460,120,500,"unknown","09:43:11",321400
9460,120,100,"unknown","09:43:11",320900
9460,120,800,"bu","09:43:11",320800
9460,120,500,"bu","09:42:45",320000
9450,110,400,"bu","09:42:08",319500
9450,110,100,"bu","09:42:08",319100
9450,110,200,"bu","09:42:08",319000
9450,110,100,"bu","09:41:48",318800
9450,110,900,"bu","09:41:48",318700
9450,110,800,"bu","09:41:46",317800
9450,110,1000,"bu","09:41:38",317000
9450,110,2300,"bu","09:41:24",316000
9450,110,7700,"bu","09:41:24",313700
9440,100,200,"sd","09:41:11",306000
9440,100,200,"sd","09:41:11",305800
9440,100,100,"sd","09:41:11",305600
9440,100,200,"sd","09:40:57",305500
9440,100,200,"bu","09:40:32",305300
9440,100,1000,"bu","09:40:22",305100
9440,100,1500,"sd","09:40:17",304100
9440,100,500,"sd","09:40:05",302600
9440,100,2000,"sd","09:40:05",302100
9440,100,200,"sd","09:40:05",300100
9440,100,200,"sd","09:40:05",299900
9440,100,100,"sd","09:40:05",299700
9450,110,100,"bu","09:39:50",299600
9450,110,100,"bu","09:38:35",299500
9450,110,100,"sd","09:38:16",299400
9450,110,2000,"sd","09:38:16",299300
9450,110,300,"sd","09:38:16",297300
9450,110,300,"sd","09:38:06",297000
9450,110,2700,"sd","09:38:06",296700
9450,110,200,"sd","09:38:05",294000
9450,110,100,"sd","09:37:54",293800
9450,110,200,"sd","09:37:54",293700
9450,110,200,"sd","09:37:28",293500
9450,110,200,"sd","09:37:28",293300
9450,110,1800,"sd","09:36:55",293100
9450,110,1200,"sd","09:36:55",291300
9460,120,100,"bu","09:36:48",290100
9450,110,9000,"sd","09:36:45",290000
9450,110,1000,"sd","09:36:45",281000
9460,120,1000,"bu","09:36:30",280000
9460,120,2600,"sd","09:35:45",279000
9460,120,1400,"bu","09:35:37",276400
9460,120,1400,"sd","09:35:22",275000
9460,120,1100,"sd","09:35:17",273600
9460,120,2500,"sd","09:35:17",272500
9460,120,500,"bu","09:35:06",270000
9460,120,500,"bu","09:35:01",269500
9460,120,1000,"bu","09:34:51",269000
9460,120,1000,"bu","09:34:51",268000
9460,120,1000,"bu","09:34:32",267000
9460,120,200,"bu","09:34:27",266000
9460,120,100,"bu","09:34:27",265800
9460,120,100,"sd","09:34:23",265700
9460,120,4900,"sd","09:34:23",265600
9480,140,4900,"sd","09:34:00",260700
9480,140,500,"bu","09:33:46",255800
9480,140,2700,"bu","09:33:46",255300
9480,140,400,"bu","09:33:46",252600
9460,120,5000,"sd","09:32:09",252200
9460,120,5000,"sd","09:31:37",247200
9480,140,100,"sd","09:31:23",242200
9480,140,100,"sd","09:31:23",242100
9480,140,1500,"sd","09:31:02",242000
9480,140,300,"sd","09:30:56",240500
9480,140,200,"sd","09:30:46",240200
9500,160,100,"sd","09:30:13",240000
9500,160,4100,"sd","09:30:13",239900
9500,160,200,"sd","09:30:13",235800
9500,160,100,"sd","09:30:13",235600
9510,170,300,"bu","09:30:10",235500
9500,160,100,"sd","09:30:08",235200
9500,160,300,"sd","09:30:07",235100
9510,170,100,"bu","09:30:06",234800
9500,160,3000,"sd","09:29:38",234700
9500,160,1000,"sd","09:29:27",231700
9530,190,300,"bu","09:29:11",230700
9530,190,600,"bu","09:29:10",230400
9530,190,100,"bu","09:29:10",229800
9530,190,400,"bu","09:29:10",229700
9530,190,100,"bu","09:28:52",229300
9520,180,100,"unknown","09:28:52",229200
9520,180,700,"unknown","09:28:52",229100
9500,160,100,"sd","09:28:50",228400
9500,160,400,"bu","09:28:39",228300
9500,160,600,"bu","09:28:37",227900
9500,160,1000,"bu","09:28:37",227300
9500,160,100,"bu","09:28:37",226300
9500,160,1000,"bu","09:28:37",226200
9500,160,1000,"bu","09:28:37",225200
9500,160,900,"bu","09:28:37",224200
9500,160,100,"bu","09:28:37",223300
9500,160,200,"bu","09:28:37",223200
9470,130,100,"bu","09:28:37",223000
9500,160,800,"bu","09:28:31",222900
9500,160,1000,"bu","09:28:31",222100
9500,160,500,"bu","09:28:31",221100
9500,160,4000,"bu","09:28:31",220600
9500,160,500,"bu","09:28:31",216600
9500,160,1000,"bu","09:28:31",216100
9500,160,10000,"bu","09:28:31",215100
9500,160,100,"bu","09:28:31",205100
9500,160,10700,"bu","09:28:31",205000
9470,130,4400,"bu","09:28:31",194300
9470,130,100,"sd","09:28:28",189900
9470,130,600,"sd","09:28:28",189800
9470,130,100,"sd","09:28:28",189200
9470,130,100,"sd","09:28:09",189100
9500,160,5000,"bu","09:28:09",189000
9500,160,1000,"bu","09:28:06",184000
9500,160,3100,"bu","09:28:04",183000
9500,160,100,"bu","09:28:04",179900
9500,160,1000,"bu","09:28:04",179800
9500,160,100,"bu","09:28:04",178800
9500,160,600,"bu","09:28:04",178700
9490,150,100,"bu","09:28:04",178100
9500,160,2000,"bu","09:27:45",178000
9490,150,200,"bu","09:27:40",176000
9490,150,2500,"bu","09:27:40",175800
9500,160,7400,"bu","09:27:40",173300
9500,160,4000,"bu","09:27:40",165900
9500,160,200,"bu","09:27:40",161900
9500,160,500,"bu","09:27:40",161700
9500,160,500,"bu","09:27:40",161200
9500,160,300,"bu","09:27:40",160700
9490,150,7300,"sd","09:27:40",160400
9490,150,100,"sd","09:27:36",153100
9490,150,200,"bu","09:27:28",153000
9490,150,3600,"bu","09:27:28",152800
9490,150,300,"bu","09:27:28",149200
9490,150,2000,"bu","09:27:28",148900
9490,150,3000,"bu","09:27:24",146900
9490,150,1000,"bu","09:27:24",143900
9480,140,7000,"sd","09:27:20",142900
9480,140,200,"sd","09:27:16",135900
9480,140,3000,"bu","09:27:15",135700
9480,140,100,"bu","09:27:15",132700
9470,130,1100,"sd","09:27:07",132600
9470,130,3900,"sd","09:27:07",131500
9480,140,400,"bu","09:27:07",127600
9470,130,100,"bu","09:26:40",127200
9470,130,1000,"bu","09:26:40",127100
9460,120,500,"sd","09:26:25",126100
9460,120,1000,"bu","09:26:18",125600
9460,120,1000,"bu","09:26:18",124600
9450,110,200,"bu","09:26:00",123600
9450,110,900,"bu","09:26:00",123400
9450,110,200,"bu","09:26:00",122500
9450,110,100,"bu","09:26:00",122300
9450,110,400,"bu","09:26:00",122200
9450,110,1600,"bu","09:25:45",121800
9450,110,500,"bu","09:25:45",120200
9450,110,3600,"bu","09:25:34",119700
9450,110,400,"bu","09:25:34",116100
9450,110,200,"bu","09:25:34",115700
9450,110,2500,"bu","09:25:34",115500
9450,110,1000,"bu","09:25:34",113000
9450,110,100,"bu","09:25:34",112000
9450,110,100,"bu","09:25:34",111900
9450,110,200,"bu","09:25:34",111800
9450,110,100,"bu","09:25:34",111600
9450,110,500,"bu","09:25:34",111500
9450,110,1300,"bu","09:25:34",111000
9450,110,20000,"bu","09:25:29",109700
9440,100,200,"sd","09:25:15",89700
9450,110,3700,"bu","09:25:14",89500
9450,110,200,"bu","09:25:14",85800
9450,110,5100,"bu","09:25:13",85600
9450,110,100,"bu","09:25:13",80500
9450,110,900,"bu","09:25:13",80400
9440,100,200,"sd","09:24:56",79500
9440,100,400,"sd","09:24:36",79300
9440,100,300,"bu","09:24:30",78900
9440,100,300,"bu","09:24:19",78600
9440,100,300,"bu","09:24:10",78300
9440,100,200,"bu","09:24:09",78000
9440,100,3000,"bu","09:24:07",77800
9440,100,3000,"bu","09:24:04",74800
9440,100,5300,"bu","09:24:04",71800
9440,100,9700,"bu","09:23:54",66500
9440,100,100,"bu","09:23:54",56800
9440,100,100,"bu","09:23:54",56700
9440,100,100,"bu","09:23:54",56600
9430,90,100,"sd","09:23:45",56500
9430,90,2000,"sd","09:23:18",56400
9430,90,100,"sd","09:23:18",54400
9430,90,200,"bu","09:23:06",54300
9430,90,200,"bu","09:23:05",54100
9420,80,100,"sd","09:23:02",53900
9430,90,500,"bu","09:23:01",53800
9430,90,1000,"bu","09:23:01",53300
9420,80,500,"sd","09:22:53",52300
9420,80,400,"unknown","09:22:39",51800
9420,80,100,"sd","09:22:32",51400
9400,60,1000,"sd","09:21:14",51300
9400,60,1000,"sd","09:20:08",50300
9400,60,4500,"sd","09:20:08",49300
9400,60,500,"bu","09:19:45",44800
9400,60,2500,"bu","09:19:45",44300
9390,50,200,"sd","09:19:32",41800
9390,50,100,"sd","09:19:07",41600
9390,50,500,"bu","09:18:45",41500
9390,50,900,"bu","09:18:45",41000
9390,50,5900,"sd","09:18:13",40100
9400,60,2500,"bu","09:18:11",34200
9400,60,100,"bu","09:18:11",31700
9400,60,100,"bu","09:18:11",31600
9400,60,2300,"bu","09:18:11",31500
9400,60,1400,"bu","09:17:54",29200
9390,50,2000,"sd","09:17:42",27800
9390,50,400,"bu","09:17:24",25800
9390,50,100,"bu","09:17:17",25400
9400,60,200,"bu","09:16:20",25300
9400,60,200,"sd","09:15:32",25100
9400,60,500,"sd","09:15:32",24900
9400,60,100,"sd","09:15:32",24400
9400,60,300,"sd","09:15:32",24300
9440,100,24000,"bu","09:15:05",24000
