"price","change","match_qtty","side","time","total_vol"
8700,0,19000,"sd","14:45:01",2090100
8700,0,3700,"bu","14:29:37",2071100
8700,0,2100,"sd","14:29:31",2067400
8700,0,100,"sd","14:28:56",2065300
8700,0,100,"sd","14:28:21",2065200
8700,0,2000,"sd","14:28:02",2065100
8700,0,15400,"sd","14:28:00",2063100
8700,0,300,"bu","14:27:41",2047700
8700,0,300,"bu","14:26:17",2047400
8700,0,1200,"bu","14:26:13",2047100
8700,0,1000,"bu","14:26:04",2045900
8700,0,500,"bu","14:26:00",2044900
8700,0,1000,"bu","14:25:50",2044400
8700,0,700,"bu","14:25:40",2043400
8700,0,10400,"bu","14:25:34",2042700
8700,0,200,"sd","14:25:11",2032300
8700,0,100,"sd","14:24:40",2032100
8700,0,1600,"sd","14:24:35",2032000
8700,0,10000,"sd","14:23:42",2030400
8700,0,1200,"sd","14:22:19",2020400
8700,0,600,"sd","14:18:56",2019200
8700,0,1000,"bu","14:18:53",2018600
8700,0,100,"bu","14:18:48",2017600
8700,0,500,"bu","14:18:45",2017500
8700,0,200,"bu","14:18:39",2017000
8700,0,2200,"bu","14:18:34",2016800
8700,0,400,"bu","14:18:30",2014600
8700,0,6600,"sd","14:18:14",2014200
8700,0,200,"bu","14:18:10",2007600
8700,0,15800,"bu","14:18:09",2007400
8700,0,2000,"bu","14:17:56",1991600
8700,0,100,"bu","14:17:53",1989600
8600,-100,500,"sd","14:17:47",1989500
8700,0,200,"bu","14:17:29",1989000
8700,0,2300,"bu","14:17:06",1988800
8700,0,10000,"bu","14:16:42",1986500
8700,0,500,"bu","14:16:34",1976500
8700,0,7100,"bu","14:14:26",1976000
8700,0,400,"bu","14:14:07",1968900
8700,0,300,"bu","14:13:49",1968500
8600,-100,300,"sd","14:13:39",1968200
8600,-100,30000,"sd","14:13:32",1967900
8600,-100,14600,"sd","14:13:16",1937900
8600,-100,2000,"sd","14:12:16",1923300
8600,-100,8000,"sd","14:10:51",1921300
8600,-100,3000,"sd","14:09:47",1913300
8700,0,100,"bu","14:09:31",1910300
8700,0,200,"bu","14:09:01",1910200
8700,0,1000,"bu","14:08:20",1910000
8700,0,1000,"bu","14:08:19",1909000
8700,0,500,"bu","14:08:03",1908000
8700,0,2000,"bu","14:08:00",1907500
8600,-100,5000,"sd","14:07:38",1905500
8600,-100,5000,"sd","14:07:05",1900500
8700,0,5000,"bu","14:06:39",1895500
8700,0,3100,"sd","14:06:37",1890500
8700,0,3000,"sd","14:06:23",1887400
8700,0,40000,"sd","14:06:08",1884400
8700,0,1000,"sd","14:06:01",1844400
8700,0,1500,"sd","14:05:14",1843400
8700,0,100,"sd","14:04:50",1841900
8700,0,1100,"sd","14:04:46",1841800
8700,0,100,"sd","14:04:33",1840700
8700,0,200,"bu","14:03:06",1840600
8700,0,3900,"bu","14:03:03",1840400
8700,0,1000,"bu","14:02:54",1836500
8700,0,1000,"bu","14:02:48",1835500
8700,0,1000,"bu","14:02:47",1834500
8700,0,100,"bu","14:02:46",1833500
8700,0,200,"bu","14:02:44",1833400
8700,0,6000,"bu","14:02:42",1833200
8700,0,500,"bu","14:02:35",1827200
8700,0,1500,"bu","14:02:33",1826700
8700,0,2000,"bu","14:02:25",1825200
8700,0,2600,"bu","14:02:20",1823200
8700,0,500,"bu","14:02:14",1820600
8700,0,7000,"bu","14:02:06",1820100
8700,0,100,"bu","14:01:49",1813100
8700,0,300,"bu","14:01:34",1813000
8700,0,2000,"bu","14:01:31",1812700
8700,0,1000,"bu","14:01:24",1810700
8700,0,2400,"bu","14:01:18",1809700
8700,0,800,"bu","14:01:15",1807300
8700,0,4700,"bu","14:00:52",1806500
8700,0,2000,"bu","14:00:33",1801800
8700,0,16600,"bu","14:00:04",1799800
8600,-100,200,"sd","13:58:58",1783200
8600,-100,200,"sd","13:58:29",1783000
8600,-100,4200,"sd","13:58:09",1782800
8600,-100,3400,"sd","13:58:07",1778600
8600,-100,1200,"sd","13:57:47",1775200
8700,0,1500,"bu","13:56:52",1774000
8700,0,100,"bu","13:56:11",1772500
8700,0,5000,"bu","13:54:15",1772400
8700,0,15000,"bu","13:54:03",1767400
8700,0,300,"bu","13:53:41",1752400
8700,0,200,"bu","13:53:38",1752100
8600,-100,100,"sd","13:53:34",1751900
8700,0,100,"bu","13:52:27",1751800
8700,0,900,"bu","13:52:13",1751700
8700,0,500,"bu","13:51:34",1750800
8700,0,200,"bu","13:50:49",1750300
8700,0,3600,"bu","13:50:33",1750100
8700,0,2000,"bu","13:50:12",1746500
8700,0,500,"bu","13:49:46",1744500
8700,0,10000,"sd","13:49:44",1744000
8700,0,1300,"sd","13:49:39",1734000
8700,0,500,"sd","13:49:34",1732700
8700,0,2000,"sd","13:49:09",1732200
8700,0,600,"sd","13:48:51",1730200
8700,0,100,"sd","13:48:43",1729600
8700,0,2000,"sd","13:48:26",1729500
8700,0,4900,"sd","13:48:21",1727500
8700,0,5100,"bu","13:48:17",1722600
8700,0,10000,"sd","13:47:56",1717500
8700,0,13000,"sd","13:47:43",1707500
8700,0,5000,"sd","13:47:28",1694500
8700,0,3000,"sd","13:47:14",1689500
8700,0,2000,"sd","13:47:02",1686500
8700,0,1000,"sd","13:46:57",1684500
8700,0,5000,"sd","13:45:48",1683500
8700,0,100,"sd","13:45:11",1678500
8700,0,200,"sd","13:45:07",1678400
8700,0,3000,"sd","13:44:51",1678200
8700,0,4500,"sd","13:44:50",1675200
8700,0,4000,"sd","13:44:35",1670700
8700,0,400,"sd","13:43:03",1666700
8700,0,5900,"sd","13:42:49",1666300
8700,0,20700,"bu","13:42:36",1660400
8700,0,300,"sd","13:42:27",1639700
8700,0,5000,"sd","13:42:03",1639400
8700,0,1000,"sd","13:41:27",1634400
8700,0,5000,"sd","13:40:51",1633400
8700,0,300,"sd","13:40:49",1628400
8700,0,10000,"sd","13:40:10",1628100
8700,0,900,"sd","13:39:55",1618100
8700,0,700,"sd","13:39:51",1617200
8700,0,20400,"sd","13:39:50",1616500
8700,0,1000,"sd","13:39:47",1596100
8700,0,5000,"sd","13:39:16",1595100
8700,0,1100,"sd","13:38:33",1590100
8700,0,100,"sd","13:38:18",1589000
8700,0,3100,"sd","13:38:17",1588900
8700,0,22000,"bu","13:38:15",1585800
8700,0,900,"bu","13:38:13",1563800
8700,0,6000,"bu","13:38:11",1562900
8700,0,5000,"bu","13:38:02",1556900
8700,0,100,"bu","13:38:00",1551900
8700,0,200,"bu","13:37:56",1551800
8700,0,15000,"bu","13:37:49",1551600
8700,0,17000,"bu","13:37:41",1536600
8700,0,50000,"bu","13:37:33",1519600
8700,0,200,"bu","13:37:24",1469600
8700,0,500,"bu","13:37:17",1469400
8700,0,10000,"bu","13:37:16",1468900
8700,0,5000,"bu","13:36:28",1458900
8700,0,10000,"bu","13:36:16",1453900
8700,0,1000,"bu","13:36:09",1443900
8700,0,1000,"bu","13:35:42",1442900
8700,0,300,"bu","13:35:34",1441900
8700,0,5000,"bu","13:35:29",1441600
8700,0,100,"bu","13:35:22",1436600
8700,0,1000,"bu","13:35:19",1436500
8700,0,500,"bu","13:35:10",1435500
8700,0,100,"bu","13:34:34",1435000
8600,-100,100,"sd","13:34:15",1434900
8600,-100,1200,"sd","13:32:39",1434800
8700,0,1000,"bu","13:32:00",1433600
8700,0,400,"bu","13:30:58",1432600
8600,-100,800,"sd","13:29:26",1432200
8600,-100,1000,"sd","13:27:23",1431400
8700,0,1000,"bu","13:27:08",1430400
8700,0,4000,"bu","13:26:52",1429400
8700,0,1000,"bu","13:26:31",1425400
8600,-100,1000,"sd","13:26:05",1424400
8600,-100,1100,"sd","13:24:38",1423400
8700,0,700,"bu","13:24:11",1422300
8700,0,2000,"bu","13:23:08",1421600
8700,0,500,"bu","13:22:52",1419600
8700,0,15000,"bu","13:22:48",1419100
8700,0,2000,"bu","13:22:00",1404100
8600,-100,3000,"sd","13:21:43",1402100
8600,-100,900,"sd","13:21:17",1399100
8600,-100,500,"sd","13:21:00",1398200
8600,-100,16000,"sd","13:20:44",1397700
8700,0,200,"bu","13:20:16",1381700
8700,0,10000,"bu","13:19:54",1381500
8700,0,500,"bu","13:19:21",1371500
8700,0,500,"bu","13:19:07",1371000
8700,0,1500,"bu","13:18:59",1370500
8700,0,500,"bu","13:18:52",1369000
8700,0,200,"bu","13:18:47",1368500
8700,0,200,"bu","13:18:37",1368300
8700,0,1400,"bu","13:18:30",1368100
8700,0,10000,"bu","13:18:27",1366700
8700,0,2000,"bu","13:18:21",1356700
8700,0,5000,"bu","13:18:12",1354700
8700,0,100,"bu","13:18:06",1349700
8600,-100,500,"sd","13:18:01",1349600
8600,-100,6500,"sd","13:17:57",1349100
8700,0,1000,"bu","13:17:44",1342600
8700,0,1500,"bu","13:16:35",1341600
8700,0,1000,"bu","13:16:27",1340100
8700,0,200,"bu","13:16:25",1339100
8700,0,400,"bu","13:15:21",1338900
8700,0,5000,"bu","13:15:14",1338500
8700,0,1000,"bu","13:14:59",1333500
8700,0,1900,"bu","13:14:42",1332500
8700,0,500,"bu","13:14:18",1330600
8600,-100,1400,"sd","13:14:15",1330100
8700,0,1000,"bu","13:13:56",1328700
8700,0,300,"bu","13:13:39",1327700
8700,0,3000,"bu","13:13:30",1327400
8700,0,1000,"bu","13:13:27",1324400
8700,0,2500,"bu","13:13:14",1323400
8700,0,100,"bu","13:13:08",1320900
8700,0,500,"bu","13:13:01",1320800
8700,0,1200,"bu","13:12:53",1320300
8700,0,1000,"bu","13:12:30",1319100
8700,0,500,"bu","13:12:27",1318100
8700,0,900,"bu","13:12:26",1317600
8700,0,1000,"bu","13:12:23",1316700
8700,0,100,"bu","13:12:16",1315700
8700,0,500,"bu","13:12:13",1315600
8700,0,1000,"bu","13:12:08",1315100
8700,0,100,"bu","13:11:46",1314100
8700,0,6000,"bu","13:11:44",1314000
8700,0,300,"bu","13:11:26",1308000
8700,0,500,"bu","13:11:15",1307700
8700,0,300,"bu","13:11:10",1307200
8700,0,600,"bu","13:10:55",1306900
8700,0,1000,"bu","13:10:30",1306300
8700,0,100,"bu","13:10:26",1305300
8700,0,100,"bu","13:10:19",1305200
8700,0,1000,"bu","13:09:58",1305100
8700,0,1600,"bu","13:09:15",1304100
8700,0,700,"bu","13:09:10",1302500
8700,0,20200,"bu","13:09:02",1301800
8600,-100,800,"sd","13:08:48",1281600
8600,-100,1000,"sd","13:08:29",1280800
8700,0,100,"bu","13:07:46",1279800
8700,0,800,"bu","13:07:32",1279700
8700,0,100,"bu","13:07:12",1278900
8700,0,1000,"bu","13:06:41",1278800
8700,0,13400,"bu","13:06:19",1277800
8700,0,100,"bu","13:05:38",1264400
8600,-100,400,"sd","13:05:31",1264300
8700,0,1000,"bu","13:05:28",1263900
8600,-100,3000,"sd","13:04:19",1262900
8600,-100,5000,"sd","13:04:03",1259900
8600,-100,2000,"sd","13:03:04",1254900
8700,0,1100,"bu","13:02:46",1252900
8700,0,30000,"bu","13:00:27",1251800
8600,-100,800,"sd","13:00:20",1221800
8700,0,200,"bu","13:00:15",1221000
8700,0,1400,"bu","13:00:10",1220800
8700,0,3200,"bu","13:00:09",1219400
8700,0,1000,"bu","11:29:10",1216200
8700,0,100,"bu","11:28:47",1215200
8700,0,10000,"bu","11:27:47",1215100
8700,0,5000,"sd","11:27:46",1205100
8700,0,1000,"sd","11:27:43",1200100
8700,0,600,"sd","11:27:41",1199100
8700,0,2000,"sd","11:27:03",1198500
8700,0,200,"sd","11:27:02",1196500
8700,0,3000,"sd","11:26:40",1196300
8700,0,2500,"sd","11:26:38",1193300
8700,0,2500,"sd","11:26:35",1190800
8700,0,1000,"sd","11:26:09",1188300
8700,0,18300,"sd","11:26:05",1187300
8700,0,500,"sd","11:25:59",1169000
8700,0,3000,"sd","11:25:13",1168500
8700,0,2000,"sd","11:25:08",1165500
8700,0,7000,"sd","11:24:28",1163500
8800,100,100,"bu","11:21:33",1156500
8700,0,100,"sd","11:21:14",1156400
8700,0,300,"sd","11:20:57",1156300
8700,0,2000,"sd","11:19:51",1156000
8700,0,11200,"sd","11:19:25",1154000
8700,0,2200,"sd","11:18:56",1142800
8700,0,5000,"sd","11:16:39",1140600
8700,0,500,"sd","11:16:09",1135600
8700,0,500,"sd","11:15:54",1135100
8700,0,2000,"sd","11:15:48",1134600
8700,0,500,"sd","11:14:56",1132600
8700,0,200,"sd","11:14:53",1132100
8700,0,3000,"sd","11:14:01",1131900
8800,100,100,"bu","11:14:00",1128900
8700,0,10000,"sd","11:13:51",1128800
8700,0,500,"sd","11:13:30",1118800
8800,100,100,"bu","11:13:15",1118300
8700,0,600,"sd","11:13:00",1118200
8700,0,5000,"sd","11:12:37",1117600
8700,0,5000,"sd","11:12:11",1112600
8700,0,5000,"sd","11:11:53",1107600
8700,0,5000,"sd","11:11:42",1102600
8700,0,10000,"sd","11:11:32",1097600
8700,0,15000,"sd","11:11:25",1087600
8700,0,3000,"sd","11:11:18",1072600
8700,0,2800,"sd","11:10:55",1069600
8700,0,7700,"sd","11:08:44",1066800
8700,0,2000,"sd","11:08:11",1059100
8700,0,27800,"sd","11:07:47",1057100
8700,0,3000,"sd","11:07:24",1029300
8700,0,2000,"sd","11:06:37",1026300
8700,0,200,"sd","11:06:01",1024300
8700,0,400,"sd","11:05:37",1024100
8700,0,2300,"sd","11:04:46",1023700
8700,0,4000,"sd","11:02:39",1021400
8700,0,200,"sd","11:02:15",1017400
8700,0,200,"sd","11:02:06",1017200
8800,100,1000,"bu","11:02:01",1017000
8700,0,1000,"sd","11:01:49",1016000
8700,0,1900,"sd","11:01:45",1015000
8700,0,10000,"sd","11:01:11",1013100
8700,0,1000,"sd","11:01:09",1003100
8700,0,10000,"sd","11:00:53",1002100
8700,0,1000,"sd","11:00:27",992100
8700,0,20000,"sd","11:00:25",991100
8700,0,2000,"sd","11:00:02",971100
8700,0,100,"sd","10:59:49",969100
8700,0,1500,"sd","10:59:05",969000
8700,0,5000,"sd","10:58:46",967500
8700,0,400,"sd","10:58:38",962500
8700,0,10000,"sd","10:58:01",962100
8700,0,10000,"sd","10:57:25",952100
8700,0,5700,"sd","10:56:50",942100
8700,0,11000,"sd","10:56:40",936400
8800,100,100,"bu","10:56:39",925400
8700,0,1000,"sd","10:56:36",925300
8700,0,8000,"sd","10:56:33",924300
8700,0,100,"sd","10:55:57",916300
8700,0,2000,"sd","10:55:52",916200
8700,0,5000,"sd","10:55:48",914200
8700,0,300,"sd","10:55:00",909200
8700,0,10000,"sd","10:54:43",908900
8700,0,3900,"sd","10:54:25",898900
8700,0,1500,"sd","10:53:49",895000
8700,0,1400,"sd","10:53:31",893500
8800,100,5000,"bu","10:51:53",892100
8800,100,20000,"bu","10:51:04",887100
8800,100,100,"bu","10:49:27",867100
8800,100,15000,"bu","10:49:21",867000
8800,100,500,"bu","10:49:14",852000
8800,100,8000,"bu","10:44:46",851500
8800,100,500,"bu","10:43:05",843500
8800,100,13000,"bu","10:42:56",843000
8800,100,700,"bu","10:41:50",830000
8700,0,1100,"sd","10:41:26",829300
8800,100,1600,"bu","10:41:21",828200
8800,100,3000,"bu","10:41:20",826600
8800,100,1000,"bu","10:38:11",823600
8700,0,100,"sd","10:37:19",822600
8700,0,17500,"sd","10:37:12",822500
8700,0,1000,"bu","10:37:01",805000
8700,0,7300,"bu","10:36:42",804000
8700,0,1000,"bu","10:36:31",796700
8700,0,200,"bu","10:36:26",795700
8700,0,1000,"bu","10:36:22",795500
8700,0,400,"bu","10:36:06",794500
8700,0,500,"bu","10:36:00",794100
8700,0,500,"bu","10:35:49",793600
8700,0,200,"bu","10:35:41",793100
8700,0,2000,"bu","10:35:39",792900
8700,0,5000,"bu","10:35:26",790900
8700,0,200,"bu","10:35:12",785900
8700,0,500,"bu","10:35:07",785700
8700,0,200,"bu","10:35:05",785200
8700,0,15000,"bu","10:35:03",785000
8700,0,1000,"bu","10:34:59",770000
8700,0,5000,"bu","10:34:49",769000
8700,0,800,"bu","10:34:45",764000
8700,0,1000,"bu","10:34:37",763200
8700,0,1000,"bu","10:34:27",762200
8700,0,200,"bu","10:34:12",761200
8700,0,1700,"bu","10:33:59",761000
8700,0,100,"bu","10:33:51",759300
8700,0,400,"bu","10:33:42",759200
8700,0,2200,"bu","10:33:12",758800
8700,0,500,"unknown","10:32:12",756600
8700,0,10000,"sd","10:32:04",756100
8700,0,3000,"sd","10:31:45",746100
8700,0,34400,"sd","10:29:58",743100
8700,0,22600,"sd","10:29:57",708700
8700,0,5000,"sd","10:29:41",686100
8700,0,100,"sd","10:29:29",681100
8700,0,1000,"sd","10:27:45",681000
8700,0,24700,"sd","10:26:49",680000
8700,0,200,"sd","10:25:30",655300
8700,0,6200,"sd","10:24:28",655100
8800,100,100,"bu","10:22:34",648900
8800,100,200,"bu","10:22:17",648800
8700,0,800,"sd","10:21:22",648600
8700,0,7600,"sd","10:20:49",647800
8700,0,14900,"sd","10:20:42",640200
8700,0,4600,"sd","10:20:40",625300
8700,0,300,"sd","10:20:30",620700
8700,0,800,"sd","10:19:51",620400
8700,0,1500,"sd","10:19:44",619600
8700,0,1100,"sd","10:19:34",618100
8700,0,200,"sd","10:19:19",617000
8800,100,3600,"bu","10:19:01",616800
8700,0,5500,"sd","10:17:59",613200
8700,0,1000,"sd","10:17:25",607700
8700,0,5000,"sd","10:16:55",606700
8800,100,200,"bu","10:14:58",601700
8800,100,100,"bu","10:13:50",601500
8700,0,100,"sd","10:13:33",601400
8700,0,4400,"bu","10:13:18",601300
8700,0,1000,"bu","10:13:03",596900
8700,0,700,"sd","10:12:58",595900
8700,0,3000,"sd","10:12:34",595200
8700,0,3000,"sd","10:12:29",592200
8700,0,900,"bu","10:11:56",589200
8700,0,200,"bu","10:11:52",588300
8700,0,100,"bu","10:11:43",588100
8700,0,800,"bu","10:11:42",588000
8700,0,500,"bu","10:11:39",587200
8700,0,1000,"bu","10:11:32",586700
8700,0,500,"bu","10:11:19",585700
8700,0,1000,"bu","10:11:15",585200
8700,0,100,"bu","10:11:13",584200
8700,0,100,"bu","10:11:08",584100
8700,0,1000,"bu","10:10:44",584000
8700,0,100,"bu","10:10:40",583000
8700,0,2000,"bu","10:10:37",582900
8700,0,5000,"bu","10:10:23",580900
8700,0,500,"bu","10:10:13",575900
8700,0,500,"bu","10:10:12",575400
8700,0,1000,"bu","10:10:03",574900
8700,0,300,"bu","10:10:00",573900
8700,0,200,"bu","10:09:34",573600
8700,0,200,"bu","10:09:27",573400
8700,0,100,"bu","10:09:22",573200
8700,0,1000,"bu","10:08:46",573100
8700,0,400,"bu","10:08:45",572100
8700,0,600,"sd","10:08:30",571700
8700,0,2200,"bu","10:08:20",571100
8700,0,1000,"bu","10:08:18",568900
8700,0,2000,"bu","10:07:56",567900
8700,0,2200,"bu","10:07:52",565900
8700,0,4600,"sd","10:07:46",563700
8700,0,800,"sd","10:07:02",559100
8700,0,500,"sd","10:06:06",558300
8700,0,18800,"sd","10:05:43",557800
8700,0,10000,"bu","10:05:34",539000
8700,0,2800,"bu","10:05:33",529000
8700,0,200,"bu","10:05:03",526200
8700,0,200,"bu","10:04:49",526000
8700,0,300,"bu","10:04:28",525800
8700,0,100,"bu","10:04:00",525500
8700,0,2000,"bu","10:03:35",525400
8700,0,100,"bu","10:03:33",523400
8700,0,1000,"bu","10:03:29",523300
8700,0,6000,"bu","10:03:12",522300
8600,-100,2900,"sd","10:03:11",516300
8700,0,500,"bu","10:02:20",513400
8700,0,100,"bu","10:02:00",512900
8700,0,100,"bu","10:00:51",512800
8700,0,200,"bu","10:00:33",512700
8700,0,1000,"bu","10:00:16",512500
8700,0,100,"bu","10:00:08",511500
8700,0,1000,"bu","10:00:04",511400
8700,0,6900,"bu","09:59:35",510400
8700,0,500,"sd","09:59:31",503500
8700,0,500,"sd","09:59:21",503000
8700,0,200,"sd","09:59:08",502500
8700,0,1900,"sd","09:58:54",502300
8700,0,300,"sd","09:58:49",500400
8700,0,500,"sd","09:58:41",500100
8700,0,5000,"sd","09:58:12",499600
8700,0,2700,"sd","09:58:00",494600
8700,0,4200,"bu","09:57:58",491900
8700,0,1300,"sd","09:57:43",487700
8700,0,700,"sd","09:57:30",486400
8700,0,100,"bu","09:57:18",485700
8700,0,500,"bu","09:57:11",485600
8700,0,2000,"bu","09:57:05",485100
8700,0,9700,"bu","09:56:48",483100
8700,0,5000,"sd","09:56:29",473400
8700,0,1800,"sd","09:56:02",468400
8700,0,100,"sd","09:55:01",466600
8700,0,400,"sd","09:54:37",466500
8700,0,5000,"bu","09:54:29",466100
8700,0,5000,"bu","09:54:12",461100
8700,0,1000,"bu","09:54:11",456100
8700,0,900,"bu","09:53:49",455100
8700,0,7000,"sd","09:53:33",454200
8700,0,500,"sd","09:53:24",447200
8700,0,7000,"sd","09:53:07",446700
8700,0,5000,"sd","09:52:58",439700
8700,0,5000,"sd","09:52:19",434700
8700,0,3000,"sd","09:52:12",429700
8700,0,14400,"sd","09:51:40",426700
8700,0,2000,"bu","09:51:35",412300
8700,0,5400,"bu","09:51:17",410300
8700,0,200,"sd","09:51:01",404900
8700,0,2100,"bu","09:50:51",404700
8700,0,4000,"sd","09:50:36",402600
8700,0,2000,"sd","09:50:35",398600
8700,0,100,"sd","09:50:31",396600
8700,0,200,"sd","09:50:30",396500
8700,0,7400,"sd","09:50:28",396300
8700,0,2500,"sd","09:49:53",388900
8700,0,1000,"sd","09:49:23",386400
8700,0,400,"sd","09:49:18",385400
8700,0,500,"sd","09:48:53",385000
8700,0,4000,"sd","09:48:44",384500
8700,0,27500,"sd","09:48:40",380500
8700,0,100000,"sd","09:47:55",353000
8700,0,10000,"sd","09:47:10",253000
8700,0,500,"sd","09:47:03",243000
8700,0,7100,"sd","09:46:59",242500
8700,0,2000,"sd","09:45:47",235400
8700,0,500,"sd","09:45:21",233400
8700,0,400,"sd","09:42:53",232900
8700,0,2500,"sd","09:41:45",232500
8700,0,14200,"sd","09:41:41",230000
8700,0,1000,"sd","09:41:26",215800
8700,0,700,"sd","09:40:34",214800
8700,0,400,"sd","09:40:14",214100
8800,100,2000,"bu","09:37:50",213700
8800,100,100,"bu","09:35:32",211700
8800,100,1000,"bu","09:35:25",211600
8700,0,600,"sd","09:34:50",210600
8700,0,300,"sd","09:34:26",210000
8700,0,300,"sd","09:34:25",209700
8700,0,1000,"sd","09:34:10",209400
8700,0,3100,"sd","09:34:06",208400
8700,0,1000,"sd","09:33:53",205300
8700,0,700,"sd","09:33:38",204300
8700,0,400,"sd","09:33:06",203600
8800,100,1000,"bu","09:32:53",203200
8800,100,1000,"bu","09:30:55",202200
8700,0,200,"sd","09:30:31",201200
8700,0,10000,"sd","09:30:23",201000
8700,0,5000,"sd","09:29:40",191000
8800,100,800,"bu","09:29:38",186000
8700,0,9000,"sd","09:29:03",185200
8700,0,500,"sd","09:28:40",176200
8700,0,2000,"sd","09:28:38",175700
8700,0,500,"sd","09:28:24",173700
8700,0,100,"sd","09:28:22",173200
8700,0,4000,"sd","09:27:48",173100
8700,0,1200,"sd","09:27:19",169100
8700,0,500,"sd","09:26:50",167900
8700,0,68000,"sd","09:25:04",167400
8800,100,5000,"bu","09:24:57",99400
8800,100,11300,"bu","09:24:54",94400
8800,100,2000,"bu","09:24:08",83100
8800,100,500,"bu","09:23:55",81100
8800,100,1000,"bu","09:23:51",80600
8800,100,3000,"bu","09:22:23",79600
8800,100,1000,"bu","09:22:00",76600
8800,100,500,"bu","09:21:28",75600
8800,100,2700,"bu","09:21:27",75100
8800,100,200,"bu","09:21:13",72400
8800,100,1000,"bu","09:20:27",72200
8800,100,10000,"bu","09:20:21",71200
8800,100,1000,"bu","09:20:06",61200
8700,0,1000,"sd","09:20:04",60200
8800,100,20000,"bu","09:19:57",59200
8800,100,100,"bu","09:19:56",39200
8800,100,7000,"bu","09:19:51",39100
8800,100,1000,"bu","09:19:27",32100
8700,0,1200,"sd","09:19:23",31100
8700,0,600,"sd","09:18:39",29900
8800,100,900,"bu","09:18:19",29300
8800,100,400,"bu","09:17:30",28400
8800,100,500,"bu","09:17:18",28000
8800,100,100,"bu","09:16:19",27500
8800,100,300,"bu","09:15:17",27400
8800,100,200,"bu","09:14:10",27100
8700,0,10000,"sd","09:13:57",26900
8700,0,1100,"sd","09:13:52",16900
8800,100,300,"bu","09:13:23",15800
8800,100,200,"bu","09:12:55",15500
8800,100,200,"bu","09:12:54",15300
8800,100,1000,"bu","09:11:04",15100
8800,100,1000,"bu","09:10:55",14100
8800,100,3000,"bu","09:10:45",13100
8700,0,1900,"sd","09:09:13",10100
8700,0,700,"sd","09:07:04",8200
8700,0,700,"sd","09:06:33",7500
8700,0,2900,"sd","09:05:46",6800
8800,100,200,"bu","09:04:36",3900
8800,100,100,"bu","09:04:13",3700
8800,100,100,"bu","09:02:51",3600
8800,100,200,"bu","09:01:29",3500
8800,100,1000,"bu","09:00:32",3300
8700,0,200,"sd","09:00:20",2300
8700,0,1100,"sd","09:00:09",2100
8800,100,1000,"bu","09:00:05",1000
