"price","change","match_qtty","side","time","total_vol"
5150,0,60400,"bu","14:45:02",267100
5160,10,100,"sd","14:29:32",206700
5170,20,1000,"bu","14:28:03",206600
5160,10,200,"sd","14:27:42",205600
5150,0,2600,"sd","14:18:41",205400
5150,0,2000,"sd","14:18:41",202800
5150,0,100,"sd","14:18:41",200800
5150,0,500,"sd","14:18:41",200700
5150,0,1000,"sd","14:18:41",200200
5150,0,3000,"sd","14:18:41",199200
5150,0,500,"sd","14:18:41",196200
5150,0,1300,"sd","14:18:41",195700
5150,0,200,"sd","14:18:41",194400
5160,10,5000,"sd","14:17:38",194200
5160,10,500,"sd","14:17:38",189200
5160,10,200,"sd","14:17:38",188700
5170,20,1500,"sd","14:14:41",188500
5180,30,5000,"sd","14:14:41",187000
5180,30,400,"sd","14:14:41",182000
5180,30,1400,"sd","14:14:41",181600
5200,50,100,"sd","14:14:32",180200
5200,50,500,"sd","14:14:32",180100
5200,50,1000,"sd","14:14:32",179600
5200,50,500,"unknown","14:07:17",178600
5210,60,100,"sd","14:05:49",178100
5210,60,100,"sd","14:03:46",178000
5250,100,300,"sd","13:43:31",177900
5250,100,100,"sd","13:42:09",177600
5250,100,500,"sd","13:35:05",177500
5270,120,100,"bu","13:35:00",177000
5270,120,500,"sd","13:34:37",176900
5270,120,1000,"bu","13:32:12",176400
5270,120,1000,"bu","13:29:05",175400
5270,120,100,"bu","13:29:05",174400
5270,120,400,"bu","13:26:05",174300
5270,120,100,"bu","13:25:59",173900
5270,120,100,"bu","13:25:59",173800
5250,100,1000,"sd","13:23:27",173700
5250,100,100,"sd","13:22:12",172700
5250,100,2000,"bu","13:20:57",172600
5250,100,1000,"bu","13:20:57",169100
5250,100,1500,"bu","13:20:57",170600
5230,80,100,"bu","13:20:57",168100
5230,80,400,"bu","13:20:57",168000
5220,70,200,"bu","13:09:55",167600
5160,10,200,"sd","13:06:13",167400
5160,10,700,"sd","13:01:05",167200
5160,10,200,"sd","13:01:05",166500
5170,20,1300,"bu","13:00:06",166300
5170,20,800,"bu","13:00:05",165000
5170,20,800,"sd","11:28:53",164200
5170,20,2600,"sd","11:28:53",163400
5170,20,1600,"sd","11:28:53",160800
5170,20,2000,"sd","11:28:33",159200
5170,20,400,"sd","11:09:55",157200
5180,30,800,"sd","11:09:55",156800
5180,30,200,"sd","11:09:55",156000
5180,30,1000,"sd","11:09:55",155800
5170,20,1000,"sd","11:02:06",154800
5170,20,100,"sd","11:02:06",153800
5170,20,1600,"sd","11:02:06",153700
5180,30,400,"bu","11:00:56",152100
5170,20,400,"sd","11:00:22",151700
5180,30,5000,"sd","10:57:26",151300
5180,30,1000,"sd","10:57:26",146300
5180,30,100,"sd","10:57:26",145300
5200,50,100,"sd","10:56:49",145200
5200,50,300,"sd","10:56:49",145100
5210,60,100,"sd","10:56:49",144800
5200,50,4700,"sd","10:51:10",144700
5200,50,500,"sd","10:51:10",140000
5200,50,4000,"sd","10:51:10",139500
5200,50,800,"sd","10:51:10",135500
5200,50,400,"sd","10:47:45",134700
5210,60,5000,"sd","10:47:45",134300
5220,70,100,"sd","10:47:45",129300
5220,70,3000,"sd","10:45:43",129200
5270,120,5800,"sd","10:45:43",126200
5270,120,300,"bu","10:45:41",120400
5270,120,800,"bu","10:45:41",120100
5270,120,4200,"bu","10:33:20",119300
5260,110,800,"bu","10:33:20",115100
5260,110,100,"bu","10:33:19",114300
5260,110,100,"sd","10:33:18",114200
5260,110,2000,"sd","10:32:57",114100
5260,110,200,"sd","10:31:18",112100
5260,110,5300,"sd","10:31:18",111900
5270,120,200,"sd","10:31:18",106600
5270,120,100,"sd","10:27:02",106400
5270,120,1800,"sd","10:24:04",106300
5300,150,300,"sd","10:22:02",104500
5300,150,100,"sd","10:21:23",104200
5300,150,5000,"bu","10:21:03",104100
5300,150,600,"bu","10:21:03",99100
5280,130,500,"sd","10:20:36",98500
5300,150,200,"sd","10:18:47",98000
5300,150,200,"sd","10:18:47",97800
5300,150,500,"sd","10:18:22",97600
5300,150,1000,"sd","10:17:59",97100
5300,150,1400,"bu","10:17:51",96100
5300,150,1600,"bu","10:16:52",94700
5300,150,500,"bu","10:16:52",93100
5300,150,2900,"bu","10:16:52",92600
5290,140,1000,"bu","10:16:43",85700
5300,150,4000,"bu","10:16:43",89700
5300,150,1000,"bu","10:15:29",84700
5300,150,1600,"sd","10:15:11",83700
5300,150,7500,"sd","10:15:11",82100
5300,150,3000,"bu","10:14:42",74600
5300,150,500,"bu","10:14:42",71600
5300,150,3900,"bu","10:14:42",71100
5300,150,100,"bu","10:14:42",67200
5270,120,100,"bu","10:14:29",67100
5270,120,1000,"bu","10:14:29",67000
5270,120,100,"bu","10:14:29",66000
5270,120,1000,"bu","10:14:29",65900
5270,120,1000,"bu","10:14:29",64900
5260,110,1000,"sd","10:14:05",63900
5260,110,200,"bu","10:14:05",62900
5250,100,1000,"bu","10:14:05",62700
5250,100,2000,"bu","10:14:05",61700
5250,100,500,"bu","10:14:05",59700
5240,90,2000,"bu","10:13:48",59200
5230,80,1500,"bu","10:13:36",57200
5230,80,100,"bu","10:13:36",55700
5230,80,200,"bu","10:13:36",55600
5220,70,2000,"bu","10:13:02",55400
5220,70,100,"bu","10:13:02",53400
5220,70,10000,"bu","10:13:02",53300
5220,70,900,"bu","10:13:02",43300
5220,70,400,"bu","10:13:02",42400
5220,70,1400,"bu","10:12:56",42000
5210,60,1000,"bu","10:12:56",40600
5210,60,300,"bu","10:12:36",39600
5210,60,1700,"bu","10:12:06",39300
5210,60,300,"bu","10:12:06",37600
5200,50,800,"bu","10:11:11",37300
5200,50,200,"bu","10:10:55",36500
5200,50,1800,"bu","10:10:55",36300
5200,50,3200,"bu","10:10:38",34500
5200,50,1000,"bu","10:10:38",31300
5200,50,800,"bu","10:10:38",30300
5200,50,1200,"bu","10:10:31",29500
5200,50,800,"bu","10:10:31",28300
5190,40,1900,"bu","10:10:21",27500
5200,50,200,"sd","10:03:23",25600
5210,60,2000,"bu","10:02:15",25400
5220,70,200,"bu","09:56:37",23400
5210,60,100,"bu","09:53:33",23200
5210,60,100,"bu","09:53:33",23100
5210,60,100,"bu","09:53:33",23000
5210,60,1000,"bu","09:53:33",22900
5210,60,100,"bu","09:53:33",21900
5210,60,500,"bu","09:53:33",21800
5210,60,1300,"bu","09:53:33",21300
5210,60,400,"bu","09:52:33",20000
5210,60,1000,"bu","09:52:33",19600
5210,60,600,"bu","09:52:33",18600
5210,60,400,"bu","09:51:35",18000
5210,60,3700,"bu","09:42:26",17600
5220,70,100,"bu","09:35:59",13900
5220,70,100,"bu","09:33:28",13800
5160,10,200,"sd","09:31:36",13700
5230,80,300,"sd","09:30:07",13500
5230,80,200,"sd","09:29:54",13200
5230,80,5000,"sd","09:29:54",13000
5220,70,600,"bu","09:29:54",8000
5220,70,2200,"bu","09:29:54",7400
5220,70,200,"bu","09:29:54",5200
5220,70,500,"bu","09:29:54",5000
5210,60,1000,"bu","09:29:54",4500
5160,10,200,"bu","09:29:16",3500
5150,0,900,"sd","09:29:14",3300
5160,10,100,"sd","09:28:35",2400
5160,10,100,"sd","09:27:54",2300
5160,10,1900,"sd","09:20:01",2200
5220,70,100,"bu","09:16:35",300
5220,70,200,"bu","09:15:01",200
