"price","change","match_qtty","side","time","total_vol"
5700,-80,273300,"unknown","14:45:00",3512100
5770,-10,200,"bu","14:29:24",3238800
5770,-10,100,"bu","14:28:28",3238600
5720,-60,1600,"bu","14:28:14",3238500
5700,-80,1200,"sd","14:27:12",3236900
5700,-80,1000,"sd","14:27:12",3235700
5700,-80,1500,"sd","14:27:12",3234700
5700,-80,100,"sd","14:27:12",3233200
5700,-80,8000,"sd","14:27:12",3233100
5700,-80,300,"sd","14:27:12",3225100
5700,-80,2000,"sd","14:27:12",3224800
5700,-80,2500,"sd","14:27:12",3222800
5700,-80,9000,"sd","14:27:12",3220300
5700,-80,1000,"sd","14:27:12",3211300
5700,-80,400,"sd","14:27:12",3210300
5700,-80,1000,"sd","14:27:12",3209900
5700,-80,2000,"sd","14:27:12",3208900
5700,-80,3000,"sd","14:27:12",3206900
5700,-80,500,"sd","14:27:12",3203900
5700,-80,500,"sd","14:27:12",3203400
5700,-80,10000,"sd","14:27:12",3202900
5700,-80,1000,"sd","14:27:12",3192900
5700,-80,7000,"sd","14:27:12",3191900
5700,-80,2100,"sd","14:27:12",3184900
5710,-70,20000,"sd","14:27:12",3182800
5710,-70,300,"sd","14:27:12",3162800
5710,-70,900,"sd","14:27:12",3162500
5710,-70,5000,"sd","14:27:12",3161600
5710,-70,1000,"sd","14:27:12",3156600
5710,-70,5000,"sd","14:27:12",3155600
5720,-60,100,"sd","14:27:12",3150600
5720,-60,3500,"sd","14:27:12",3150500
5720,-60,100,"sd","14:27:12",3147000
5720,-60,10000,"sd","14:27:12",3146900
5770,-10,100,"bu","14:27:07",3136900
5700,-80,20000,"sd","14:25:59",3136800
5780,0,4800,"bu","14:25:58",3116800
5780,0,6000,"bu","14:25:58",3112000
5780,0,200,"bu","14:25:58",3106000
5780,0,4900,"bu","14:25:58",3105800
5780,0,400,"bu","14:25:58",3100900
5780,0,100,"bu","14:25:58",3100500
5780,0,2300,"bu","14:25:58",3100400
5770,-10,1000,"bu","14:25:58",3098100
5770,-10,300,"bu","14:25:58",3097100
5700,-80,2900,"sd","14:25:52",3096800
5700,-80,5000,"sd","14:25:52",3093900
5700,-80,3100,"sd","14:25:52",3088900
5700,-80,300,"sd","14:25:52",3085800
5700,-80,500,"sd","14:25:52",3085500
5700,-80,1000,"sd","14:25:52",3085000
5700,-80,10000,"sd","14:25:52",3084000
5700,-80,500,"sd","14:25:52",3074000
5700,-80,500,"sd","14:25:52",3073500
5700,-80,500,"sd","14:25:52",3073000
5700,-80,500,"sd","14:25:52",3072500
5700,-80,100,"sd","14:25:52",3072000
5700,-80,100,"sd","14:25:52",3071900
5700,-80,1000,"sd","14:25:33",3071800
5700,-80,5000,"sd","14:25:33",3070800
5700,-80,1700,"sd","14:25:33",3065800
5700,-80,5900,"sd","14:25:33",3064100
5700,-80,1000,"sd","14:25:33",3058200
5700,-80,5000,"sd","14:25:33",3057200
5700,-80,1400,"sd","14:25:33",3052200
5700,-80,5000,"sd","14:25:33",3050800
5700,-80,100,"sd","14:25:33",3045800
5700,-80,2000,"sd","14:25:33",3045700
5700,-80,300,"sd","14:25:33",3043700
5700,-80,500,"sd","14:25:33",3043400
5700,-80,1000,"sd","14:25:33",3042900
5700,-80,3000,"sd","14:25:33",3041900
5700,-80,100,"sd","14:25:33",3038900
5700,-80,1500,"sd","14:25:33",3038800
5700,-80,500,"sd","14:25:33",3037300
5700,-80,500,"sd","14:25:33",3036800
5700,-80,800,"sd","14:25:33",3036300
5700,-80,1000,"sd","14:25:33",3035500
5700,-80,1000,"sd","14:25:33",3034500
5700,-80,3000,"sd","14:25:33",3033500
5700,-80,500,"sd","14:25:33",3030500
5700,-80,100,"sd","14:25:33",3030000
5700,-80,2000,"sd","14:25:33",3029900
5700,-80,500,"sd","14:25:33",3027900
5700,-80,800,"sd","14:25:33",3027400
5700,-80,500,"sd","14:25:33",3026600
5710,-70,200,"sd","14:25:33",3026100
5700,-80,2000,"sd","14:25:33",3025900
5710,-70,2000,"sd","14:25:33",3023900
5710,-70,100,"sd","14:25:33",3021900
5710,-70,2000,"sd","14:25:33",3021800
5710,-70,500,"sd","14:25:33",3019800
5710,-70,500,"sd","14:25:33",3019300
5710,-70,2000,"sd","14:25:33",3018800
5710,-70,500,"sd","14:25:12",3016800
5700,-80,300,"sd","14:25:00",3016300
5700,-80,500,"sd","14:25:00",3016000
5700,-80,1000,"sd","14:25:00",3015500
5700,-80,1900,"sd","14:25:00",3014500
5700,-80,3000,"sd","14:25:00",3012600
5700,-80,10000,"sd","14:25:00",3009600
5700,-80,300,"sd","14:25:00",2999600
5700,-80,2500,"sd","14:25:00",2999300
5710,-70,500,"sd","14:25:00",2996800
5720,-60,2900,"sd","14:24:51",2996300
5720,-60,8100,"sd","14:24:51",2993400
5720,-60,100,"sd","14:24:51",2985300
5720,-60,1000,"sd","14:24:51",2985200
5720,-60,1000,"sd","14:24:51",2984200
5700,-80,17500,"sd","14:24:51",2983200
5720,-60,600,"sd","14:24:51",2965700
5700,-80,1900,"sd","14:24:51",2965100
5710,-70,100,"sd","14:24:51",2963200
5710,-70,100,"sd","14:24:51",2963100
5710,-70,300,"sd","14:24:51",2963000
5710,-70,900,"sd","14:24:51",2962700
5710,-70,500,"sd","14:24:51",2961800
5730,-50,200,"bu","14:24:43",2961300
5720,-60,29400,"sd","14:24:42",2961100
5720,-60,100,"sd","14:24:42",2931700
5720,-60,500,"sd","14:24:42",2931600
5720,-60,20000,"sd","14:24:42",2931100
5730,-50,100,"bu","14:24:40",2911100
5730,-50,2000,"bu","14:24:38",2911000
5730,-50,200,"sd","14:24:35",2909000
5730,-50,7000,"sd","14:24:35",2908800
5730,-50,1000,"sd","14:24:35",2901800
5730,-50,1700,"sd","14:24:35",2900800
5780,0,900,"bu","14:24:32",2899100
5770,-10,100,"bu","14:24:32",2898200
5730,-50,1300,"bu","14:24:22",2898100
5730,-50,1000,"bu","14:24:17",2896800
5730,-50,100,"bu","14:24:11",2895800
5730,-50,2000,"bu","14:24:06",2895700
5730,-50,10000,"bu","14:23:54",2893700
5730,-50,1000,"bu","14:23:54",2883700
5730,-50,5500,"sd","14:23:54",2882700
5730,-50,100,"sd","14:23:54",2877200
5730,-50,2800,"sd","14:23:54",2877100
5730,-50,600,"sd","14:23:54",2874300
5730,-50,14600,"sd","14:23:54",2873700
5730,-50,1000,"sd","14:23:54",2859100
5730,-50,200,"sd","14:23:54",2858100
5730,-50,9800,"sd","14:23:54",2857900
5780,0,2000,"bu","14:23:48",2848100
5730,-50,10200,"sd","14:23:37",2846100
5730,-50,100,"sd","14:23:37",2835900
5730,-50,1000,"sd","14:23:37",2835800
5740,-40,100,"sd","14:23:37",2834800
5740,-40,3100,"sd","14:23:37",2834700
5740,-40,2000,"sd","14:23:37",2831600
5740,-40,20000,"sd","14:23:37",2829600
5750,-30,100,"sd","14:23:37",2809600
5750,-30,1000,"sd","14:23:37",2809500
5750,-30,2400,"sd","14:23:37",2808500
5750,-30,2600,"sd","14:23:31",2806100
5750,-30,10000,"sd","14:23:31",2803500
5750,-30,1000,"sd","14:23:31",2793500
5750,-30,1000,"sd","14:23:31",2792500
5750,-30,100,"sd","14:23:31",2791500
5750,-30,100,"sd","14:23:31",2791400
5760,-20,1000,"sd","14:23:31",2791300
5760,-20,1100,"sd","14:23:31",2790300
5770,-10,43100,"sd","14:23:31",2789200
5780,0,4800,"bu","14:23:04",2746100
5780,0,5000,"bu","14:23:04",2741300
5780,0,200,"bu","14:23:04",2736300
5780,0,1100,"bu","14:23:04",2736100
5770,-10,600,"sd","14:22:57",2735000
5770,-10,500,"bu","14:22:44",2734400
5770,-10,3800,"bu","14:22:44",2733900
5770,-10,1000,"bu","14:22:44",2730100
5770,-10,1000,"bu","14:22:44",2729100
5760,-20,100,"sd","14:22:39",2728100
5760,-20,2800,"sd","14:22:37",2728000
5760,-20,1000,"bu","14:21:58",2725200
5760,-20,100,"bu","14:20:44",2724200
5760,-20,200,"bu","14:20:44",2724100
5770,-10,200,"bu","14:18:32",2723900
5760,-20,2000,"bu","14:18:02",2723700
5760,-20,1000,"bu","14:18:02",2721700
5760,-20,2000,"bu","14:18:01",2720700
5750,-30,100,"sd","14:17:53",2718700
5760,-20,100,"bu","14:17:50",2718600
5750,-30,400,"bu","14:17:26",2718500
5750,-30,200,"bu","14:17:23",2718100
5750,-30,300,"bu","14:17:23",2717900
5750,-30,100,"bu","14:17:10",2717600
5750,-30,1500,"sd","14:17:06",2717500
5750,-30,300,"sd","14:17:06",2716000
5750,-30,100,"sd","14:17:06",2715700
5750,-30,100,"sd","14:17:06",2715600
5750,-30,2600,"sd","14:17:06",2715500
5750,-30,500,"sd","14:16:36",2712900
5760,-20,600,"bu","14:16:08",2712400
5760,-20,100,"bu","14:15:16",2711800
5750,-30,1000,"sd","14:14:56",2711700
5750,-30,900,"sd","14:14:20",2710700
5760,-20,500,"bu","14:14:06",2709800
5760,-20,500,"bu","14:14:01",2709300
5760,-20,500,"bu","14:13:58",2708800
5760,-20,9500,"bu","14:13:45",2708300
5760,-20,500,"bu","14:13:45",2698800
5760,-20,500,"sd","14:13:16",2698300
5770,-10,200,"sd","14:12:48",2697800
5780,0,600,"bu","14:11:24",2697600
5750,-30,100,"bu","14:11:05",2697000
5750,-30,1000,"sd","14:11:00",2696900
5750,-30,1000,"sd","14:11:00",2695900
5750,-30,10000,"sd","14:11:00",2694900
5750,-30,200,"sd","14:11:00",2684900
5750,-30,300,"sd","14:11:00",2684700
5750,-30,3600,"sd","14:11:00",2684400
5760,-20,3800,"sd","14:11:00",2680800
5750,-30,400,"sd","14:10:55",2677000
5750,-30,200,"sd","14:10:55",2676600
5750,-30,200,"sd","14:10:55",2676400
5760,-20,2000,"sd","14:10:55",2676200
5760,-20,1000,"sd","14:10:55",2674200
5760,-20,2000,"sd","14:10:55",2673200
5760,-20,5900,"sd","14:10:55",2671200
5770,-10,5000,"bu","14:10:51",2665300
5760,-20,1000,"bu","14:10:26",2660300
5760,-20,3100,"bu","14:10:26",2659300
5760,-20,100,"bu","14:09:56",2656200
5760,-20,1000,"sd","14:09:42",2656100
5760,-20,800,"sd","14:09:42",2655100
5760,-20,1600,"bu","14:08:26",2654300
5760,-20,500,"bu","14:07:52",2652700
5760,-20,900,"bu","14:07:45",2652200
5760,-20,1000,"bu","14:07:45",2651300
5760,-20,5000,"bu","14:07:45",2650300
5760,-20,300,"bu","14:07:45",2645300
5760,-20,800,"bu","14:07:45",2645000
5760,-20,100,"bu","14:07:32",2644200
5760,-20,100,"bu","14:07:01",2644100
5750,-30,1000,"bu","14:06:13",2644000
5750,-30,3000,"bu","14:06:13",2643000
5750,-30,800,"bu","14:06:13",2640000
5750,-30,800,"bu","14:05:38",2639200
5750,-30,100,"bu","14:05:19",2638400
5730,-50,2100,"sd","14:05:08",2638300
5730,-50,4000,"sd","14:05:08",2636200
5730,-50,200,"sd","14:05:08",2632200
5730,-50,3700,"sd","14:05:08",2632000
5730,-50,20000,"sd","14:05:04",2628300
5730,-50,80000,"sd","14:04:52",2608300
5730,-50,70000,"sd","14:04:38",2528300
5730,-50,27800,"sd","14:04:31",2458300
5730,-50,1000,"sd","14:04:31",2430500
5730,-50,13900,"sd","14:04:31",2429500
5740,-40,100,"sd","14:04:31",2415600
5740,-40,300,"sd","14:04:31",2415500
5740,-40,4800,"sd","14:04:31",2415200
5740,-40,2000,"sd","14:04:31",2410400
5740,-40,100,"sd","14:04:31",2408400
5730,-50,69100,"sd","14:03:04",2408300
5730,-50,100,"sd","14:03:04",2339200
5730,-50,100,"sd","14:03:04",2339100
5730,-50,500,"sd","14:03:04",2339000
5730,-50,1000,"sd","14:03:04",2338500
5730,-50,1000,"sd","14:03:04",2337500
5730,-50,100,"sd","14:03:04",2336500
5740,-40,500,"sd","14:03:04",2336400
5740,-40,5000,"sd","14:03:04",2335900
5740,-40,100,"sd","14:03:04",2330900
5740,-40,100,"sd","14:03:04",2330800
5740,-40,2000,"sd","14:03:04",2330700
5740,-40,500,"sd","14:03:04",2328700
5740,-40,6600,"sd","14:03:04",2328200
5740,-40,3300,"sd","14:03:04",2321600
5760,-20,200,"bu","14:02:46",2318300
5760,-20,100,"bu","14:02:43",2318100
5760,-20,200,"bu","14:02:43",2318000
5760,-20,3400,"bu","14:02:41",2317800
5750,-30,1000,"bu","14:02:25",2314400
5750,-30,600,"bu","14:02:25",2313400
5750,-30,100,"bu","14:02:13",2312800
5750,-30,100,"bu","14:02:12",2312700
5750,-30,700,"bu","14:01:53",2312600
5750,-30,100,"bu","14:01:30",2311900
5750,-30,3400,"bu","14:01:13",2311800
5750,-30,7600,"bu","14:01:13",2308400
5750,-30,100,"bu","14:01:10",2300800
5750,-30,2000,"bu","14:00:51",2300700
5750,-30,4000,"bu","14:00:28",2298700
5750,-30,200,"bu","13:58:20",2294700
5740,-40,9900,"sd","13:58:09",2294500
5740,-40,1700,"sd","13:58:09",2284600
5740,-40,500,"sd","13:58:09",2282900
5740,-40,500,"sd","13:58:09",2282400
5740,-40,1000,"sd","13:58:09",2281900
5740,-40,2000,"sd","13:58:09",2280900
5750,-30,400,"sd","13:58:02",2278900
5750,-30,200,"sd","13:58:02",2278500
5750,-30,500,"sd","13:58:02",2278300
5760,-20,500,"bu","13:56:58",2277800
5750,-30,100,"sd","13:56:21",2277300
5750,-30,200,"sd","13:56:21",2277200
5750,-30,100,"sd","13:56:21",2277000
5760,-20,900,"bu","13:56:14",2276900
5760,-20,300,"bu","13:56:14",2276000
5750,-30,500,"sd","13:55:31",2275700
5750,-30,100,"sd","13:55:31",2275200
5750,-30,4400,"sd","13:55:31",2275100
5760,-20,4000,"bu","13:54:50",2270700
5760,-20,3000,"bu","13:54:40",2266700
5760,-20,1300,"sd","13:54:29",2263700
5760,-20,300,"sd","13:54:29",2262400
5760,-20,9700,"sd","13:54:15",2262100
5760,-20,200,"sd","13:54:15",2252400
5760,-20,100,"sd","13:54:15",2252200
5760,-20,1900,"bu","13:52:03",2252100
5760,-20,100,"bu","13:52:02",2250200
5760,-20,5000,"bu","13:51:41",2250100
5740,-40,100,"bu","13:51:05",2245100
5740,-40,3300,"bu","13:50:58",2245000
5740,-40,1100,"bu","13:50:53",2241700
5740,-40,100,"sd","13:50:30",2240600
5740,-40,500,"sd","13:50:30",2240500
5740,-40,1100,"sd","13:50:30",2240000
5740,-40,5700,"sd","13:50:30",2238900
5740,-40,100,"sd","13:50:30",2233200
5750,-30,700,"sd","13:50:30",2233100
5750,-30,5000,"sd","13:50:30",2232400
5750,-30,2300,"sd","13:50:30",2227400
5760,-20,100,"bu","13:50:21",2225100
5750,-30,300,"bu","13:49:16",2225000
5750,-30,400,"bu","13:49:14",2224700
5750,-30,100,"bu","13:49:06",2224300
5750,-30,200,"bu","13:49:04",2224200
5750,-30,500,"bu","13:49:04",2224000
5750,-30,200,"sd","13:48:52",2223500
5750,-30,100,"sd","13:48:52",2223300
5750,-30,1000,"sd","13:48:52",2223200
5750,-30,10000,"sd","13:48:52",2222200
5750,-30,100,"sd","13:48:52",2212200
5750,-30,100,"sd","13:48:52",2212100
5750,-30,200,"sd","13:48:42",2212000
5760,-20,100,"bu","13:47:19",2211800
5760,-20,200,"bu","13:46:49",2211700
5750,-30,300,"sd","13:45:55",2211500
5750,-30,300,"sd","13:45:55",2211200
5750,-30,900,"sd","13:45:55",2210900
5760,-20,100,"bu","13:45:43",2210000
5750,-30,4000,"sd","13:45:35",2209900
5760,-20,300,"bu","13:45:01",2205900
5760,-20,100,"bu","13:44:50",2205600
5760,-20,6900,"bu","13:44:35",2205500
5760,-20,100,"bu","13:43:35",2198600
5750,-30,200,"bu","13:43:27",2198500
5750,-30,200,"bu","13:43:25",2198300
5750,-30,100,"sd","13:43:23",2198100
5750,-30,4900,"bu","13:43:11",2198000
5750,-30,100,"bu","13:42:57",2193100
5760,-20,800,"bu","13:41:55",2193000
5750,-30,200,"bu","13:41:55",2192200
5750,-30,2600,"sd","13:41:53",2192000
5750,-30,1000,"sd","13:41:53",2189400
5750,-30,5000,"sd","13:41:53",2188400
5750,-30,500,"sd","13:41:53",2183400
5750,-30,200,"sd","13:41:53",2182900
5750,-30,100,"sd","13:41:53",2182700
5750,-30,500,"sd","13:41:53",2182600
5750,-30,500,"sd","13:41:53",2182100
5750,-30,200,"sd","13:41:53",2181600
5750,-30,500,"sd","13:41:53",2181400
5750,-30,100,"sd","13:41:53",2180900
5750,-30,600,"sd","13:41:53",2180800
5760,-20,1000,"bu","13:40:53",2180200
5760,-20,1000,"bu","13:40:40",2179200
5760,-20,200,"bu","13:40:40",2178200
5760,-20,100,"bu","13:40:40",2178000
5760,-20,100,"bu","13:40:40",2177900
5760,-20,300,"unknown","13:40:40",2177800
5760,-20,2000,"sd","13:39:28",2177500
5770,-10,2000,"bu","13:39:21",2175500
5770,-10,300,"bu","13:38:52",2173500
5770,-10,100,"bu","13:38:50",2173200
5770,-10,100,"sd","13:38:15",2173100
5770,-10,1000,"sd","13:38:15",2173000
5770,-10,500,"sd","13:38:15",2172000
5770,-10,1000,"sd","13:38:15",2171500
5770,-10,500,"sd","13:38:04",2170500
5770,-10,1200,"sd","13:38:04",2170000
5770,-10,300,"sd","13:38:04",2168800
5780,0,100,"bu","13:36:40",2168500
5780,0,200,"bu","13:36:30",2168400
5780,0,800,"bu","13:36:30",2168200
5780,0,100,"bu","13:36:27",2167400
5780,0,100,"bu","13:35:49",2167300
5780,0,1000,"bu","13:35:20",2167200
5780,0,800,"bu","13:34:26",2166200
5780,0,8200,"bu","13:33:33",2165400
5780,0,1800,"bu","13:33:05",2157200
5780,0,2000,"bu","13:33:02",2155400
5780,0,1200,"sd","13:32:43",2153400
5780,0,3000,"sd","13:32:35",2152200
5780,0,500,"sd","13:32:25",2149200
5770,-10,600,"sd","13:32:05",2148700
5770,-10,4300,"sd","13:32:05",2148100
5780,0,1500,"sd","13:32:05",2143800
5780,0,3600,"sd","13:32:05",2142300
5780,0,4100,"bu","13:31:04",2138700
5780,0,200,"bu","13:31:04",2134600
5760,-20,200,"bu","13:30:00",2134400
5760,-20,200,"sd","13:29:56",2134200
5760,-20,500,"sd","13:29:56",2134000
5770,-10,100,"sd","13:29:56",2133500
5770,-10,32700,"bu","13:29:30",2133400
5760,-20,100,"sd","13:29:12",2100700
5770,-10,7300,"bu","13:29:00",2100600
5770,-10,10000,"bu","13:29:00",2093300
5760,-20,400,"bu","13:27:31",2083300
5760,-20,100,"bu","13:27:26",2082900
5750,-30,500,"sd","13:27:19",2082800
5770,-10,5000,"bu","13:27:07",2082300
5770,-10,300,"bu","13:27:07",2077300
5770,-10,4900,"bu","13:27:07",2077000
5760,-20,1300,"bu","13:26:57",2072100
5760,-20,100,"sd","13:26:14",2070800
5760,-20,600,"sd","13:26:14",2070700
5770,-10,2500,"bu","13:25:53",2070100
5770,-10,100,"bu","13:25:35",2067600
5770,-10,100,"bu","13:25:07",2067500
5770,-10,1000,"bu","13:24:34",2067400
5770,-10,200,"bu","13:24:27",2066400
5770,-10,400,"bu","13:23:45",2066200
5770,-10,200,"bu","13:23:26",2065800
5760,-20,10000,"sd","13:23:05",2065600
5770,-10,3000,"bu","13:22:42",2055600
5770,-10,500,"bu","13:22:41",2052600
5770,-10,12000,"bu","13:22:21",2052100
5770,-10,800,"bu","13:22:21",2040100
5780,0,1000,"bu","13:22:19",2039300
5780,0,9000,"bu","13:22:04",2038300
5770,-10,300,"sd","13:22:04",2029300
5770,-10,700,"sd","13:21:51",2029000
5770,-10,300,"sd","13:21:51",2028300
5770,-10,100,"sd","13:21:36",2028000
5780,0,700,"sd","13:21:03",2027900
5780,0,2000,"sd","13:21:03",2027200
5780,0,600,"sd","13:21:03",2025200
5780,0,400,"bu","13:20:34",2024600
5780,0,100,"bu","13:20:27",2024200
5780,0,700,"bu","13:20:23",2024100
5780,0,800,"bu","13:20:18",2023400
5790,10,200,"bu","13:20:05",2022600
5790,10,200,"bu","13:20:05",2022400
5790,10,100,"bu","13:20:05",2022200
5780,0,10000,"bu","13:19:41",2022100
5780,0,300,"bu","13:19:41",2012100
5780,0,10000,"bu","13:19:41",2011800
5780,0,2000,"bu","13:19:41",2001800
5780,0,1700,"bu","13:19:41",1999800
5780,0,1000,"bu","13:19:41",1998100
5770,-10,13000,"bu","13:19:26",1997100
5770,-10,100,"bu","13:19:01",1984100
5770,-10,100,"bu","13:17:27",1984000
5770,-10,1000,"bu","13:17:16",1983900
5770,-10,500,"bu","13:16:46",1982900
5770,-10,2900,"bu","13:16:28",1982400
5770,-10,1000,"bu","13:16:28",1979500
5770,-10,100,"bu","13:16:28",1978500
5760,-20,1000,"bu","13:16:24",1978400
5760,-20,400,"bu","13:16:19",1977400
5760,-20,1000,"bu","13:16:10",1977000
5760,-20,2000,"bu","13:15:50",1976000
5760,-20,3100,"bu","13:15:30",1974000
5760,-20,200,"bu","13:15:30",1970900
5760,-20,100,"bu","13:14:20",1970700
5760,-20,9900,"bu","13:14:20",1970600
5760,-20,100,"bu","13:14:02",1960700
5760,-20,200,"bu","13:13:19",1960600
5750,-30,2000,"bu","13:12:36",1960400
5700,-80,400,"sd","13:09:44",1958400
5700,-80,100,"sd","13:09:44",1958000
5700,-80,500,"sd","13:09:44",1957900
5700,-80,100,"sd","13:09:44",1957400
5700,-80,100,"sd","13:09:44",1956700
5700,-80,500,"sd","13:09:44",1957300
5700,-80,100,"sd","13:09:44",1956800
5710,-70,1000,"sd","13:09:44",1956600
5710,-70,1000,"sd","13:09:44",1955600
5710,-70,8000,"sd","13:09:44",1954600
5710,-70,100,"sd","13:09:44",1946600
5710,-70,100,"sd","13:09:44",1946500
5710,-70,200,"sd","13:09:44",1946400
5710,-70,1400,"sd","13:09:44",1946200
5710,-70,100,"sd","13:09:44",1944800
5710,-70,400,"sd","13:09:44",1944700
5710,-70,100,"sd","13:09:44",1944300
5710,-70,2500,"sd","13:09:44",1944200
5710,-70,1000,"sd","13:09:44",1941700
5710,-70,1000,"sd","13:09:44",1940700
5710,-70,56400,"sd","13:09:44",1939700
5710,-70,100,"sd","13:09:44",1883300
5710,-70,5000,"sd","13:09:44",1883200
5710,-70,3000,"sd","13:09:44",1878200
5710,-70,200,"sd","13:09:44",1875200
5710,-70,300,"sd","13:09:44",1875000
5710,-70,300,"sd","13:09:44",1874700
5710,-70,3000,"sd","13:09:44",1874400
5710,-70,500,"sd","13:09:44",1871400
5710,-70,900,"sd","13:09:44",1870900
5730,-50,2000,"sd","13:09:44",1870000
5710,-70,200,"sd","13:09:44",1868000
5730,-50,200,"sd","13:09:44",1867800
5710,-70,5300,"sd","13:09:44",1867600
5730,-50,20000,"sd","13:09:44",1862300
5720,-60,5000,"sd","13:09:44",1842300
5730,-50,1000,"sd","13:09:44",1837300
5720,-60,4000,"sd","13:09:44",1836300
5730,-50,5000,"sd","13:09:44",1832300
5720,-60,200,"sd","13:09:44",1827300
5730,-50,2600,"sd","13:09:44",1827100
5720,-60,500,"sd","13:09:44",1824500
5720,-60,100,"sd","13:09:44",1824000
5720,-60,2000,"sd","13:09:44",1823900
5720,-60,12000,"sd","13:09:44",1821900
5730,-50,1000,"sd","13:09:44",1809900
5730,-50,500,"sd","13:09:44",1808900
5730,-50,1700,"sd","13:09:00",1808400
5740,-40,2000,"sd","13:09:00",1806700
5740,-40,1000,"sd","13:09:00",1804700
5740,-40,1300,"sd","13:09:00",1803700
5730,-50,8700,"sd","13:06:11",1802400
5730,-50,500,"sd","13:06:11",1793700
5730,-50,200,"sd","13:06:11",1793200
5730,-50,500,"sd","13:06:11",1793000
5730,-50,100,"sd","13:06:11",1792500
5730,-50,100,"sd","13:06:11",1792400
5730,-50,900,"sd","13:06:11",1792300
5730,-50,1000,"sd","13:06:11",1791400
5730,-50,1000,"sd","13:06:11",1790400
5730,-50,1000,"sd","13:06:11",1789400
5730,-50,2000,"sd","13:06:11",1788400
5740,-40,100,"sd","13:06:11",1786400
5740,-40,300,"sd","13:06:11",1786300
5740,-40,100,"sd","13:06:11",1786000
5740,-40,500,"sd","13:06:11",1785900
5740,-40,500,"sd","13:06:11",1785400
5740,-40,100,"sd","13:06:11",1784900
5740,-40,1000,"sd","13:06:11",1784800
5750,-30,200,"sd","13:06:11",1783800
5750,-30,500,"sd","13:06:11",1783600
5750,-30,100,"sd","13:06:11",1783100
5760,-20,100,"sd","13:06:11",1783000
5760,-20,2500,"sd","13:06:11",1782900
5760,-20,5000,"sd","13:05:40",1780400
5770,-10,700,"sd","13:04:50",1775400
5770,-10,200,"sd","13:03:32",1774700
5770,-10,400,"sd","13:02:55",1774500
5770,-10,1200,"sd","13:02:27",1774100
5770,-10,1000,"sd","13:01:00",1772900
5760,-20,500,"sd","13:00:44",1771900
5770,-10,9000,"sd","13:00:44",1771400
5770,-10,600,"sd","13:00:39",1762400
5770,-10,100,"bu","13:00:27",1761800
5770,-10,300,"bu","13:00:27",1761700
5770,-10,200,"bu","13:00:25",1761400
5770,-10,100,"bu","13:00:24",1761200
5770,-10,200,"bu","13:00:17",1761100
5770,-10,500,"bu","13:00:14",1760900
5750,-30,600,"sd","13:00:05",1760400
5750,-30,500,"sd","13:00:05",1759800
5750,-30,1000,"sd","13:00:05",1759300
5750,-30,100,"sd","13:00:05",1758300
5750,-30,500,"sd","13:00:05",1758200
5750,-30,1600,"sd","13:00:05",1757700
5750,-30,4400,"sd","13:00:05",1756100
5750,-30,500,"sd","13:00:05",1751700
5750,-30,5000,"sd","13:00:05",1751200
5750,-30,5000,"sd","13:00:05",1746200
5750,-30,1000,"sd","13:00:05",1741200
5750,-30,10000,"sd","13:00:05",1740200
5750,-30,1000,"sd","13:00:05",1730200
5750,-30,10000,"sd","13:00:05",1729200
5750,-30,4800,"sd","13:00:05",1719200
5760,-20,4000,"sd","13:00:05",1714400
5770,-10,100,"bu","13:00:03",1710400
5770,-10,3100,"sd","11:29:52",1710300
5770,-10,900,"sd","11:29:26",1707200
5750,-30,600,"sd","11:28:58",1706300
5760,-20,4000,"sd","11:28:58",1705700
5750,-30,7900,"sd","11:25:49",1701700
5750,-30,200,"sd","11:25:49",1693800
5760,-20,100,"sd","11:25:49",1693600
5760,-20,1800,"sd","11:25:49",1693500
5760,-20,18200,"sd","11:25:16",1691700
5760,-20,200,"sd","11:25:16",1673500
5760,-20,500,"sd","11:25:16",1673300
5760,-20,2000,"sd","11:25:16",1672800
5760,-20,500,"sd","11:25:16",1670800
5760,-20,1500,"sd","11:25:16",1670300
5760,-20,6900,"sd","11:25:16",1668800
5760,-20,200,"sd","11:25:16",1661900
5770,-10,3500,"bu","11:24:28",1661700
5770,-10,100,"bu","11:24:19",1658200
5770,-10,3600,"bu","11:23:29",1658100
5770,-10,1000,"bu","11:22:46",1654500
5770,-10,100,"sd","11:22:15",1653500
5770,-10,100,"sd","11:22:15",1653400
5770,-10,1800,"sd","11:22:15",1653300
5770,-10,200,"sd","11:21:53",1651500
5770,-10,700,"sd","11:21:53",1651300
5780,0,400,"bu","11:21:31",1650600
5780,0,1000,"bu","11:19:17",1650200
5780,0,2800,"bu","11:19:17",1649200
5780,0,2200,"sd","11:17:59",1646400
5780,0,500,"sd","11:17:45",1644200
5790,10,200,"bu","11:14:35",1643700
5790,10,100,"sd","11:12:54",1643500
5790,10,200,"sd","11:12:54",1643400
5790,10,100,"sd","11:12:42",1643200
5790,10,200,"sd","11:12:40",1643100
5790,10,100,"sd","11:12:33",1642900
5790,10,200,"bu","11:12:32",1642800
5790,10,200,"bu","11:12:07",1642600
5770,-10,300,"bu","11:09:53",1642400
5770,-10,2300,"sd","11:09:35",1642100
5770,-10,4900,"sd","11:09:25",1639800
5770,-10,200,"sd","11:09:25",1634900
5770,-10,2500,"sd","11:09:25",1634700
5770,-10,500,"sd","11:07:52",1632200
5770,-10,1000,"sd","11:07:52",1631700
5770,-10,500,"sd","11:07:52",1630700
5770,-10,2000,"sd","11:07:52",1630200
5770,-10,4200,"sd","11:07:52",1628200
5780,0,1100,"sd","11:07:52",1624000
5780,0,100,"sd","11:07:52",1622900
5790,10,600,"sd","11:07:52",1622800
5790,10,1500,"sd","11:04:57",1622200
5790,10,1000,"sd","11:04:57",1620700
5790,10,5500,"sd","11:04:57",1619700
5800,20,100,"bu","11:04:44",1614200
5810,30,700,"bu","11:04:04",1614100
5810,30,500,"bu","11:04:04",1613400
5810,30,200,"bu","11:04:04",1612900
5800,20,100,"bu","11:04:04",1612700
5800,20,200,"bu","11:04:04",1612600
5790,10,500,"bu","11:03:39",1612400
5790,10,500,"bu","11:03:39",1611900
5790,10,1000,"sd","11:03:30",1611400
5790,10,10700,"sd","11:03:30",1610400
5790,10,300,"sd","11:03:30",1599700
5800,20,2000,"sd","11:03:30",1599400
5790,10,700,"sd","11:03:20",1597400
5790,10,8100,"sd","11:03:20",1596700
5800,20,300,"sd","11:03:20",1588600
5800,20,500,"sd","11:03:20",1588300
5800,20,5000,"sd","11:03:20",1587800
5800,20,5400,"sd","11:03:20",1582800
5800,20,100,"sd","11:03:14",1577400
5800,20,300,"sd","11:03:11",1577300
5800,20,14200,"sd","11:03:10",1577000
5800,20,200,"sd","11:03:10",1562800
5800,20,5600,"sd","11:03:10",1562600
5800,20,100,"sd","11:03:02",1557000
5800,20,8200,"sd","11:02:55",1556900
5810,30,1800,"sd","11:02:55",1548700
5810,30,100,"sd","11:02:46",1546900
5810,30,10000,"sd","11:02:43",1546800
5810,30,100,"sd","11:02:43",1536800
5800,20,100,"sd","11:02:38",1536700
5800,20,10000,"sd","11:02:35",1536600
5800,20,100,"sd","11:02:32",1526600
5800,20,3800,"sd","11:02:24",1526500
5800,20,15700,"sd","11:02:24",1522700
5810,30,500,"sd","11:02:24",1507000
5810,30,200,"bu","11:02:15",1506500
5810,30,400,"bu","11:02:15",1506300
5810,30,200,"bu","11:02:15",1505900
5810,30,100,"bu","11:02:15",1505700
5810,30,3400,"bu","11:02:15",1505600
5810,30,5000,"bu","11:01:56",1502200
5800,20,100,"sd","11:01:48",1497200
5810,30,200,"bu","11:01:46",1497100
5800,20,100,"sd","11:01:43",1496900
5810,30,1400,"bu","11:01:40",1496800
5810,30,100,"bu","11:01:40",1495400
5810,30,1000,"bu","11:01:40",1495300
5810,30,35300,"bu","11:01:40",1494300
5810,30,100,"bu","11:01:40",1459000
5810,30,200,"bu","11:01:40",1458900
5810,30,10000,"bu","11:01:40",1458700
5810,30,500,"bu","11:01:40",1448700
5810,30,100,"bu","11:01:40",1448200
5810,30,1300,"bu","11:01:40",1448100
5800,20,100,"sd","11:01:36",1446800
5810,30,100,"bu","11:01:33",1446700
5800,20,100,"sd","11:01:31",1446600
5810,30,200,"bu","11:01:25",1446500
5800,20,1000,"sd","11:01:17",1446300
5800,20,100,"sd","11:01:11",1445300
5800,20,1000,"sd","11:01:07",1445200
5800,20,100,"sd","11:01:06",1444200
5800,20,100,"sd","11:01:03",1444100
5800,20,400,"sd","11:00:49",1444000
5800,20,100,"sd","11:00:12",1443600
5800,20,100,"sd","11:00:01",1443500
5800,20,100,"sd","10:59:58",1443400
5800,20,100,"sd","10:59:56",1443300
5800,20,100,"sd","10:59:53",1443200
5800,20,100,"sd","10:59:50",1443100
5800,20,100,"sd","10:59:47",1443000
5800,20,100,"sd","10:59:45",1442900
5800,20,100,"bu","10:59:40",1442800
5800,20,100,"bu","10:59:40",1442700
5800,20,7400,"bu","10:59:40",1442600
5800,20,1000,"bu","10:59:40",1435200
5800,20,20000,"bu","10:59:40",1434200
5800,20,100,"bu","10:59:40",1414200
5800,20,200,"bu","10:59:40",1414100
5800,20,100,"bu","10:59:40",1413900
5800,20,3000,"bu","10:59:40",1413800
5800,20,1000,"bu","10:59:40",1410800
5800,20,20000,"bu","10:59:40",1409800
5800,20,10000,"bu","10:59:40",1389800
5800,20,17400,"bu","10:59:40",1379800
5790,10,100,"sd","10:59:35",1362400
5790,10,300,"sd","10:59:33",1362300
5790,10,5000,"sd","10:59:26",1362000
5790,10,5000,"sd","10:59:24",1357000
5790,10,1500,"bu","10:59:09",1352000
5800,20,2600,"bu","10:58:41",1350500
5800,20,200,"bu","10:58:41",1347900
5790,10,500,"bu","10:58:41",1347700
5790,10,5000,"bu","10:58:41",1347200
5790,10,1000,"bu","10:58:41",1342200
5790,10,600,"bu","10:58:41",1341200
5790,10,100,"bu","10:58:40",1340600
5790,10,100,"sd","10:58:19",1340500
5790,10,200,"sd","10:58:19",1340400
5790,10,100,"sd","10:58:18",1340200
5790,10,100,"sd","10:58:15",1340100
5790,10,100,"sd","10:58:13",1340000
5790,10,100,"sd","10:58:10",1339900
5790,10,100,"sd","10:58:10",1339800
5790,10,7000,"sd","10:58:04",1339700
5790,10,2500,"bu","10:57:44",1332700
5790,10,300,"bu","10:57:44",1330200
5790,10,100,"bu","10:57:44",1329900
5790,10,4100,"bu","10:57:44",1329800
5790,10,300,"bu","10:57:44",1325700
5790,10,900,"bu","10:57:44",1325400
5780,0,4000,"sd","10:57:08",1324500
5790,10,5000,"bu","10:57:04",1320500
5780,0,10000,"bu","10:56:17",1315500
5780,0,2000,"bu","10:56:17",1305500
5780,0,200,"bu","10:56:17",1303500
5780,0,1000,"bu","10:56:17",1303300
5780,0,5000,"bu","10:56:17",1302300
5770,-10,23500,"bu","10:56:17",1297300
5770,-10,6400,"bu","10:56:17",1273800
5760,-20,3800,"bu","10:53:57",1267400
5760,-20,200,"sd","10:53:31",1263600
5760,-20,500,"sd","10:53:19",1263400
5760,-20,1000,"sd","10:53:19",1262900
5760,-20,300,"sd","10:53:19",1261900
5760,-20,100,"sd","10:52:24",1261600
5760,-20,600,"sd","10:52:23",1261500
5770,-10,3600,"bu","10:50:17",1260900
5770,-10,1400,"bu","10:50:17",1257300
5770,-10,100,"bu","10:49:45",1255900
5770,-10,300,"bu","10:48:30",1255800
5770,-10,1000,"bu","10:48:30",1255500
5770,-10,500,"bu","10:48:30",1254500
5770,-10,200,"bu","10:48:30",1254000
5770,-10,3000,"bu","10:48:30",1253800
5770,-10,100,"bu","10:46:57",1250800
5770,-10,100,"bu","10:46:55",1250700
5750,-30,200,"sd","10:46:49",1250600
5750,-30,1400,"sd","10:44:38",1250400
5750,-30,8200,"sd","10:44:07",1249000
5750,-30,600,"sd","10:44:07",1240800
5750,-30,1200,"sd","10:44:07",1240200
5750,-30,100,"sd","10:43:12",1239000
5750,-30,900,"sd","10:42:18",1238900
5750,-30,2800,"bu","10:41:52",1238000
5750,-30,800,"sd","10:41:48",1235200
5750,-30,200,"sd","10:41:48",1234400
5750,-30,1000,"sd","10:41:48",1234200
5750,-30,100,"sd","10:41:48",1233200
5750,-30,100,"sd","10:41:48",1233100
5750,-30,700,"sd","10:40:58",1233000
5750,-30,500,"sd","10:40:58",1232300
5750,-30,500,"sd","10:40:58",1231800
5750,-30,5000,"sd","10:40:58",1231300
5750,-30,1000,"sd","10:40:58",1226300
5750,-30,100,"sd","10:40:58",1225300
5750,-30,100,"sd","10:40:58",1225200
5750,-30,300,"sd","10:40:58",1225100
5750,-30,100,"sd","10:40:58",1224800
5750,-30,1000,"sd","10:40:58",1224700
5750,-30,5000,"sd","10:40:58",1223700
5750,-30,2000,"sd","10:40:58",1218700
5750,-30,100,"sd","10:40:58",1216700
5750,-30,2000,"sd","10:40:58",1216600
5750,-30,5000,"sd","10:40:58",1214600
5750,-30,500,"sd","10:40:58",1209600
5750,-30,2000,"sd","10:40:58",1209100
5750,-30,500,"sd","10:40:58",1207100
5750,-30,10000,"sd","10:40:58",1206600
5750,-30,100,"sd","10:40:58",1196600
5750,-30,100,"sd","10:40:58",1196500
5760,-20,1000,"sd","10:40:58",1196400
5760,-20,1000,"sd","10:40:58",1195400
5760,-20,100,"sd","10:40:58",1194400
5760,-20,1000,"sd","10:40:58",1194300
5760,-20,1000,"sd","10:40:58",1193300
5760,-20,20000,"sd","10:40:58",1192300
5760,-20,1000,"sd","10:40:58",1172300
5760,-20,500,"sd","10:40:58",1171300
5760,-20,1000,"sd","10:40:58",1170800
5760,-20,200,"sd","10:40:58",1169800
5760,-20,500,"sd","10:40:58",1169600
5760,-20,6100,"sd","10:40:58",1169100
5770,-10,100,"bu","10:40:54",1163000
5760,-20,300,"sd","10:40:47",1162900
5770,-10,100,"bu","10:39:21",1162600
5770,-10,1600,"bu","10:39:15",1162500
5770,-10,200,"bu","10:39:15",1160900
5770,-10,1200,"bu","10:39:15",1160700
5760,-20,200,"sd","10:38:47",1159500
5770,-10,300,"bu","10:37:34",1159300
5770,-10,500,"sd","10:35:47",1159000
5770,-10,1000,"sd","10:35:47",1158500
5770,-10,1200,"sd","10:35:47",1157500
5770,-10,2000,"sd","10:35:45",1156300
5770,-10,300,"sd","10:35:43",1154300
5780,0,200,"bu","10:34:15",1154000
5780,0,100,"bu","10:33:35",1153800
5770,-10,1000,"sd","10:32:51",1153700
5770,-10,500,"sd","10:32:29",1152700
5770,-10,100,"sd","10:32:09",1152200
5770,-10,100,"sd","10:32:09",1152100
5770,-10,200,"sd","10:32:09",1152000
5770,-10,800,"sd","10:31:59",1151800
5770,-10,100,"sd","10:31:59",1151000
5770,-10,400,"sd","10:31:59",1150900
5770,-10,900,"sd","10:31:59",1150500
5770,-10,100,"sd","10:31:20",1149600
5770,-10,1800,"bu","10:28:58",1149500
5770,-10,3200,"bu","10:28:39",1147700
5770,-10,300,"sd","10:28:32",1144500
5770,-10,700,"sd","10:28:32",1144200
5770,-10,200,"sd","10:28:32",1143500
5770,-10,1800,"sd","10:28:32",1143300
5780,0,8800,"bu","10:28:16",1141500
5780,0,100,"bu","10:28:16",1132700
5780,0,1900,"bu","10:28:16",1132600
5770,-10,5000,"sd","10:27:40",1130700
5770,-10,200,"sd","10:27:34",1125700
5770,-10,1400,"sd","10:27:27",1125500
5780,0,100,"bu","10:27:18",1124100
5770,-10,200,"sd","10:27:07",1124000
5770,-10,200,"sd","10:27:01",1123800
5770,-10,200,"sd","10:26:50",1123600
5770,-10,5000,"sd","10:26:49",1123400
5770,-10,1000,"sd","10:26:20",1118400
5770,-10,600,"bu","10:25:04",1117400
5770,-10,100,"bu","10:24:40",1116800
5770,-10,100,"bu","10:24:34",1116700
5770,-10,100,"bu","10:24:30",1116600
5770,-10,900,"bu","10:24:18",1116500
5770,-10,100,"bu","10:24:18",1115600
5770,-10,1000,"bu","10:23:58",1115500
5770,-10,100,"bu","10:23:26",1114500
5770,-10,400,"bu","10:23:26",1114400
5770,-10,2900,"bu","10:23:26",1114000
5770,-10,1000,"bu","10:23:08",1111100
5760,-20,200,"sd","10:23:05",1110100
5770,-10,1000,"bu","10:23:00",1109900
5770,-10,100,"bu","10:22:56",1108900
5760,-20,100,"sd","10:21:39",1108800
5770,-10,100,"bu","10:18:53",1108700
5770,-10,200,"bu","10:18:36",1108600
5770,-10,800,"bu","10:18:36",1108400
5770,-10,500,"bu","10:18:28",1107600
5770,-10,200,"bu","10:18:26",1107100
5770,-10,1900,"bu","10:17:58",1106900
5770,-10,3400,"bu","10:16:27",1105000
5770,-10,900,"bu","10:15:58",1101600
5760,-20,2100,"bu","10:15:58",1100700
5760,-20,1200,"sd","10:15:58",1098600
5760,-20,1200,"sd","10:15:58",1097400
5760,-20,2000,"sd","10:15:58",1096200
5760,-20,100,"sd","10:15:57",1094200
5760,-20,2000,"sd","10:15:57",1094100
5760,-20,2000,"sd","10:15:57",1092100
5760,-20,1000,"sd","10:15:57",1090100
5760,-20,20000,"sd","10:15:57",1089100
5760,-20,18400,"sd","10:15:57",1069100
5770,-10,100,"bu","10:15:43",1050700
5770,-10,500,"bu","10:15:04",1050600
5770,-10,7000,"sd","10:14:46",1050100
5770,-10,2000,"sd","10:14:46",1043100
5770,-10,100,"sd","10:14:46",1041100
5770,-10,4400,"sd","10:14:46",1041000
5770,-10,100,"sd","10:14:46",1036600
5770,-10,1000,"sd","10:14:46",1036500
5770,-10,200,"sd","10:14:46",1035500
5770,-10,300,"sd","10:14:46",1035300
5780,0,1000,"sd","10:13:49",1035000
5780,0,100,"sd","10:13:37",1034000
5780,0,500,"sd","10:13:13",1033900
5780,0,100,"sd","10:13:03",1033400
5780,0,14000,"bu","10:13:02",1033300
5780,0,4300,"bu","10:13:02",1019300
5780,0,1400,"bu","10:12:37",1015000
5780,0,200,"bu","10:12:20",1013600
5780,0,3000,"bu","10:12:15",1013400
5780,0,1100,"bu","10:11:56",1010400
5780,0,100,"bu","10:11:56",1009300
5780,0,3800,"bu","10:11:56",1009200
5780,0,1000,"bu","10:10:48",1005400
5780,0,100,"sd","10:09:57",1004400
5780,0,100,"sd","10:09:57",1004300
5780,0,200,"bu","10:09:02",1004200
5780,0,100,"bu","10:08:12",1004000
5770,-10,200,"sd","10:07:15",1003900
5770,-10,600,"sd","10:07:15",1003700
5780,0,100,"bu","10:07:06",1003100
5770,-10,1400,"bu","10:06:24",1003000
5770,-10,10000,"bu","10:05:51",1001600
5770,-10,200,"bu","10:05:38",991600
5760,-20,1600,"sd","10:05:28",991400
5760,-20,300,"sd","10:05:28",989800
5760,-20,100,"sd","10:05:28",989500
5770,-10,100,"sd","10:05:09",989400
5770,-10,100,"sd","10:05:09",989300
5770,-10,500,"sd","10:05:09",989200
5770,-10,200,"sd","10:05:09",988700
5770,-10,2500,"sd","10:05:09",988500
5770,-10,17500,"sd","10:05:00",986000
5780,0,300,"sd","10:05:00",968500
5780,0,200,"sd","10:05:00",968200
5780,0,100,"sd","10:04:37",968000
5780,0,1700,"sd","10:04:30",967900
5780,0,3300,"sd","10:04:30",966200
5780,0,700,"sd","10:04:06",962900
5780,0,400,"sd","10:04:06",962200
5780,0,200,"sd","10:04:06",961800
5780,0,1200,"sd","10:03:28",961600
5790,10,100,"bu","10:03:26",960400
5780,0,100,"sd","10:03:12",960300
5780,0,6400,"sd","10:03:02",960200
5780,0,2000,"sd","10:02:46",953800
5780,0,200,"sd","10:02:46",951800
5780,0,500,"sd","10:02:46",951600
5780,0,300,"sd","10:02:46",951100
5780,0,500,"sd","10:02:46",950800
5780,0,900,"sd","10:02:46",950300
5780,0,200,"sd","10:01:53",949400
5780,0,100,"sd","10:01:24",949200
5790,10,3000,"bu","10:01:04",949100
5780,0,3800,"sd","10:00:20",946100
5780,0,100,"sd","10:00:20",942300
5780,0,100,"sd","09:59:09",942200
5780,0,1800,"sd","09:59:00",942100
5780,0,3000,"bu","09:58:46",940300
5780,0,2000,"sd","09:58:41",937300
5780,0,1000,"sd","09:58:41",935300
5780,0,200,"sd","09:58:19",934300
5780,0,200,"sd","09:58:19",934100
5780,0,500,"sd","09:58:19",933900
5780,0,5000,"sd","09:58:19",933400
5780,0,46100,"sd","09:58:19",928400
5780,0,3000,"sd","09:58:02",882300
5780,0,900,"sd","09:57:55",879300
5780,0,1300,"sd","09:57:55",878400
5790,10,100,"bu","09:57:05",877100
5790,10,500,"sd","09:56:53",877000
5790,10,100,"sd","09:56:53",876500
5790,10,200,"sd","09:56:53",876400
5790,10,10100,"sd","09:56:53",876200
5800,20,100,"bu","09:56:45",866100
5790,10,100,"sd","09:56:34",866000
5800,20,100,"sd","09:56:28",865900
5800,20,2700,"bu","09:56:26",865800
5800,20,1000,"bu","09:56:26",863100
5800,20,10000,"bu","09:56:26",862100
5800,20,300,"bu","09:56:26",852100
5800,20,3000,"bu","09:56:26",851800
5800,20,100,"bu","09:56:26",848800
5800,20,300,"bu","09:56:26",848700
5790,10,100,"sd","09:56:24",848400
5800,20,700,"bu","09:55:08",848300
5800,20,20000,"bu","09:55:08",847600
5800,20,500,"bu","09:55:08",827600
5800,20,10000,"bu","09:55:08",827100
5800,20,1000,"bu","09:55:08",817100
5800,20,2000,"bu","09:55:08",816100
5800,20,2800,"bu","09:55:08",814100
5790,10,1200,"sd","09:55:08",811300
5790,10,8800,"sd","09:55:08",810100
5790,10,100,"sd","09:54:47",801300
5800,20,100,"bu","09:54:47",801200
5800,20,500,"bu","09:54:42",801100
5790,10,100,"sd","09:54:40",800600
5800,20,100,"bu","09:54:00",800500
5800,20,300,"bu","09:52:47",800400
5800,20,3000,"bu","09:52:40",800100
5800,20,400,"bu","09:52:19",797100
5800,20,200,"bu","09:52:12",796700
5800,20,1000,"bu","09:52:07",796500
5800,20,1600,"sd","09:51:50",795500
5800,20,100,"bu","09:51:42",793900
5800,20,3300,"bu","09:51:42",793800
5800,20,200,"bu","09:51:31",790500
5800,20,500,"sd","09:51:31",790300
5800,20,100,"sd","09:51:21",789800
5800,20,8400,"bu","09:51:00",789700
5800,20,1000,"bu","09:50:59",781300
5800,20,100,"bu","09:50:59",780300
5800,20,300,"bu","09:50:59",780200
5800,20,100,"bu","09:50:59",779900
5800,20,100,"bu","09:50:59",779800
5800,20,100,"sd","09:50:57",779700
5800,20,1000,"sd","09:50:18",779600
5800,20,100,"sd","09:49:58",778600
5800,20,200,"sd","09:49:50",778500
5800,20,1000,"sd","09:49:24",778300
5800,20,500,"sd","09:49:01",777300
5800,20,200,"sd","09:48:55",776800
5800,20,1600,"sd","09:48:26",776600
5800,20,1000,"bu","09:48:24",775000
5800,20,3300,"bu","09:48:24",774000
5800,20,100,"bu","09:48:19",770700
5800,20,600,"bu","09:48:15",770600
5800,20,500,"bu","09:47:47",770000
5800,20,100,"bu","09:47:43",769500
5800,20,1000,"bu","09:46:27",769400
5800,20,4400,"bu","09:46:19",768400
5800,20,100,"bu","09:46:19",764000
5800,20,500,"bu","09:46:19",763900
5800,20,500,"unknown","09:45:13",763400
5800,20,1000,"bu","09:44:45",762900
5800,20,1000,"bu","09:44:45",761900
5790,10,100,"bu","09:44:45",760900
5780,0,200,"sd","09:44:33",760800
5780,0,300,"bu","09:44:08",760600
5780,0,200,"bu","09:43:32",760300
5780,0,200,"bu","09:43:32",760100
5780,0,100,"bu","09:43:24",759900
5780,0,200,"bu","09:42:45",759800
5780,0,400,"bu","09:42:32",759600
5780,0,1000,"bu","09:42:29",759200
5770,-10,1000,"sd","09:41:27",758200
5770,-10,200,"sd","09:41:27",757200
5770,-10,700,"sd","09:41:27",757000
5770,-10,100,"sd","09:41:27",756300
5780,0,100,"bu","09:41:23",756200
5780,0,1200,"bu","09:41:20",756100
5780,0,5000,"bu","09:40:40",754900
5780,0,20000,"bu","09:39:53",749900
5780,0,1100,"bu","09:39:33",729900
5780,0,2000,"sd","09:38:42",728800
5780,0,2000,"sd","09:38:42",726800
5780,0,100,"sd","09:38:42",724800
5780,0,5200,"sd","09:38:42",724700
5790,10,11400,"sd","09:38:42",719500
5790,10,80000,"sd","09:38:34",708100
5790,10,600,"sd","09:38:29",628100
5790,10,43900,"sd","09:38:29",627500
5800,20,2000,"sd","09:38:29",583600
5800,20,6600,"sd","09:38:29",581600
5800,20,6900,"sd","09:38:29",575000
5800,20,10000,"sd","09:38:29",568100
5810,30,100,"bu","09:38:26",558100
5800,20,5600,"sd","09:38:15",558000
5800,20,4400,"bu","09:38:01",552400
5800,20,100,"sd","09:38:00",548000
5810,30,200,"bu","09:37:50",547900
5800,20,1800,"bu","09:37:38",547700
5810,30,800,"bu","09:37:37",545900
5800,20,1600,"bu","09:37:37",545100
5800,20,200,"sd","09:37:31",543500
5800,20,200,"sd","09:37:31",543300
5800,20,700,"sd","09:37:24",543100
5800,20,3900,"bu","09:37:21",542400
5800,20,200,"bu","09:37:21",538500
5800,20,100,"sd","09:36:31",538300
5800,20,5000,"sd","09:36:31",538200
5800,20,1000,"sd","09:36:31",533200
5810,30,100,"bu","09:35:45",532200
5810,30,7200,"sd","09:35:43",532100
5810,30,5000,"bu","09:35:36",524900
5800,20,17800,"bu","09:35:36",519900
5790,10,16100,"sd","09:35:33",502100
5790,10,300,"sd","09:35:33",486000
5790,10,600,"sd","09:35:33",485700
5790,10,3000,"sd","09:35:33",485100
5800,20,2000,"bu","09:35:23",482100
5800,20,200,"sd","09:35:22",480100
5800,20,1800,"sd","09:35:19",479900
5800,20,5600,"sd","09:35:19",478100
5800,20,100,"sd","09:35:19",472500
5800,20,2500,"sd","09:35:19",472400
5800,20,100,"sd","09:35:09",469900
5800,20,100,"sd","09:35:09",469800
5810,30,8000,"bu","09:35:06",469700
5810,30,1000,"bu","09:35:00",461700
5810,30,6000,"bu","09:34:54",460700
5810,30,100,"bu","09:34:54",454700
5810,30,200,"bu","09:34:54",454600
5810,30,100,"bu","09:34:54",454400
5810,30,3600,"bu","09:34:54",454300
5810,30,1000,"bu","09:34:33",450700
5800,20,100,"sd","09:34:26",449700
5810,30,1400,"bu","09:34:15",449600
5810,30,100,"bu","09:34:15",448200
5800,20,100,"sd","09:34:02",448100
5800,20,100,"sd","09:33:50",448000
5800,20,100,"sd","09:33:49",447900
5800,20,200,"bu","09:33:23",447800
5800,20,300,"bu","09:33:23",447600
5800,20,4800,"bu","09:33:20",447300
5800,20,400,"bu","09:33:20",442500
5800,20,2000,"bu","09:33:19",442100
5800,20,29300,"bu","09:33:15",440100
5800,20,100,"bu","09:33:15",410800
5800,20,200,"bu","09:33:15",410700
5800,20,5000,"bu","09:33:15",410500
5800,20,5400,"bu","09:33:15",405500
5800,20,14600,"bu","09:33:03",400100
5800,20,500,"bu","09:33:03",385500
5800,20,200,"bu","09:33:03",385000
5800,20,100,"bu","09:33:03",384800
5800,20,500,"bu","09:33:03",384700
5800,20,400,"bu","09:33:03",384200
5800,20,1000,"bu","09:33:03",383800
5800,20,1000,"bu","09:33:03",382800
5800,20,1400,"bu","09:33:03",381800
5800,20,5400,"bu","09:33:01",380400
5800,20,100,"bu","09:33:01",375000
5800,20,14400,"bu","09:33:01",374900
5800,20,500,"bu","09:33:00",360500
5800,20,5000,"bu","09:32:53",360000
5800,20,100,"bu","09:32:37",355000
5790,10,100,"bu","09:32:04",354900
5790,10,200,"bu","09:31:58",354800
5790,10,19800,"bu","09:31:52",354600
5790,10,200,"bu","09:31:52",334800
5780,0,200,"bu","09:31:21",334600
5780,0,100,"bu","09:31:21",334400
5780,0,200,"bu","09:31:21",334300
5780,0,500,"bu","09:31:21",334100
5780,0,3800,"bu","09:31:21",333600
5780,0,14900,"bu","09:31:13",329800
5770,-10,5100,"bu","09:31:13",314900
5770,-10,700,"sd","09:31:07",309800
5770,-10,100,"bu","09:30:51",309100
5770,-10,100,"bu","09:30:51",309000
5770,-10,500,"bu","09:30:51",308900
5770,-10,1600,"bu","09:30:51",308400
5770,-10,100,"bu","09:30:50",306800
5750,-30,300,"bu","09:29:43",306700
5750,-30,1000,"bu","09:29:20",306400
5720,-60,400,"sd","09:28:59",305400
5730,-50,100,"sd","09:28:59",305000
5710,-70,4700,"sd","09:28:27",304900
5710,-70,5000,"bu","09:28:22",300200
5710,-70,7100,"bu","09:28:22",295200
5710,-70,200,"bu","09:28:14",288100
5710,-70,600,"sd","09:28:08",287900
5710,-70,300,"sd","09:28:08",287300
5710,-70,100,"sd","09:28:08",287000
5720,-60,2000,"sd","09:28:08",286900
5710,-70,13400,"sd","09:27:58",284900
5710,-70,1000,"sd","09:27:58",271500
5710,-70,200,"sd","09:27:58",270500
5710,-70,100,"sd","09:27:58",270300
5710,-70,100,"sd","09:27:58",270200
5710,-70,200,"sd","09:27:58",270100
5770,-10,100,"bu","09:27:57",269900
5710,-70,800,"sd","09:27:51",269800
5710,-70,9200,"sd","09:27:51",269000
5710,-70,800,"sd","09:27:45",259800
5710,-70,500,"sd","09:27:45",259000
5710,-70,2000,"sd","09:27:45",258500
5710,-70,6700,"sd","09:27:45",256500
5710,-70,300,"sd","09:27:39",249800
5710,-70,1000,"sd","09:27:39",249500
5710,-70,3400,"sd","09:27:39",248500
5720,-60,2000,"sd","09:27:39",245100
5720,-60,200,"sd","09:27:39",243100
5720,-60,1100,"sd","09:27:39",242900
5720,-60,100,"sd","09:27:39",241800
5730,-50,600,"sd","09:27:39",241700
5730,-50,3000,"sd","09:27:39",241100
5730,-50,8000,"sd","09:27:39",238100
5730,-50,100,"sd","09:27:39",230100
5740,-40,200,"sd","09:27:39",230000
5730,-50,9900,"sd","09:27:32",229800
5730,-50,600,"sd","09:27:32",219900
5730,-50,1000,"sd","09:27:32",219300
5730,-50,3000,"sd","09:27:32",218300
5730,-50,5500,"sd","09:27:32",215300
5730,-50,4500,"sd","09:27:09",209800
5730,-50,100,"sd","09:27:09",205300
5730,-50,400,"sd","09:27:09",205200
5730,-50,100,"sd","09:26:34",204800
5760,-20,200,"unknown","09:26:25",204700
5730,-50,500,"sd","09:25:49",204500
5710,-70,200,"sd","09:24:21",204000
5710,-70,1400,"bu","09:24:05",203800
5710,-70,700,"bu","09:23:59",202400
5710,-70,200,"bu","09:23:58",201700
5710,-70,1000,"bu","09:23:51",201500
5710,-70,2500,"bu","09:23:47",200500
5710,-70,500,"bu","09:23:45",198000
5710,-70,100,"sd","09:23:30",197500
5710,-70,1100,"sd","09:23:30",197400
5710,-70,12000,"sd","09:23:30",196300
5710,-70,500,"sd","09:23:30",184300
5730,-50,1300,"sd","09:23:20",183800
5730,-50,7000,"sd","09:23:20",182500
5740,-40,100,"sd","09:23:20",175500
5740,-40,1000,"sd","09:23:20",175400
5750,-30,100,"sd","09:23:20",174400
5750,-30,10500,"sd","09:23:20",174300
5750,-30,9500,"sd","09:23:12",163800
5750,-30,500,"sd","09:23:12",154300
5760,-20,100,"sd","09:22:55",153800
5760,-20,500,"sd","09:22:55",153700
5760,-20,500,"sd","09:22:37",153200
5770,-10,1000,"sd","09:21:56",152700
5770,-10,200,"sd","09:21:56",151700
5770,-10,100,"sd","09:21:31",151500
5770,-10,1700,"sd","09:21:29",151400
5770,-10,100,"sd","09:21:29",149700
5770,-10,100,"sd","09:21:29",149600
5770,-10,100,"sd","09:21:29",149500
5770,-10,100,"sd","09:21:07",149400
5780,0,500,"bu","09:20:47",149300
5780,0,200,"sd","09:20:18",148800
5780,0,600,"sd","09:20:18",148600
5780,0,35000,"sd","09:20:15",148000
5780,0,300,"sd","09:19:43",113000
5780,0,3000,"bu","09:19:43",112700
5780,0,11100,"bu","09:19:43",109700
5780,0,100,"bu","09:19:25",98600
5780,0,14000,"bu","09:19:09",98500
5780,0,2600,"bu","09:18:38",84500
5780,0,2200,"bu","09:17:32",81900
5780,0,900,"bu","09:17:32",79700
5780,0,6900,"bu","09:17:32",78800
5780,0,200,"bu","09:16:39",71900
5780,0,12900,"sd","09:16:10",71700
5780,0,10000,"sd","09:16:10",58800
5780,0,1100,"sd","09:16:01",48800
5780,0,1300,"sd","09:15:56",47700
5780,0,300,"sd","09:15:56",46400
5780,0,1500,"sd","09:15:22",46100
5780,0,200,"sd","09:15:22",44600
5780,0,200,"sd","09:15:22",44400
5780,0,1000,"sd","09:15:22",44200
5780,0,200,"sd","09:15:22",43200
5780,0,100,"sd","09:15:22",43000
5780,0,4500,"sd","09:15:22",42900
5780,0,2000,"sd","09:15:22",38400
5780,0,10000,"sd","09:15:22",36400
5780,0,300,"sd","09:15:22",26400
5780,0,26100,"unknown","09:15:00",26100
