"price","change","match_qtty","side","time","total_vol"
10300,100,1000,"bu","14:59:45",491000
10300,100,13000,"bu","14:59:33",490000
10300,100,200,"bu","14:59:12",477000
10300,100,1000,"bu","14:58:31",476800
10200,0,200,"sd","14:58:20",475800
10300,100,500,"bu","14:53:54",475600
10200,0,1000,"sd","14:53:20",475100
10200,0,1000,"sd","14:52:40",474100
10200,0,900,"sd","14:52:27",473100
10200,0,1000,"sd","14:51:47",472200
10200,0,300,"sd","14:49:51",471200
10200,0,3000,"sd","14:48:20",470900
10200,0,400,"sd","14:46:37",467900
10300,100,300,"bu","14:44:54",467500
10300,100,2000,"bu","14:37:09",467200
10200,0,5000,"sd","14:37:01",465200
10200,0,100,"sd","14:36:17",460200
10300,100,1000,"bu","14:33:41",460100
10300,100,2000,"bu","14:29:52",459100
10200,0,1000,"sd","14:29:45",457100
10200,0,100,"sd","14:29:35",456100
10200,0,5000,"sd","14:28:50",456000
10200,0,1000,"sd","14:28:49",451000
10200,0,100,"sd","14:28:46",450000
10200,0,4000,"sd","14:28:22",449900
10200,0,7000,"sd","14:28:07",445900
10200,0,400,"sd","14:27:22",438900
10200,0,5000,"sd","14:26:28",438500
10200,0,10000,"sd","14:26:22",433500
10200,0,1000,"sd","14:24:46",423500
10200,0,7000,"sd","14:24:14",422500
10200,0,1000,"sd","14:23:10",415500
10200,0,200,"sd","14:22:31",414500
10200,0,10000,"sd","14:21:34",414300
10200,0,300,"sd","14:20:11",404300
10200,0,100,"sd","14:19:58",404000
10300,100,3000,"bu","14:19:47",403900
10200,0,500,"sd","14:19:03",400900
10200,0,500,"sd","14:18:08",400400
10200,0,5000,"sd","14:16:52",399900
10200,0,1000,"sd","14:16:43",394900
10200,0,5000,"sd","14:16:39",393900
10200,0,200,"sd","14:16:13",388900
10300,100,200,"bu","14:14:24",388700
10300,100,100,"bu","14:14:12",388500
10300,100,100,"bu","14:13:30",388400
10300,100,1000,"bu","14:13:26",388300
10300,100,100,"bu","14:13:21",387300
10300,100,1000,"bu","14:13:10",387200
10300,100,100,"bu","14:12:16",386200
10300,100,100,"bu","14:05:38",386100
10200,0,18600,"sd","14:04:11",386000
10200,0,100,"sd","14:03:36",367400
10200,0,300,"sd","14:03:27",367300
10300,100,500,"bu","14:03:00",367000
10200,0,1500,"sd","14:01:24",366500
10300,100,2000,"bu","13:57:59",365000
10300,100,100,"bu","13:57:16",363000
10300,100,100,"bu","13:56:36",362900
10200,0,500,"sd","13:55:17",362800
10200,0,6900,"sd","13:54:16",362300
10200,0,2000,"sd","13:53:17",355400
10200,0,5000,"sd","13:52:32",353400
10200,0,2000,"sd","13:50:32",348400
10200,0,1000,"sd","13:49:46",346400
10200,0,500,"sd","13:43:38",345400
10300,100,500,"bu","13:43:33",344900
10300,100,1000,"bu","13:41:20",344400
10300,100,1200,"bu","13:38:07",343400
10200,0,400,"sd","13:37:47",342200
10300,100,200,"bu","13:37:06",341800
10300,100,100,"bu","13:36:24",341600
10300,100,1000,"bu","13:35:54",341500
10300,100,6000,"bu","13:35:35",340500
10300,100,500,"bu","13:35:15",334500
10200,0,1000,"sd","13:35:12",334000
10300,100,500,"bu","13:35:01",333000
10200,0,100,"sd","13:33:50",332500
10200,0,4800,"sd","13:30:30",332400
10200,0,2000,"sd","13:28:20",327600
10200,0,2000,"sd","13:23:22",325600
10300,100,2000,"bu","13:22:59",323600
10300,100,6000,"bu","13:22:47",321600
10300,100,100,"bu","13:22:04",315600
10300,100,100,"bu","13:20:17",315500
10300,100,500,"bu","13:20:06",315400
10300,100,100,"bu","13:19:34",314900
10300,100,3000,"bu","13:17:59",314800
10300,100,500,"bu","13:14:41",311800
10300,100,200,"bu","13:13:17",311300
10300,100,500,"bu","13:09:12",311100
10300,100,500,"bu","13:05:33",310600
10200,0,300,"sd","13:05:27",310100
10300,100,100,"bu","13:04:34",309800
10300,100,800,"bu","13:04:13",309700
10300,100,200,"bu","13:02:49",308900
10300,100,1000,"bu","13:00:04",308700
10200,0,900,"sd","13:00:03",307700
10300,100,200,"bu","11:15:50",306800
10300,100,1000,"bu","11:14:49",306600
10300,100,2000,"bu","11:14:27",305600
10300,100,200,"bu","11:13:59",303600
10300,100,1000,"bu","11:07:20",303400
10300,100,100,"bu","11:03:29",302400
10300,100,2000,"bu","11:00:04",302300
10300,100,1000,"bu","10:58:53",300300
10300,100,1000,"bu","10:58:11",299300
10300,100,3500,"sd","10:47:26",298300
10300,100,1500,"bu","10:46:16",294800
10300,100,2700,"bu","10:45:17",293300
10300,100,1200,"sd","10:45:10",290600
10300,100,100,"bu","10:44:51",289400
10300,100,200,"bu","10:44:11",289300
10300,100,1800,"bu","10:43:18",289100
10300,100,700,"bu","10:42:59",287300
10300,100,5000,"sd","10:42:36",286600
10300,100,40000,"sd","10:42:24",281600
10300,100,1000,"sd","10:42:00",241600
10300,100,2000,"sd","10:41:46",240600
10300,100,5000,"sd","10:40:57",238600
10300,100,500,"sd","10:40:28",233600
10400,200,1000,"bu","10:36:19",233100
10400,200,100,"bu","10:31:34",232100
10400,200,500,"bu","10:27:49",232000
10400,200,500,"bu","10:25:32",231500
10400,200,100,"bu","10:22:07",231000
10400,200,1000,"bu","10:21:15",230900
10400,200,500,"bu","10:20:13",229900
10400,200,3000,"bu","10:19:58",229400
10400,200,100,"bu","10:14:37",226400
10300,100,2000,"sd","10:14:16",226300
10300,100,500,"sd","10:13:41",224300
10300,100,2500,"sd","10:13:38",223800
10300,100,100,"sd","10:12:09",221300
10300,100,500,"sd","10:12:00",221200
10300,100,15000,"sd","10:10:50",220700
10400,200,100,"bu","10:09:42",205700
10300,100,2500,"sd","10:09:31",205600
10400,200,100,"bu","10:09:04",203100
10400,200,100,"bu","10:09:00",203000
10300,100,600,"sd","10:08:24",202900
10400,200,200,"bu","10:07:45",202300
10400,200,100,"bu","10:07:39",202100
10400,200,100,"bu","10:07:13",202000
10400,200,200,"bu","10:07:03",201900
10400,200,100,"bu","10:06:55",201700
10400,200,300,"bu","10:06:15",201600
10300,100,1000,"sd","10:05:56",201300
10400,200,100,"bu","10:05:31",200300
10300,100,2000,"sd","10:05:15",200200
10400,200,100,"bu","10:04:47",198200
10300,100,2000,"sd","10:04:39",198100
10300,100,5000,"sd","10:02:17",196100
10300,100,5000,"sd","10:01:45",191100
10400,200,100,"bu","09:59:21",186100
10300,100,200,"bu","09:59:10",186000
10300,100,10000,"bu","09:59:06",185800
10300,100,1100,"bu","09:59:05",175800
10300,100,5000,"bu","09:58:59",174700
10300,100,5000,"bu","09:58:55",169700
10300,100,3200,"bu","09:58:48",164700
10300,100,100,"bu","09:58:31",161500
10300,100,5000,"bu","09:58:12",161400
10300,100,1000,"bu","09:58:11",156400
10300,100,1000,"bu","09:57:34",155400
10300,100,200,"bu","09:57:15",154400
10300,100,1200,"bu","09:57:06",154200
10300,100,6200,"bu","09:54:40",153000
10300,100,100,"bu","09:54:38",146800
10300,100,1000,"bu","09:54:04",146700
10300,100,5000,"bu","09:53:58",145700
10300,100,10000,"bu","09:53:30",140700
10300,100,100,"bu","09:53:17",130700
10300,100,1400,"bu","09:53:13",130600
10300,100,5000,"bu","09:53:08",129200
10300,100,2000,"bu","09:52:42",124200
10300,100,300,"bu","09:52:14",122200
10300,100,10000,"bu","09:52:06",121900
10200,0,1000,"sd","09:51:58",111900
10300,100,2000,"bu","09:51:48",110900
10300,100,5000,"bu","09:51:32",108900
10300,100,5000,"bu","09:51:21",103900
10300,100,400,"bu","09:51:08",98900
10300,100,1000,"bu","09:49:59",98500
10300,100,800,"bu","09:49:26",97500
10300,100,500,"bu","09:48:57",96700
10300,100,200,"bu","09:48:53",96200
10300,100,100,"bu","09:48:39",96000
10300,100,100,"bu","09:48:32",95900
10300,100,100,"bu","09:48:15",95800
10300,100,4400,"bu","09:48:12",95700
10300,100,35000,"bu","09:48:06",91300
10300,100,200,"bu","09:48:03",56300
10300,100,10100,"bu","09:47:58",56100
10300,100,600,"bu","09:47:52",46000
10300,100,300,"bu","09:47:36",45400
10300,100,100,"bu","09:47:32",45100
10300,100,1000,"bu","09:47:31",45000
10300,100,100,"bu","09:47:13",44000
10300,100,500,"bu","09:46:43",43900
10200,0,700,"sd","09:45:41",43400
10200,0,1000,"sd","09:45:33",42700
10200,0,2500,"sd","09:44:31",41700
10300,100,100,"bu","09:43:25",39200
10300,100,300,"bu","09:42:40",39100
10300,100,500,"bu","09:39:03",38800
10300,100,3400,"bu","09:38:39",38300
10300,100,900,"bu","09:38:14",34900
10300,100,100,"bu","09:36:17",34000
10200,0,1000,"sd","09:36:11",33900
10300,100,500,"bu","09:32:40",32900
10200,0,1000,"sd","09:32:15",32400
10300,100,500,"bu","09:32:03",31400
10300,100,100,"bu","09:30:38",30900
10300,100,3000,"bu","09:30:04",30800
10200,0,1000,"sd","09:29:59",27800
10200,0,1000,"sd","09:29:56",26800
10300,100,1000,"bu","09:26:32",25800
10300,100,100,"bu","09:23:57",24800
10200,0,1000,"sd","09:22:16",24700
10300,100,1000,"bu","09:21:49",23700
10300,100,2000,"bu","09:14:08",22700
10300,100,100,"bu","09:13:49",20700
10300,100,100,"bu","09:12:49",20600
10300,100,500,"bu","09:09:38",20500
10300,100,100,"bu","09:07:35",20000
10300,100,500,"bu","09:06:27",19900
10300,100,200,"bu","09:05:05",19400
10300,100,1000,"bu","09:02:34",19200
10300,100,500,"bu","09:02:32",18200
10300,100,100,"bu","09:01:02",17700
10300,100,400,"bu","09:00:33",17600
10300,100,100,"bu","09:00:24",17200
10300,100,16000,"bu","09:00:21",17100
10200,0,1000,"sd","09:00:20",1100
10200,0,100,"unknown","09:00:03",100
