"price","change","match_qtty","side","time","total_vol"
54000,0,15000,"bu","14:45:00",83800
53000,-1000,300,"sd","14:28:35",68800
53000,-1000,200,"sd","14:26:59",68500
53000,-1000,400,"sd","14:26:59",68300
53100,-900,300,"sd","14:24:46",67900
53200,-800,100,"bu","14:23:59",67600
53100,-900,400,"bu","14:22:04",67500
53100,-900,300,"bu","14:21:58",67100
53100,-900,100,"bu","14:21:48",66800
53100,-900,100,"bu","14:21:11",66700
53100,-900,100,"bu","14:20:15",66600
53100,-900,100,"bu","14:19:43",66500
53100,-900,200,"sd","14:19:36",66400
53100,-900,100,"sd","14:19:36",66200
53100,-900,500,"sd","14:19:36",66100
53200,-800,500,"bu","14:18:51",65600
53200,-800,200,"bu","14:18:51",65100
53200,-800,300,"bu","14:18:51",64900
53100,-900,200,"sd","14:14:46",64600
53200,-800,100,"bu","14:14:45",64400
53200,-800,100,"bu","14:14:22",64300
53200,-800,100,"bu","14:13:24",64200
53200,-800,100,"bu","14:13:13",64100
53200,-800,100,"bu","14:10:19",64000
53100,-900,300,"bu","14:09:16",63900
53100,-900,100,"bu","14:07:49",63600
53100,-900,100,"bu","14:07:23",63500
53100,-900,100,"bu","14:05:29",63400
53100,-900,300,"bu","14:05:13",63300
53000,-1000,100,"bu","14:03:52",63000
53000,-1000,100,"sd","14:03:19",62900
53000,-1000,200,"sd","14:03:19",62800
53000,-1000,400,"sd","14:03:11",62600
53000,-1000,100,"sd","14:03:11",62200
53100,-900,100,"unknown","14:00:27",62100
53000,-1000,900,"sd","14:00:27",62000
53000,-1000,200,"sd","14:00:27",61100
53000,-1000,800,"sd","14:00:27",60900
53200,-800,1000,"bu","13:57:57",60100
53100,-900,300,"sd","13:57:02",59100
53100,-900,400,"bu","13:56:26",58800
53000,-1000,200,"bu","13:55:40",58400
53000,-1000,100,"sd","13:55:06",58200
53000,-1000,200,"sd","13:55:06",58100
53100,-900,100,"bu","13:54:51",57900
53000,-1000,100,"sd","13:53:39",57800
53000,-1000,300,"bu","13:53:37",57700
53000,-1000,200,"bu","13:53:37",57400
53000,-1000,200,"bu","13:53:37",57200
53000,-1000,200,"bu","13:53:25",57000
53000,-1000,200,"bu","13:53:16",56800
53000,-1000,100,"bu","13:53:16",56600
53000,-1000,100,"bu","13:53:16",56500
53000,-1000,1000,"bu","13:53:16",56400
53000,-1000,100,"bu","13:53:16",55400
53000,-1000,400,"bu","13:53:07",55300
53000,-1000,300,"bu","13:53:07",54900
53000,-1000,300,"bu","13:53:07",54600
53000,-1000,100,"bu","13:52:57",54300
53000,-1000,2900,"bu","13:52:57",54200
53000,-1000,500,"bu","13:52:08",51300
53000,-1000,100,"bu","13:51:54",50800
53000,-1000,500,"bu","13:51:42",50700
53000,-1000,100,"bu","13:50:31",50200
53000,-1000,100,"bu","13:49:41",50100
53000,-1000,200,"bu","13:49:32",50000
53000,-1000,100,"bu","13:49:19",49800
53000,-1000,2500,"bu","13:49:12",49700
53000,-1000,100,"bu","13:48:52",47200
53000,-1000,1800,"bu","13:48:39",47100
52900,-1100,100,"bu","13:48:30",45300
52900,-1100,100,"bu","13:48:26",45200
52900,-1100,400,"bu","13:48:26",45100
52900,-1100,100,"sd","13:48:18",44700
52900,-1100,500,"sd","13:48:18",44600
53000,-1000,100,"bu","13:48:10",44100
53000,-1000,100,"sd","13:47:29",44000
53000,-1000,100,"sd","13:47:29",43900
53000,-1000,300,"sd","13:47:29",43800
53000,-1000,100,"sd","13:47:29",43500
53000,-1000,100,"sd","13:47:29",43400
53000,-1000,100,"sd","13:47:29",43300
53000,-1000,1000,"sd","13:47:29",43200
53000,-1000,100,"sd","13:47:29",42200
53000,-1000,100,"sd","13:47:29",42100
53000,-1000,100,"sd","13:47:29",42000
53000,-1000,100,"sd","13:47:29",41900
53000,-1000,400,"sd","13:47:09",41800
53000,-1000,100,"sd","13:47:08",41400
53000,-1000,1000,"sd","13:47:08",41300
53000,-1000,100,"sd","13:47:08",40300
53000,-1000,200,"sd","13:47:08",40200
53000,-1000,100,"sd","13:47:08",40000
53100,-900,500,"sd","13:47:08",39900
53200,-800,300,"bu","13:46:38",39400
53200,-800,300,"bu","13:46:19",39100
53200,-800,1300,"bu","13:46:19",38800
53200,-800,300,"bu","13:46:08",37500
53200,-800,100,"sd","13:46:07",37200
53200,-800,200,"sd","13:46:07",37100
53200,-800,100,"sd","13:46:07",36900
53200,-800,500,"sd","13:46:07",36800
53200,-800,200,"sd","13:46:07",36300
53200,-800,300,"sd","13:46:07",36100
53300,-700,100,"sd","13:45:51",35800
53300,-700,100,"sd","13:45:51",35700
53300,-700,200,"sd","13:43:19",35600
53300,-700,1000,"sd","13:43:11",35400
53500,-500,100,"sd","13:29:52",34400
53500,-500,200,"bu","13:23:29",34300
53400,-600,100,"bu","13:20:07",34100
53400,-600,200,"bu","13:12:41",34000
53500,-500,100,"sd","13:10:41",33800
53500,-500,900,"sd","13:10:41",33700
53500,-500,100,"bu","13:09:29",32800
53500,-500,200,"bu","13:05:18",32700
53500,-500,100,"bu","13:05:04",32500
53500,-500,600,"bu","13:04:16",32400
53500,-500,100,"bu","13:00:06",31800
53500,-500,100,"bu","13:00:06",31700
53400,-600,200,"bu","13:00:06",31600
53400,-600,300,"sd","11:29:53",31400
53400,-600,100,"sd","11:28:07",31100
53400,-600,100,"sd","11:25:33",31000
53400,-600,100,"bu","11:19:42",30900
53400,-600,100,"bu","11:19:41",30800
53400,-600,100,"bu","11:13:07",30700
53400,-600,200,"bu","11:13:07",30600
53400,-600,200,"sd","11:12:00",30400
53400,-600,600,"sd","11:12:00",30200
53400,-600,200,"sd","11:05:20",29600
53400,-600,1000,"sd","11:05:18",29400
53400,-600,100,"sd","11:03:23",28400
53600,-400,500,"bu","11:02:28",28300
53600,-400,300,"bu","11:02:28",27800
53500,-500,200,"bu","11:02:28",27500
53400,-600,100,"bu","11:02:15",27300
53200,-800,100,"sd","11:00:49",27200
53200,-800,600,"sd","11:00:44",27100
53200,-800,100,"sd","11:00:44",26500
53200,-800,100,"sd","10:58:39",26400
53200,-800,300,"bu","10:58:30",26300
53200,-800,400,"bu","10:58:30",26000
53100,-900,200,"bu","10:58:03",25600
53000,-1000,200,"bu","10:57:33",25400
53000,-1000,1400,"bu","10:57:08",25200
53000,-1000,100,"unknown","10:56:34",23800
53000,-1000,1000,"unknown","10:56:34",23700
53000,-1000,500,"unknown","10:56:34",22700
53000,-1000,600,"unknown","10:56:34",22200
53000,-1000,500,"unknown","10:56:34",21600
53000,-1000,400,"unknown","10:56:34",21100
53000,-1000,500,"unknown","10:56:34",20700
53000,-1000,100,"unknown","10:56:34",20200
53000,-1000,100,"unknown","10:56:34",20100
53000,-1000,300,"unknown","10:56:34",20000
53000,-1000,1000,"unknown","10:56:34",19700
53000,-1000,100,"sd","10:56:34",18700
53000,-1000,100,"sd","10:56:34",18600
53000,-1000,200,"sd","10:56:34",18500
53000,-1000,100,"sd","10:56:34",18300
53000,-1000,100,"sd","10:56:34",18200
53000,-1000,100,"sd","10:56:34",18100
53000,-1000,200,"sd","10:56:34",18000
53000,-1000,1200,"sd","10:56:34",17800
53100,-900,100,"sd","10:56:22",16600
53100,-900,100,"sd","10:56:22",16500
53100,-900,100,"sd","10:56:22",16400
53100,-900,1000,"sd","10:56:22",16300
53200,-800,100,"sd","10:55:35",15300
53200,-800,1000,"sd","10:55:35",15200
53200,-800,100,"sd","10:55:35",14200
53200,-800,300,"sd","10:55:35",14100
53200,-800,100,"sd","10:55:35",13800
53200,-800,200,"sd","10:53:19",13700
53200,-800,200,"sd","10:53:16",13500
53200,-800,600,"sd","10:53:16",13300
53200,-800,100,"sd","10:53:16",12700
53300,-700,100,"sd","10:53:16",12600
53400,-600,100,"bu","10:53:16",12500
53400,-600,100,"bu","10:51:23",12400
53400,-600,200,"sd","10:51:09",12300
53400,-600,400,"sd","10:51:04",12100
53400,-600,500,"sd","10:51:04",11700
53500,-500,1000,"sd","10:51:04",11200
53500,-500,100,"sd","10:51:04",10200
53600,-400,200,"unknown","10:47:51",10100
53600,-400,100,"sd","10:46:29",9900
53600,-400,500,"sd","10:46:29",9800
53600,-400,200,"sd","10:46:29",9300
53600,-400,200,"sd","10:46:29",9100
53600,-400,100,"sd","10:46:29",8900
53600,-400,500,"sd","10:46:22",8800
53600,-400,100,"sd","10:40:29",8300
53600,-400,500,"sd","10:40:23",8200
53600,-400,200,"sd","10:15:14",7700
53700,-300,100,"bu","10:14:39",7500
53700,-300,100,"bu","10:14:37",7400
53700,-300,100,"bu","10:14:32",7300
53700,-300,300,"bu","10:13:17",7200
53700,-300,200,"bu","10:13:17",6900
53600,-400,100,"sd","10:11:19",6700
53600,-400,500,"sd","10:11:16",6600
53600,-400,200,"sd","10:11:08",6100
53600,-400,400,"sd","10:08:34",5900
53600,-400,100,"sd","10:06:50",5500
53700,-300,100,"bu","10:00:15",5400
53700,-300,500,"bu","09:54:39",5300
53600,-400,200,"sd","09:51:07",4800
53600,-400,100,"bu","09:50:39",4600
53700,-300,700,"sd","09:44:32",4500
53700,-300,1500,"sd","09:44:32",3800
53900,-100,100,"sd","09:41:29",2300
53900,-100,100,"bu","09:34:04",2200
54000,0,200,"sd","09:21:38",2100
54000,0,500,"sd","09:21:38",1900
54000,0,100,"sd","09:21:15",1400
54000,0,100,"sd","09:21:10",1300
54000,0,200,"sd","09:21:04",1200
54000,0,300,"sd","09:21:04",1000
54000,0,100,"sd","09:19:00",700
54000,0,500,"sd","09:18:50",600
54000,0,100,"sd","09:15:00",100
