"price","change","match_qtty","side","time","total_vol"
19000,1000,300,"sd","14:51:03",1898600
19000,1000,100,"sd","14:48:37",1898300
19000,1000,106600,"unknown","14:45:04",1898200
19000,1000,7000,"bu","14:29:54",1791600
18800,800,2000,"sd","14:29:52",1784600
18800,800,100,"sd","14:29:47",1782600
18900,900,10000,"bu","14:29:45",1782500
18800,800,5000,"sd","14:29:35",1772500
18800,800,2700,"sd","14:29:31",1767500
18800,800,200,"sd","14:29:28",1764800
18800,800,5000,"sd","14:29:25",1764600
18900,900,200,"bu","14:29:24",1759600
18800,800,1000,"sd","14:29:23",1759400
18800,800,100,"sd","14:29:02",1758400
18800,800,300,"sd","14:28:24",1758300
18900,900,5000,"bu","14:28:13",1758000
18800,800,1000,"sd","14:28:08",1753000
18900,900,2700,"bu","14:28:07",1752000
18800,800,300,"sd","14:27:59",1749300
18900,900,10000,"bu","14:27:58",1749000
18900,900,100,"bu","14:27:55",1739000
18900,900,1000,"bu","14:27:45",1738900
18900,900,5600,"bu","14:27:28",1737900
18900,900,10000,"bu","14:27:27",1732300
18800,800,5000,"sd","14:27:26",1722300
18900,900,6000,"bu","14:27:20",1717300
18900,900,1000,"bu","14:27:06",1711300
18800,800,300,"sd","14:26:57",1710300
18900,900,100,"bu","14:26:52",1710000
18900,900,100,"bu","14:26:48",1709900
18800,800,100,"sd","14:26:42",1709800
18800,800,2000,"sd","14:26:38",1709700
18800,800,5000,"sd","14:26:33",1707700
18800,800,1000,"sd","14:26:30",1702700
18900,900,100,"bu","14:26:29",1701700
18900,900,800,"bu","14:26:28",1701600
18800,800,200,"sd","14:26:23",1700800
18800,800,100,"sd","14:26:22",1700600
18800,800,8900,"sd","14:26:20",1700500
18800,800,1000,"bu","14:26:16",1691600
18800,800,1000,"bu","14:26:15",1690600
18700,700,300,"sd","14:26:09",1689600
18800,800,100,"bu","14:26:04",1689300
18800,800,200,"bu","14:26:03",1689200
18800,800,15000,"bu","14:25:58",1689000
18800,800,2000,"bu","14:25:52",1674000
18800,800,1000,"bu","14:25:50",1672000
18800,800,3000,"bu","14:25:49",1671000
18800,800,1500,"bu","14:25:48",1668000
18700,700,400,"sd","14:25:44",1666500
18800,800,4200,"bu","14:25:41",1666100
18800,800,1300,"bu","14:25:38",1661900
18800,800,10000,"bu","14:25:37",1660600
18800,800,1700,"bu","14:25:35",1650600
18700,700,100,"sd","14:25:29",1648900
18700,700,10000,"sd","14:25:28",1648800
18800,800,10000,"bu","14:25:15",1638800
18800,800,1000,"bu","14:25:13",1628800
18700,700,200,"sd","14:25:08",1627800
18800,800,11000,"bu","14:24:51",1627600
18800,800,10000,"bu","14:24:38",1616600
18700,700,300,"sd","14:24:26",1606600
18700,700,500,"sd","14:24:14",1606300
18700,700,4100,"sd","14:24:09",1605800
18700,700,32100,"sd","14:24:05",1601700
18700,700,400,"bu","14:23:55",1569600
18700,700,3000,"bu","14:23:48",1569200
18700,700,2000,"bu","14:23:39",1566200
18600,600,100,"sd","14:23:38",1564200
18700,700,10000,"bu","14:23:30",1564100
18700,700,1100,"bu","14:23:17",1554100
18600,600,2700,"sd","14:23:14",1553000
18600,600,10000,"sd","14:23:12",1550300
18700,700,11100,"bu","14:23:09",1540300
18600,600,1400,"sd","14:23:04",1529200
18600,600,11100,"sd","14:22:59",1527800
18600,600,85800,"sd","14:22:56",1516700
18500,500,300,"sd","14:22:54",1430900
18500,500,3000,"sd","14:22:48",1430600
18500,500,200,"sd","14:22:43",1427600
18500,500,100,"sd","14:22:39",1427400
18500,500,200,"sd","14:22:36",1427300
18500,500,1000,"sd","14:22:35",1427100
18500,500,500,"bu","14:22:30",1426100
18500,500,1100,"bu","14:22:06",1425600
18500,500,9900,"unknown","14:21:57",1424500
18500,500,2000,"bu","14:21:01",1414600
18500,500,35700,"bu","14:20:28",1412600
18500,500,100,"sd","14:19:44",1376900
18500,500,1000,"sd","14:19:40",1376800
18500,500,100,"sd","14:19:39",1375800
18500,500,1000,"sd","14:19:35",1375700
18500,500,300,"sd","14:19:04",1374700
18500,500,3000,"sd","14:19:01",1374400
18500,500,100,"sd","14:18:53",1371400
18500,500,200,"sd","14:18:44",1371300
18500,500,2000,"sd","14:18:39",1371100
18500,500,500,"sd","14:18:37",1369100
18500,500,500,"sd","14:18:01",1368600
18500,500,100,"sd","14:17:59",1368100
18500,500,100,"sd","14:17:57",1368000
18500,500,800,"sd","14:17:56",1367900
18500,500,100,"sd","14:17:49",1367100
18500,500,1400,"sd","14:17:44",1367000
18500,500,11100,"sd","14:17:43",1365600
18500,500,200,"bu","14:17:21",1354500
18500,500,300,"sd","14:17:14",1354300
18500,500,3000,"sd","14:17:09",1354000
18500,500,500,"sd","14:17:03",1351000
18500,500,100,"sd","14:16:44",1350500
18500,500,900,"sd","14:16:43",1350400
18500,500,1800,"bu","14:16:08",1349500
18500,500,300,"sd","14:16:00",1347700
18500,500,400,"sd","14:15:55",1347400
18500,500,3000,"sd","14:15:52",1347000
18500,500,200,"sd","14:15:49",1344000
18500,500,1800,"sd","14:15:45",1343800
18500,500,100,"sd","14:15:43",1342000
18500,500,100,"sd","14:15:29",1341900
18500,500,1400,"sd","14:15:24",1341800
18500,500,10900,"bu","14:15:19",1340400
18500,500,100,"bu","14:15:14",1329500
18500,500,3000,"bu","14:15:01",1329400
18500,500,200,"bu","14:14:40",1326400
18500,500,1200,"bu","14:14:03",1326200
18500,500,100,"sd","14:14:00",1325000
18500,500,100,"sd","14:13:59",1324900
18500,500,1300,"sd","14:13:54",1324800
18500,500,10000,"sd","14:13:50",1323500
18500,500,100,"sd","14:13:49",1313500
18500,500,1000,"sd","14:13:44",1313400
18500,500,300,"sd","14:13:25",1312400
18500,500,2500,"sd","14:13:20",1312100
18500,500,100,"bu","14:13:01",1309600
18500,500,1000,"bu","14:12:23",1309500
18500,500,800,"bu","14:11:15",1308500
18500,500,100,"sd","14:11:13",1307700
18500,500,100,"sd","14:10:43",1307600
18500,500,100,"sd","14:10:04",1307500
18500,500,900,"sd","14:09:59",1307400
18500,500,600,"bu","14:09:36",1306500
18500,500,1100,"bu","14:09:09",1305900
18500,500,6200,"bu","14:08:41",1304800
18500,500,100,"sd","14:08:29",1298600
18500,500,500,"sd","14:08:27",1298500
18500,500,600,"sd","14:07:19",1298000
18500,500,100,"sd","14:07:18",1297400
18500,500,300,"sd","14:07:09",1297300
18500,500,100,"sd","14:07:04",1297000
18500,500,300,"sd","14:06:59",1296900
18500,500,1000,"sd","14:06:58",1296600
18500,500,2500,"sd","14:06:54",1295600
18500,500,19600,"bu","14:06:48",1293100
18500,500,100,"bu","14:06:06",1273500
18400,400,100,"sd","14:05:50",1273400
18400,400,100,"sd","14:04:39",1273300
18400,400,1000,"sd","14:04:37",1273200
18400,400,200,"sd","14:03:48",1272200
18400,400,500,"sd","14:03:37",1272000
18400,400,200,"sd","14:03:09",1271500
18400,400,100,"sd","14:03:01",1271300
18400,400,100,"sd","14:00:50",1271200
18400,400,100,"sd","13:59:04",1271100
18400,400,500,"sd","13:59:02",1271000
18400,400,900,"sd","13:58:59",1270500
18400,400,7100,"sd","13:58:56",1269600
18500,500,300,"bu","13:58:29",1262500
18500,500,800,"sd","13:58:03",1262200
18500,500,2000,"sd","13:58:01",1261400
18500,500,700,"sd","13:57:54",1259400
18500,500,6000,"sd","13:57:51",1258700
18500,500,500,"sd","13:57:44",1252700
18500,500,4000,"sd","13:57:40",1252200
18500,500,300,"sd","13:57:39",1248200
18500,500,100,"sd","13:57:07",1247900
18500,500,600,"sd","13:56:49",1247800
18500,500,5000,"bu","13:56:46",1247200
18500,500,3500,"bu","13:56:24",1242200
18500,500,1000,"bu","13:55:48",1238700
18500,500,100,"bu","13:54:33",1237700
18500,500,2000,"bu","13:54:16",1237600
18500,500,3500,"bu","13:54:00",1235600
18500,500,2000,"bu","13:53:50",1232100
18500,500,3000,"bu","13:53:42",1230100
18500,500,10000,"bu","13:53:32",1227100
18500,500,10000,"bu","13:53:24",1217100
18500,500,27400,"bu","13:53:07",1207100
18500,500,100,"bu","13:52:59",1179700
18500,500,600,"bu","13:52:47",1179600
18500,500,100,"bu","13:52:12",1179000
18500,500,300,"bu","13:51:58",1178900
18500,500,100,"bu","13:51:57",1178600
18500,500,100,"bu","13:51:33",1178500
18400,400,100,"sd","13:51:29",1178400
18400,400,100,"sd","13:50:29",1178300
18400,400,100,"sd","13:47:58",1178200
18400,400,1400,"sd","13:47:53",1178100
18400,400,100,"sd","13:47:26",1176700
18400,400,100,"sd","13:47:18",1176600
18400,400,1100,"sd","13:47:15",1176500
18400,400,400,"sd","13:46:56",1175400
18400,400,200,"sd","13:45:59",1175000
18400,400,1600,"sd","13:45:57",1174800
18500,500,100,"bu","13:45:13",1173200
18500,500,300,"bu","13:44:21",1173100
18400,400,100,"sd","13:43:41",1172800
18400,400,100,"sd","13:43:37",1172700
18400,400,300,"sd","13:43:34",1172600
18400,400,3000,"sd","13:43:32",1172300
18400,400,700,"sd","13:43:09",1169300
18400,400,5900,"sd","13:43:05",1168600
18400,400,100,"sd","13:42:33",1162700
18400,400,100,"sd","13:42:04",1162600
18400,400,1000,"sd","13:42:00",1162500
18400,400,100,"sd","13:41:34",1161500
18400,400,800,"sd","13:41:32",1161400
18400,400,300,"sd","13:41:01",1160600
18400,400,300,"sd","13:40:49",1160300
18400,400,3000,"sd","13:40:46",1160000
18400,400,100,"sd","13:39:49",1157000
18400,400,600,"sd","13:39:19",1156900
18400,400,5000,"sd","13:39:15",1156300
18400,400,200,"sd","13:38:43",1151300
18400,400,200,"sd","13:37:52",1151100
18400,400,100,"sd","13:37:49",1150900
18400,400,1000,"sd","13:37:45",1150800
18400,400,500,"sd","13:37:30",1149800
18400,400,100,"sd","13:37:21",1149300
18400,400,100,"sd","13:35:37",1149200
18400,400,100,"sd","13:34:12",1149100
18400,400,100,"sd","13:33:27",1149000
18400,400,500,"sd","13:32:35",1148900
18400,400,100,"sd","13:32:30",1148400
18500,500,1000,"bu","13:32:25",1148300
18400,400,100,"sd","13:31:34",1147300
18400,400,1000,"sd","13:31:30",1147200
18500,500,100,"bu","13:31:09",1146200
18500,500,500,"bu","13:30:35",1146100
18500,500,7000,"bu","13:30:06",1145600
18500,500,30000,"bu","13:28:46",1138600
18400,400,100,"sd","13:28:04",1108600
18400,400,1000,"sd","13:27:59",1108500
18400,400,8000,"sd","13:27:58",1107500
18400,400,4600,"bu","13:27:07",1099500
18400,400,500,"sd","13:27:02",1094900
18400,400,100,"sd","13:26:34",1094400
18400,400,600,"sd","13:25:59",1094300
18400,400,4700,"sd","13:25:54",1093700
18400,400,200,"sd","13:25:35",1089000
18400,400,2300,"sd","13:25:31",1088800
18300,300,300,"sd","13:25:18",1086500
18300,300,800,"sd","13:25:14",1086200
18400,400,2000,"bu","13:24:57",1085400
18400,400,100,"bu","13:24:16",1083400
18400,400,200,"sd","13:23:04",1083300
18400,400,1700,"sd","13:23:01",1083100
18400,400,100,"sd","13:22:40",1081400
18400,400,300,"sd","13:21:49",1081300
18400,400,2000,"sd","13:21:44",1081000
18400,400,200,"sd","13:21:09",1079000
18400,400,2000,"sd","13:21:03",1078800
18400,400,200,"sd","13:20:44",1076800
18400,400,2000,"sd","13:20:39",1076600
18400,400,200,"sd","13:20:34",1074600
18400,400,300,"sd","13:20:31",1074400
18400,400,2000,"sd","13:20:29",1074100
18400,400,100,"sd","13:19:34",1072100
18400,400,1000,"sd","13:19:28",1072000
18400,400,100,"sd","13:19:25",1071000
18400,400,200,"sd","13:19:24",1070900
18400,400,1700,"bu","13:19:21",1070700
18400,400,3700,"bu","13:18:55",1069000
18400,400,100,"sd","13:18:50",1065300
18400,400,100,"sd","13:18:49",1065200
18400,400,100,"sd","13:18:48",1065100
18400,400,100,"sd","13:18:37",1065000
18400,400,100,"sd","13:18:34",1064900
18400,400,600,"sd","13:18:24",1064800
18400,400,5000,"sd","13:18:20",1064200
18400,400,400,"sd","13:17:04",1059200
18400,400,3200,"bu","13:16:59",1058800
18400,400,3200,"sd","13:16:43",1055600
18400,400,100,"sd","13:15:59",1052400
18400,400,1000,"sd","13:15:56",1052300
18400,400,200,"sd","13:15:54",1051300
18400,400,1300,"sd","13:15:49",1051100
18400,400,300,"bu","13:15:48",1049800
18400,400,10000,"bu","13:15:43",1049500
18400,400,4100,"bu","13:15:37",1039500
18400,400,1200,"bu","13:15:36",1035400
18400,400,10000,"bu","13:14:51",1034200
18400,400,300,"bu","13:14:48",1024200
18400,400,10000,"bu","13:13:15",1023900
18300,300,100,"sd","13:13:09",1013900
18300,300,1000,"sd","13:13:04",1013800
18300,300,300,"sd","13:09:33",1012800
18300,300,100,"sd","13:07:06",1012500
18300,300,200,"sd","13:06:39",1012400
18300,300,100,"sd","13:05:04",1012200
18300,300,200,"sd","13:03:40",1012100
18300,300,1800,"sd","13:03:36",1011900
18400,400,7000,"bu","13:03:31",1010100
18300,300,400,"sd","13:03:19",1003100
18300,300,300,"sd","13:03:15",1002700
18300,300,3000,"sd","13:03:13",1002400
18300,300,100,"sd","13:02:12",999400
18300,300,500,"sd","13:02:05",999300
18300,300,600,"sd","13:01:56",998800
18300,300,100,"sd","13:01:49",998200
18300,300,1000,"sd","13:01:46",998100
18300,300,600,"sd","13:01:38",997100
18300,300,5000,"sd","13:01:37",996500
18300,300,500,"sd","13:00:54",991500
18300,300,200,"sd","13:00:34",991000
18300,300,2300,"sd","13:00:29",990800
18300,300,600,"sd","13:00:25",988500
18300,300,2100,"sd","13:00:11",987900
18300,300,1200,"sd","13:00:07",985800
18400,400,900,"bu","13:00:06",984600
18400,400,300,"bu","13:00:05",983700
18300,300,2500,"sd","13:00:04",983400
18400,400,200,"bu","11:29:52",980900
18300,300,1000,"sd","11:29:49",980700
18300,300,300,"sd","11:29:44",979700
18300,300,2400,"sd","11:29:42",979400
18300,300,700,"sd","11:29:34",977000
18300,300,5600,"sd","11:29:31",976300
18300,300,600,"sd","11:28:49",970700
18300,300,5000,"sd","11:28:47",970100
18300,300,300,"sd","11:28:44",965100
18300,300,3000,"sd","11:28:39",964800
18300,300,300,"sd","11:28:34",961800
18300,300,3000,"sd","11:28:30",961500
18400,400,300,"bu","11:28:01",958500
18300,300,100,"sd","11:24:24",958200
18300,300,1000,"sd","11:24:21",958100
18300,300,300,"sd","11:24:06",957100
18300,300,100,"sd","11:22:54",956800
18300,300,200,"sd","11:22:08",956700
18300,300,2000,"sd","11:22:03",956500
18400,400,300,"bu","11:20:18",954500
18300,300,300,"sd","11:19:39",954200
18300,300,3000,"sd","11:19:36",953900
18300,300,200,"sd","11:19:23",950900
18300,300,2000,"sd","11:19:21",950700
18300,300,400,"sd","11:18:48",948700
18300,300,200,"sd","11:18:27",948300
18300,300,600,"sd","11:18:18",948100
18300,300,5000,"sd","11:18:16",947500
18400,400,300,"bu","11:17:17",942500
18300,300,700,"sd","11:17:14",942200
18300,300,500,"sd","11:13:50",941500
18300,300,200,"sd","11:11:24",941000
18300,300,500,"sd","11:11:22",940800
18300,300,100,"sd","11:09:24",940300
18400,400,200,"bu","11:07:58",940200
18400,400,100,"bu","11:07:07",940000
18400,400,300,"bu","11:06:35",939900
18300,300,100,"sd","11:05:01",939600
18300,300,100,"sd","11:04:16",939500
18400,400,3000,"bu","11:02:10",939400
18400,400,100,"bu","11:02:01",936400
18400,400,800,"bu","11:01:36",936300
18400,400,100,"bu","11:01:18",935500
18400,400,2000,"bu","10:58:28",935400
18400,400,5400,"bu","10:56:39",933400
18400,400,300,"bu","10:55:52",928000
18300,300,100,"sd","10:54:16",927700
18400,400,100,"bu","10:53:09",927600
18400,400,5000,"bu","10:51:51",927500
18400,400,1000,"bu","10:51:17",922500
18400,400,200,"bu","10:50:57",921500
18300,300,100,"sd","10:49:24",921300
18300,300,100,"sd","10:45:48",921200
18300,300,1000,"sd","10:45:44",921100
18400,400,20000,"bu","10:45:30",920100
18300,300,100,"sd","10:45:27",900100
18300,300,300,"sd","10:45:14",900000
18400,400,300,"bu","10:45:09",899700
18300,300,600,"sd","10:44:33",899400
18300,300,500,"sd","10:44:31",898800
18300,300,2000,"bu","10:44:22",898300
18300,300,2100,"sd","10:43:38",896300
18300,300,900,"sd","10:43:34",894200
18300,300,7000,"sd","10:43:28",893300
18300,300,100,"bu","10:43:26",886300
18300,300,500,"bu","10:43:16",886200
18300,300,1000,"bu","10:43:08",885700
18300,300,15000,"bu","10:42:58",884700
18300,300,500,"bu","10:40:56",869700
18300,300,200,"bu","10:38:53",869200
18200,200,300,"sd","10:38:23",869000
18200,200,100,"sd","10:38:15",868700
18300,300,5000,"bu","10:38:08",868600
18300,300,2600,"sd","10:37:46",863600
18300,300,200,"sd","10:37:44",861000
18300,300,2200,"bu","10:37:39",860800
18300,300,1700,"bu","10:37:28",858600
18300,300,10000,"bu","10:37:17",856900
18300,300,1600,"bu","10:36:22",846900
18300,300,300,"bu","10:34:27",845300
18300,300,1000,"bu","10:33:00",845000
18300,300,100,"bu","10:32:14",844000
18300,300,31300,"unknown","10:32:08",843900
18300,300,200,"sd","10:29:54",812600
18300,300,2000,"sd","10:29:48",812400
18300,300,100,"sd","10:29:40",810400
18300,300,100,"sd","10:28:34",810300
18300,300,500,"sd","10:28:19",810200
18300,300,4000,"sd","10:28:17",809700
18300,300,200,"sd","10:28:08",805700
18300,300,600,"sd","10:27:29",805500
18300,300,5000,"sd","10:27:26",804900
18400,400,100,"bu","10:25:07",799900
18400,400,500,"bu","10:24:27",799800
18400,400,100,"bu","10:24:14",799300
18400,400,300,"bu","10:23:44",799200
18300,300,200,"sd","10:23:01",798900
18400,400,100,"bu","10:22:31",798700
18300,300,500,"sd","10:22:20",798600
18300,300,400,"sd","10:22:09",798100
18300,300,100,"sd","10:21:23",797700
18300,300,500,"sd","10:21:22",797600
18300,300,700,"sd","10:21:19",797100
18300,300,2000,"sd","10:21:16",796400
18300,300,2700,"sd","10:21:15",794400
18300,300,1000,"bu","10:21:14",791700
18300,300,100,"bu","10:21:09",790700
18300,300,5000,"bu","10:21:01",790600
18300,300,1000,"bu","10:20:51",785600
18300,300,500,"unknown","10:20:19",784600
18300,300,100,"sd","10:19:33",784100
18300,300,1000,"sd","10:19:29",784000
18300,300,500,"sd","10:19:28",783000
18300,300,4400,"sd","10:19:23",782500
18300,300,500,"bu","10:19:17",778100
18300,300,2000,"bu","10:19:09",777600
18200,200,100,"sd","10:18:50",775600
18300,300,200,"bu","10:18:38",775500
18300,300,2000,"bu","10:18:30",775300
18200,200,100,"sd","10:17:58",773300
18200,200,800,"sd","10:17:57",773200
18300,300,500,"bu","10:17:56",772400
18300,300,100,"sd","10:17:48",771900
18300,300,16000,"sd","10:17:45",771800
18400,400,200,"bu","10:16:55",755800
18400,400,4100,"sd","10:15:02",755600
18400,400,100,"sd","10:14:54",751500
18400,400,1000,"sd","10:14:49",751400
18400,400,8000,"sd","10:14:44",750400
18400,400,900,"sd","10:14:39",742400
18400,400,7000,"sd","10:14:33",741500
18400,400,100,"sd","10:14:19",734500
18400,400,1000,"sd","10:14:14",734400
18400,400,7000,"sd","10:14:12",733400
18400,400,1000,"sd","10:14:09",726400
18400,400,8300,"sd","10:14:03",725400
18400,400,100,"sd","10:13:52",717100
18500,500,100,"bu","10:13:44",717000
18500,500,400,"bu","10:13:00",716900
18400,400,300,"sd","10:12:59",716500
18400,400,2600,"sd","10:12:56",716200
18500,500,1000,"bu","10:11:42",713600
18500,500,1000,"bu","10:11:38",712600
18500,500,300,"bu","10:11:24",711600
18400,400,200,"sd","10:10:54",711300
18400,400,2000,"sd","10:10:50",711100
18400,400,500,"sd","10:10:42",709100
18400,400,100,"sd","10:10:39",708600
18400,400,1000,"sd","10:10:36",708500
18400,400,100,"sd","10:09:54",707500
18400,400,800,"sd","10:09:49",707400
18400,400,6400,"sd","10:09:46",706600
18400,400,100,"sd","10:09:27",700200
18400,400,200,"sd","10:07:08",700100
18400,400,100,"sd","10:06:29",699900
18400,400,1000,"sd","10:06:24",699800
18400,400,100,"sd","10:05:49",698800
18400,400,1000,"sd","10:05:45",698700
18400,400,300,"sd","10:05:39",697700
18400,400,3000,"sd","10:05:37",697400
18400,400,400,"sd","10:04:33",694400
18400,400,200,"sd","10:02:31",694000
18400,400,200,"sd","10:01:48",693800
18400,400,600,"sd","10:00:54",693600
18400,400,5000,"sd","10:00:50",693000
18400,400,500,"sd","10:00:44",688000
18400,400,400,"sd","10:00:18",687500
18400,400,3000,"sd","10:00:16",687100
18500,500,2800,"bu","09:59:21",684100
18400,400,500,"sd","09:58:41",681300
18500,500,100,"bu","09:56:34",680800
18400,400,200,"sd","09:56:25",680700
18500,500,200,"bu","09:56:13",680500
18500,500,200,"bu","09:56:11",680300
18500,500,1000,"bu","09:55:56",680100
18500,500,4000,"bu","09:53:18",679100
18500,500,30000,"sd","09:53:15",675100
18500,500,1000,"sd","09:53:13",645100
18500,500,6600,"sd","09:53:11",644100
18500,500,100,"sd","09:53:08",637500
18500,500,700,"sd","09:53:03",637400
18500,500,1400,"sd","09:52:59",636700
18500,500,300,"sd","09:52:58",635300
18500,500,3000,"sd","09:52:57",635000
18500,500,2200,"sd","09:52:52",632000
18500,500,500,"sd","09:52:22",629800
18500,500,400,"sd","09:52:18",629300
18500,500,800,"sd","09:52:15",628900
18500,500,500,"sd","09:52:14",628100
18500,500,1500,"sd","09:52:12",627600
18500,500,600,"sd","09:52:03",626100
18500,500,4000,"sd","09:51:58",625500
18500,500,100,"sd","09:51:53",621500
18500,500,800,"sd","09:51:47",621400
18500,500,200,"sd","09:51:33",620600
18500,500,100,"sd","09:51:18",620400
18500,500,100,"sd","09:51:13",620300
18500,500,1000,"sd","09:51:12",620200
18500,500,1000,"sd","09:51:08",619200
18500,500,5000,"sd","09:51:04",618200
18500,500,1800,"sd","09:51:03",613200
18500,500,10000,"sd","09:51:01",611400
18500,500,2000,"sd","09:50:59",601400
18500,500,200,"sd","09:50:58",599400
18500,500,300,"sd","09:50:19",599200
18500,500,300,"sd","09:49:38",598900
18500,500,2000,"sd","09:49:35",598600
18600,600,1000,"bu","09:49:24",596600
18600,600,2100,"bu","09:49:19",595600
18600,600,100,"bu","09:48:48",593500
18600,600,200,"bu","09:48:31",593400
18500,500,500,"sd","09:48:06",593200
18600,600,100,"bu","09:47:34",592700
18500,500,100,"sd","09:47:09",592600
18600,600,100,"bu","09:46:57",592500
18600,600,1000,"bu","09:46:26",592400
18600,600,500,"bu","09:46:21",591400
18600,600,400,"bu","09:46:09",590900
18600,600,1000,"bu","09:46:08",590500
18600,600,100,"bu","09:46:06",589500
18600,600,100,"bu","09:45:35",589400
18600,600,3000,"bu","09:45:26",589300
18600,600,500,"bu","09:45:18",586300
18500,500,300,"sd","09:45:13",585800
18500,500,2000,"sd","09:45:08",585500
18500,500,300,"sd","09:44:38",583500
18500,500,2000,"sd","09:44:34",583200
18500,500,100,"sd","09:44:28",581200
18500,500,1000,"sd","09:44:23",581100
18500,500,600,"sd","09:44:19",580100
18500,500,100,"sd","09:44:09",579500
18500,500,400,"sd","09:43:48",579400
18500,500,100,"sd","09:43:00",579000
18500,500,100,"sd","09:42:45",578900
18500,500,500,"sd","09:42:36",578800
18500,500,200,"sd","09:42:30",578300
18500,500,100,"bu","09:42:28",578100
18500,500,2400,"sd","09:42:27",578000
18500,500,200,"sd","09:42:23",575600
18500,500,400,"sd","09:42:21",575400
18500,500,1200,"sd","09:42:18",575000
18500,500,7600,"bu","09:42:14",573800
18500,500,500,"bu","09:42:13",566200
18500,500,3000,"bu","09:42:08",565700
18500,500,10000,"bu","09:42:05",562700
18500,500,500,"bu","09:42:01",552700
18500,500,700,"bu","09:41:13",552200
18500,500,200,"bu","09:41:04",551500
18500,500,5000,"bu","09:40:49",551300
18500,500,300,"bu","09:39:58",546300
18500,500,3200,"bu","09:39:24",546000
18500,500,300,"sd","09:39:18",542800
18500,500,1500,"sd","09:39:14",542500
18500,500,1000,"bu","09:39:13",541000
18500,500,1000,"bu","09:38:55",540000
18500,500,2000,"bu","09:38:53",539000
18500,500,300,"bu","09:38:36",537000
18500,500,400,"bu","09:38:35",536700
18500,500,1200,"bu","09:38:34",536300
18500,500,1500,"sd","09:38:32",535100
18500,500,400,"sd","09:38:31",533600
18500,500,3500,"sd","09:38:27",533200
18500,500,500,"sd","09:38:19",529700
18500,500,100,"sd","09:38:12",529200
18500,500,900,"sd","09:38:10",529100
18500,500,100,"sd","09:38:07",528200
18500,500,1300,"sd","09:38:03",528100
18500,500,100,"sd","09:37:39",526800
18500,500,300,"sd","09:37:37",526700
18500,500,2000,"sd","09:37:35",526400
18500,500,200,"sd","09:37:27",524400
18500,500,1000,"sd","09:37:26",524200
18500,500,900,"sd","09:37:22",523200
18500,500,5800,"sd","09:37:21",522300
18500,500,200,"sd","09:37:17",516500
18500,500,1500,"sd","09:37:14",516300
18500,500,100,"sd","09:37:13",514800
18500,500,1000,"sd","09:37:10",514700
18500,500,300,"sd","09:37:07",513700
18500,500,2000,"sd","09:37:03",513400
18500,500,300,"sd","09:37:02",511400
18500,500,1000,"sd","09:36:59",511100
18500,500,200,"sd","09:36:58",510100
18500,500,1000,"sd","09:36:57",509900
18500,500,1400,"sd","09:36:52",508900
18500,500,9000,"sd","09:36:47",507500
18500,500,300,"sd","09:36:45",498500
18500,500,100,"sd","09:36:22",498200
18500,500,300,"sd","09:36:20",498100
18500,500,700,"sd","09:36:17",497800
18500,500,1500,"sd","09:36:15",497100
18500,500,3500,"sd","09:36:13",495600
18500,500,1000,"bu","09:36:11",492100
18500,500,10000,"bu","09:36:08",491100
18500,500,1700,"bu","09:36:03",481100
18500,500,2000,"bu","09:35:49",479400
18500,500,300,"bu","09:35:14",477400
18500,500,200,"bu","09:35:08",477100
18500,500,7900,"bu","09:35:07",476900
18500,500,100,"sd","09:34:53",469000
18500,500,1000,"sd","09:34:51",468900
18500,500,100,"sd","09:34:44",467900
18600,600,800,"bu","09:34:38",467800
18500,500,100,"sd","09:34:27",467000
18600,600,400,"bu","09:34:01",466900
18600,600,3500,"bu","09:33:56",466500
18600,600,100,"sd","09:33:53",463000
18600,600,200,"sd","09:33:49",462900
18600,600,100,"sd","09:33:48",462700
18600,600,100,"sd","09:33:47",462600
18600,600,200,"sd","09:33:45",462500
18600,600,600,"sd","09:33:43",462300
18600,600,4100,"sd","09:33:37",461700
18600,600,200,"bu","09:33:36",457600
18600,600,1000,"bu","09:33:30",457400
18600,600,100,"bu","09:33:28",456400
18600,600,7000,"bu","09:33:26",456300
18600,600,6900,"bu","09:33:18",449300
18600,600,400,"bu","09:33:17",442400
18600,600,400,"bu","09:33:15",442000
18600,600,800,"bu","09:33:08",441600
18500,500,1000,"sd","09:33:05",440800
18500,500,100,"sd","09:33:04",439800
18600,600,1800,"bu","09:33:03",439700
18600,600,100,"sd","09:33:00",437900
18600,600,18100,"sd","09:32:59",437800
18500,500,200,"sd","09:32:58",419700
18500,500,100,"sd","09:32:55",419500
18600,600,1500,"bu","09:32:52",419400
18500,500,100,"sd","09:32:46",417900
18500,500,100,"sd","09:32:43",417800
18500,500,1000,"sd","09:32:40",417700
18600,600,2000,"bu","09:32:33",416700
18500,500,400,"sd","09:32:27",414700
18500,500,100,"sd","09:32:23",414300
18600,600,10500,"bu","09:32:21",414200
18500,500,700,"sd","09:32:18",403700
18500,500,100,"sd","09:32:16",403000
18500,500,5000,"sd","09:32:13",402900
18500,500,100,"sd","09:32:11",397900
18500,500,33300,"sd","09:32:08",397800
18400,400,100,"sd","09:32:01",364500
18400,400,100,"sd","09:31:47",364400
18500,500,200,"bu","09:31:45",364300
18400,400,200,"sd","09:31:44",364100
18400,400,100,"sd","09:31:33",363900
18400,400,800,"sd","09:31:29",363800
18400,400,500,"bu","09:31:28",363000
18400,400,4400,"bu","09:31:26",362500
18400,400,1000,"bu","09:31:25",358100
18400,400,1000,"bu","09:31:24",357100
18300,300,100,"sd","09:31:23",356100
18400,400,7000,"bu","09:31:20",356000
18400,400,3000,"bu","09:31:17",349000
18400,400,10000,"bu","09:31:14",346000
18400,400,8000,"bu","09:31:11",336000
18300,300,300,"sd","09:31:08",328000
18300,300,2200,"sd","09:31:06",327700
18300,300,100,"sd","09:31:02",325500
18300,300,200,"sd","09:30:53",325400
18300,300,1900,"sd","09:30:50",325200
18300,300,200,"bu","09:30:45",323300
18300,300,1700,"bu","09:30:42",323100
18300,300,100,"bu","09:30:38",321400
18300,300,5000,"bu","09:30:35",321300
18300,300,3700,"bu","09:30:33",316300
18300,300,74200,"sd","09:30:29",312600
18200,200,300,"sd","09:30:28",238400
18200,200,600,"sd","09:30:23",238100
18200,200,2000,"sd","09:30:22",237500
18200,200,4200,"sd","09:30:18",235500
18200,200,15000,"sd","09:30:13",231300
18200,200,11000,"bu","09:30:10",216300
18200,200,5000,"bu","09:30:06",205300
18200,200,300,"bu","09:30:05",200300
18200,200,1000,"bu","09:30:03",200000
18200,200,3800,"bu","09:29:58",199000
18200,200,100,"bu","09:29:56",195200
18200,200,900,"bu","09:29:53",195100
18200,200,5000,"bu","09:29:43",194200
18200,200,1000,"bu","09:29:31",189200
18200,200,1000,"bu","09:29:28",188200
18200,200,3500,"bu","09:29:20",187200
18200,200,900,"bu","09:29:02",183700
18200,200,1000,"bu","09:28:42",182800
18200,200,8300,"bu","09:28:24",181800
18100,100,600,"sd","09:28:08",173500
18100,100,4000,"sd","09:28:02",172900
18100,100,100,"bu","09:27:57",168900
18100,100,300,"bu","09:27:53",168800
18100,100,19900,"sd","09:27:47",168500
18100,100,1000,"bu","09:27:32",148600
18100,100,5000,"bu","09:27:31",147600
18100,100,3200,"bu","09:27:17",142600
18000,0,100,"sd","09:26:58",139400
18000,0,1000,"sd","09:26:52",139300
18100,100,3000,"bu","09:26:51",138300
18000,0,100,"sd","09:26:48",135300
18000,0,1000,"sd","09:26:43",135200
18000,0,100,"sd","09:26:33",134200
18000,0,400,"sd","09:26:08",134100
18000,0,3000,"sd","09:26:05",133700
18000,0,100,"sd","09:26:03",130700
18000,0,700,"sd","09:25:58",130600
18000,0,5000,"sd","09:25:56",129900
18000,0,100,"sd","09:25:02",124900
18000,0,400,"sd","09:24:58",124800
18000,0,3300,"sd","09:24:55",124400
18000,0,300,"sd","09:24:43",121100
18000,0,2000,"sd","09:24:42",120800
18000,0,200,"sd","09:24:33",118800
18000,0,1500,"sd","09:24:28",118600
18000,0,10000,"sd","09:24:23",117100
18000,0,300,"sd","09:23:33",107100
18100,100,200,"bu","09:23:32",106800
18000,0,2000,"sd","09:23:30",106600
18000,0,400,"sd","09:22:48",104600
18000,0,100,"sd","09:22:36",104200
18000,0,400,"sd","09:21:28",104100
18000,0,3100,"sd","09:21:23",103700
18000,0,17800,"sd","09:21:18",100600
18100,100,1400,"bu","09:19:47",82800
18100,100,200,"bu","09:19:23",81400
18100,100,500,"bu","09:19:18",81200
18100,100,5000,"bu","09:18:39",80700
18100,100,200,"bu","09:17:33",75700
18100,100,700,"bu","09:16:38",75500
18100,100,20500,"sd","09:16:33",74800
18100,100,3600,"sd","09:16:31",54300
18100,100,100,"sd","09:16:14",50700
18100,100,100,"sd","09:16:08",50600
18200,200,100,"bu","09:16:07",50500
18100,100,1000,"sd","09:16:06",50400
18100,100,100,"sd","09:15:34",49400
18100,100,100,"sd","09:15:23",49300
18100,100,1000,"sd","09:15:20",49200
18100,100,200,"sd","09:15:08",48200
18100,100,100,"sd","09:14:58",48000
18100,100,1000,"sd","09:14:52",47900
18100,100,500,"sd","09:14:44",46900
18100,100,200,"sd","09:14:38",46400
18100,100,1000,"sd","09:14:34",46200
18100,100,800,"sd","09:14:33",45200
18100,100,300,"sd","09:13:38",44400
18100,100,2000,"sd","09:13:36",44100
18100,100,100,"sd","09:12:58",42100
18100,100,1000,"sd","09:12:52",42000
18100,100,100,"sd","09:12:23",41000
18100,100,1000,"sd","09:12:17",40900
18100,100,100,"sd","09:12:15",39900
18100,100,100,"sd","09:12:08",39800
18100,100,1000,"sd","09:12:06",39700
18200,200,100,"bu","09:11:28",38700
18100,100,100,"sd","09:11:09",38600
18100,100,400,"sd","09:10:48",38500
18100,100,3200,"sd","09:10:44",38100
18200,200,500,"bu","09:09:08",34900
18100,100,100,"sd","09:08:53",34400
18100,100,1300,"sd","09:08:49",34300
18100,100,900,"bu","09:08:08",33000
18100,100,100,"sd","09:07:18",32100
18100,100,500,"sd","09:07:14",32000
18100,100,300,"bu","09:07:13",31500
18100,100,500,"bu","09:07:10",31200
18100,100,3000,"bu","09:07:06",30700
18100,100,2000,"bu","09:06:34",27700
18100,100,1000,"bu","09:06:33",25700
18100,100,1000,"bu","09:06:08",24700
18100,100,2000,"bu","09:06:07",23700
18100,100,3000,"bu","09:05:37",21700
18100,100,2000,"bu","09:05:36",18700
18100,100,1000,"bu","09:05:18",16700
18000,0,200,"sd","09:03:34",15700
18100,100,100,"bu","09:03:33",15500
18000,0,1500,"sd","09:03:31",15400
18000,0,1000,"sd","09:02:44",13900
18000,0,2000,"sd","09:02:35",12900
18000,0,2800,"bu","09:02:33",10900
18000,0,100,"bu","09:02:25",8100
18000,0,2000,"bu","09:02:09",8000
18000,0,300,"bu","09:01:39",6000
18000,0,3900,"bu","09:01:08",5700
18000,0,1000,"sd","09:01:06",1800
18000,0,100,"sd","09:00:34",800
18100,100,300,"bu","09:00:33",700
18100,100,200,"sd","09:00:21",400
18000,0,200,"sd","09:00:13",200
