"price","change","match_qtty","side","time","total_vol"
6700,160,19100,"unknown","14:45:00",116500
6670,130,300,"bu","14:29:51",97400
6670,130,500,"bu","14:26:29",97100
6670,130,2200,"bu","14:25:52",96600
6660,120,500,"bu","14:25:52",94400
6640,100,100,"bu","14:25:15",93900
6630,90,100,"bu","14:25:15",93800
6620,80,200,"bu","14:25:15",93700
6600,60,500,"sd","14:24:17",93500
6600,60,500,"sd","14:23:17",93000
6600,60,500,"bu","14:23:02",92500
6600,60,500,"bu","14:22:58",92000
6590,50,200,"sd","14:22:50",91500
6600,60,600,"bu","14:21:14",91300
6600,60,200,"sd","14:19:39",90700
6600,60,200,"sd","14:19:39",90500
6600,60,300,"sd","14:18:21",90300
6620,80,100,"bu","14:15:09",90000
6620,80,100,"bu","14:08:44",89900
6590,50,100,"sd","14:08:13",89800
6610,70,100,"bu","14:03:44",89700
6600,60,3500,"bu","14:03:04",89600
6600,60,300,"sd","14:02:44",86100
6600,60,6000,"bu","14:02:28",85800
6600,60,100,"bu","14:02:28",79800
6600,60,3200,"bu","14:02:28",79700
6600,60,100,"bu","14:02:28",76500
6600,60,100,"bu","14:02:28",76400
6600,60,200,"bu","14:02:28",76300
6600,60,200,"bu","14:01:28",76100
6580,40,700,"bu","14:00:32",75900
6600,60,400,"bu","13:57:44",75200
6600,60,200,"bu","13:46:35",74800
6600,60,200,"bu","13:46:35",74600
6590,50,200,"bu","13:46:32",74400
6580,40,100,"bu","13:45:48",74200
6580,40,500,"bu","13:45:48",74100
6580,40,500,"bu","13:45:48",73600
6580,40,2300,"bu","13:45:48",73100
6580,40,100,"bu","13:44:50",70800
6580,40,100,"bu","13:44:50",70700
6580,40,900,"bu","13:43:53",70600
6580,40,200,"bu","13:43:53",69700
6580,40,1000,"bu","13:43:53",69500
6580,40,3900,"bu","13:43:53",68500
6570,30,500,"sd","13:42:26",64600
6570,30,300,"bu","13:40:07",64100
6570,30,100,"bu","13:39:05",63800
6550,10,900,"sd","13:38:52",63700
6550,10,300,"sd","13:38:52",62800
6550,10,200,"sd","13:38:52",62500
6550,10,600,"sd","13:38:52",62300
6550,10,400,"sd","13:36:46",61700
6550,10,1000,"sd","13:32:03",61300
6550,10,1000,"sd","13:31:47",60300
6550,10,2000,"sd","13:31:47",59300
6550,10,100,"sd","13:31:47",57300
6560,20,100,"sd","13:31:47",57200
6560,20,800,"sd","13:31:47",57100
6570,30,100,"bu","13:28:38",56300
6570,30,300,"bu","13:28:11",56200
6570,30,100,"bu","13:26:33",55900
6570,30,500,"bu","13:25:13",55800
6560,20,100,"sd","13:20:48",55300
6560,20,100,"sd","13:12:39",55200
6560,20,200,"sd","13:12:39",55100
6560,20,800,"bu","13:01:26",54900
6560,20,1000,"sd","13:01:05",54100
6560,20,200,"sd","13:01:05",53100
6580,40,100,"bu","13:00:41",52900
6560,20,1700,"sd","13:00:28",52800
6560,20,100,"sd","13:00:02",51100
6580,40,400,"sd","13:00:01",51000
6580,40,500,"sd","11:29:50",50600
6580,40,1100,"sd","11:29:20",50100
6590,50,400,"sd","11:29:20",49000
6600,60,300,"sd","11:22:55",48600
6600,60,100,"sd","11:22:52",48300
6610,70,100,"sd","11:21:20",48200
6610,70,100,"sd","11:19:29",48100
6600,60,200,"sd","10:58:41",48000
6600,60,200,"bu","10:58:35",47800
6600,60,1300,"bu","10:58:35",47600
6600,60,400,"bu","10:58:35",46300
6590,50,1500,"bu","10:58:35",45900
6600,60,100,"bu","10:56:11",44400
6590,50,800,"sd","10:53:09",44300
6600,60,300,"bu","10:52:17",43500
6590,50,200,"sd","10:50:12",43200
6590,50,1000,"sd","10:48:05",43000
6590,50,500,"sd","10:48:05",42000
6590,50,500,"sd","10:43:58",41500
6590,50,3000,"sd","10:42:46",41000
6600,60,500,"sd","10:42:06",38000
6600,60,100,"sd","10:41:19",37500
6610,70,500,"sd","10:41:19",37400
6610,70,400,"sd","10:41:19",36900
6620,80,300,"sd","10:41:19",36500
6620,80,100,"sd","10:41:19",36200
6650,110,100,"bu","10:40:29",36100
6650,110,200,"bu","10:40:20",36000
6650,110,700,"bu","10:39:23",35800
6640,100,100,"bu","10:37:38",35100
6650,110,200,"sd","10:34:25",35000
6670,130,200,"sd","10:33:28",34800
6670,130,500,"sd","10:32:45",34600
6680,140,1600,"bu","10:32:16",34100
6680,140,200,"bu","10:31:10",32500
6680,140,500,"sd","10:28:14",32300
6680,140,200,"sd","10:28:14",31800
6690,150,200,"sd","10:26:54",31600
6700,160,200,"bu","10:26:05",31400
6700,160,200,"bu","10:26:05",31200
6700,160,100,"bu","10:26:05",31000
6700,160,100,"bu","10:26:05",30900
6700,160,100,"bu","10:26:05",30800
6690,150,500,"bu","10:24:40",30700
6690,150,100,"bu","10:24:40",30200
6690,150,200,"bu","10:24:40",30100
6690,150,400,"bu","10:22:02",29900
6690,150,200,"bu","10:21:21",29500
6690,150,200,"bu","10:21:20",29300
6690,150,100,"bu","10:21:20",29100
6690,150,100,"bu","10:21:20",29000
6680,140,200,"bu","10:21:09",28900
6680,140,200,"bu","10:21:09",28700
6680,140,1800,"bu","10:20:50",28500
6660,120,200,"bu","10:19:48",26700
6640,100,200,"bu","10:19:48",26500
6620,80,200,"bu","10:19:48",26300
6610,70,100,"bu","10:19:48",26100
6600,60,200,"bu","10:19:48",26000
6600,60,300,"bu","10:19:48",25800
6600,60,300,"bu","10:19:48",25500
6600,60,200,"bu","10:19:39",25200
6600,60,100,"bu","10:19:39",25000
6600,60,200,"bu","10:19:39",24900
6600,60,300,"bu","10:19:31",24700
6590,50,1200,"sd","10:17:50",24400
6590,50,200,"bu","10:17:08",23200
6590,50,300,"bu","10:17:08",23000
6590,50,100,"bu","10:17:08",22700
6590,50,200,"bu","10:17:08",22600
6590,50,300,"bu","10:16:55",22400
6590,50,1000,"bu","10:15:29",22100
6590,50,400,"bu","10:15:22",21100
6590,50,100,"bu","10:11:34",20700
6590,50,300,"bu","10:11:34",20600
6590,50,100,"bu","10:10:58",20300
6590,50,1200,"bu","09:52:24",20200
6510,-30,400,"sd","09:50:51",19000
6510,-30,300,"sd","09:47:39",18600
6510,-30,100,"sd","09:47:39",18300
6510,-30,1000,"sd","09:47:39",18200
6500,-40,200,"bu","09:36:37",17200
6490,-50,300,"sd","09:32:09",17000
6510,-30,200,"sd","09:32:09",16700
6520,-20,500,"sd","09:32:09",16500
6530,-10,100,"sd","09:32:09",16000
6540,0,1000,"sd","09:32:09",15900
6540,0,400,"sd","09:32:09",14900
6550,10,500,"sd","09:32:09",14500
6550,10,1000,"sd","09:32:09",14000
6550,10,100,"sd","09:32:09",13000
6550,10,200,"sd","09:32:09",12900
6550,10,400,"sd","09:32:09",12700
6550,10,500,"sd","09:32:09",12300
6560,20,200,"sd","09:32:09",11800
6560,20,3400,"sd","09:32:09",11600
6580,40,1000,"sd","09:32:09",8200
6590,50,200,"sd","09:31:58",7200
6590,50,500,"sd","09:31:23",7000
6590,50,300,"sd","09:30:36",6500
6700,160,6200,"bu","09:14:59",6200
