"price","change","match_qtty","side","time","total_vol"
19200,400,100,"sd","14:45:29",84200
19200,400,200,"unknown","14:39:54",84100
19200,400,1000,"bu","14:30:22",83900
19200,400,1000,"bu","14:29:47",82900
19200,400,500,"bu","14:28:36",81900
19200,400,300,"bu","14:23:28",81400
19200,400,100,"bu","13:50:11",81100
19100,300,100,"bu","13:31:19",81000
19100,300,300,"bu","13:30:31",80900
19000,200,100,"sd","13:20:09",80600
19100,300,300,"bu","13:13:30",80500
19100,300,300,"sd","13:09:40",80200
19100,300,1700,"bu","13:07:43",79900
19100,300,100,"bu","13:06:50",78200
19000,200,1500,"sd","13:02:51",78100
19000,200,800,"unknown","11:18:52",76600
19000,200,300,"sd","11:16:50",75800
19000,200,2700,"sd","11:16:37",75500
19000,200,1900,"sd","11:16:03",72800
19000,200,500,"sd","11:15:52",70900
19000,200,1000,"sd","11:15:38",70400
19000,200,2000,"sd","11:15:13",69400
19000,200,3000,"sd","11:04:58",67400
19200,400,100,"bu","11:01:52",64400
19200,400,2000,"bu","10:59:29",64300
19200,400,600,"bu","10:52:44",62300
19200,400,1200,"sd","10:52:04",61700
19200,400,200,"sd","10:48:48",60500
19200,400,200,"sd","10:45:53",60300
19400,600,2000,"bu","10:32:58",60100
19500,700,100,"sd","10:32:26",58100
19500,700,500,"sd","10:27:13",58000
19500,700,5000,"sd","10:26:19",57500
19600,800,100,"unknown","10:24:49",52500
19600,800,300,"sd","10:24:15",52400
19600,800,2500,"sd","10:20:08",52100
19600,800,5000,"sd","10:18:33",49600
19800,1000,5000,"bu","10:11:16",44600
19600,800,100,"unknown","10:06:24",39600
19500,700,400,"unknown","10:04:31",39500
19500,700,2000,"sd","10:03:45",39100
19500,700,3600,"sd","10:01:30",37100
19400,600,100,"unknown","10:00:43",33500
19400,600,500,"unknown","09:56:58",33400
19400,600,1500,"sd","09:56:38",32900
19300,500,400,"bu","09:56:37",31400
19400,600,200,"bu","09:53:24",31000
19300,500,4600,"sd","09:53:10",30800
19300,500,100,"bu","09:52:01",26200
19200,400,500,"sd","09:51:59",26100
19200,400,2200,"sd","09:49:41",25600
19100,300,900,"sd","09:49:29",23400
19000,200,2600,"bu","09:42:41",22500
19000,200,400,"bu","09:42:39",19900
19000,200,10000,"bu","09:42:12",19500
18900,100,100,"bu","09:41:05",9500
18900,100,900,"sd","09:40:09",9400
18800,0,100,"sd","09:35:24",8500
18800,0,5000,"sd","09:07:15",8400
18900,100,1500,"unknown","09:06:42",3400
19200,400,800,"bu","09:05:26",1900
19200,400,800,"bu","09:03:24",1100
19000,200,300,"unknown","09:03:07",300
