"price","change","match_qtty","side","time","total_vol"
16550,-150,51900,"unknown","14:45:01",1765500
16550,-150,300,"sd","14:29:55",1713600
16550,-150,200,"sd","14:29:55",1713300
16550,-150,2900,"sd","14:29:55",1713100
16550,-150,100,"sd","14:29:26",1710200
16550,-150,100,"sd","14:29:22",1710100
16550,-150,100,"sd","14:29:10",1710000
16550,-150,2800,"sd","14:28:59",1709900
16550,-150,200,"sd","14:28:59",1707100
16600,-100,500,"bu","14:28:51",1706900
16600,-100,500,"bu","14:28:51",1706400
16550,-150,800,"sd","14:28:46",1705900
16550,-150,100,"sd","14:28:46",1705100
16550,-150,200,"sd","14:28:46",1705000
16550,-150,100,"sd","14:28:46",1704800
16550,-150,300,"sd","14:28:46",1704700
16550,-150,500,"sd","14:28:46",1704400
16550,-150,1000,"sd","14:28:46",1703900
16550,-150,300,"sd","14:28:21",1702900
16550,-150,700,"bu","14:28:07",1702600
16550,-150,1000,"bu","14:28:05",1701900
16550,-150,200,"bu","14:28:03",1700900
16550,-150,100,"bu","14:28:02",1700700
16550,-150,100,"bu","14:28:02",1700600
16550,-150,100,"bu","14:27:54",1700500
16500,-200,500,"sd","14:27:53",1700400
16550,-150,400,"bu","14:27:53",1699900
16550,-150,1000,"bu","14:27:41",1699500
16550,-150,100,"sd","14:27:20",1698500
16550,-150,600,"sd","14:27:20",1698400
16550,-150,100,"sd","14:27:20",1697800
16550,-150,2600,"sd","14:27:20",1697700
16550,-150,2000,"sd","14:27:09",1695100
16550,-150,3000,"sd","14:26:48",1693100
16550,-150,500,"bu","14:26:26",1690100
16550,-150,1900,"bu","14:26:26",1689600
16550,-150,500,"bu","14:26:21",1687700
16550,-150,400,"bu","14:26:18",1687200
16550,-150,1700,"bu","14:26:15",1686800
16550,-150,200,"bu","14:26:15",1685100
16550,-150,500,"bu","14:25:50",1684900
16550,-150,200,"bu","14:25:34",1684400
16500,-200,900,"sd","14:25:34",1684200
16500,-200,900,"sd","14:25:34",1683300
16500,-200,2000,"sd","14:25:34",1682400
16500,-200,100,"sd","14:25:34",1680400
16500,-200,1000,"sd","14:25:34",1680300
16500,-200,100,"sd","14:25:34",1679300
16500,-200,300,"sd","14:25:33",1679200
16550,-150,100,"bu","14:25:04",1678900
16500,-200,400,"sd","14:24:53",1678800
16500,-200,1000,"sd","14:24:53",1678400
16500,-200,600,"sd","14:24:53",1677400
16500,-200,9400,"bu","14:24:42",1676800
16500,-200,100,"bu","14:24:39",1667400
16500,-200,100,"bu","14:24:38",1667300
16500,-200,100,"bu","14:24:37",1667200
16500,-200,100,"bu","14:24:36",1667100
16500,-200,200,"bu","14:24:34",1667000
16500,-200,100,"bu","14:24:34",1666800
16500,-200,2900,"sd","14:24:30",1666700
16500,-200,7100,"bu","14:24:28",1663800
16500,-200,2000,"bu","14:24:27",1656700
16500,-200,500,"bu","14:24:26",1654700
16500,-200,100,"bu","14:24:24",1654200
16450,-250,600,"sd","14:24:23",1654100
16450,-250,1400,"sd","14:24:23",1653500
16450,-250,1000,"sd","14:24:23",1652100
16450,-250,800,"sd","14:24:23",1651100
16450,-250,2000,"sd","14:24:23",1650300
16450,-250,100,"sd","14:24:23",1648300
16450,-250,400,"sd","14:24:23",1648200
16450,-250,3100,"sd","14:24:23",1647800
16450,-250,100,"sd","14:24:23",1644700
16500,-200,300,"bu","14:24:22",1644600
16450,-250,100,"sd","14:24:10",1644300
16500,-200,900,"bu","14:24:01",1644200
16500,-200,100,"bu","14:23:40",1643300
16500,-200,800,"bu","14:23:33",1643200
16500,-200,500,"bu","14:23:28",1642400
16450,-250,800,"sd","14:22:59",1641900
16500,-200,2700,"bu","14:22:48",1641100
16500,-200,300,"bu","14:22:48",1638400
16500,-200,100,"bu","14:22:34",1638100
16500,-200,500,"bu","14:22:28",1638000
16500,-200,500,"bu","14:22:13",1637500
16450,-250,400,"sd","14:21:30",1637000
16450,-250,2000,"sd","14:21:13",1636600
16500,-200,100,"bu","14:20:40",1634600
16500,-200,300,"bu","14:20:37",1634500
16500,-200,100,"bu","14:20:29",1634200
16500,-200,100,"bu","14:20:20",1634100
16500,-200,1000,"bu","14:20:03",1634000
16500,-200,100,"bu","14:20:03",1633000
16500,-200,500,"bu","14:20:03",1632900
16500,-200,2500,"bu","14:20:03",1632400
16500,-200,900,"bu","14:20:03",1629900
16500,-200,100,"bu","14:20:02",1629000
16500,-200,300,"bu","14:19:51",1628900
16500,-200,300,"bu","14:19:30",1628600
16500,-200,1000,"sd","14:19:22",1628300
16500,-200,300,"sd","14:19:22",1627300
16500,-200,2100,"sd","14:19:22",1627000
16500,-200,2500,"sd","14:19:10",1624900
16500,-200,1200,"sd","14:18:46",1622400
16500,-200,1100,"bu","14:18:10",1621200
16500,-200,500,"sd","14:17:58",1620100
16500,-200,1400,"sd","14:17:58",1619600
16500,-200,3000,"bu","14:17:41",1618200
16500,-200,16100,"bu","14:17:41",1615200
16500,-200,500,"bu","14:17:35",1599100
16500,-200,1000,"bu","14:17:17",1598600
16500,-200,5900,"bu","14:17:12",1597600
16500,-200,4100,"bu","14:17:12",1591700
16500,-200,1000,"bu","14:17:12",1587600
16500,-200,1500,"sd","14:16:58",1586600
16500,-200,1000,"sd","14:16:58",1585100
16500,-200,600,"sd","14:16:58",1584100
16500,-200,300,"sd","14:16:58",1583500
16500,-200,100,"sd","14:16:58",1583200
16500,-200,3000,"sd","14:16:58",1583100
16500,-200,5000,"sd","14:16:58",1580100
16500,-200,500,"sd","14:16:58",1575100
16500,-200,200,"sd","14:16:58",1574600
16500,-200,1000,"sd","14:16:58",1574400
16500,-200,500,"sd","14:16:58",1573400
16500,-200,5000,"sd","14:16:58",1572900
16500,-200,200,"sd","14:16:58",1567900
16500,-200,1000,"sd","14:16:58",1567700
16500,-200,4000,"sd","14:16:56",1566700
16500,-200,100,"sd","14:16:28",1562700
16500,-200,900,"sd","14:15:59",1562600
16500,-200,1000,"sd","14:15:59",1561700
16500,-200,100,"sd","14:15:59",1560700
16500,-200,200,"sd","14:15:59",1560600
16500,-200,100,"sd","14:15:59",1560400
16500,-200,400,"sd","14:15:28",1560300
16500,-200,1000,"sd","14:15:28",1559900
16500,-200,300,"sd","14:15:28",1558900
16500,-200,100,"sd","14:15:28",1558600
16500,-200,200,"sd","14:15:28",1558500
16600,-100,100,"bu","14:15:27",1558300
16600,-100,300,"bu","14:15:07",1558200
16550,-150,700,"bu","14:15:07",1557900
16550,-150,200,"sd","14:15:06",1557200
16550,-150,1000,"sd","14:15:06",1557000
16550,-150,100,"sd","14:15:06",1556000
16550,-150,500,"sd","14:15:06",1555900
16550,-150,1300,"sd","14:15:06",1555400
16550,-150,1000,"sd","14:15:06",1554100
16550,-150,100,"sd","14:15:06",1553100
16600,-100,500,"bu","14:15:00",1553000
16600,-100,1000,"bu","14:14:07",1552500
16550,-150,900,"sd","14:13:58",1551500
16550,-150,1000,"sd","14:13:58",1550600
16550,-150,800,"sd","14:13:58",1549600
16550,-150,200,"sd","14:13:58",1548800
16550,-150,100,"sd","14:13:58",1548600
16550,-150,1000,"sd","14:13:57",1548500
16600,-100,500,"sd","14:13:43",1547500
16600,-100,2000,"sd","14:13:43",1547000
16600,-100,200,"sd","14:13:43",1545000
16600,-100,200,"sd","14:13:43",1544800
16600,-100,500,"sd","14:13:43",1544600
16600,-100,500,"sd","14:13:43",1544100
16600,-100,500,"sd","14:13:43",1543600
16600,-100,3500,"sd","14:13:43",1543100
16600,-100,500,"sd","14:13:42",1539600
16600,-100,500,"sd","14:13:37",1539100
16600,-100,500,"sd","14:13:28",1538600
16600,-100,500,"sd","14:13:13",1538100
16600,-100,1900,"sd","14:13:09",1537600
16600,-100,2600,"bu","14:12:53",1535700
16600,-100,100,"sd","14:12:50",1533100
16600,-100,100,"sd","14:12:50",1533000
16600,-100,200,"sd","14:12:50",1532900
16650,-50,6200,"bu","14:12:41",1532700
16650,-50,3800,"bu","14:12:41",1526500
16600,-100,200,"sd","14:12:31",1522700
16600,-100,9800,"sd","14:12:31",1522500
16600,-100,1000,"bu","14:12:14",1512700
16600,-100,200,"bu","14:12:14",1511700
16600,-100,400,"bu","14:12:14",1511500
16600,-100,2900,"bu","14:12:14",1511100
16600,-100,200,"bu","14:12:14",1508200
16600,-100,200,"bu","14:12:14",1508000
16600,-100,100,"bu","14:12:14",1507800
16600,-100,5000,"bu","14:12:14",1507700
16600,-100,200,"bu","14:12:14",1502700
16600,-100,500,"bu","14:12:07",1502500
16600,-100,1100,"bu","14:11:50",1502000
16600,-100,900,"bu","14:11:50",1500900
16550,-150,600,"sd","14:11:43",1500000
16550,-150,100,"bu","14:09:28",1499400
16550,-150,4300,"bu","14:09:28",1499300
16550,-150,200,"bu","14:09:26",1495000
16550,-150,2000,"bu","14:08:46",1494800
16550,-150,1000,"bu","14:08:46",1492800
16550,-150,200,"bu","14:08:07",1491800
16550,-150,100,"bu","14:08:02",1491600
16550,-150,100,"bu","14:07:57",1491500
16550,-150,200,"bu","14:07:56",1491400
16550,-150,500,"bu","14:07:50",1491200
16550,-150,100,"bu","14:07:34",1490700
16550,-150,300,"bu","14:07:28",1490600
16550,-150,200,"bu","14:07:13",1490300
16550,-150,800,"bu","14:06:30",1490100
16550,-150,500,"bu","14:06:30",1489300
16550,-150,200,"bu","14:06:30",1488800
16500,-200,100,"sd","14:06:27",1488600
16500,-200,100,"bu","14:05:45",1488500
16500,-200,1000,"bu","14:05:43",1488400
16500,-200,400,"bu","14:05:33",1487400
16500,-200,400,"bu","14:05:19",1487000
16500,-200,100,"bu","14:05:17",1486600
16500,-200,200,"bu","14:05:17",1486500
16500,-200,100,"bu","14:05:13",1486300
16500,-200,1700,"bu","14:05:08",1486200
16500,-200,300,"bu","14:05:08",1484500
16500,-200,600,"bu","14:05:04",1484200
16500,-200,3000,"bu","14:05:04",1483600
16500,-200,3100,"bu","14:05:04",1480600
16500,-200,1000,"bu","14:05:00",1477500
16500,-200,5900,"bu","14:04:43",1476500
16500,-200,400,"bu","14:04:43",1470600
16500,-200,1000,"bu","14:04:43",1470200
16500,-200,2500,"bu","14:04:43",1469200
16500,-200,200,"bu","14:04:43",1466700
16500,-200,1000,"bu","14:04:39",1466500
16450,-250,1000,"sd","14:04:19",1465500
16450,-250,500,"sd","14:03:51",1464500
16450,-250,5200,"sd","14:03:29",1464000
16450,-250,300,"sd","14:03:29",1458800
16450,-250,100,"sd","14:03:29",1458500
16450,-250,10000,"sd","14:03:29",1458400
16450,-250,100,"sd","14:03:29",1448400
16450,-250,200,"sd","14:03:29",1448300
16450,-250,4000,"sd","14:03:29",1448100
16450,-250,100,"sd","14:03:29",1444100
16450,-250,500,"sd","14:03:28",1444000
16500,-200,100,"bu","14:03:23",1443500
16500,-200,700,"bu","14:02:57",1443400
16500,-200,300,"bu","14:02:57",1442700
16500,-200,500,"bu","14:02:44",1442400
16500,-200,100,"bu","14:02:44",1441900
16500,-200,100,"bu","14:02:36",1441800
16450,-250,3000,"sd","14:02:21",1441700
16450,-250,500,"sd","14:02:21",1438700
16450,-250,300,"sd","14:02:21",1438200
16450,-250,3000,"sd","14:02:21",1437900
16450,-250,500,"sd","14:02:21",1434900
16450,-250,100,"sd","14:02:21",1434400
16450,-250,500,"sd","14:02:21",1434300
16450,-250,14400,"sd","14:02:21",1433800
16500,-200,100,"bu","14:02:17",1419400
16500,-200,300,"bu","14:01:46",1419300
16500,-200,4700,"bu","14:01:22",1419000
16450,-250,5600,"sd","13:59:02",1414300
16450,-250,200,"sd","13:59:02",1408700
16450,-250,500,"sd","13:58:39",1408500
16450,-250,1500,"sd","13:58:39",1408000
16500,-200,1000,"bu","13:58:31",1406500
16450,-250,3500,"sd","13:57:25",1405500
16450,-250,100,"sd","13:57:25",1402000
16450,-250,100,"sd","13:57:25",1401900
16500,-200,200,"sd","13:57:25",1401800
16500,-200,1000,"sd","13:57:25",1401600
16500,-200,300,"sd","13:57:25",1400600
16500,-200,300,"sd","13:57:25",1400300
16500,-200,100,"bu","13:56:38",1400000
16500,-200,100,"bu","13:56:38",1399900
16500,-200,100,"bu","13:56:38",1399800
16500,-200,100,"bu","13:56:13",1399700
16500,-200,400,"bu","13:56:13",1399600
16500,-200,100,"bu","13:56:11",1399200
16500,-200,500,"bu","13:55:53",1399100
16500,-200,200,"bu","13:55:53",1398600
16500,-200,300,"bu","13:55:53",1398400
16500,-200,100,"bu","13:55:26",1398100
16500,-200,1000,"bu","13:55:25",1398000
16500,-200,300,"bu","13:54:56",1397000
16500,-200,500,"bu","13:54:51",1396700
16500,-200,1100,"bu","13:54:05",1396200
16500,-200,300,"bu","13:54:05",1395100
16500,-200,1000,"bu","13:53:39",1394800
16450,-250,800,"sd","13:53:39",1393800
16450,-250,500,"sd","13:53:39",1393000
16450,-250,200,"sd","13:53:39",1392500
16450,-250,200,"sd","13:53:39",1392300
16450,-250,200,"sd","13:53:39",1392100
16450,-250,100,"sd","13:53:39",1391900
16450,-250,1600,"sd","13:53:31",1391800
16500,-200,1000,"bu","13:53:07",1390200
16500,-200,200,"bu","13:52:39",1389200
16500,-200,1000,"bu","13:52:33",1389000
16500,-200,100,"bu","13:51:36",1388000
16500,-200,1000,"bu","13:51:23",1387900
16500,-200,400,"bu","13:51:12",1386900
16500,-200,100,"bu","13:51:12",1386500
16500,-200,200,"bu","13:51:12",1386400
16500,-200,700,"bu","13:51:05",1386200
16500,-200,200,"bu","13:50:45",1385500
16500,-200,100,"bu","13:50:43",1385300
16500,-200,500,"bu","13:50:26",1385200
16500,-200,300,"bu","13:50:14",1384700
16500,-200,300,"bu","13:50:04",1384400
16500,-200,1000,"bu","13:49:47",1384100
16500,-200,100,"bu","13:49:38",1383100
16500,-200,200,"sd","13:49:35",1383000
16500,-200,5000,"sd","13:49:35",1382800
16500,-200,100,"sd","13:49:35",1377800
16500,-200,400,"sd","13:49:35",1377700
16500,-200,600,"sd","13:49:33",1377300
16500,-200,400,"sd","13:49:33",1376700
16500,-200,1100,"sd","13:49:33",1376300
16500,-200,1000,"sd","13:49:33",1375200
16500,-200,200,"sd","13:49:33",1374200
16500,-200,500,"sd","13:49:33",1374000
16500,-200,500,"sd","13:49:33",1373500
16500,-200,100,"sd","13:49:33",1373000
16500,-200,1000,"sd","13:49:33",1372900
16500,-200,400,"sd","13:49:33",1371900
16500,-200,100,"sd","13:49:31",1371500
16500,-200,300,"sd","13:49:31",1371400
16500,-200,100,"sd","13:49:31",1371100
16500,-200,100,"sd","13:49:31",1371000
16500,-200,200,"sd","13:49:31",1370900
16500,-200,300,"sd","13:49:28",1370700
16500,-200,400,"sd","13:49:28",1370400
16500,-200,500,"sd","13:49:28",1370000
16500,-200,100,"sd","13:49:28",1369500
16500,-200,100,"sd","13:49:28",1369400
16500,-200,1000,"sd","13:49:28",1369300
16500,-200,1000,"sd","13:49:28",1368300
16500,-200,600,"sd","13:49:28",1367300
16500,-200,400,"sd","13:49:06",1366700
16500,-200,600,"sd","13:49:06",1366300
16500,-200,1000,"sd","13:48:59",1365700
16550,-150,300,"bu","13:48:29",1364700
16550,-150,100,"bu","13:48:29",1364400
16550,-150,100,"bu","13:48:29",1364300
16550,-150,100,"bu","13:47:47",1364200
16550,-150,200,"bu","13:47:47",1364100
16550,-150,500,"bu","13:47:45",1363900
16550,-150,300,"bu","13:47:32",1363400
16550,-150,100,"bu","13:47:32",1363100
16550,-150,600,"bu","13:47:32",1363000
16550,-150,100,"bu","13:47:26",1362400
16550,-150,200,"bu","13:47:19",1362300
16550,-150,300,"bu","13:47:04",1362100
16550,-150,100,"bu","13:47:03",1361800
16550,-150,1700,"bu","13:46:54",1361700
16550,-150,3300,"bu","13:46:54",1360000
16550,-150,500,"bu","13:46:47",1356700
16550,-150,200,"bu","13:46:38",1356200
16550,-150,200,"sd","13:46:35",1356000
16550,-150,500,"sd","13:46:35",1355800
16550,-150,2300,"sd","13:46:35",1355300
16550,-150,700,"sd","13:45:54",1353000
16550,-150,300,"sd","13:45:54",1352300
16550,-150,100,"bu","13:45:18",1352000
16550,-150,100,"bu","13:45:18",1351900
16550,-150,100,"bu","13:45:12",1351800
16550,-150,500,"bu","13:44:15",1351700
16550,-150,100,"bu","13:44:12",1351200
16550,-150,100,"bu","13:44:12",1351100
16550,-150,100,"bu","13:44:12",1351000
16550,-150,200,"bu","13:44:05",1350900
16550,-150,100,"bu","13:44:04",1350700
16550,-150,100,"bu","13:43:49",1350600
16500,-200,1000,"sd","13:43:30",1350500
16500,-200,400,"bu","13:43:09",1349500
16500,-200,1500,"bu","13:43:09",1349100
16500,-200,100,"bu","13:43:00",1347600
16500,-200,900,"bu","13:43:00",1347500
16500,-200,100,"bu","13:42:56",1346600
16500,-200,400,"bu","13:42:55",1346500
16500,-200,100,"bu","13:42:55",1346100
16500,-200,200,"bu","13:42:52",1346000
16500,-200,300,"bu","13:42:52",1345800
16500,-200,200,"bu","13:42:46",1345500
16500,-200,1000,"bu","13:42:39",1345300
16500,-200,500,"bu","13:42:36",1344300
16500,-200,500,"bu","13:42:36",1343800
16500,-200,3000,"bu","13:42:32",1343300
16500,-200,2000,"bu","13:42:29",1340300
16500,-200,100,"bu","13:42:23",1338300
16500,-200,2400,"bu","13:42:18",1338200
16500,-200,100,"bu","13:42:18",1335800
16500,-200,500,"bu","13:42:18",1335700
16500,-200,1300,"bu","13:42:18",1335200
16500,-200,100,"bu","13:42:10",1333900
16500,-200,500,"bu","13:41:55",1333800
16500,-200,800,"bu","13:41:50",1333300
16500,-200,200,"bu","13:41:50",1332500
16500,-200,300,"bu","13:41:40",1332300
16500,-200,500,"bu","13:41:11",1332000
16450,-250,200,"sd","13:40:49",1331500
16450,-250,600,"sd","13:40:30",1331300
16450,-250,400,"sd","13:40:29",1330700
16450,-250,100,"bu","13:39:36",1330300
16450,-250,2000,"bu","13:39:36",1330200
16450,-250,9000,"bu","13:39:34",1328200
16450,-250,300,"bu","13:39:34",1319200
16400,-300,100,"sd","13:39:33",1318900
16400,-300,100,"sd","13:39:33",1318800
16400,-300,100,"sd","13:39:33",1318700
16450,-250,100,"bu","13:39:30",1318600
16450,-250,500,"bu","13:39:29",1318500
16450,-250,100,"bu","13:39:16",1318000
16450,-250,500,"bu","13:39:14",1317900
16450,-250,10000,"bu","13:39:13",1317400
16450,-250,500,"bu","13:39:10",1307400
16450,-250,200,"bu","13:39:01",1306900
16450,-250,500,"bu","13:38:59",1306700
16450,-250,500,"bu","13:38:51",1306200
16450,-250,4000,"bu","13:38:48",1305700
16450,-250,2000,"bu","13:38:47",1301700
16450,-250,400,"bu","13:38:44",1299700
16450,-250,1500,"bu","13:38:41",1299300
16450,-250,500,"bu","13:38:40",1297800
16450,-250,500,"bu","13:38:25",1297300
16450,-250,100,"sd","13:38:07",1296800
16450,-250,500,"sd","13:38:07",1296700
16450,-250,100,"sd","13:38:07",1296200
16450,-250,2000,"sd","13:38:07",1296100
16450,-250,300,"sd","13:38:07",1294100
16450,-250,500,"sd","13:38:07",1293800
16450,-250,8400,"sd","13:38:07",1293300
16450,-250,600,"sd","13:37:38",1284900
16450,-250,400,"sd","13:37:38",1284300
16450,-250,600,"sd","13:37:04",1283900
16450,-250,400,"sd","13:37:04",1283300
16450,-250,100,"sd","13:37:04",1282900
16450,-250,1000,"sd","13:37:04",1282800
16450,-250,100,"sd","13:37:04",1281800
16450,-250,100,"sd","13:37:04",1281700
16450,-250,100,"sd","13:37:04",1281600
16450,-250,100,"sd","13:37:04",1281500
16450,-250,500,"sd","13:37:04",1281400
16450,-250,100,"sd","13:37:04",1280900
16450,-250,100,"sd","13:37:04",1280800
16450,-250,200,"sd","13:37:04",1280700
16450,-250,1000,"sd","13:37:04",1280500
16450,-250,600,"sd","13:37:04",1279500
16450,-250,1700,"sd","13:36:21",1278900
16450,-250,5000,"sd","13:36:21",1277200
16450,-250,500,"sd","13:36:21",1272200
16450,-250,300,"sd","13:36:21",1271700
16450,-250,100,"sd","13:36:21",1271400
16450,-250,500,"sd","13:36:21",1271300
16450,-250,400,"sd","13:36:21",1270800
16450,-250,1000,"sd","13:36:21",1270400
16450,-250,5000,"sd","13:36:21",1269400
16450,-250,2000,"sd","13:36:21",1264400
16450,-250,2000,"sd","13:36:20",1262400
16450,-250,1300,"sd","13:36:20",1260400
16450,-250,500,"sd","13:36:20",1259100
16450,-250,1700,"sd","13:36:20",1258600
16450,-250,200,"sd","13:35:49",1256900
16450,-250,100,"sd","13:35:46",1256700
16450,-250,1800,"sd","13:34:52",1256600
16450,-250,1200,"sd","13:34:24",1254800
16450,-250,500,"sd","13:34:24",1253600
16450,-250,100,"sd","13:34:24",1253100
16450,-250,300,"sd","13:34:24",1253000
16450,-250,2000,"sd","13:34:24",1252700
16500,-200,500,"bu","13:34:02",1250700
16450,-250,2000,"sd","13:33:59",1250200
16450,-250,1000,"sd","13:33:59",1248200
16450,-250,100,"sd","13:33:59",1247200
16450,-250,300,"sd","13:33:48",1247100
16500,-200,100,"bu","13:33:37",1246800
16500,-200,1000,"bu","13:33:07",1246700
16500,-200,100,"bu","13:32:59",1245700
16500,-200,200,"bu","13:32:59",1245600
16500,-200,1800,"bu","13:32:53",1245400
16500,-200,200,"bu","13:32:53",1243600
16500,-200,10000,"bu","13:32:51",1243400
16500,-200,200,"bu","13:32:48",1233400
16500,-200,500,"bu","13:32:47",1233200
16450,-250,100,"sd","13:32:47",1232700
16500,-200,39100,"bu","13:32:41",1232600
16500,-200,100,"bu","13:32:41",1193500
16500,-200,10800,"bu","13:32:41",1193400
16450,-250,1500,"sd","13:31:51",1182600
16450,-250,1000,"sd","13:31:51",1181100
16450,-250,5000,"sd","13:31:51",1180100
16450,-250,4000,"bu","13:31:30",1175100
16450,-250,700,"bu","13:31:30",1171100
16450,-250,300,"bu","13:31:30",1170400
16450,-250,9000,"bu","13:31:27",1170100
16450,-250,2000,"bu","13:31:21",1161100
16450,-250,200,"bu","13:31:18",1159100
16450,-250,500,"bu","13:31:18",1158900
16450,-250,5000,"bu","13:31:15",1158400
16450,-250,1000,"bu","13:30:55",1153400
16450,-250,300,"bu","13:30:42",1152400
16450,-250,500,"bu","13:30:39",1152100
16450,-250,100,"bu","13:30:31",1151600
16450,-250,500,"bu","13:30:30",1151500
16450,-250,1000,"bu","13:30:30",1151000
16450,-250,1000,"bu","13:30:28",1150000
16450,-250,500,"bu","13:30:28",1149000
16450,-250,100,"bu","13:30:27",1148500
16450,-250,1500,"bu","13:30:24",1148400
16450,-250,1000,"bu","13:30:24",1146900
16450,-250,500,"bu","13:30:17",1145900
16450,-250,1000,"bu","13:30:15",1145400
16450,-250,2000,"bu","13:30:09",1144400
16450,-250,3500,"bu","13:29:59",1142400
16450,-250,100,"bu","13:29:58",1138900
16450,-250,900,"bu","13:29:54",1138800
16450,-250,800,"bu","13:29:54",1137900
16450,-250,700,"bu","13:29:54",1137100
16450,-250,500,"bu","13:29:54",1136400
16450,-250,400,"bu","13:29:54",1135900
16450,-250,1000,"bu","13:29:53",1135500
16450,-250,600,"bu","13:29:35",1134500
16450,-250,1400,"bu","13:29:35",1133900
16450,-250,1000,"bu","13:29:27",1132500
16450,-250,500,"bu","13:29:20",1131500
16400,-300,800,"sd","13:29:17",1131000
16450,-250,1000,"bu","13:29:11",1130200
16450,-250,500,"bu","13:29:10",1129200
16450,-250,100,"bu","13:29:07",1128700
16450,-250,500,"bu","13:29:03",1128600
16450,-250,400,"bu","13:29:03",1128100
16450,-250,100,"bu","13:29:03",1127700
16450,-250,400,"bu","13:28:56",1127600
16450,-250,100,"bu","13:28:56",1127200
16450,-250,4800,"bu","13:28:49",1127100
16450,-250,5000,"bu","13:28:42",1122300
16450,-250,7100,"bu","13:28:35",1117300
16450,-250,3900,"bu","13:28:35",1110200
16450,-250,10000,"bu","13:28:19",1106300
16450,-250,100,"bu","13:28:07",1096300
16400,-300,100,"sd","13:26:23",1096200
16400,-300,500,"sd","13:26:23",1096100
16400,-300,500,"sd","13:25:47",1095600
16400,-300,100,"sd","13:25:47",1095100
16400,-300,400,"sd","13:25:47",1095000
16400,-300,500,"sd","13:25:46",1094600
16400,-300,100,"sd","13:25:40",1094100
16400,-300,100,"sd","13:25:40",1094000
16400,-300,200,"sd","13:25:40",1093900
16400,-300,600,"sd","13:25:40",1093700
16400,-300,500,"sd","13:25:11",1093100
16400,-300,100,"sd","13:25:10",1092600
16400,-300,800,"sd","13:25:10",1092500
16400,-300,200,"sd","13:24:52",1091700
16400,-300,100,"sd","13:24:52",1091500
16400,-300,100,"sd","13:24:52",1091400
16400,-300,100,"sd","13:24:45",1091300
16400,-300,2800,"sd","13:24:36",1091200
16400,-300,100,"sd","13:23:49",1088400
16400,-300,500,"sd","13:23:49",1088300
16450,-250,1000,"bu","13:23:34",1087800
16450,-250,200,"bu","13:23:30",1086800
16450,-250,800,"bu","13:23:28",1086600
16450,-250,200,"bu","13:23:28",1085800
16450,-250,500,"bu","13:23:21",1085600
16450,-250,1000,"bu","13:23:09",1085100
16450,-250,300,"bu","13:23:07",1084100
16450,-250,700,"bu","13:23:07",1083800
16450,-250,100,"bu","13:21:27",1083100
16450,-250,2000,"bu","13:21:14",1083000
16450,-250,100,"bu","13:20:45",1081000
16400,-300,1400,"sd","13:20:35",1080900
16400,-300,1100,"sd","13:20:27",1079500
16400,-300,100,"sd","13:20:27",1078400
16400,-300,400,"sd","13:20:27",1078300
16400,-300,2000,"sd","13:20:27",1077900
16400,-300,1000,"sd","13:20:27",1075900
16400,-300,200,"sd","13:20:27",1074900
16400,-300,500,"sd","13:20:18",1074700
16400,-300,1500,"sd","13:20:15",1074200
16450,-250,500,"bu","13:20:13",1072700
16400,-300,1000,"sd","13:19:47",1072200
16400,-300,1800,"sd","13:19:31",1071200
16400,-300,200,"sd","13:19:31",1069400
16400,-300,500,"sd","13:19:22",1069200
16400,-300,500,"sd","13:18:52",1068700
16400,-300,600,"sd","13:18:39",1068200
16400,-300,100,"sd","13:18:39",1067600
16400,-300,300,"sd","13:18:39",1067500
16450,-250,400,"bu","13:17:56",1067200
16400,-300,1300,"sd","13:17:51",1066800
16400,-300,700,"sd","13:17:48",1065500
16450,-250,5000,"bu","13:17:45",1064800
16400,-300,100,"sd","13:17:38",1059800
16450,-250,500,"bu","13:17:36",1059700
16450,-250,500,"bu","13:17:31",1059200
16450,-250,100,"bu","13:17:26",1058700
16450,-250,100,"bu","13:17:04",1058600
16400,-300,200,"sd","13:16:37",1058500
16400,-300,100,"sd","13:16:33",1058300
16400,-300,1000,"bu","13:16:32",1058200
16400,-300,200,"bu","13:16:32",1057200
16400,-300,500,"bu","13:16:32",1057000
16400,-300,100,"bu","13:16:31",1056500
16400,-300,200,"bu","13:16:30",1056400
16400,-300,1000,"bu","13:16:26",1056200
16400,-300,200,"bu","13:16:24",1055200
16400,-300,100,"bu","13:16:22",1055000
16400,-300,400,"bu","13:16:22",1054900
16400,-300,400,"bu","13:16:18",1054500
16400,-300,2000,"bu","13:16:15",1054100
16400,-300,400,"bu","13:16:10",1052100
16350,-350,1800,"sd","13:16:06",1051700
16350,-350,2100,"sd","13:16:06",1049900
16350,-350,500,"sd","13:16:06",1047800
16350,-350,500,"sd","13:16:06",1047300
16350,-350,200,"sd","13:16:06",1046800
16350,-350,200,"sd","13:16:06",1046600
16350,-350,500,"sd","13:16:06",1046400
16350,-350,1000,"sd","13:16:06",1045900
16350,-350,500,"sd","13:16:06",1044900
16350,-350,200,"sd","13:16:06",1044400
16350,-350,200,"sd","13:16:06",1044200
16350,-350,300,"sd","13:16:06",1044000
16400,-300,100,"bu","13:16:03",1043700
16350,-350,400,"sd","13:16:00",1043600
16350,-350,100,"sd","13:16:00",1043200
16350,-350,200,"sd","13:16:00",1043100
16400,-300,300,"sd","13:15:53",1042900
16400,-300,1000,"sd","13:15:53",1042600
16400,-300,1200,"sd","13:15:53",1041600
16400,-300,2500,"sd","13:15:53",1040400
16400,-300,400,"sd","13:15:53",1037900
16400,-300,300,"sd","13:15:53",1037500
16400,-300,2000,"sd","13:15:53",1037200
16400,-300,300,"sd","13:15:53",1035200
16400,-300,100,"sd","13:15:53",1034900
16400,-300,500,"sd","13:15:53",1034800
16400,-300,200,"sd","13:15:53",1034300
16400,-300,2000,"sd","13:15:53",1034100
16400,-300,400,"sd","13:15:53",1032100
16400,-300,600,"sd","13:15:53",1031700
16400,-300,100,"sd","13:15:53",1031100
16400,-300,300,"sd","13:15:53",1031000
16400,-300,200,"sd","13:15:53",1030700
16400,-300,700,"sd","13:15:53",1030500
16400,-300,500,"sd","13:15:53",1029800
16400,-300,100,"sd","13:15:53",1029300
16400,-300,500,"sd","13:15:53",1029200
16400,-300,500,"sd","13:15:53",1028700
16400,-300,500,"sd","13:15:53",1028200
16400,-300,100,"sd","13:15:53",1027700
16400,-300,400,"sd","13:15:53",1027600
16400,-300,700,"sd","13:15:53",1027200
16400,-300,100,"sd","13:15:53",1026500
16400,-300,100,"sd","13:15:53",1026400
16400,-300,500,"sd","13:15:53",1026300
16400,-300,100,"sd","13:15:53",1025800
16400,-300,100,"sd","13:15:53",1025700
16400,-300,100,"sd","13:15:53",1025600
16400,-300,600,"sd","13:15:53",1025500
16400,-300,100,"sd","13:15:53",1024900
16400,-300,100,"sd","13:15:53",1024800
16400,-300,100,"sd","13:15:53",1024700
16400,-300,6300,"sd","13:15:53",1024600
16400,-300,3000,"sd","13:15:52",1018300
16450,-250,5000,"bu","13:15:48",1015300
16400,-300,700,"sd","13:15:41",1010300
16400,-300,200,"sd","13:15:41",1009600
16400,-300,100,"sd","13:15:41",1009400
16400,-300,1000,"sd","13:15:41",1009300
16400,-300,200,"sd","13:15:41",1008300
16400,-300,100,"sd","13:15:41",1008100
16400,-300,500,"sd","13:15:41",1008000
16450,-250,100,"bu","13:15:33",1007500
16400,-300,500,"sd","13:15:33",1007400
16400,-300,100,"sd","13:15:33",1006900
16400,-300,100,"sd","13:15:33",1006800
16400,-300,400,"sd","13:15:32",1006700
16400,-300,600,"sd","13:15:32",1006300
16450,-250,100,"sd","13:15:20",1005700
16450,-250,1000,"sd","13:15:20",1005600
16450,-250,2000,"sd","13:15:20",1004600
16450,-250,1000,"sd","13:15:20",1002600
16450,-250,1600,"sd","13:15:20",1001600
16450,-250,100,"sd","13:15:20",1000000
16450,-250,500,"sd","13:15:20",999900
16450,-250,200,"sd","13:15:20",999400
16450,-250,100,"sd","13:15:20",999200
16450,-250,400,"sd","13:15:20",999100
16450,-250,600,"sd","13:15:20",998700
16450,-250,200,"sd","13:15:20",998100
16450,-250,100,"sd","13:15:20",997900
16450,-250,500,"sd","13:15:20",997800
16450,-250,4000,"sd","13:15:20",997300
16450,-250,5000,"sd","13:15:20",993300
16450,-250,200,"sd","13:15:20",988300
16450,-250,3000,"sd","13:15:20",988100
16450,-250,500,"sd","13:15:20",985100
16450,-250,500,"sd","13:15:20",984600
16450,-250,100,"sd","13:15:20",984100
16450,-250,200,"sd","13:15:20",984000
16450,-250,100,"sd","13:15:20",983800
16450,-250,200,"sd","13:15:20",983700
16450,-250,2000,"sd","13:15:20",983500
16450,-250,200,"sd","13:15:20",981500
16450,-250,100,"sd","13:15:20",981300
16450,-250,500,"sd","13:15:20",981200
16450,-250,5000,"sd","13:15:20",980700
16450,-250,100,"sd","13:15:20",975700
16450,-250,100,"sd","13:15:20",975600
16450,-250,500,"sd","13:15:20",975500
16450,-250,100,"sd","13:15:20",975000
16450,-250,100,"sd","13:15:19",974900
16450,-250,2000,"sd","13:15:19",974800
16450,-250,400,"sd","13:15:19",972800
16450,-250,500,"sd","13:15:19",972400
16450,-250,500,"sd","13:15:19",971900
16450,-250,500,"sd","13:15:19",971400
16450,-250,500,"sd","13:15:19",970900
16450,-250,500,"sd","13:15:19",970400
16450,-250,300,"sd","13:15:19",969900
16450,-250,100,"sd","13:15:19",969600
16450,-250,500,"sd","13:15:19",969500
16450,-250,300,"sd","13:15:19",969000
16450,-250,1000,"sd","13:15:19",968700
16450,-250,200,"sd","13:15:19",967700
16450,-250,200,"sd","13:15:19",967500
16450,-250,6500,"sd","13:15:19",967300
16500,-200,100,"bu","13:15:06",960800
16500,-200,100,"bu","13:14:55",960700
16500,-200,200,"bu","13:14:41",960600
16450,-250,1000,"sd","13:14:27",960400
16500,-200,300,"bu","13:14:15",959400
16500,-200,200,"bu","13:14:07",959100
16500,-200,1000,"bu","13:13:39",958900
16500,-200,100,"bu","13:13:39",957900
16500,-200,100,"bu","13:13:37",957800
16450,-250,100,"sd","13:13:36",957700
16500,-200,500,"bu","13:13:32",957600
16500,-200,500,"bu","13:13:28",957100
16500,-200,100,"bu","13:13:26",956600
16500,-200,5000,"bu","13:13:21",956500
16500,-200,700,"bu","13:13:16",951500
16500,-200,1200,"bu","13:13:03",950800
16500,-200,300,"bu","13:12:53",949600
16500,-200,1000,"bu","13:12:14",949300
16500,-200,100,"bu","13:12:12",948300
16500,-200,100,"bu","13:12:00",948200
16500,-200,1000,"bu","13:11:58",948100
16500,-200,1000,"sd","13:11:56",947100
16500,-200,1000,"sd","13:11:56",946100
16500,-200,100,"sd","13:11:56",945100
16500,-200,400,"sd","13:11:56",945000
16500,-200,900,"sd","13:11:56",944600
16500,-200,1000,"sd","13:11:56",943700
16500,-200,10000,"sd","13:11:56",942700
16500,-200,500,"sd","13:11:56",932700
16500,-200,1000,"sd","13:11:56",932200
16500,-200,300,"sd","13:11:56",931200
16500,-200,300,"sd","13:11:56",930900
16500,-200,100,"sd","13:11:56",930600
16500,-200,100,"sd","13:11:56",930500
16500,-200,500,"sd","13:11:56",930400
16500,-200,1000,"sd","13:11:56",929900
16500,-200,500,"sd","13:11:56",928900
16500,-200,5000,"sd","13:11:56",928400
16500,-200,100,"sd","13:11:56",923400
16500,-200,500,"sd","13:11:56",923300
16500,-200,500,"sd","13:11:56",922800
16500,-200,1800,"sd","13:11:56",922300
16500,-200,1000,"sd","13:11:28",920500
16500,-200,400,"sd","13:11:22",919500
16500,-200,1800,"sd","13:10:53",919100
16500,-200,5000,"sd","13:10:53",917300
16500,-200,1000,"sd","13:10:53",912300
16500,-200,2000,"sd","13:10:53",911300
16500,-200,2700,"sd","13:10:53",909300
16500,-200,500,"sd","13:10:53",906600
16550,-150,3000,"bu","13:10:45",906100
16550,-150,1000,"bu","13:10:36",903100
16500,-200,700,"sd","13:10:27",902100
16500,-200,1000,"sd","13:10:23",901400
16500,-200,1700,"sd","13:10:12",900400
16550,-150,1000,"bu","13:10:06",898700
16500,-200,1000,"sd","13:09:28",897700
16500,-200,200,"sd","13:09:16",896700
16500,-200,500,"bu","13:08:56",896500
16500,-200,800,"bu","13:08:56",896000
16500,-200,200,"bu","13:08:56",895200
16500,-200,300,"bu","13:08:56",895000
16500,-200,200,"bu","13:08:56",894700
16500,-200,100,"bu","13:08:56",894500
16500,-200,100,"bu","13:08:56",894400
16500,-200,1000,"bu","13:08:47",894300
16500,-200,1500,"bu","13:08:47",893300
16500,-200,2500,"bu","13:08:47",891800
16500,-200,500,"bu","13:08:44",889300
16500,-200,500,"bu","13:08:39",888800
16500,-200,1000,"bu","13:08:38",888300
16500,-200,500,"bu","13:08:37",887300
16500,-200,1500,"bu","13:08:35",886800
16500,-200,500,"bu","13:08:35",885300
16500,-200,500,"bu","13:08:35",884800
16500,-200,100,"bu","13:08:32",884300
16500,-200,5000,"bu","13:08:32",884200
16500,-200,900,"bu","13:08:30",879200
16500,-200,300,"bu","13:08:28",878300
16500,-200,100,"bu","13:08:17",878000
16450,-250,500,"sd","13:08:14",877900
16500,-200,100,"bu","13:07:59",877400
16500,-200,2000,"bu","13:07:57",877300
16500,-200,500,"bu","13:07:54",875300
16450,-250,200,"sd","13:07:40",874800
16450,-250,100,"sd","13:07:29",874600
16500,-200,100,"bu","13:07:26",874500
16500,-200,500,"bu","13:07:23",874400
16500,-200,100,"bu","13:07:16",873900
16500,-200,200,"bu","13:07:14",873800
16500,-200,500,"bu","13:07:13",873600
16500,-200,200,"bu","13:07:13",873100
16500,-200,1000,"bu","13:07:13",872900
16500,-200,5000,"bu","13:07:10",871900
16500,-200,100,"bu","13:07:09",866900
16500,-200,1000,"bu","13:07:08",866800
16500,-200,1000,"bu","13:07:07",865800
16500,-200,5000,"bu","13:07:06",864800
16500,-200,3000,"bu","13:06:49",859800
16500,-200,10000,"bu","13:06:44",856800
16500,-200,300,"bu","13:06:40",846800
16500,-200,500,"bu","13:06:40",846500
16500,-200,100,"bu","13:06:35",846000
16500,-200,100,"bu","13:06:24",845900
16500,-200,1400,"bu","13:06:24",845800
16450,-250,700,"sd","13:06:23",844400
16500,-200,300,"bu","13:06:13",843700
16450,-250,200,"sd","13:05:51",843400
16500,-200,1000,"bu","13:05:46",843200
16500,-200,300,"bu","13:05:44",842200
16500,-200,2000,"bu","13:05:39",841900
16500,-200,800,"bu","13:05:35",839900
16500,-200,100,"bu","13:05:23",839100
16500,-200,100,"bu","13:05:21",839000
16500,-200,300,"bu","13:05:12",838900
16450,-250,3000,"sd","13:05:11",838600
16500,-200,3000,"bu","13:04:56",835600
16500,-200,100,"bu","13:04:48",832600
16500,-200,500,"bu","13:04:36",832500
16500,-200,200,"bu","13:04:34",832000
16500,-200,100,"sd","13:04:32",831800
16500,-200,100,"sd","13:04:32",831700
16500,-200,200,"sd","13:04:32",831600
16500,-200,500,"sd","13:04:32",831400
16500,-200,300,"sd","13:04:32",830900
16500,-200,100,"sd","13:04:20",830600
16500,-200,300,"sd","13:04:13",830500
16500,-200,200,"sd","13:04:13",830200
16500,-200,100,"sd","13:04:07",830000
16500,-200,100,"sd","13:04:05",829900
16500,-200,700,"sd","13:03:54",829800
16500,-200,3300,"sd","13:03:54",829100
16500,-200,900,"sd","13:03:49",825800
16500,-200,400,"sd","13:03:38",824900
16500,-200,400,"bu","13:03:37",824500
16500,-200,400,"bu","13:03:33",824100
16500,-200,500,"sd","13:03:25",823700
16500,-200,500,"sd","13:03:25",823200
16500,-200,2200,"sd","13:03:25",822700
16500,-200,700,"sd","13:03:22",820500
16500,-200,1000,"sd","13:03:16",819800
16500,-200,1000,"sd","13:03:15",818800
16500,-200,200,"sd","13:03:11",817800
16500,-200,200,"sd","13:03:06",817600
16500,-200,500,"bu","13:03:04",817400
16500,-200,200,"bu","13:03:04",816900
16500,-200,4000,"bu","13:03:04",816700
16500,-200,300,"bu","13:02:58",812700
16500,-200,3700,"bu","13:02:57",812400
16500,-200,1300,"bu","13:02:57",808700
16450,-250,100,"sd","13:02:57",807400
16450,-250,100,"sd","13:02:44",807300
16450,-250,400,"sd","13:02:09",807200
16450,-250,300,"sd","13:01:56",806800
16500,-200,200,"bu","13:01:38",806500
16450,-250,1000,"sd","13:01:35",806300
16500,-200,500,"sd","13:01:12",805300
16550,-150,100,"sd","13:01:00",804800
16450,-250,400,"sd","13:00:53",804700
16500,-200,300,"unknown","13:00:53",804300
16450,-250,400,"sd","13:00:50",804000
16450,-250,500,"sd","13:00:50",803600
16450,-250,100,"sd","13:00:50",803100
16500,-200,500,"sd","13:00:50",803000
16500,-200,100,"sd","13:00:47",802500
16600,-100,300,"bu","13:00:38",802400
16550,-150,200,"bu","13:00:38",802100
16550,-150,500,"bu","13:00:35",801900
16550,-150,300,"bu","13:00:34",801400
16550,-150,3300,"bu","13:00:34",801100
16550,-150,200,"bu","13:00:33",797800
16500,-200,800,"unknown","13:00:32",797600
16500,-200,100,"unknown","13:00:32",796800
16500,-200,200,"bu","13:00:30",796700
16500,-200,800,"bu","13:00:30",796500
16450,-250,500,"sd","13:00:23",795700
16450,-250,200,"sd","13:00:23",795200
16450,-250,500,"sd","13:00:23",795000
16500,-200,200,"sd","13:00:23",794500
16500,-200,200,"sd","13:00:23",794300
16500,-200,500,"sd","13:00:23",794100
16500,-200,500,"sd","13:00:23",793600
16500,-200,100,"sd","13:00:23",793100
16500,-200,300,"sd","13:00:23",793000
16500,-200,1000,"sd","13:00:23",792700
16500,-200,100,"sd","13:00:23",791700
16500,-200,500,"sd","13:00:23",791600
16500,-200,800,"sd","13:00:23",791100
16500,-200,100,"sd","13:00:19",790300
16500,-200,5000,"sd","13:00:19",790200
16500,-200,1200,"sd","13:00:19",785200
16500,-200,100,"sd","13:00:19",784000
16500,-200,5000,"sd","13:00:19",783900
16500,-200,8000,"sd","13:00:19",778900
16500,-200,100,"sd","13:00:19",770900
16500,-200,200,"sd","13:00:19",770800
16500,-200,1000,"sd","13:00:19",770600
16500,-200,200,"sd","13:00:19",769600
16500,-200,200,"sd","13:00:19",769400
16500,-200,300,"sd","13:00:19",769200
16500,-200,500,"sd","13:00:19",768900
16500,-200,200,"sd","13:00:19",768400
16500,-200,400,"sd","13:00:19",768200
16500,-200,2000,"sd","13:00:19",767800
16500,-200,100,"sd","13:00:19",765800
16500,-200,1000,"sd","13:00:19",765700
16500,-200,300,"sd","13:00:19",764700
16500,-200,200,"sd","13:00:19",764400
16500,-200,1000,"sd","13:00:19",764200
16500,-200,500,"sd","13:00:19",763200
16500,-200,500,"sd","13:00:19",762700
16500,-200,100,"sd","13:00:19",762200
16500,-200,100,"sd","13:00:19",762100
16500,-200,10000,"sd","13:00:19",762000
16500,-200,3700,"sd","13:00:19",752000
16500,-200,1000,"sd","13:00:19",748300
16500,-200,5400,"sd","13:00:19",747300
16500,-200,100,"sd","13:00:19",741900
16500,-200,200,"sd","13:00:19",741800
16500,-200,3000,"sd","13:00:19",741600
16500,-200,2000,"sd","13:00:19",738600
16500,-200,2000,"sd","13:00:19",736600
16500,-200,500,"sd","13:00:19",734600
16500,-200,1000,"sd","13:00:19",734100
16500,-200,1000,"sd","13:00:19",733100
16500,-200,2000,"sd","13:00:19",732100
16500,-200,1600,"sd","13:00:19",730100
16500,-200,100,"sd","13:00:19",728500
16500,-200,1000,"sd","13:00:19",728400
16500,-200,300,"sd","13:00:19",727400
16500,-200,200,"sd","13:00:19",727100
16500,-200,300,"sd","13:00:19",726900
16500,-200,100,"sd","13:00:19",726600
16500,-200,500,"sd","13:00:19",726500
16500,-200,100,"sd","13:00:19",726000
16500,-200,2100,"sd","13:00:19",725900
16500,-200,400,"sd","13:00:16",723800
16500,-200,500,"sd","13:00:14",723400
16500,-200,200,"sd","13:00:14",722900
16500,-200,500,"sd","13:00:14",722700
16550,-150,500,"sd","13:00:14",722200
16550,-150,1300,"sd","13:00:14",721700
16550,-150,100,"sd","13:00:09",720400
16550,-150,100,"sd","13:00:08",720300
16600,-100,300,"bu","13:00:07",720200
16550,-150,400,"sd","13:00:05",719900
16550,-150,100,"sd","13:00:05",719500
16550,-150,100,"sd","13:00:05",719400
16550,-150,100,"sd","13:00:05",719300
16550,-150,200,"sd","13:00:05",719200
16550,-150,500,"sd","13:00:05",719000
16550,-150,400,"sd","13:00:04",718500
16600,-100,700,"bu","13:00:03",718100
16600,-100,200,"bu","13:00:02",717400
16600,-100,100,"bu","13:00:02",717200
16550,-150,600,"sd","13:00:02",717100
16550,-150,300,"sd","13:00:02",716500
16550,-150,100,"sd","13:00:02",716200
16550,-150,500,"sd","13:00:02",716100
16550,-150,200,"sd","13:00:02",715600
16550,-150,100,"sd","13:00:02",715400
16550,-150,700,"sd","13:00:02",715300
16600,-100,200,"bu","13:00:02",714600
16550,-150,300,"sd","13:00:00",714400
16550,-150,2000,"sd","13:00:00",714100
16550,-150,200,"sd","13:00:00",712100
16550,-150,1000,"sd","13:00:00",711900
16550,-150,100,"sd","13:00:00",710900
16550,-150,100,"sd","13:00:00",710800
16550,-150,600,"sd","13:00:00",710700
16550,-150,200,"sd","13:00:00",710100
16550,-150,100,"sd","13:00:00",709900
16550,-150,100,"sd","13:00:00",709800
16550,-150,5100,"sd","13:00:00",709700
16550,-150,700,"sd","13:00:00",704600
16550,-150,3000,"sd","13:00:00",703900
16600,-100,200,"sd","11:29:38",700900
16550,-150,100,"sd","11:29:01",700700
16600,-100,100,"bu","11:28:18",700600
16600,-100,500,"sd","11:28:15",700500
16600,-100,1000,"sd","11:28:15",700000
16600,-100,100,"sd","11:28:15",699000
16600,-100,1300,"sd","11:28:15",698900
16600,-100,2200,"sd","11:28:04",697600
16600,-100,100,"sd","11:27:19",695400
16600,-100,1400,"bu","11:26:54",695300
16600,-100,500,"bu","11:26:35",693900
16600,-100,100,"bu","11:26:26",693400
16600,-100,1000,"bu","11:26:24",693300
16550,-150,1100,"sd","11:26:05",692300
16550,-150,300,"sd","11:26:05",691200
16550,-150,500,"sd","11:26:05",690900
16550,-150,100,"sd","11:26:05",690400
16550,-150,500,"sd","11:26:05",690300
16550,-150,500,"sd","11:26:05",689800
16600,-100,200,"bu","11:26:01",689300
16600,-100,1000,"bu","11:25:50",689100
16600,-100,1000,"bu","11:25:46",688100
16550,-150,200,"sd","11:25:46",687100
16600,-100,100,"sd","11:25:15",686900
16600,-100,3200,"sd","11:25:15",686800
16600,-100,200,"sd","11:25:15",683600
16600,-100,100,"sd","11:25:15",683400
16600,-100,500,"sd","11:25:15",683300
16600,-100,6400,"sd","11:25:15",682800
16600,-100,2000,"sd","11:24:58",676400
16600,-100,1600,"sd","11:24:34",674400
16600,-100,200,"sd","11:24:34",672800
16600,-100,3200,"sd","11:24:34",672600
16600,-100,600,"sd","11:24:17",669400
16600,-100,2000,"sd","11:23:52",668800
16600,-100,500,"sd","11:23:45",666800
16600,-100,2600,"sd","11:23:32",666300
16600,-100,100,"sd","11:23:28",663700
16600,-100,800,"sd","11:23:04",663600
16600,-100,200,"sd","11:22:25",662800
16600,-100,100,"sd","11:22:25",662600
16600,-100,200,"sd","11:22:25",662500
16600,-100,3000,"sd","11:22:25",662300
16600,-100,300,"sd","11:22:25",659300
16600,-100,200,"sd","11:22:25",659000
16600,-100,1000,"sd","11:22:25",658800
16600,-100,1900,"sd","11:21:41",657800
16600,-100,100,"sd","11:21:41",655900
16600,-100,100,"sd","11:21:41",655800
16600,-100,300,"sd","11:21:41",655700
16600,-100,500,"sd","11:21:41",655400
16600,-100,100,"sd","11:21:41",654900
16600,-100,500,"sd","11:21:38",654800
16600,-100,1000,"sd","11:21:38",654300
16600,-100,6900,"sd","11:21:38",653300
16600,-100,300,"sd","11:21:38",646400
16600,-100,5500,"sd","11:21:38",646100
16600,-100,100,"sd","11:21:38",640600
16600,-100,2000,"sd","11:21:38",640500
16600,-100,200,"sd","11:21:38",638500
16600,-100,500,"sd","11:21:38",638300
16600,-100,300,"sd","11:21:38",637800
16600,-100,400,"sd","11:21:38",637500
16600,-100,500,"sd","11:21:38",637100
16600,-100,100,"sd","11:21:37",636600
16600,-100,1100,"sd","11:21:37",636500
16600,-100,300,"sd","11:21:37",635400
16600,-100,400,"sd","11:21:37",635100
16600,-100,100,"sd","11:21:37",634700
16600,-100,300,"sd","11:21:37",634600
16600,-100,100,"sd","11:21:37",634300
16600,-100,500,"sd","11:21:37",634200
16600,-100,100,"sd","11:21:37",633700
16600,-100,300,"sd","11:21:37",633600
16650,-50,200,"bu","11:21:15",633300
16650,-50,1000,"sd","11:20:27",633100
16650,-50,1000,"sd","11:20:07",632100
16650,-50,500,"sd","11:20:07",631100
16650,-50,500,"sd","11:20:07",630600
16650,-50,300,"sd","11:20:00",630100
16650,-50,100,"sd","11:20:00",629800
16650,-50,500,"sd","11:20:00",629700
16650,-50,500,"sd","11:20:00",629200
16650,-50,100,"sd","11:20:00",628700
16650,-50,1000,"sd","11:20:00",628600
16650,-50,1000,"sd","11:20:00",627600
16650,-50,700,"sd","11:20:00",626600
16650,-50,1000,"sd","11:20:00",625900
16650,-50,1800,"sd","11:20:00",624900
16650,-50,600,"sd","11:19:04",623100
16650,-50,400,"sd","11:19:04",622500
16650,-50,1000,"sd","11:18:39",622100
16650,-50,100,"sd","11:17:52",621100
16650,-50,500,"sd","11:17:16",621000
16650,-50,100,"sd","11:17:16",620500
16650,-50,400,"sd","11:17:16",620400
16700,0,200,"bu","11:16:12",620000
16650,-50,1900,"sd","11:15:41",619800
16650,-50,3400,"sd","11:15:39",617900
16650,-50,3000,"sd","11:15:26",614500
16650,-50,1300,"sd","11:14:55",611500
16650,-50,100,"sd","11:14:55",610200
16650,-50,100,"sd","11:14:55",610100
16650,-50,100,"sd","11:14:01",610000
16650,-50,100,"sd","11:14:01",609900
16650,-50,500,"sd","11:14:01",609800
16650,-50,100,"sd","11:14:01",609300
16650,-50,900,"sd","11:13:55",609200
16650,-50,100,"sd","11:13:55",608300
16650,-50,400,"sd","11:13:54",608200
16650,-50,500,"sd","11:13:54",607800
16650,-50,500,"sd","11:13:54",607300
16650,-50,3000,"sd","11:13:45",606800
16650,-50,1000,"sd","11:13:42",603800
16650,-50,15500,"sd","11:12:32",602800
16650,-50,1000,"sd","11:12:32",587300
16650,-50,200,"sd","11:12:32",586300
16650,-50,200,"sd","11:12:32",586100
16650,-50,100,"sd","11:12:32",585900
16650,-50,200,"sd","11:12:32",585800
16650,-50,2000,"sd","11:12:32",585600
16650,-50,300,"sd","11:12:32",583600
16650,-50,500,"sd","11:12:32",583300
16700,0,100,"sd","11:12:03",582800
16700,0,500,"sd","11:12:03",582700
16700,0,500,"sd","11:12:03",582200
16700,0,1000,"sd","11:12:03",581700
16700,0,100,"sd","11:12:03",580700
16700,0,2000,"sd","11:12:03",580600
16700,0,500,"sd","11:12:03",578600
16700,0,7500,"sd","11:12:03",578100
16700,0,5000,"sd","11:12:03",570600
16700,0,2000,"sd","11:12:03",565600
16700,0,200,"sd","11:12:03",563600
16700,0,2000,"sd","11:12:03",563400
16700,0,200,"sd","11:12:03",561400
16700,0,100,"sd","11:12:03",561200
16700,0,1000,"sd","11:12:03",561100
16700,0,100,"sd","11:12:03",560100
16700,0,2000,"sd","11:12:03",560000
16700,0,1000,"sd","11:12:03",558000
16700,0,200,"sd","11:12:03",557000
16700,0,200,"sd","11:12:03",556800
16700,0,2000,"sd","11:12:03",556600
16700,0,2000,"sd","11:12:03",554600
16700,0,1000,"sd","11:12:03",552600
16700,0,200,"sd","11:12:03",551600
16700,0,1000,"sd","11:12:03",551400
16700,0,300,"sd","11:12:03",550400
16700,0,200,"sd","11:12:03",550100
16700,0,1000,"sd","11:12:03",549900
16700,0,5000,"sd","11:12:03",548900
16700,0,100,"sd","11:12:03",543900
16700,0,100,"sd","11:12:03",543800
16700,0,1000,"sd","11:12:03",543700
16700,0,100,"sd","11:12:03",542700
16700,0,100,"sd","11:12:03",542600
16700,0,500,"sd","11:12:03",542500
16700,0,200,"sd","11:12:03",542000
16700,0,2000,"sd","11:12:03",541800
16700,0,2800,"sd","11:12:03",539800
16700,0,100,"sd","11:12:03",537000
16700,0,1000,"sd","11:12:03",536900
16700,0,100,"sd","11:12:03",535900
16700,0,100,"sd","11:12:03",535800
16700,0,500,"sd","11:12:03",535700
16700,0,500,"sd","11:12:03",535200
16700,0,100,"sd","11:12:03",534700
16700,0,300,"sd","11:12:03",534600
16700,0,100,"sd","11:12:03",534300
16700,0,100,"sd","11:12:03",534200
16700,0,100,"sd","11:12:03",534100
16700,0,1000,"sd","11:12:03",534000
16700,0,300,"sd","11:12:03",533000
16700,0,100,"sd","11:12:03",532700
16700,0,100,"sd","11:12:03",532600
16700,0,1000,"sd","11:12:03",532500
16700,0,1000,"sd","11:12:03",531500
16700,0,100,"sd","11:12:03",530500
16750,50,500,"bu","11:11:33",530400
16700,0,400,"sd","11:11:30",529900
16700,0,100,"sd","11:11:30",529500
16700,0,100,"sd","11:11:30",529400
16700,0,200,"sd","11:11:30",529300
16750,50,200,"bu","11:08:05",529100
16750,50,3000,"bu","11:07:00",528900
16750,50,200,"bu","11:06:52",525900
16750,50,700,"sd","11:06:05",525700
16750,50,3000,"sd","11:06:05",525000
16750,50,1300,"sd","11:06:05",522000
16750,50,500,"sd","11:05:53",520700
16750,50,300,"sd","11:05:40",520200
16750,50,200,"sd","11:05:38",519900
16750,50,300,"sd","11:04:50",519700
16750,50,200,"sd","11:04:37",519400
16750,50,2200,"sd","11:03:48",519200
16750,50,400,"sd","11:03:48",517000
16750,50,200,"sd","11:03:48",516600
16750,50,500,"sd","11:03:48",516400
16750,50,6700,"sd","11:03:48",515900
16800,100,500,"bu","11:02:03",509200
16750,50,1500,"sd","11:01:54",508700
16750,50,300,"sd","11:01:48",507200
16750,50,1000,"sd","11:01:43",506900
16750,50,500,"sd","11:01:32",505900
16750,50,1000,"sd","11:01:32",505400
16750,50,500,"sd","11:01:17",504400
16750,50,500,"sd","11:01:17",503900
16750,50,500,"sd","11:01:17",503400
16800,100,100,"bu","10:59:28",502900
16750,50,100,"sd","10:57:23",502800
16750,50,400,"sd","10:56:26",502700
16750,50,1000,"sd","10:56:26",502300
16750,50,300,"sd","10:56:26",501300
16750,50,800,"sd","10:56:26",501000
16750,50,100,"sd","10:56:26",500200
16800,100,100,"bu","10:56:24",500100
16750,50,400,"sd","10:56:01",500000
16750,50,100,"sd","10:56:01",499600
16750,50,400,"sd","10:55:11",499500
16750,50,3600,"sd","10:55:11",499100
16750,50,100,"sd","10:54:30",495500
16750,50,1500,"sd","10:54:15",495400
16750,50,4800,"sd","10:52:33",493900
16750,50,1200,"sd","10:52:33",489100
16750,50,200,"bu","10:51:44",487900
16750,50,3600,"bu","10:51:44",487700
16750,50,300,"bu","10:50:21",484100
16750,50,100,"bu","10:50:15",483800
16750,50,100,"sd","10:49:47",483700
16750,50,100,"sd","10:49:47",483600
16750,50,800,"sd","10:49:47",483500
16800,100,100,"bu","10:49:44",482700
16750,50,200,"sd","10:49:18",482600
16750,50,300,"sd","10:49:18",482400
16750,50,200,"sd","10:48:05",482100
16750,50,100,"sd","10:48:00",481900
16750,50,400,"sd","10:48:00",481800
16750,50,100,"sd","10:46:50",481400
16750,50,900,"sd","10:45:50",481300
16750,50,100,"sd","10:45:50",480400
16750,50,100,"sd","10:45:50",480300
16750,50,100,"sd","10:45:50",480200
16750,50,100,"sd","10:45:50",480100
16750,50,100,"sd","10:45:50",480000
16750,50,1600,"sd","10:45:50",479900
16750,50,700,"sd","10:45:40",478300
16750,50,300,"sd","10:45:40",477600
16750,50,200,"sd","10:45:40",477300
16750,50,100,"sd","10:45:40",477100
16750,50,500,"sd","10:45:40",477000
16750,50,1200,"sd","10:45:40",476500
16800,100,300,"bu","10:45:11",475300
16800,100,700,"bu","10:44:51",475000
16800,100,1000,"bu","10:44:51",474300
16800,100,2300,"bu","10:44:51",473300
16750,50,2500,"sd","10:44:45",471000
16750,50,300,"sd","10:42:04",468500
16750,50,1000,"sd","10:41:42",468200
16750,50,1000,"sd","10:41:11",467200
16800,100,5000,"bu","10:41:10",466200
16750,50,4000,"sd","10:40:19",461200
16750,50,100,"sd","10:40:19",457200
16750,50,100,"sd","10:40:19",457100
16750,50,100,"sd","10:40:19",457000
16750,50,600,"sd","10:40:19",456900
16750,50,500,"sd","10:39:34",456300
16750,50,900,"sd","10:39:02",455800
16750,50,100,"sd","10:39:02",454900
16750,50,400,"sd","10:38:47",454800
16750,50,400,"sd","10:38:47",454400
16750,50,500,"sd","10:38:28",454000
16750,50,100,"sd","10:38:24",453500
16750,50,200,"sd","10:38:24",453400
16750,50,1800,"sd","10:37:26",453200
16750,50,100,"sd","10:37:26",451400
16750,50,200,"sd","10:37:26",451300
16750,50,300,"sd","10:37:26",451100
16750,50,1600,"sd","10:37:26",450800
16750,50,1200,"sd","10:37:26",449200
16750,50,200,"sd","10:37:26",448000
16750,50,100,"sd","10:37:19",447800
16750,50,400,"sd","10:37:19",447700
16750,50,500,"sd","10:37:05",447300
16800,100,100,"bu","10:37:01",446800
16750,50,800,"sd","10:36:57",446700
16750,50,200,"sd","10:36:54",445900
16750,50,100,"sd","10:36:37",445700
16750,50,400,"sd","10:36:37",445600
16750,50,100,"sd","10:36:19",445200
16750,50,100,"sd","10:36:10",445100
16750,50,100,"sd","10:35:20",445000
16750,50,1300,"sd","10:34:38",444900
16750,50,300,"sd","10:34:38",443600
16750,50,100,"sd","10:34:38",443300
16750,50,1000,"sd","10:34:38",443200
16750,50,300,"sd","10:34:38",442200
16750,50,1000,"sd","10:34:08",441900
16750,50,5000,"sd","10:33:48",440900
16750,50,3000,"sd","10:33:44",435900
16750,50,700,"sd","10:33:44",432900
16750,50,500,"sd","10:33:44",432200
16750,50,500,"sd","10:33:39",431700
16750,50,300,"sd","10:33:39",431200
16750,50,200,"sd","10:32:57",430900
16750,50,500,"sd","10:32:52",430700
16750,50,3000,"sd","10:32:52",430200
16800,100,100,"bu","10:32:49",427200
16800,100,100,"bu","10:31:03",427100
16750,50,500,"sd","10:30:26",427000
16750,50,1000,"sd","10:30:20",426500
16750,50,500,"sd","10:29:03",425500
16800,100,100,"bu","10:26:42",425000
16800,100,100,"sd","10:26:37",424900
16800,100,1000,"sd","10:26:37",424800
16800,100,200,"sd","10:26:37",423800
16800,100,300,"sd","10:26:37",423600
16800,100,300,"sd","10:26:37",423300
16800,100,200,"sd","10:26:37",423000
16800,100,200,"sd","10:26:37",422800
16800,100,300,"sd","10:26:35",422600
16800,100,1000,"sd","10:26:35",422300
16800,100,1000,"sd","10:26:35",421300
16800,100,1000,"sd","10:26:35",420300
16800,100,200,"sd","10:26:35",419300
16800,100,300,"sd","10:26:35",419100
16800,100,100,"sd","10:26:35",418800
16800,100,400,"sd","10:26:35",418700
16800,100,1100,"sd","10:26:35",418300
16800,100,100,"sd","10:26:35",417200
16800,100,200,"sd","10:26:35",417100
16800,100,300,"sd","10:26:35",416900
16800,100,100,"sd","10:26:33",416600
16800,100,100,"sd","10:26:33",416500
16800,100,100,"sd","10:26:33",416400
16800,100,700,"sd","10:26:33",416300
16800,100,1000,"sd","10:26:14",415600
16800,100,500,"sd","10:25:46",414600
16800,100,2000,"sd","10:25:29",414100
16800,100,200,"sd","10:25:27",412100
16800,100,600,"sd","10:25:05",411900
16800,100,500,"sd","10:25:05",411300
16800,100,400,"sd","10:25:05",410800
16800,100,100,"sd","10:24:19",410400
16800,100,1000,"sd","10:24:19",410300
16800,100,100,"sd","10:24:19",409300
16800,100,100,"sd","10:24:19",409200
16800,100,500,"sd","10:24:19",409100
16800,100,200,"sd","10:24:19",408600
16850,150,300,"bu","10:22:24",408400
16850,150,2000,"bu","10:22:24",408100
16850,150,2200,"bu","10:22:24",406100
16850,150,100,"bu","10:21:52",403900
16850,150,100,"bu","10:21:31",403800
16850,150,300,"bu","10:21:31",403700
16850,150,200,"sd","10:21:22",403400
16850,150,200,"sd","10:21:22",403200
16850,150,100,"sd","10:21:22",403000
16850,150,100,"sd","10:21:22",402900
16850,150,6700,"sd","10:21:22",402800
16850,150,100,"sd","10:21:17",396100
16850,150,5100,"sd","10:21:14",396000
16850,150,1000,"sd","10:20:54",390900
16850,150,5000,"sd","10:20:25",389900
16850,150,20000,"sd","10:20:13",384900
16850,150,5000,"sd","10:19:51",364900
16850,150,4700,"sd","10:19:17",359900
16900,200,1000,"bu","10:19:01",355200
16900,200,200,"bu","10:16:41",354200
16850,150,400,"sd","10:16:35",354000
16850,150,1200,"sd","10:16:35",353600
16900,200,400,"bu","10:15:48",352400
16850,150,2300,"sd","10:13:09",352000
16850,150,1000,"sd","10:13:09",349700
16850,150,1000,"sd","10:13:09",348700
16850,150,100,"sd","10:13:09",347700
16850,150,300,"sd","10:13:09",347600
16850,150,100,"sd","10:13:09",347300
16850,150,300,"sd","10:13:09",347200
16850,150,400,"sd","10:12:23",346900
16850,150,2000,"sd","10:12:23",346500
16850,150,100,"sd","10:12:23",344500
16850,150,500,"sd","10:12:23",344400
16850,150,1000,"sd","10:12:23",343900
16850,150,2000,"sd","10:12:17",342900
16850,150,400,"sd","10:12:17",340900
16850,150,100,"sd","10:12:17",340500
16850,150,2600,"sd","10:12:17",340400
16850,150,2000,"sd","10:11:11",337800
16850,150,700,"sd","10:11:04",335800
16850,150,500,"sd","10:10:56",335100
16850,150,4200,"sd","10:10:31",334600
16850,150,100,"sd","10:10:31",330400
16850,150,100,"sd","10:10:31",330300
16850,150,500,"sd","10:10:31",330200
16850,150,100,"sd","10:10:31",329700
16850,150,500,"sd","10:07:58",329600
16900,200,2300,"bu","10:07:54",329100
16900,200,5000,"bu","10:07:54",326800
16900,200,1600,"bu","10:07:54",321800
16900,200,1700,"sd","10:05:55",320200
16900,200,2800,"sd","10:05:48",318500
16900,200,500,"sd","10:05:48",315700
16900,200,200,"sd","10:05:48",315200
16900,200,2000,"sd","10:05:48",315000
16900,200,300,"sd","10:05:48",313000
16900,200,3000,"sd","10:05:48",312700
16900,200,100,"sd","10:05:48",309700
16900,200,1100,"sd","10:05:48",309600
16900,200,900,"sd","10:05:45",308500
16900,200,3100,"sd","10:05:45",307600
16900,200,1000,"sd","10:05:45",304500
16900,200,100,"sd","10:05:39",303500
16900,200,300,"sd","10:05:39",303400
16900,200,800,"sd","10:05:13",303100
16900,200,100,"sd","10:04:35",302300
16900,200,100,"sd","10:04:18",302200
16900,200,100,"sd","10:04:18",302100
16900,200,100,"sd","10:04:18",302000
16900,200,100,"sd","10:04:14",301900
16900,200,300,"sd","10:00:14",301800
16900,200,100,"sd","10:00:14",301500
16900,200,300,"sd","10:00:14",301400
16900,200,2000,"bu","09:59:24",301100
16900,200,3500,"bu","09:59:24",299100
16900,200,4200,"bu","09:59:24",295600
16900,200,800,"bu","09:59:15",291400
16900,200,100,"bu","09:59:15",290600
16900,200,200,"bu","09:59:15",290500
16900,200,500,"bu","09:59:15",290300
16900,200,100,"bu","09:59:15",289800
16900,200,500,"bu","09:59:00",289700
16850,150,200,"sd","09:58:59",289200
16900,200,4400,"bu","09:58:55",289000
16900,200,1900,"bu","09:58:55",284600
16900,200,500,"bu","09:58:22",282700
16850,150,200,"sd","09:57:37",282200
16850,150,3000,"sd","09:57:37",282000
16850,150,100,"sd","09:57:37",279000
16850,150,1500,"sd","09:57:37",278900
16850,150,200,"sd","09:57:37",277400
16900,200,100,"bu","09:57:36",277200
16850,150,500,"sd","09:57:00",277100
16850,150,100,"sd","09:56:35",276600
16850,150,200,"sd","09:55:39",276500
16850,150,200,"sd","09:55:39",276300
16850,150,100,"sd","09:55:39",276100
16850,150,400,"sd","09:55:39",276000
16850,150,200,"sd","09:55:33",275600
16850,150,500,"sd","09:55:12",275400
16850,150,100,"sd","09:54:44",274900
16850,150,800,"sd","09:54:27",274800
16850,150,4200,"sd","09:54:27",274000
16850,150,100,"sd","09:54:19",269800
16900,200,2000,"bu","09:54:18",269700
16850,150,100,"sd","09:53:37",267700
16850,150,300,"sd","09:53:27",267600
16850,150,2200,"sd","09:53:27",267300
16850,150,1500,"sd","09:53:03",265100
16850,150,100,"sd","09:51:45",263600
16850,150,100,"sd","09:50:31",263500
16900,200,500,"sd","09:49:57",263400
16900,200,100,"sd","09:49:42",262900
16900,200,1000,"sd","09:49:42",262800
16900,200,900,"sd","09:49:42",261800
16900,200,100,"sd","09:49:39",260900
16900,200,700,"sd","09:49:39",260800
16950,250,1900,"bu","09:49:04",260100
16950,250,100,"bu","09:49:04",258200
16900,200,200,"sd","09:48:30",258100
16900,200,100,"sd","09:48:13",257900
16950,250,500,"bu","09:47:58",257800
16950,250,500,"sd","09:47:41",257300
16950,250,900,"sd","09:47:41",256800
16950,250,1300,"sd","09:47:38",255900
16950,250,100,"sd","09:47:38",254600
16950,250,1000,"sd","09:47:26",254500
16950,250,3000,"sd","09:47:22",253500
16950,250,900,"sd","09:47:20",250500
16950,250,500,"sd","09:47:20",249600
16950,250,200,"sd","09:47:20",249100
16950,250,3400,"sd","09:47:20",248900
16950,250,200,"sd","09:47:10",245500
16950,250,200,"sd","09:46:58",245300
16950,250,200,"sd","09:46:47",245100
16950,250,1000,"sd","09:46:21",244900
16950,250,100,"sd","09:45:44",243900
16950,250,4900,"sd","09:45:37",243800
16950,250,100,"sd","09:45:37",238900
17000,300,1200,"bu","09:45:24",238800
17000,300,1700,"bu","09:45:24",237600
16950,250,1500,"sd","09:45:02",235900
16950,250,3400,"sd","09:44:53",234400
16950,250,100,"sd","09:44:53",231000
16950,250,1500,"sd","09:44:53",230900
17000,300,300,"bu","09:44:41",229400
17000,300,300,"bu","09:44:41",229100
17000,300,1000,"bu","09:44:41",228800
17000,300,300,"bu","09:44:41",227800
17000,300,500,"bu","09:44:41",227500
17000,300,500,"bu","09:44:41",227000
17000,300,7100,"bu","09:44:41",226500
17000,300,600,"bu","09:44:38",219400
16950,250,200,"sd","09:44:34",218800
16950,250,800,"sd","09:44:09",218600
16950,250,500,"sd","09:43:34",217800
17000,300,2000,"bu","09:43:30",217300
16950,250,200,"sd","09:43:20",215300
17000,300,1900,"bu","09:43:18",215100
17000,300,500,"bu","09:43:18",213200
17000,300,500,"bu","09:43:18",212700
17000,300,300,"bu","09:43:18",212200
17000,300,100,"bu","09:43:18",211900
17000,300,100,"bu","09:43:18",211800
17000,300,600,"bu","09:43:18",211700
16950,250,2000,"sd","09:43:16",211100
17000,300,500,"bu","09:43:14",209100
16950,250,400,"sd","09:43:12",208600
16950,250,100,"sd","09:43:12",208200
17000,300,900,"bu","09:43:07",208100
17000,300,300,"bu","09:43:07",207200
17000,300,200,"bu","09:43:07",206900
17000,300,600,"bu","09:43:07",206700
17000,300,1100,"bu","09:43:07",206100
17000,300,100,"bu","09:43:01",205000
16950,250,100,"sd","09:42:58",204900
17000,300,5000,"bu","09:42:37",204800
17000,300,300,"bu","09:42:12",199800
16950,250,700,"sd","09:41:25",199500
16950,250,100,"sd","09:40:42",198800
16950,250,100,"bu","09:40:30",198700
16950,250,300,"bu","09:40:30",198600
16950,250,100,"bu","09:40:30",198300
16950,250,300,"bu","09:40:30",198200
16950,250,2200,"bu","09:40:30",197900
16950,250,1000,"bu","09:40:21",195700
16950,250,200,"bu","09:40:20",194700
16950,250,1600,"bu","09:40:10",194500
16950,250,400,"bu","09:40:10",192900
16950,250,1300,"bu","09:40:09",192500
16950,250,100,"bu","09:40:09",191200
16950,250,100,"bu","09:40:09",191100
16950,250,500,"bu","09:40:09",191000
16900,200,1000,"bu","09:39:51",190500
16900,200,4000,"bu","09:39:51",189500
16900,200,3000,"bu","09:39:51",185500
16900,200,1000,"bu","09:39:51",182500
16900,200,200,"bu","09:39:51",181500
16900,200,500,"bu","09:39:51",181300
16900,200,1500,"bu","09:39:49",180800
16900,200,1000,"bu","09:39:49",179300
16900,200,600,"bu","09:39:49",178300
16900,200,1000,"bu","09:39:49",177700
16900,200,1200,"bu","09:39:49",176700
16900,200,700,"bu","09:39:49",175500
16900,200,300,"bu","09:39:47",174800
16900,200,200,"bu","09:39:47",174500
16900,200,100,"bu","09:39:47",174300
16900,200,400,"bu","09:39:44",174200
16900,200,1500,"bu","09:39:18",173800
16900,200,500,"bu","09:39:18",172300
16850,150,1000,"sd","09:39:12",171800
16850,150,2600,"bu","09:38:41",170800
16850,150,200,"bu","09:38:24",168200
16850,150,2200,"bu","09:38:08",168000
16850,150,2000,"bu","09:38:08",165800
16850,150,100,"bu","09:38:08",163800
16850,150,2000,"bu","09:38:08",163700
16850,150,200,"bu","09:38:08",161700
16850,150,3300,"bu","09:38:08",161500
16850,150,200,"bu","09:38:08",158200
16800,100,2500,"sd","09:38:03",158000
16800,100,1500,"sd","09:38:03",155500
16800,100,5000,"sd","09:37:55",154000
16800,100,700,"sd","09:37:42",149000
16800,100,1000,"bu","09:37:29",148300
16800,100,500,"bu","09:37:29",147300
16800,100,5000,"bu","09:37:29",146800
16800,100,3000,"bu","09:37:29",141800
16800,100,2000,"bu","09:37:29",138800
16800,100,200,"bu","09:37:29",136800
16800,100,200,"bu","09:37:29",136600
16800,100,100,"bu","09:37:28",136400
16800,100,200,"bu","09:37:28",136300
16800,100,600,"bu","09:37:28",136100
16800,100,1900,"bu","09:37:24",135500
16800,100,300,"bu","09:37:24",133600
16800,100,800,"bu","09:37:24",133300
16750,50,500,"bu","09:35:53",132500
16750,50,100,"bu","09:35:52",132000
16750,50,100,"sd","09:35:51",131900
16750,50,500,"sd","09:35:51",131800
16750,50,2000,"sd","09:35:51",131300
16750,50,800,"sd","09:35:51",129300
16800,100,200,"bu","09:35:44",128500
16800,100,300,"bu","09:35:44",128300
16750,50,100,"sd","09:35:05",128000
16750,50,1300,"sd","09:35:05",127900
16750,50,100,"bu","09:35:04",126600
16750,50,7700,"bu","09:35:04",126500
16750,50,2000,"sd","09:34:51",118800
16750,50,200,"sd","09:34:51",116800
16750,50,100,"sd","09:34:51",116600
16750,50,1200,"sd","09:34:51",116500
16750,50,200,"sd","09:34:51",115300
16750,50,100,"sd","09:34:51",115100
16750,50,100,"sd","09:34:51",115000
16750,50,5000,"sd","09:34:51",114900
16800,100,1000,"bu","09:34:51",109900
16800,100,500,"bu","09:34:49",108900
16800,100,300,"bu","09:34:23",108400
16750,50,100,"sd","09:33:23",108100
16750,50,20000,"sd","09:33:19",108000
16750,50,7900,"sd","09:33:16",88000
16750,50,100,"sd","09:33:16",80100
16750,50,100,"sd","09:33:16",80000
16750,50,400,"sd","09:33:16",79900
16750,50,200,"sd","09:33:16",79500
16750,50,1000,"sd","09:33:16",79300
16750,50,300,"sd","09:33:16",78300
16750,50,100,"sd","09:32:40",78000
16750,50,300,"sd","09:32:23",77900
16750,50,200,"sd","09:32:23",77600
16750,50,700,"sd","09:32:13",77400
16750,50,200,"sd","09:32:13",76700
16750,50,100,"sd","09:32:13",76500
16800,100,500,"bu","09:31:43",76400
16800,100,2000,"bu","09:31:32",75900
16800,100,100,"bu","09:31:18",73900
16750,50,300,"sd","09:31:05",73800
16750,50,200,"sd","09:31:05",73500
16750,50,2000,"sd","09:30:15",73300
16750,50,100,"sd","09:30:15",71300
16750,50,400,"sd","09:30:15",71200
16750,50,100,"sd","09:30:15",70800
16750,50,1000,"sd","09:30:15",70700
16750,50,200,"sd","09:30:15",69700
16750,50,800,"sd","09:30:15",69500
16750,50,400,"sd","09:30:15",68700
16750,50,1000,"sd","09:30:11",68300
16750,50,1400,"sd","09:30:00",67300
16750,50,200,"sd","09:30:00",65900
16750,50,500,"sd","09:29:56",65700
16750,50,300,"sd","09:29:56",65200
16750,50,100,"sd","09:29:56",64900
16750,50,5100,"sd","09:29:56",64800
16750,50,800,"sd","09:29:41",59700
16800,100,300,"bu","09:29:30",58900
16800,100,100,"bu","09:29:05",58600
16800,100,1400,"bu","09:28:57",58500
16800,100,3000,"bu","09:28:57",57100
16800,100,500,"bu","09:28:39",54100
16800,100,1500,"bu","09:28:24",53600
16800,100,1500,"bu","09:28:24",52100
16800,100,100,"bu","09:28:00",50600
16800,100,500,"bu","09:27:56",50500
16800,100,800,"bu","09:27:40",50000
16800,100,2000,"sd","09:27:20",49200
16800,100,100,"sd","09:27:20",47200
16800,100,200,"bu","09:27:05",47100
16800,100,200,"bu","09:27:05",46900
16800,100,200,"bu","09:27:05",46700
16800,100,200,"bu","09:27:05",46500
16800,100,100,"bu","09:27:05",46300
16750,50,3400,"sd","09:26:19",46200
16750,50,100,"sd","09:26:02",42800
16750,50,600,"sd","09:25:26",42700
16750,50,400,"sd","09:25:26",42100
16750,50,1600,"sd","09:25:15",41700
16800,100,400,"bu","09:25:03",40100
16800,100,300,"bu","09:25:03",39700
16800,100,200,"bu","09:25:03",39400
16800,100,2100,"bu","09:25:03",39200
16800,100,1300,"bu","09:23:47",37100
16800,100,400,"bu","09:22:53",35800
16800,100,500,"bu","09:22:51",35400
16800,100,700,"sd","09:22:29",34900
16800,100,200,"bu","09:22:18",34200
16800,100,100,"bu","09:22:18",34000
16800,100,100,"bu","09:21:58",33900
16800,100,200,"bu","09:21:43",33800
16800,100,1700,"sd","09:21:12",33600
16800,100,100,"bu","09:21:12",31900
16800,100,200,"bu","09:21:12",31800
16800,100,100,"bu","09:21:02",31600
16800,100,600,"sd","09:20:38",31500
16800,100,100,"sd","09:20:38",30900
16800,100,1000,"sd","09:20:38",30800
16800,100,500,"sd","09:20:15",29800
16800,100,1000,"sd","09:19:47",29300
16800,100,3900,"sd","09:19:27",28300
16800,100,1400,"sd","09:19:27",24400
16900,200,500,"bu","09:19:16",23000
16800,100,600,"sd","09:19:13",22500
16850,150,400,"sd","09:19:13",21900
16850,150,600,"sd","09:19:11",21500
16850,150,200,"sd","09:19:11",20900
16850,150,100,"sd","09:19:11",20700
16850,150,1100,"sd","09:19:11",20600
16850,150,1000,"sd","09:19:04",19500
16850,150,100,"sd","09:18:57",18500
16850,150,100,"sd","09:18:37",18400
16900,200,100,"bu","09:18:10",18300
16900,200,300,"bu","09:18:09",18200
16900,200,200,"bu","09:18:09",17900
16900,200,500,"bu","09:18:09",17700
16950,250,100,"bu","09:17:40",17200
16900,200,100,"bu","09:17:35",17100
16950,250,600,"bu","09:16:57",17000
16800,100,200,"sd","09:16:41",16400
16950,250,400,"bu","09:16:34",16200
16950,250,100,"bu","09:16:34",15800
16800,100,200,"sd","09:16:30",15700
17000,300,400,"bu","09:16:15",15500
16950,250,100,"bu","09:16:15",15100
16750,50,100,"sd","09:16:06",15000
17000,300,4500,"bu","09:15:40",14900
16950,250,400,"bu","09:15:40",9900
16950,250,500,"bu","09:15:40",10400
16900,200,1000,"bu","09:15:40",9500
16900,200,500,"bu","09:15:40",8500
16800,100,100,"bu","09:15:40",8000
16750,50,7900,"sd","09:15:00",7900
