"price","change","match_qtty","side","time","total_vol"
19600,100,772100,"unknown","14:45:01",8506300
19550,50,900,"sd","14:29:55",7734200
19550,50,100,"bu","14:29:54",7733300
19550,50,1000,"bu","14:29:51",7733200
19550,50,6400,"bu","14:29:51",7732200
19550,50,100,"bu","14:29:51",7725800
19550,50,100,"bu","14:29:51",7725700
19550,50,600,"bu","14:29:51",7725600
19550,50,3600,"bu","14:29:42",7725000
19550,50,5000,"bu","14:29:42",7721400
19550,50,1200,"bu","14:29:42",7716400
19550,50,200,"bu","14:29:42",7715200
19550,50,1000,"bu","14:29:35",7715000
19550,50,800,"bu","14:29:32",7714000
19550,50,200,"bu","14:29:32",7713200
19550,50,100,"bu","14:29:29",7713000
19550,50,5000,"bu","14:29:27",7712900
19500,0,200,"sd","14:29:27",7707900
19500,0,4000,"sd","14:29:15",7707700
19500,0,100,"sd","14:29:15",7703700
19500,0,100,"sd","14:29:15",7703600
19550,50,4700,"bu","14:29:12",7703500
19550,50,11000,"bu","14:29:12",7698800
19500,0,100,"sd","14:29:01",7687800
19500,0,100,"sd","14:29:01",7687700
19550,50,200,"bu","14:29:00",7687600
19550,50,1300,"bu","14:28:57",7687400
19550,50,1100,"bu","14:28:56",7686100
19550,50,2000,"sd","14:28:55",7685000
19550,50,3000,"bu","14:28:53",7683000
19500,0,900,"sd","14:28:53",7680000
19500,0,600,"sd","14:28:53",7679100
19500,0,400,"sd","14:28:45",7678500
19500,0,200,"sd","14:28:45",7678100
19500,0,1000,"sd","14:28:45",7677900
19500,0,500,"sd","14:28:45",7676900
19500,0,700,"sd","14:28:45",7676400
19500,0,500,"sd","14:28:45",7675700
19500,0,5100,"sd","14:28:45",7675200
19500,0,10000,"sd","14:28:43",7670100
19600,100,8900,"bu","14:28:38",7660100
19550,50,7800,"bu","14:28:38",7651200
19550,50,400,"bu","14:28:38",7643400
19550,50,1600,"bu","14:28:37",7643000
19550,50,400,"bu","14:28:37",7641400
19550,50,300,"bu","14:28:36",7641000
19550,50,2000,"bu","14:28:33",7640700
19550,50,500,"bu","14:28:32",7638700
19550,50,1500,"bu","14:28:25",7638200
19550,50,2500,"bu","14:28:25",7636700
19550,50,1000,"bu","14:28:25",7634200
19550,50,100,"bu","14:28:25",7633200
19550,50,14000,"bu","14:28:25",7633100
19550,50,2000,"bu","14:28:19",7619100
19550,50,3000,"bu","14:28:10",7617100
19500,0,1500,"sd","14:28:01",7614100
19550,50,15200,"bu","14:27:59",7612600
19500,0,8400,"sd","14:27:51",7597400
19550,50,2000,"sd","14:27:50",7589000
19550,50,1000,"sd","14:27:50",7587000
19550,50,200,"sd","14:27:50",7586000
19550,50,2000,"sd","14:27:50",7585800
19550,50,2000,"sd","14:27:50",7583800
19550,50,1300,"sd","14:27:50",7581800
19550,50,300,"sd","14:27:50",7580500
19550,50,2100,"sd","14:27:46",7580200
19600,100,9100,"bu","14:27:43",7578100
19600,100,2000,"bu","14:27:43",7569000
19600,100,4000,"bu","14:27:43",7567000
19600,100,1000,"bu","14:27:43",7563000
19600,100,1000,"bu","14:27:43",7562000
19550,50,200,"sd","14:27:40",7561000
19550,50,1200,"sd","14:27:38",7560800
19550,50,5000,"sd","14:27:36",7559600
19550,50,500,"sd","14:27:34",7554600
19550,50,3700,"sd","14:27:34",7554100
19550,50,100,"sd","14:27:34",7550400
19550,50,500,"sd","14:27:34",7550300
19550,50,1000,"sd","14:27:34",7549800
19550,50,10000,"sd","14:27:34",7548800
19550,50,300,"sd","14:27:34",7538800
19550,50,200,"sd","14:27:33",7538500
19550,50,600,"sd","14:27:33",7538300
19550,50,200,"sd","14:27:33",7537700
19600,100,1000,"bu","14:27:27",7537500
19600,100,1000,"bu","14:27:27",7536500
19600,100,5000,"bu","14:27:27",7535500
19600,100,300,"bu","14:27:27",7530500
19600,100,1000,"bu","14:27:27",7530200
19600,100,2000,"bu","14:27:27",7529200
19600,100,100,"bu","14:27:27",7527200
19600,100,1500,"bu","14:27:27",7527100
19600,100,1000,"bu","14:27:27",7525600
19600,100,1000,"bu","14:27:27",7524600
19600,100,5300,"bu","14:27:27",7523600
19550,50,1000,"sd","14:27:23",7518300
19550,50,2000,"sd","14:27:20",7517300
19600,100,1000,"bu","14:27:17",7515300
19600,100,3300,"bu","14:27:13",7514300
19600,100,10000,"bu","14:27:13",7511000
19600,100,1400,"bu","14:27:13",7501000
19600,100,400,"bu","14:27:13",7499600
19550,50,1400,"sd","14:27:08",7499200
19550,50,400,"sd","14:26:59",7497800
19550,50,1000,"sd","14:26:59",7497400
19550,50,600,"sd","14:26:59",7496400
19550,50,100,"sd","14:26:56",7495800
19550,50,2300,"sd","14:26:56",7495700
19550,50,1100,"sd","14:26:56",7493400
19550,50,700,"sd","14:26:56",7492300
19600,100,100,"bu","14:26:56",7491600
19550,50,300,"sd","14:26:53",7491500
19550,50,100,"sd","14:26:37",7491200
19550,50,3300,"sd","14:26:37",7491100
19600,100,500,"bu","14:26:36",7487800
19600,100,1000,"bu","14:26:36",7487300
19600,100,600,"bu","14:26:36",7486300
19600,100,600,"bu","14:26:36",7485700
19600,100,1000,"bu","14:26:36",7485100
19600,100,1000,"bu","14:26:36",7484100
19600,100,300,"bu","14:26:36",7483100
19600,100,100,"bu","14:26:36",7482800
19600,100,500,"bu","14:26:36",7482700
19600,100,1000,"bu","14:26:36",7482200
19600,100,100,"bu","14:26:36",7481200
19600,100,1000,"bu","14:26:36",7481100
19600,100,1000,"bu","14:26:36",7480100
19600,100,5000,"bu","14:26:36",7479100
19600,100,100,"bu","14:26:36",7474100
19600,100,3000,"bu","14:26:36",7474000
19600,100,300,"bu","14:26:36",7471000
19600,100,1000,"bu","14:26:36",7470700
19600,100,1000,"bu","14:26:36",7469700
19550,50,100,"bu","14:26:32",7468700
19550,50,500,"bu","14:26:32",7468600
19550,50,10000,"bu","14:26:32",7468100
19550,50,1000,"bu","14:26:32",7458100
19550,50,1000,"bu","14:26:32",7457100
19550,50,1000,"bu","14:26:32",7456100
19550,50,300,"bu","14:26:32",7455100
19550,50,200,"bu","14:26:32",7454800
19550,50,500,"bu","14:26:32",7454600
19550,50,500,"bu","14:26:32",7454100
19550,50,15000,"bu","14:26:32",7453600
19550,50,500,"bu","14:26:32",7438600
19550,50,500,"bu","14:26:32",7438100
19550,50,100,"bu","14:26:32",7437600
19550,50,500,"bu","14:26:32",7437500
19550,50,300,"bu","14:26:32",7437000
19550,50,200,"bu","14:26:32",7436700
19550,50,1000,"bu","14:26:32",7436500
19550,50,30000,"bu","14:26:32",7435500
19550,50,500,"bu","14:26:32",7405500
19550,50,500,"bu","14:26:32",7405000
19550,50,100,"bu","14:26:32",7404500
19550,50,300,"bu","14:26:32",7404400
19550,50,100,"bu","14:26:32",7404100
19550,50,100,"bu","14:26:32",7404000
19550,50,300,"bu","14:26:32",7403900
19550,50,400,"bu","14:26:32",7403600
19550,50,20000,"bu","14:26:32",7403200
19550,50,11200,"bu","14:26:32",7383200
19550,50,18800,"bu","14:26:19",7372000
19550,50,400,"bu","14:26:19",7353200
19500,0,1500,"sd","14:26:17",7352800
19550,50,3000,"bu","14:26:07",7351300
19500,0,8200,"sd","14:26:05",7348300
19550,50,1600,"bu","14:26:03",7340100
19550,50,5000,"bu","14:26:03",7338500
19550,50,11500,"bu","14:26:03",7333500
19550,50,500,"bu","14:26:03",7322000
19550,50,300,"bu","14:26:01",7321500
19550,50,7700,"bu","14:25:51",7321200
19550,50,300,"bu","14:25:51",7313500
19550,50,100,"bu","14:25:51",7313200
19550,50,500,"bu","14:25:51",7313100
19550,50,1000,"bu","14:25:51",7312600
19550,50,2000,"bu","14:25:51",7311600
19550,50,4500,"bu","14:25:51",7309600
19550,50,1500,"bu","14:25:46",7305100
19550,50,1500,"bu","14:25:46",7301600
19550,50,2000,"bu","14:25:46",7303600
19500,0,1700,"bu","14:25:25",7300100
19500,0,100,"bu","14:25:25",7298400
19500,0,1000,"bu","14:25:25",7298300
19500,0,3000,"bu","14:25:25",7297300
19500,0,100,"bu","14:25:25",7294300
19500,0,4000,"bu","14:25:25",7294200
19500,0,200,"bu","14:25:25",7290200
19500,0,1000,"bu","14:25:25",7290000
19500,0,300,"bu","14:25:25",7289000
19500,0,500,"bu","14:25:25",7288700
19500,0,4000,"bu","14:25:25",7288200
19500,0,900,"bu","14:25:25",7284200
19500,0,500,"bu","14:25:25",7283300
19500,0,3500,"bu","14:25:25",7282800
19500,0,10000,"bu","14:25:25",7279300
19500,0,2000,"bu","14:25:25",7269300
19500,0,17300,"bu","14:25:25",7267300
19500,0,500,"bu","14:25:25",7250000
19500,0,21200,"bu","14:25:25",7249500
19500,0,100,"bu","14:25:25",7228300
19500,0,500,"bu","14:25:25",7228200
19500,0,1000,"bu","14:25:25",7227700
19500,0,9000,"bu","14:25:25",7226700
19500,0,100,"bu","14:25:25",7217700
19500,0,200,"bu","14:25:25",7217600
19500,0,100,"bu","14:25:25",7217400
19500,0,400,"bu","14:25:25",7217300
19500,0,400,"bu","14:25:25",7216900
19500,0,100,"bu","14:25:25",7216500
19500,0,2600,"bu","14:25:25",7216400
19500,0,3000,"bu","14:25:25",7213800
19500,0,5600,"bu","14:25:25",7210800
19500,0,5000,"bu","14:25:25",7205200
19500,0,18500,"bu","14:25:25",7200200
19500,0,100,"bu","14:25:25",7181700
19500,0,700,"bu","14:25:25",7181600
19500,0,400,"bu","14:25:25",7180900
19500,0,20100,"bu","14:25:25",7180500
19500,0,500,"bu","14:25:25",7160400
19500,0,1000,"bu","14:25:25",7159900
19500,0,20000,"bu","14:25:25",7158900
19500,0,1000,"bu","14:25:25",7138900
19500,0,500,"bu","14:25:25",7137900
19500,0,2000,"bu","14:25:25",7137400
19500,0,1100,"bu","14:25:25",7135400
19500,0,1000,"bu","14:25:25",7134300
19500,0,100,"bu","14:25:25",7133300
19500,0,100,"bu","14:25:25",7133200
19500,0,300,"bu","14:25:25",7133100
19500,0,400,"bu","14:25:25",7132800
19500,0,300,"bu","14:25:25",7132400
19500,0,100,"bu","14:25:25",7132100
19500,0,700,"bu","14:25:25",7132000
19500,0,1000,"bu","14:25:25",7131300
19500,0,500,"bu","14:25:25",7130300
19500,0,100,"bu","14:25:25",7129800
19500,0,100,"bu","14:25:25",7129700
19500,0,300,"bu","14:25:25",7129600
19500,0,2600,"bu","14:25:25",7129300
19500,0,500,"bu","14:25:25",7126700
19500,0,300,"bu","14:25:25",7126200
19500,0,11000,"bu","14:25:25",7125900
19500,0,300,"bu","14:25:25",7114900
19500,0,100,"bu","14:25:25",7114600
19500,0,1700,"bu","14:25:25",7114500
19500,0,5000,"bu","14:25:25",7112800
19500,0,2000,"bu","14:25:25",7107800
19500,0,10000,"bu","14:25:25",7105800
19500,0,500,"bu","14:25:25",7095800
19500,0,200,"bu","14:25:25",7095300
19500,0,1000,"bu","14:25:25",7095100
19500,0,100,"bu","14:25:25",7094100
19500,0,10000,"bu","14:25:25",7094000
19500,0,500,"bu","14:25:25",7084000
19500,0,1000,"bu","14:25:25",7083500
19500,0,100,"bu","14:25:25",7082500
19500,0,2500,"bu","14:25:25",7082400
19500,0,200,"bu","14:25:25",7079900
19500,0,10200,"bu","14:25:25",7079700
19500,0,100,"bu","14:25:25",7069500
19500,0,100,"bu","14:25:25",7069400
19500,0,500,"bu","14:25:25",7069300
19500,0,1200,"bu","14:25:25",7068800
19500,0,1000,"bu","14:25:25",7067600
19500,0,1000,"bu","14:25:25",7066600
19500,0,1000,"bu","14:25:25",7065600
19500,0,2600,"bu","14:25:25",7064600
19500,0,100,"bu","14:25:25",7062000
19500,0,10000,"bu","14:25:25",7061900
19500,0,1500,"bu","14:25:25",7051900
19500,0,1100,"bu","14:25:25",7050400
19500,0,200,"bu","14:25:25",7049300
19500,0,200,"bu","14:25:25",7049100
19500,0,14100,"bu","14:25:25",7048900
19450,-50,1400,"sd","14:25:25",7034800
19450,-50,8100,"sd","14:25:14",7033400
19450,-50,5500,"sd","14:25:09",7025300
19450,-50,200,"bu","14:25:04",7019800
19450,-50,100,"bu","14:25:04",7019600
19450,-50,100,"bu","14:25:04",7019500
19450,-50,5000,"bu","14:25:04",7019400
19450,-50,1000,"bu","14:25:04",7014400
19450,-50,2000,"bu","14:25:04",7013400
19450,-50,500,"bu","14:25:04",7011400
19450,-50,500,"bu","14:25:04",7010900
19450,-50,100,"bu","14:25:04",7010400
19450,-50,5000,"bu","14:25:04",7010300
19450,-50,2600,"bu","14:25:04",7005300
19450,-50,5000,"bu","14:25:04",7002700
19450,-50,10000,"bu","14:25:04",6997700
19450,-50,2000,"bu","14:25:04",6987700
19450,-50,100,"bu","14:25:04",6985700
19450,-50,3000,"bu","14:25:04",6985600
19450,-50,1000,"bu","14:25:04",6982600
19450,-50,5000,"bu","14:25:04",6981600
19450,-50,1000,"bu","14:25:04",6976600
19450,-50,500,"bu","14:25:04",6975600
19450,-50,1500,"bu","14:25:04",6975100
19450,-50,129200,"bu","14:25:04",6973600
19400,-100,4800,"sd","14:25:01",6844400
19400,-100,200,"sd","14:25:01",6839600
19400,-100,29800,"bu","14:24:44",6839400
19400,-100,5000,"bu","14:24:36",6809600
19350,-150,600,"sd","14:24:34",6804600
19350,-150,1000,"sd","14:24:34",6804000
19350,-150,100,"sd","14:24:34",6803000
19400,-100,5000,"bu","14:24:33",6802900
19400,-100,100,"bu","14:24:30",6797900
19400,-100,100,"bu","14:24:28",6797800
19400,-100,1200,"sd","14:24:23",6797700
19400,-100,100,"sd","14:24:23",6796500
19400,-100,1000,"sd","14:24:23",6796400
19400,-100,100,"sd","14:24:23",6795400
19400,-100,1000,"sd","14:24:23",6795300
19400,-100,400,"sd","14:24:23",6794300
19400,-100,50000,"sd","14:24:23",6793900
19400,-100,100,"sd","14:24:23",6743900
19400,-100,3000,"sd","14:24:23",6743800
19400,-100,1900,"sd","14:24:23",6740800
19400,-100,300,"sd","14:24:23",6738900
19400,-100,500,"sd","14:24:23",6738600
19400,-100,400,"sd","14:24:23",6738100
19400,-100,1600,"sd","14:24:21",6737700
19400,-100,5000,"sd","14:24:21",6736100
19400,-100,1200,"sd","14:24:21",6731100
19400,-100,300,"sd","14:24:21",6729900
19450,-50,2000,"bu","14:24:20",6729600
19400,-100,800,"sd","14:23:32",6727600
19400,-100,200,"sd","14:23:32",6726800
19400,-100,400,"sd","14:23:32",6726600
19400,-100,3000,"bu","14:23:30",6726200
19400,-100,600,"bu","14:23:29",6723200
19400,-100,400,"bu","14:23:29",6722600
19400,-100,100,"bu","14:23:29",6722200
19400,-100,500,"bu","14:23:29",6722100
19400,-100,400,"bu","14:23:24",6721600
19400,-100,500,"bu","14:23:24",6721200
19400,-100,100,"bu","14:23:24",6720700
19400,-100,500,"bu","14:23:21",6720600
19400,-100,100,"bu","14:23:20",6720100
19400,-100,1900,"bu","14:23:20",6720000
19400,-100,200,"bu","14:23:20",6718100
19400,-100,5800,"bu","14:23:17",6717900
19400,-100,1000,"bu","14:23:17",6712100
19400,-100,500,"bu","14:23:17",6711100
19400,-100,2700,"bu","14:23:17",6710600
19400,-100,4000,"bu","14:23:16",6707900
19400,-100,100,"bu","14:23:13",6703900
19400,-100,100,"bu","14:23:07",6703800
19400,-100,1000,"bu","14:23:03",6703700
19400,-100,800,"bu","14:23:00",6702700
19400,-100,200,"bu","14:22:57",6701900
19400,-100,200,"bu","14:22:55",6701700
19350,-150,1500,"sd","14:22:42",6701500
19400,-100,1000,"bu","14:22:40",6700000
19400,-100,6000,"bu","14:22:34",6699000
19400,-100,1000,"bu","14:22:31",6693000
19400,-100,100,"bu","14:22:23",6692000
19400,-100,200,"bu","14:22:18",6691900
19400,-100,500,"bu","14:22:16",6691700
19400,-100,1100,"sd","14:21:57",6691200
19400,-100,1000,"sd","14:21:57",6690100
19400,-100,500,"sd","14:21:50",6689100
19400,-100,1000,"sd","14:21:50",6688600
19400,-100,100,"bu","14:21:46",6687600
19400,-100,100,"bu","14:21:45",6687500
19400,-100,800,"sd","14:21:41",6687400
19400,-100,200,"sd","14:21:40",6686600
19400,-100,100,"sd","14:21:40",6686400
19400,-100,3600,"sd","14:21:40",6686300
19400,-100,2000,"sd","14:21:40",6682700
19400,-100,1300,"sd","14:21:40",6680700
19400,-100,700,"sd","14:21:40",6679400
19400,-100,400,"sd","14:21:33",6678700
19400,-100,100,"sd","14:21:33",6678300
19400,-100,100,"sd","14:21:16",6678200
19400,-100,1000,"sd","14:21:07",6678100
19400,-100,1000,"sd","14:21:07",6677100
19400,-100,200,"sd","14:21:05",6676100
19400,-100,200,"sd","14:21:05",6675900
19400,-100,4600,"sd","14:21:05",6675700
19400,-100,1300,"sd","14:21:00",6671100
19400,-100,1400,"sd","14:20:56",6669800
19400,-100,100,"sd","14:20:52",6668400
19400,-100,7800,"sd","14:20:49",6668300
19400,-100,900,"bu","14:20:41",6660500
19400,-100,100,"bu","14:20:35",6659600
19400,-100,3000,"bu","14:20:35",6659500
19400,-100,300,"bu","14:20:35",6656500
19400,-100,4500,"bu","14:20:35",6656200
19400,-100,100,"bu","14:20:33",6651700
19350,-150,3000,"sd","14:20:16",6651600
19350,-150,1000,"sd","14:20:16",6648600
19350,-150,100,"sd","14:20:16",6647600
19350,-150,100,"sd","14:20:16",6647500
19350,-150,400,"sd","14:20:16",6647400
19350,-150,100,"sd","14:20:16",6647000
19350,-150,500,"sd","14:20:16",6646900
19350,-150,100,"sd","14:20:16",6646400
19350,-150,200,"sd","14:20:16",6646300
19350,-150,100,"sd","14:20:16",6646100
19350,-150,1000,"sd","14:20:16",6646000
19350,-150,2500,"sd","14:20:16",6645000
19350,-150,1000,"sd","14:20:16",6642500
19350,-150,1000,"sd","14:20:16",6641500
19350,-150,500,"sd","14:20:16",6640500
19350,-150,200,"sd","14:20:16",6640000
19350,-150,100,"sd","14:20:16",6639800
19350,-150,100,"sd","14:20:16",6639700
19350,-150,200,"sd","14:20:16",6639600
19350,-150,1000,"sd","14:20:16",6639400
19350,-150,6800,"sd","14:20:16",6638400
19350,-150,1500,"sd","14:20:05",6631600
19400,-100,200,"bu","14:20:05",6630100
19400,-100,6000,"bu","14:20:02",6629900
19400,-100,500,"bu","14:20:02",6623900
19400,-100,500,"bu","14:20:02",6623400
19400,-100,3000,"bu","14:20:02",6622900
19350,-150,3900,"sd","14:19:58",6619900
19400,-100,200,"bu","14:19:57",6616000
19400,-100,300,"bu","14:19:53",6615800
19400,-100,500,"bu","14:19:47",6615500
19400,-100,1600,"bu","14:19:47",6615000
19400,-100,1000,"bu","14:19:34",6613400
19400,-100,200,"bu","14:19:28",6612400
19400,-100,700,"bu","14:19:21",6612200
19400,-100,600,"bu","14:19:21",6611500
19400,-100,500,"bu","14:19:21",6610900
19400,-100,1000,"bu","14:19:21",6610400
19400,-100,1000,"bu","14:19:21",6609400
19400,-100,6200,"bu","14:19:21",6608400
19400,-100,1500,"bu","14:19:16",6602200
19400,-100,7000,"bu","14:19:16",6600700
19400,-100,1000,"bu","14:19:16",6593700
19400,-100,100,"bu","14:19:16",6592700
19400,-100,500,"bu","14:19:13",6592600
19350,-150,1500,"sd","14:19:13",6592100
19400,-100,500,"bu","14:19:13",6590600
19350,-150,6300,"sd","14:19:04",6590100
19350,-150,100,"sd","14:19:04",6583800
19350,-150,100,"sd","14:19:04",6583700
19350,-150,1100,"sd","14:19:04",6583600
19400,-100,1400,"bu","14:18:58",6582500
19400,-100,3400,"bu","14:18:58",6581100
19400,-100,3200,"bu","14:18:58",6577700
19400,-100,4000,"bu","14:18:36",6574500
19350,-150,900,"sd","14:18:29",6570500
19350,-150,500,"sd","14:18:29",6569600
19350,-150,1000,"sd","14:18:29",6569100
19350,-150,2000,"sd","14:18:29",6568100
19350,-150,500,"sd","14:18:29",6566100
19350,-150,100,"sd","14:18:29",6565600
19350,-150,100,"sd","14:18:29",6565500
19350,-150,300,"sd","14:18:29",6565400
19350,-150,100,"sd","14:18:29",6565100
19350,-150,1000,"sd","14:18:29",6565000
19350,-150,300,"sd","14:18:29",6564000
19350,-150,200,"sd","14:18:29",6563700
19350,-150,1500,"sd","14:18:19",6563500
19350,-150,300,"sd","14:18:15",6562000
19350,-150,300,"sd","14:18:15",6561700
19350,-150,300,"sd","14:18:15",6561400
19350,-150,2000,"sd","14:18:15",6561100
19350,-150,500,"sd","14:18:15",6559100
19350,-150,200,"sd","14:18:15",6558600
19350,-150,100,"sd","14:18:15",6558400
19350,-150,100,"sd","14:18:15",6558300
19350,-150,100,"sd","14:18:15",6558200
19350,-150,100,"sd","14:18:15",6558100
19350,-150,200,"sd","14:18:15",6558000
19350,-150,200,"sd","14:18:15",6557800
19350,-150,200,"sd","14:18:15",6557600
19350,-150,100,"sd","14:18:15",6557400
19350,-150,2000,"sd","14:18:15",6557300
19350,-150,1000,"sd","14:18:15",6555300
19350,-150,1000,"sd","14:18:15",6554300
19350,-150,200,"sd","14:18:15",6553300
19350,-150,2000,"sd","14:18:15",6553100
19350,-150,200,"sd","14:18:15",6551100
19350,-150,100,"sd","14:18:15",6550900
19350,-150,1000,"sd","14:18:15",6550800
19350,-150,10000,"sd","14:18:15",6549800
19350,-150,100,"sd","14:18:15",6539800
19350,-150,12200,"sd","14:18:15",6539700
19400,-100,500,"bu","14:18:11",6527500
19400,-100,1000,"bu","14:17:58",6527000
19400,-100,200,"bu","14:17:48",6526000
19400,-100,200,"sd","14:17:46",6525800
19400,-100,800,"sd","14:17:45",6525600
19400,-100,500,"sd","14:17:45",6524800
19400,-100,500,"sd","14:17:45",6524300
19400,-100,700,"sd","14:17:45",6523800
19400,-100,500,"sd","14:17:43",6523100
19400,-100,2000,"sd","14:17:43",6522600
19400,-100,100,"sd","14:17:43",6520600
19400,-100,100,"sd","14:17:43",6520500
19400,-100,200,"sd","14:17:43",6520400
19400,-100,1100,"sd","14:17:43",6520200
19400,-100,100,"sd","14:17:43",6519100
19400,-100,200,"sd","14:17:43",6519000
19400,-100,200,"sd","14:17:43",6518800
19400,-100,1000,"sd","14:17:43",6518600
19400,-100,400,"sd","14:17:43",6517600
19400,-100,10000,"sd","14:17:43",6517200
19400,-100,1400,"sd","14:17:43",6507200
19400,-100,1100,"sd","14:17:43",6505800
19400,-100,200,"sd","14:17:43",6504700
19400,-100,1400,"sd","14:17:43",6504500
19400,-100,2000,"sd","14:17:41",6503100
19400,-100,4500,"sd","14:17:39",6501100
19400,-100,100,"sd","14:17:39",6496600
19400,-100,200,"sd","14:17:39",6496500
19400,-100,200,"sd","14:17:39",6496300
19400,-100,10000,"sd","14:17:39",6496100
19400,-100,100,"sd","14:17:39",6486100
19400,-100,1000,"sd","14:17:39",6486000
19400,-100,1200,"sd","14:17:39",6485000
19400,-100,12700,"sd","14:17:39",6483800
19400,-100,45300,"sd","14:17:38",6471100
19400,-100,1400,"sd","14:17:27",6425800
19400,-100,3700,"sd","14:17:22",6424400
19450,-50,1500,"bu","14:17:19",6420700
19400,-100,1500,"sd","14:17:17",6419200
19450,-50,14000,"bu","14:16:51",6417700
19400,-100,400,"sd","14:16:44",6403700
19400,-100,1400,"sd","14:16:36",6403300
19400,-100,7500,"sd","14:16:32",6401900
19450,-50,100,"bu","14:16:29",6394400
19400,-100,11800,"sd","14:16:24",6394300
19400,-100,2000,"sd","14:16:15",6382500
19450,-50,100,"bu","14:16:04",6380500
19400,-100,5000,"sd","14:15:59",6380400
19400,-100,5000,"sd","14:15:58",6375400
19400,-100,2300,"sd","14:15:52",6370400
19400,-100,1000,"sd","14:15:52",6368100
19400,-100,1700,"sd","14:15:52",6367100
19400,-100,1300,"sd","14:15:48",6365400
19400,-100,2000,"sd","14:15:48",6364100
19400,-100,1100,"sd","14:15:48",6362100
19400,-100,100,"sd","14:15:48",6361000
19400,-100,500,"sd","14:15:48",6360900
19400,-100,100,"sd","14:15:48",6360400
19400,-100,2000,"sd","14:15:48",6360300
19400,-100,700,"sd","14:15:48",6358300
19400,-100,300,"sd","14:15:44",6357600
19400,-100,100,"sd","14:15:44",6357300
19400,-100,1100,"sd","14:15:44",6357200
19400,-100,700,"sd","14:15:41",6356100
19400,-100,500,"sd","14:15:41",6355400
19400,-100,300,"sd","14:15:41",6354900
19400,-100,100,"sd","14:15:41",6354600
19400,-100,500,"sd","14:15:41",6354500
19400,-100,500,"sd","14:15:41",6354000
19400,-100,100,"sd","14:15:41",6353500
19400,-100,100,"sd","14:15:41",6353400
19400,-100,400,"sd","14:15:41",6353300
19400,-100,1100,"sd","14:15:41",6352900
19400,-100,100,"sd","14:15:41",6351800
19400,-100,200,"sd","14:15:41",6351700
19400,-100,2900,"sd","14:15:41",6351500
19450,-50,500,"bu","14:15:39",6348600
19400,-100,100,"sd","14:15:31",6348100
19400,-100,1000,"sd","14:15:30",6348000
19400,-100,1000,"sd","14:15:20",6347000
19400,-100,6200,"sd","14:15:20",6346000
19400,-100,300,"sd","14:15:05",6339800
19400,-100,1500,"sd","14:14:53",6339500
19400,-100,1000,"sd","14:14:50",6338000
19400,-100,1000,"sd","14:14:49",6337000
19400,-100,900,"sd","14:14:49",6336000
19400,-100,5400,"sd","14:14:49",6335100
19400,-100,4000,"sd","14:14:24",6329700
19400,-100,600,"sd","14:14:11",6325700
19400,-100,500,"sd","14:14:11",6325100
19400,-100,1000,"sd","14:14:11",6324600
19400,-100,1200,"sd","14:14:11",6323600
19400,-100,1000,"sd","14:14:11",6322400
19400,-100,1100,"sd","14:14:11",6321400
19400,-100,100,"sd","14:14:11",6320300
19400,-100,1100,"sd","14:14:11",6320200
19400,-100,100,"sd","14:14:11",6319100
19400,-100,100,"sd","14:14:11",6319000
19400,-100,1100,"sd","14:14:11",6318900
19400,-100,1000,"sd","14:14:11",6317800
19400,-100,1200,"sd","14:14:11",6316800
19400,-100,1000,"sd","14:14:11",6315600
19400,-100,100,"sd","14:14:11",6314600
19400,-100,5000,"sd","14:14:11",6314500
19400,-100,1100,"sd","14:14:11",6309500
19400,-100,6900,"sd","14:14:11",6308400
19400,-100,1400,"sd","14:13:58",6301500
19400,-100,3700,"sd","14:13:58",6300100
19450,-50,100,"bu","14:13:57",6296400
19400,-100,900,"sd","14:13:41",6296300
19400,-100,5000,"sd","14:13:36",6295400
19400,-100,11600,"sd","14:13:22",6290400
19400,-100,2000,"sd","14:13:22",6278800
19400,-100,1100,"sd","14:13:22",6276800
19400,-100,400,"sd","14:13:22",6275700
19400,-100,500,"sd","14:13:22",6275300
19400,-100,1000,"sd","14:13:21",6274800
19400,-100,1500,"sd","14:13:21",6273800
19400,-100,100,"sd","14:13:21",6272300
19400,-100,1100,"sd","14:13:21",6272200
19400,-100,200,"sd","14:13:21",6271100
19400,-100,1100,"sd","14:13:21",6270900
19400,-100,1000,"sd","14:13:21",6269800
19400,-100,200,"sd","14:13:15",6268800
19400,-100,2000,"sd","14:13:15",6268600
19400,-100,1100,"sd","14:13:15",6266600
19400,-100,300,"sd","14:13:15",6265500
19400,-100,8000,"sd","14:13:15",6265200
19400,-100,1500,"sd","14:13:07",6257200
19400,-100,3200,"sd","14:13:05",6255700
19400,-100,3900,"sd","14:13:05",6252500
19400,-100,100,"sd","14:13:05",6248600
19400,-100,400,"sd","14:12:52",6248500
19400,-100,1000,"sd","14:12:52",6248100
19400,-100,10000,"sd","14:12:52",6247100
19400,-100,7100,"sd","14:12:52",6237100
19400,-100,400,"sd","14:12:46",6230000
19450,-50,100,"bu","14:12:42",6229600
19400,-100,1000,"sd","14:12:41",6229500
19400,-100,1000,"sd","14:12:16",6228500
19400,-100,500,"sd","14:12:14",6227500
19400,-100,2000,"sd","14:12:14",6227000
19400,-100,100,"sd","14:12:14",6225000
19400,-100,1000,"sd","14:12:14",6224900
19400,-100,3600,"sd","14:12:14",6223900
19400,-100,1500,"sd","14:12:13",6220300
19450,-50,1000,"bu","14:12:05",6218800
19450,-50,100,"bu","14:11:58",6217800
19450,-50,2100,"bu","14:11:49",6217700
19400,-100,4900,"sd","14:11:44",6215600
19400,-100,1100,"sd","14:11:44",6210700
19400,-100,9600,"sd","14:11:44",6209600
19400,-100,400,"sd","14:11:41",6200000
19400,-100,100,"sd","14:11:41",6199600
19400,-100,100,"sd","14:11:41",6199500
19400,-100,1400,"sd","14:11:41",6199400
19400,-100,600,"sd","14:11:33",6198000
19400,-100,200,"sd","14:11:33",6197400
19400,-100,100,"sd","14:11:33",6197200
19400,-100,100,"sd","14:11:33",6197100
19400,-100,500,"sd","14:11:33",6197000
19400,-100,1000,"sd","14:11:33",6196500
19400,-100,300,"sd","14:11:33",6195500
19400,-100,1800,"sd","14:11:33",6195200
19400,-100,500,"sd","14:11:33",6193400
19400,-100,200,"sd","14:11:33",6192900
19400,-100,100,"sd","14:11:33",6192700
19400,-100,1000,"sd","14:11:33",6192600
19400,-100,1000,"sd","14:11:33",6191600
19400,-100,1500,"sd","14:11:33",6190600
19400,-100,100,"sd","14:11:33",6189100
19400,-100,1200,"sd","14:11:33",6189000
19400,-100,5400,"sd","14:11:33",6187800
19400,-100,2000,"sd","14:11:33",6182400
19400,-100,2000,"sd","14:11:33",6180400
19400,-100,400,"sd","14:11:33",6178400
19400,-100,4600,"sd","14:11:29",6178000
19400,-100,100,"sd","14:11:29",6173400
19400,-100,1000,"sd","14:11:29",6173300
19400,-100,200,"sd","14:11:29",6172300
19400,-100,500,"sd","14:11:29",6172100
19400,-100,2000,"sd","14:11:29",6171600
19400,-100,500,"sd","14:11:29",6169600
19400,-100,500,"sd","14:11:29",6169100
19400,-100,600,"sd","14:11:29",6168600
19400,-100,400,"sd","14:11:23",6168000
19400,-100,3100,"sd","14:11:23",6167600
19450,-50,500,"bu","14:11:23",6164500
19400,-100,1400,"sd","14:11:22",6164000
19450,-50,9000,"bu","14:11:22",6162600
19450,-50,200,"bu","14:11:19",6153600
19400,-100,1300,"sd","14:11:13",6153400
19450,-50,5500,"bu","14:11:08",6152100
19400,-100,400,"sd","14:11:07",6146600
19400,-100,600,"sd","14:10:56",6146200
19450,-50,500,"bu","14:10:46",6145600
19400,-100,600,"sd","14:10:39",6145100
19400,-100,1400,"sd","14:10:31",6144500
19400,-100,1200,"sd","14:10:30",6143100
19400,-100,100,"sd","14:10:30",6141900
19400,-100,1600,"sd","14:10:30",6141800
19400,-100,1200,"sd","14:10:30",6140200
19400,-100,200,"sd","14:10:30",6139000
19400,-100,2800,"sd","14:10:30",6138800
19400,-100,1000,"sd","14:09:48",6136000
19400,-100,1500,"sd","14:09:40",6135000
19400,-100,4700,"sd","14:09:39",6133500
19400,-100,100,"sd","14:09:39",6128800
19400,-100,400,"sd","14:09:39",6128700
19400,-100,1800,"sd","14:09:39",6128300
19400,-100,1300,"sd","14:09:31",6126500
19400,-100,100,"sd","14:09:31",6125200
19400,-100,200,"sd","14:09:31",6125100
19400,-100,2900,"sd","14:09:31",6124900
19400,-100,100,"sd","14:09:07",6122000
19400,-100,1800,"sd","14:08:46",6121900
19400,-100,1200,"sd","14:08:46",6120100
19400,-100,100,"sd","14:08:46",6118900
19400,-100,200,"sd","14:08:46",6118800
19400,-100,5000,"sd","14:08:46",6118600
19400,-100,100,"sd","14:08:46",6113600
19400,-100,100,"sd","14:08:46",6113500
19450,-50,100,"bu","14:08:38",6113400
19400,-100,1800,"sd","14:08:29",6113300
19400,-100,1100,"sd","14:08:29",6111500
19400,-100,100,"sd","14:08:29",6110400
19400,-100,1000,"sd","14:08:29",6110300
19400,-100,1000,"sd","14:08:29",6109300
19400,-100,100,"sd","14:08:21",6108300
19400,-100,100,"sd","14:08:11",6108200
19400,-100,1000,"sd","14:07:53",6108100
19400,-100,100,"sd","14:07:53",6107100
19400,-100,500,"sd","14:07:53",6107000
19450,-50,100,"bu","14:07:39",6106500
19400,-100,600,"sd","14:07:36",6106400
19400,-100,1000,"sd","14:07:36",6105800
19400,-100,400,"sd","14:07:36",6104800
19400,-100,2000,"bu","14:07:28",6104400
19400,-100,3000,"bu","14:07:28",6102400
19400,-100,100,"bu","14:07:28",6099400
19400,-100,6800,"bu","14:07:28",6099300
19400,-100,1400,"bu","14:07:28",6092500
19400,-100,200,"bu","14:07:28",6091100
19400,-100,100000,"bu","14:07:28",6090900
19400,-100,300,"bu","14:07:28",5990900
19400,-100,7800,"bu","14:07:28",5990600
19400,-100,1000,"bu","14:07:28",5982800
19400,-100,77000,"bu","14:07:28",5981800
19400,-100,5000,"bu","14:07:20",5904800
19350,-150,3800,"sd","14:07:03",5899800
19350,-150,1000,"sd","14:07:03",5896000
19350,-150,100,"sd","14:07:03",5895000
19350,-150,1900,"sd","14:07:03",5894900
19350,-150,100,"sd","14:06:59",5893000
19350,-150,1300,"sd","14:06:59",5892900
19350,-150,20000,"sd","14:06:56",5891600
19400,-100,100,"bu","14:06:56",5871600
19400,-100,100,"bu","14:06:49",5871500
19400,-100,500,"bu","14:06:45",5871400
19400,-100,1000,"bu","14:06:42",5870900
19400,-100,300,"bu","14:06:42",5869900
19400,-100,500,"bu","14:06:37",5869600
19400,-100,5000,"bu","14:06:11",5869100
19350,-150,300,"sd","14:05:57",5864100
19400,-100,100,"bu","14:05:56",5863800
19400,-100,4800,"bu","14:05:50",5863700
19400,-100,2000,"sd","14:05:48",5858900
19400,-100,900,"sd","14:05:48",5856900
19400,-100,100,"sd","14:05:48",5856000
19400,-100,1200,"sd","14:05:48",5855900
19400,-100,1100,"sd","14:05:48",5854700
19400,-100,300,"sd","14:05:48",5853600
19400,-100,800,"sd","14:05:43",5853300
19400,-100,1100,"sd","14:05:43",5852500
19400,-100,1100,"sd","14:05:43",5851400
19400,-100,2200,"sd","14:05:43",5850300
19400,-100,500,"sd","14:05:36",5848100
19400,-100,300,"bu","14:05:30",5847600
19400,-100,200,"bu","14:05:30",5847300
19400,-100,500,"bu","14:05:30",5847100
19400,-100,300,"bu","14:05:30",5846600
19400,-100,500,"bu","14:05:30",5846300
19400,-100,1000,"bu","14:05:30",5845800
19400,-100,900,"bu","14:05:30",5844800
19400,-100,1500,"bu","14:05:30",5843900
19400,-100,300,"bu","14:05:30",5842400
19400,-100,11000,"bu","14:05:30",5842100
19400,-100,1000,"bu","14:05:30",5831100
19400,-100,18600,"bu","14:05:30",5830100
19400,-100,500,"bu","14:05:30",5811500
19400,-100,200,"bu","14:05:30",5811000
19400,-100,1000,"bu","14:05:30",5810800
19400,-100,59500,"bu","14:05:30",5809800
19400,-100,100,"bu","14:05:30",5750300
19400,-100,500,"bu","14:05:28",5750200
19400,-100,500,"bu","14:05:25",5749700
19350,-150,13400,"sd","14:05:24",5749200
19350,-150,200,"sd","14:05:24",5735800
19350,-150,2000,"sd","14:05:24",5735600
19350,-150,100,"sd","14:05:17",5733600
19350,-150,1500,"sd","14:05:17",5733500
19350,-150,1000,"sd","14:05:17",5732000
19350,-150,1000,"sd","14:05:17",5731000
19350,-150,3100,"sd","14:05:17",5730000
19350,-150,1500,"sd","14:05:16",5726900
19400,-100,1000,"bu","14:05:13",5725400
19400,-100,1200,"bu","14:05:09",5724400
19400,-100,5000,"bu","14:05:05",5723200
19400,-100,100,"bu","14:05:03",5718200
19400,-100,900,"bu","14:05:02",5718100
19400,-100,600,"bu","14:05:02",5717200
19400,-100,100,"bu","14:04:57",5716600
19400,-100,300,"bu","14:04:36",5716500
19400,-100,700,"bu","14:04:36",5716200
19400,-100,200,"bu","14:04:31",5715500
19350,-150,1400,"sd","14:04:25",5715300
19350,-150,3300,"sd","14:04:23",5713900
19400,-100,1100,"bu","14:04:16",5710600
19400,-100,500,"bu","14:04:04",5709500
19400,-100,1500,"bu","14:03:58",5709000
19400,-100,200,"bu","14:03:58",5707500
19400,-100,3300,"bu","14:03:58",5707300
19400,-100,1000,"bu","14:03:51",5704000
19400,-100,200,"bu","14:03:51",5703000
19350,-150,700,"sd","14:03:33",5702800
19350,-150,300,"sd","14:03:33",5702100
19350,-150,100,"sd","14:03:33",5701800
19350,-150,100,"sd","14:03:33",5701700
19350,-150,1000,"sd","14:03:33",5701600
19350,-150,4400,"sd","14:03:33",5700600
19350,-150,600,"sd","14:03:32",5696200
19350,-150,200,"sd","14:03:32",5695600
19350,-150,500,"sd","14:03:32",5695400
19350,-150,200,"sd","14:03:32",5694900
19400,-100,500,"bu","14:03:29",5694700
19400,-100,1100,"bu","14:03:24",5694200
19350,-150,4800,"sd","14:03:15",5693100
19350,-150,3000,"sd","14:03:15",5688300
19350,-150,500,"sd","14:03:15",5685300
19350,-150,1800,"sd","14:03:15",5684800
19350,-150,3000,"sd","14:03:15",5683000
19350,-150,3000,"sd","14:03:15",5680000
19350,-150,100,"sd","14:03:15",5677000
19350,-150,500,"sd","14:03:15",5676900
19350,-150,200,"sd","14:03:15",5676400
19350,-150,100,"sd","14:03:15",5676200
19350,-150,300,"sd","14:03:15",5676100
19350,-150,800,"sd","14:03:15",5675800
19350,-150,200,"sd","14:02:49",5675000
19350,-150,200,"sd","14:02:49",5674800
19350,-150,100,"sd","14:02:49",5674600
19350,-150,400,"sd","14:02:41",5674500
19350,-150,1000,"sd","14:02:41",5674100
19350,-150,3000,"sd","14:02:35",5673100
19350,-150,2000,"sd","14:02:35",5670100
19350,-150,200,"sd","14:02:35",5668100
19350,-150,500,"sd","14:02:35",5667900
19350,-150,900,"sd","14:02:35",5667400
19400,-100,1100,"bu","14:02:33",5666500
19400,-100,100,"bu","14:02:29",5665400
19350,-150,1500,"sd","14:01:48",5665300
19350,-150,6400,"sd","14:01:44",5663800
19400,-100,200,"bu","14:01:44",5657400
19400,-100,100,"bu","14:01:29",5657200
19400,-100,500,"bu","14:01:06",5657100
19350,-150,1400,"sd","14:00:58",5656600
19350,-150,3200,"sd","14:00:54",5655200
19350,-150,5000,"sd","14:00:44",5652000
19350,-150,1400,"sd","14:00:05",5647000
19350,-150,6400,"sd","14:00:03",5645600
19400,-100,1000,"bu","13:59:50",5639200
19350,-150,700,"sd","13:59:50",5638200
19350,-150,3100,"sd","13:59:46",5637500
19350,-150,200,"sd","13:59:46",5634400
19350,-150,1000,"sd","13:59:46",5634200
19350,-150,1000,"sd","13:59:46",5633200
19350,-150,500,"sd","13:59:46",5632200
19350,-150,4200,"sd","13:59:46",5631700
19400,-100,200,"bu","13:59:20",5627500
19400,-100,4000,"bu","13:59:16",5627300
19400,-100,1000,"bu","13:59:16",5623300
19350,-150,100,"sd","13:59:15",5622300
19400,-100,100,"bu","13:59:12",5622200
19350,-150,5700,"sd","13:59:10",5622100
19350,-150,600,"sd","13:59:10",5616400
19400,-100,500,"bu","13:59:06",5615800
19400,-100,400,"bu","13:58:47",5615300
19400,-100,8900,"bu","13:58:47",5614900
19350,-150,400,"sd","13:58:20",5606000
19350,-150,1000,"sd","13:58:20",5605600
19350,-150,1500,"sd","13:58:20",5604600
19350,-150,3400,"sd","13:58:20",5603100
19400,-100,100,"bu","13:58:04",5599700
19400,-100,1000,"bu","13:58:00",5599600
19400,-100,4000,"bu","13:58:00",5598600
19350,-150,15600,"sd","13:57:44",5594600
19350,-150,1000,"sd","13:57:29",5579000
19350,-150,1000,"sd","13:57:29",5578000
19350,-150,800,"sd","13:57:29",5577000
19350,-150,300,"sd","13:57:29",5576200
19400,-100,100,"bu","13:57:29",5575900
19400,-100,100,"bu","13:57:24",5575800
19400,-100,200,"bu","13:56:48",5575700
19350,-150,700,"sd","13:56:38",5575500
19350,-150,100,"sd","13:56:38",5574800
19350,-150,100,"sd","13:56:38",5574700
19350,-150,400,"sd","13:56:38",5574600
19350,-150,100,"sd","13:56:38",5574200
19350,-150,300,"sd","13:56:38",5574100
19350,-150,500,"sd","13:56:38",5573800
19350,-150,500,"sd","13:56:38",5573300
19350,-150,100,"sd","13:56:38",5572800
19350,-150,100,"sd","13:56:38",5572700
19350,-150,3200,"sd","13:56:38",5572600
19400,-100,600,"bu","13:56:34",5569400
19400,-100,1400,"bu","13:56:34",5568800
19400,-100,500,"bu","13:55:55",5567400
19400,-100,400,"bu","13:55:46",5566900
19350,-150,6100,"sd","13:55:40",5566500
19400,-100,100,"bu","13:55:35",5560400
19400,-100,100,"bu","13:55:22",5560300
19400,-100,500,"bu","13:54:55",5560200
19400,-100,500,"bu","13:54:55",5559700
19400,-100,100,"bu","13:54:52",5559200
19400,-100,200,"bu","13:54:52",5559100
19400,-100,100,"bu","13:54:51",5558900
19400,-100,600,"bu","13:54:49",5558800
19400,-100,4000,"bu","13:54:49",5558200
19400,-100,400,"bu","13:54:49",5554200
19350,-150,700,"sd","13:54:48",5553800
19350,-150,900,"sd","13:54:48",5553100
19350,-150,500,"sd","13:54:48",5552200
19350,-150,200,"sd","13:54:48",5551700
19350,-150,100,"sd","13:54:48",5551500
19350,-150,500,"sd","13:54:48",5551400
19350,-150,100,"sd","13:54:48",5550900
19350,-150,100,"sd","13:54:48",5550800
19350,-150,1000,"sd","13:54:48",5550700
19350,-150,600,"sd","13:54:48",5549700
19350,-150,300,"sd","13:54:48",5549100
19350,-150,100,"sd","13:54:48",5548800
19350,-150,100,"sd","13:54:48",5548700
19350,-150,100,"sd","13:54:48",5548600
19350,-150,700,"sd","13:54:48",5548500
19400,-100,200,"bu","13:54:30",5547800
19400,-100,2400,"bu","13:54:18",5547600
19400,-100,500,"bu","13:54:18",5545200
19400,-100,6000,"bu","13:54:18",5544700
19400,-100,1100,"bu","13:54:18",5538700
19400,-100,1000,"bu","13:54:04",5537600
19350,-150,3000,"sd","13:53:55",5536600
19400,-100,500,"bu","13:53:32",5533600
19400,-100,2000,"bu","13:53:32",5533100
19400,-100,700,"sd","13:53:07",5531100
19400,-100,500,"sd","13:53:07",5530400
19400,-100,1100,"sd","13:53:07",5529900
19400,-100,3100,"sd","13:53:07",5528800
19400,-100,500,"sd","13:53:01",5525700
19400,-100,500,"sd","13:52:53",5525200
19400,-100,1300,"bu","13:52:46",5524700
19400,-100,100,"bu","13:52:46",5523400
19400,-100,200,"bu","13:52:46",5523300
19400,-100,25000,"bu","13:52:45",5523100
19400,-100,18600,"bu","13:52:45",5498100
19400,-100,700,"bu","13:52:45",5479500
19400,-100,5000,"bu","13:52:36",5478800
19400,-100,200,"bu","13:52:36",5473800
19400,-100,4100,"bu","13:52:25",5473600
19400,-100,11000,"bu","13:52:25",5469500
19400,-100,15000,"bu","13:52:25",5458500
19400,-100,100,"bu","13:52:25",5443500
19400,-100,30000,"bu","13:52:25",5443400
19400,-100,1300,"bu","13:52:25",5413400
19400,-100,5800,"bu","13:52:25",5412100
19400,-100,700,"bu","13:52:25",5406300
19350,-150,300,"sd","13:52:10",5405600
19350,-150,5600,"sd","13:52:10",5405300
19400,-100,1000,"bu","13:51:39",5399700
19400,-100,300,"bu","13:51:36",5398700
19350,-150,1000,"sd","13:51:26",5398400
19400,-100,500,"bu","13:51:16",5397400
19400,-100,300,"bu","13:51:10",5396900
19400,-100,200,"sd","13:51:02",5396600
19400,-100,800,"bu","13:51:00",5396400
19400,-100,200,"sd","13:51:00",5395600
19400,-100,1800,"bu","13:50:53",5395400
19400,-100,1100,"bu","13:50:46",5393600
19400,-100,900,"bu","13:50:46",5392500
19400,-100,100,"sd","13:50:40",5391600
19450,-50,100,"bu","13:50:40",5391500
19400,-100,1000,"sd","13:50:36",5391400
19450,-50,23600,"bu","13:50:09",5390400
19400,-100,1300,"bu","13:50:09",5366800
19400,-100,5000,"bu","13:50:09",5365500
19400,-100,1000,"bu","13:50:09",5360500
19400,-100,1200,"bu","13:50:09",5359500
19400,-100,8000,"bu","13:50:09",5358300
19400,-100,800,"bu","13:50:09",5350300
19400,-100,3500,"bu","13:50:09",5349500
19400,-100,20600,"bu","13:50:09",5346000
19350,-150,400,"sd","13:49:35",5325400
19350,-150,100,"sd","13:49:35",5325000
19350,-150,100,"sd","13:49:35",5324900
19350,-150,1000,"sd","13:49:35",5324800
19350,-150,1000,"sd","13:49:35",5323800
19350,-150,3100,"sd","13:49:35",5322800
19400,-100,100,"bu","13:49:35",5319700
19400,-100,13600,"bu","13:49:34",5319600
19400,-100,200,"bu","13:49:31",5306000
19350,-150,1900,"sd","13:49:24",5305800
19350,-150,300,"sd","13:49:24",5303900
19350,-150,100,"sd","13:49:24",5303600
19400,-100,200,"bu","13:49:24",5303500
19400,-100,100,"bu","13:49:19",5303300
19400,-100,300,"bu","13:49:10",5303200
19350,-150,400,"sd","13:49:09",5302900
19400,-100,1100,"bu","13:49:08",5302500
19400,-100,800,"bu","13:48:49",5301400
19350,-150,5700,"sd","13:48:45",5300600
19400,-100,1000,"sd","13:48:43",5294900
19400,-100,100,"sd","13:48:43",5293900
19400,-100,500,"sd","13:48:43",5293800
19400,-100,100,"sd","13:48:43",5293300
19400,-100,10000,"sd","13:48:43",5293200
19400,-100,100,"sd","13:48:43",5283200
19400,-100,500,"sd","13:48:43",5283100
19400,-100,100,"sd","13:48:43",5282600
19400,-100,200,"sd","13:48:43",5282500
19400,-100,300,"sd","13:48:43",5282300
19450,-50,100,"bu","13:48:28",5282000
19400,-100,100,"sd","13:48:14",5281900
19400,-100,500,"sd","13:47:59",5281800
19400,-100,200,"sd","13:47:54",5281300
19400,-100,400,"sd","13:47:54",5281100
19400,-100,2000,"sd","13:47:54",5280700
19400,-100,200,"sd","13:47:54",5278700
19400,-100,900,"bu","13:47:32",5278500
19400,-100,100,"bu","13:47:30",5277600
19450,-50,100,"bu","13:47:14",5277500
19350,-150,1100,"sd","13:47:03",5277400
19400,-100,300,"sd","13:47:03",5276300
19400,-100,100,"sd","13:47:03",5276000
19400,-100,1100,"sd","13:47:03",5275900
19400,-100,100,"sd","13:47:03",5274800
19400,-100,500,"sd","13:47:03",5274700
19400,-100,100,"sd","13:47:03",5274200
19400,-100,1000,"sd","13:47:03",5274100
19400,-100,1300,"sd","13:47:03",5273100
19400,-100,700,"sd","13:46:58",5271800
19400,-100,300,"sd","13:46:58",5271100
19450,-50,1000,"bu","13:46:54",5270800
19450,-50,1000,"bu","13:46:39",5269800
19450,-50,100,"bu","13:46:35",5268800
19400,-100,700,"bu","13:46:27",5268700
19400,-100,6300,"bu","13:46:25",5268000
19400,-100,300,"bu","13:46:25",5261700
19400,-100,1000,"bu","13:46:25",5261400
19400,-100,200,"bu","13:46:25",5260400
19400,-100,2200,"bu","13:46:25",5260200
19400,-100,200,"bu","13:46:20",5258000
19400,-100,3100,"bu","13:46:12",5257800
19400,-100,1300,"bu","13:46:12",5254700
19400,-100,600,"bu","13:46:12",5253400
19400,-100,2000,"bu","13:46:12",5252800
19400,-100,1000,"bu","13:46:09",5250800
19400,-100,100,"bu","13:46:08",5249800
19400,-100,300,"bu","13:46:03",5249700
19400,-100,2600,"bu","13:45:57",5249400
19400,-100,100,"bu","13:45:51",5246800
19400,-100,100,"bu","13:45:47",5246700
19400,-100,100,"bu","13:45:46",5246600
19400,-100,1000,"sd","13:45:46",5246500
19400,-100,1000,"sd","13:45:46",5245500
19400,-100,100,"sd","13:45:46",5244500
19400,-100,1000,"sd","13:45:46",5244400
19400,-100,600,"sd","13:45:46",5243400
19400,-100,500,"sd","13:45:46",5242800
19400,-100,300,"sd","13:45:46",5242300
19400,-100,200,"sd","13:45:46",5242000
19400,-100,500,"sd","13:45:46",5241800
19400,-100,1000,"sd","13:45:46",5241300
19400,-100,1000,"sd","13:45:46",5240300
19400,-100,300,"sd","13:45:46",5239300
19400,-100,200,"sd","13:45:46",5239000
19400,-100,100,"sd","13:45:46",5238800
19400,-100,2000,"sd","13:45:46",5238700
19400,-100,100,"sd","13:45:46",5236700
19400,-100,1600,"sd","13:45:20",5236600
19400,-100,200,"sd","13:45:20",5235000
19400,-100,100,"sd","13:45:20",5234800
19400,-100,100,"sd","13:45:20",5234700
19400,-100,500,"sd","13:45:20",5234600
19400,-100,100,"sd","13:45:20",5234100
19400,-100,100,"sd","13:45:20",5234000
19400,-100,1900,"sd","13:45:20",5233900
19400,-100,700,"sd","13:45:20",5232000
19400,-100,1000,"sd","13:45:20",5231300
19400,-100,2000,"sd","13:45:20",5230300
19400,-100,1200,"sd","13:45:20",5228300
19400,-100,5500,"sd","13:45:20",5227100
19400,-100,5500,"sd","13:45:19",5221600
19400,-100,5100,"sd","13:44:53",5216100
19400,-100,600,"sd","13:44:53",5211000
19400,-100,3000,"sd","13:44:53",5210400
19400,-100,400,"sd","13:44:53",5207400
19400,-100,100,"sd","13:44:53",5207000
19400,-100,500,"sd","13:44:53",5206900
19400,-100,1000,"sd","13:44:53",5206400
19400,-100,300,"sd","13:44:53",5205400
19400,-100,1500,"sd","13:44:53",5205100
19400,-100,2000,"sd","13:44:53",5203600
19400,-100,100,"sd","13:44:53",5201600
19400,-100,1000,"sd","13:44:53",5201500
19400,-100,1000,"sd","13:44:53",5200500
19400,-100,400,"sd","13:44:53",5199500
19450,-50,1000,"bu","13:44:42",5199100
19400,-100,100,"sd","13:44:38",5198100
19450,-50,500,"bu","13:44:34",5198000
19400,-100,100,"sd","13:44:28",5197500
19400,-100,200,"sd","13:44:28",5197400
19400,-100,1000,"sd","13:44:28",5197200
19400,-100,2000,"sd","13:44:28",5196200
19400,-100,200,"sd","13:44:28",5194200
19450,-50,500,"bu","13:44:27",5194000
19400,-100,300,"sd","13:44:26",5193500
19400,-100,2400,"sd","13:44:26",5193200
19450,-50,100,"bu","13:44:26",5190800
19450,-50,100,"bu","13:43:51",5190700
19450,-50,300,"bu","13:43:36",5190600
19400,-100,2600,"sd","13:43:34",5190300
19400,-100,100,"sd","13:43:34",5187700
19400,-100,500,"sd","13:43:34",5187600
19400,-100,1000,"sd","13:43:34",5187100
19400,-100,1200,"sd","13:43:34",5186100
19400,-100,1300,"sd","13:43:24",5184900
19400,-100,2500,"sd","13:43:12",5183600
19450,-50,100,"bu","13:43:08",5181100
19450,-50,100,"bu","13:42:54",5181000
19450,-50,2600,"sd","13:42:54",5180900
19450,-50,100,"sd","13:42:54",5178300
19450,-50,1900,"sd","13:42:54",5178200
19450,-50,100,"sd","13:42:51",5176300
19450,-50,100,"sd","13:42:51",5176200
19450,-50,300,"sd","13:42:51",5176100
19450,-50,5400,"sd","13:42:43",5175800
19450,-50,2200,"sd","13:42:09",5170400
19450,-50,200,"sd","13:42:09",5168200
19450,-50,1000,"sd","13:42:09",5168000
19450,-50,500,"sd","13:42:09",5167000
19450,-50,100,"sd","13:42:09",5166500
19500,0,100,"bu","13:42:03",5166400
19450,-50,1000,"sd","13:41:56",5166300
19450,-50,2600,"sd","13:41:52",5165300
19450,-50,1000,"bu","13:41:27",5162700
19450,-50,5300,"bu","13:41:27",5161700
19450,-50,1000,"bu","13:41:27",5156400
19450,-50,1300,"bu","13:41:27",5155400
19450,-50,500,"bu","13:41:27",5154100
19450,-50,7200,"bu","13:41:27",5153600
19450,-50,1000,"bu","13:41:18",5146400
19450,-50,100,"bu","13:41:17",5145400
19450,-50,2700,"bu","13:41:06",5145300
19450,-50,100,"bu","13:41:06",5142600
19450,-50,2200,"bu","13:41:06",5142500
19400,-100,5000,"sd","13:40:46",5140300
19450,-50,100,"bu","13:40:43",5135300
19450,-50,2900,"bu","13:40:36",5135200
19450,-50,100,"bu","13:40:36",5132300
19450,-50,300,"bu","13:40:31",5132200
19450,-50,18200,"sd","13:40:21",5131900
19450,-50,20000,"sd","13:40:11",5113700
19450,-50,200,"sd","13:40:04",5093700
19450,-50,1000,"bu","13:40:02",5093500
19450,-50,5200,"bu","13:40:02",5092500
19450,-50,1000,"bu","13:40:02",5087300
19450,-50,4000,"bu","13:40:02",5086300
19450,-50,500,"bu","13:40:02",5082300
19450,-50,1000,"bu","13:40:02",5081800
19450,-50,100,"bu","13:40:02",5080800
19450,-50,300,"bu","13:40:02",5080700
19450,-50,1000,"bu","13:40:02",5080400
19450,-50,1300,"bu","13:40:02",5079400
19450,-50,500,"bu","13:40:02",5078100
19450,-50,1300,"bu","13:40:02",5077600
19450,-50,1000,"bu","13:40:02",5076300
19450,-50,100,"bu","13:40:02",5075300
19450,-50,500,"bu","13:40:02",5075200
19450,-50,1300,"bu","13:40:02",5074700
19450,-50,10000,"bu","13:40:02",5073400
19450,-50,6600,"bu","13:40:02",5063400
19450,-50,10000,"bu","13:40:02",5056800
19450,-50,30000,"bu","13:40:02",5046800
19450,-50,500,"bu","13:40:02",5016800
19450,-50,1000,"bu","13:40:02",5016300
19450,-50,1300,"bu","13:40:02",5015300
19450,-50,5000,"bu","13:40:02",5014000
19450,-50,15000,"bu","13:40:02",5009000
19450,-50,19000,"bu","13:40:02",4994000
19450,-50,19400,"bu","13:40:02",4975000
19450,-50,8000,"bu","13:40:02",4955600
19450,-50,500,"bu","13:40:02",4947600
19450,-50,6000,"bu","13:40:02",4947100
19450,-50,1300,"bu","13:40:02",4941100
19450,-50,500,"bu","13:40:02",4939800
19450,-50,7400,"bu","13:40:02",4939300
19400,-100,400,"sd","13:39:57",4931900
19400,-100,1000,"sd","13:39:55",4931500
19400,-100,1000,"sd","13:39:46",4930500
19400,-100,2000,"sd","13:39:35",4929500
19400,-100,5000,"sd","13:39:27",4927500
19400,-100,1300,"sd","13:39:25",4922500
19400,-100,1000,"sd","13:39:17",4921200
19450,-50,200,"bu","13:39:16",4920200
19400,-100,1600,"sd","13:39:15",4920000
19400,-100,1000,"sd","13:39:15",4918400
19400,-100,500,"sd","13:39:15",4917400
19400,-100,1900,"sd","13:39:15",4916900
19400,-100,1000,"sd","13:39:11",4915000
19400,-100,5000,"sd","13:39:06",4914000
19400,-100,1100,"sd","13:39:00",4909000
19400,-100,200,"sd","13:39:00",4907900
19400,-100,200,"sd","13:39:00",4907700
19400,-100,1000,"bu","13:38:50",4907500
19400,-100,1300,"bu","13:38:50",4906500
19400,-100,100,"bu","13:38:50",4905200
19400,-100,400,"bu","13:38:50",4905100
19400,-100,100,"bu","13:38:43",4904700
19400,-100,100,"bu","13:38:43",4904600
19400,-100,500,"bu","13:38:43",4904500
19400,-100,1300,"bu","13:38:43",4904000
19400,-100,10000,"bu","13:38:43",4902700
19400,-100,100,"bu","13:38:43",4892700
19400,-100,1300,"bu","13:38:43",4892600
19400,-100,1200,"bu","13:38:43",4891300
19400,-100,100,"bu","13:38:43",4890100
19400,-100,1300,"bu","13:38:43",4890000
19400,-100,2300,"bu","13:38:43",4888700
19400,-100,1300,"bu","13:38:43",4886400
19400,-100,1800,"bu","13:38:43",4885100
19400,-100,500,"bu","13:38:43",4883300
19400,-100,100,"bu","13:38:43",4882800
19400,-100,1000,"bu","13:38:43",4882700
19400,-100,200,"bu","13:38:43",4881700
19400,-100,1300,"bu","13:38:43",4881500
19400,-100,500,"bu","13:38:43",4880200
19400,-100,500,"bu","13:38:43",4879700
19400,-100,2000,"bu","13:38:43",4879200
19400,-100,300,"bu","13:38:43",4877200
19400,-100,500,"bu","13:38:43",4876900
19400,-100,1300,"bu","13:38:43",4876400
19400,-100,100,"bu","13:38:43",4875100
19400,-100,500,"bu","13:38:43",4875000
19400,-100,11000,"bu","13:38:43",4874500
19400,-100,2000,"bu","13:38:43",4863500
19400,-100,400,"bu","13:38:43",4861500
19400,-100,18600,"bu","13:38:43",4861100
19400,-100,5000,"bu","13:38:43",4842500
19400,-100,1300,"bu","13:38:43",4837500
19400,-100,500,"bu","13:38:43",4836200
19400,-100,600,"bu","13:38:43",4835700
19400,-100,200,"bu","13:38:43",4835100
19400,-100,1300,"bu","13:38:43",4834900
19400,-100,2000,"bu","13:38:43",4833600
19400,-100,1300,"bu","13:38:43",4831600
19400,-100,1300,"bu","13:38:43",4830300
19400,-100,1500,"bu","13:38:43",4829000
19400,-100,500,"bu","13:38:43",4827500
19400,-100,1300,"bu","13:38:43",4827000
19400,-100,300,"bu","13:38:43",4825700
19400,-100,300,"bu","13:38:43",4825400
19400,-100,400,"bu","13:38:43",4825100
19400,-100,300,"bu","13:38:33",4824700
19350,-150,2700,"sd","13:38:28",4824400
19350,-150,500,"sd","13:38:28",4821700
19350,-150,100,"sd","13:38:28",4821200
19350,-150,100,"sd","13:38:28",4821100
19350,-150,100,"sd","13:38:28",4821000
19350,-150,100,"sd","13:38:28",4820900
19350,-150,100,"sd","13:38:28",4820800
19350,-150,1000,"sd","13:38:28",4820700
19350,-150,400,"sd","13:38:28",4819700
19400,-100,100,"bu","13:38:24",4819300
19400,-100,200,"bu","13:37:57",4819200
19400,-100,200,"bu","13:37:57",4819000
19400,-100,300,"bu","13:37:57",4818800
19400,-100,100,"bu","13:37:53",4818500
19400,-100,100,"bu","13:37:52",4818400
19350,-150,9600,"sd","13:37:46",4818300
19350,-150,200,"sd","13:37:46",4808700
19350,-150,200,"sd","13:37:46",4808500
19350,-150,3000,"sd","13:37:46",4808300
19350,-150,100,"sd","13:37:46",4805300
19350,-150,700,"sd","13:37:46",4805200
19350,-150,100,"sd","13:37:46",4804500
19350,-150,100,"sd","13:37:46",4804400
19350,-150,1500,"sd","13:37:46",4804300
19350,-150,7200,"sd","13:37:41",4802800
19400,-100,1000,"bu","13:37:38",4795600
19350,-150,1300,"sd","13:37:27",4794600
19350,-150,1200,"sd","13:37:27",4793300
19350,-150,800,"sd","13:36:36",4792100
19350,-150,100,"sd","13:36:36",4791300
19350,-150,2000,"sd","13:36:36",4791200
19350,-150,1000,"sd","13:36:36",4789200
19350,-150,1100,"sd","13:36:36",4788200
19400,-100,500,"bu","13:36:22",4787100
19400,-100,1500,"bu","13:36:22",4786600
19350,-150,3900,"sd","13:36:14",4785100
19350,-150,100,"sd","13:36:14",4781200
19350,-150,500,"sd","13:36:14",4781100
19350,-150,500,"sd","13:36:14",4780600
19350,-150,100,"sd","13:36:14",4780100
19350,-150,100,"sd","13:36:14",4780000
19350,-150,1000,"sd","13:36:14",4779900
19350,-150,500,"sd","13:36:14",4778900
19350,-150,2000,"sd","13:36:14",4778400
19350,-150,1000,"sd","13:36:14",4776400
19350,-150,100,"sd","13:36:14",4775400
19350,-150,5000,"sd","13:36:14",4775300
19350,-150,800,"sd","13:36:14",4770300
19350,-150,200,"sd","13:35:51",4769500
19350,-150,200,"sd","13:35:51",4769300
19350,-150,100,"sd","13:35:51",4769100
19350,-150,1000,"sd","13:35:51",4769000
19350,-150,200,"sd","13:35:51",4768000
19350,-150,900,"sd","13:35:51",4767800
19350,-150,2000,"sd","13:35:51",4766900
19350,-150,100,"sd","13:35:51",4764900
19350,-150,500,"sd","13:35:51",4764800
19350,-150,200,"sd","13:35:51",4764300
19350,-150,100,"sd","13:35:51",4764100
19350,-150,1000,"sd","13:35:51",4764000
19350,-150,100,"sd","13:35:51",4763000
19350,-150,2000,"sd","13:35:51",4762900
19350,-150,100,"sd","13:35:51",4760900
19350,-150,100,"sd","13:35:51",4760800
19350,-150,300,"sd","13:35:51",4760700
19350,-150,100,"sd","13:35:51",4760400
19350,-150,200,"sd","13:35:51",4760300
19350,-150,2000,"sd","13:35:51",4760100
19350,-150,100,"sd","13:35:51",4758100
19350,-150,500,"sd","13:35:51",4758000
19350,-150,2000,"sd","13:35:51",4757500
19350,-150,100,"sd","13:35:51",4755500
19350,-150,100,"sd","13:35:51",4755400
19350,-150,200,"sd","13:35:51",4755300
19350,-150,200,"sd","13:35:51",4755100
19350,-150,500,"sd","13:35:51",4754900
19350,-150,100,"sd","13:35:51",4754400
19350,-150,1000,"sd","13:35:51",4754300
19350,-150,2000,"sd","13:35:51",4753300
19350,-150,1000,"sd","13:35:51",4751300
19350,-150,500,"sd","13:35:51",4750300
19350,-150,300,"sd","13:35:51",4749800
19350,-150,2000,"sd","13:35:51",4749500
19350,-150,300,"sd","13:35:51",4747500
19350,-150,100,"sd","13:35:51",4747200
19350,-150,500,"sd","13:35:51",4747100
19350,-150,100,"sd","13:35:51",4746600
19350,-150,13400,"sd","13:35:51",4746500
19350,-150,400,"sd","13:35:51",4733100
19350,-150,100,"sd","13:35:51",4732700
19350,-150,100,"sd","13:35:51",4732600
19350,-150,10000,"sd","13:35:51",4732500
19350,-150,100,"sd","13:35:51",4722500
19350,-150,500,"sd","13:35:51",4722400
19350,-150,1000,"sd","13:35:51",4721900
19350,-150,41400,"sd","13:35:51",4720900
19400,-100,100,"bu","13:35:46",4679500
19350,-150,5000,"sd","13:35:44",4679400
19400,-100,5000,"bu","13:35:38",4674400
19400,-100,1300,"bu","13:35:27",4669400
19400,-100,100,"bu","13:35:19",4668100
19350,-150,200,"sd","13:34:56",4668000
19350,-150,2500,"sd","13:34:52",4667800
19400,-100,3300,"bu","13:34:43",4665300
19400,-100,100,"bu","13:34:16",4662000
19350,-150,900,"sd","13:34:00",4661900
19350,-150,4000,"sd","13:34:00",4661000
19400,-100,10000,"bu","13:33:58",4657000
19400,-100,500,"bu","13:33:37",4647000
19350,-150,3000,"sd","13:33:29",4646500
19400,-100,500,"bu","13:33:13",4643500
19350,-150,4800,"sd","13:33:05",4643000
19350,-150,4800,"sd","13:32:14",4638200
19350,-150,100,"sd","13:31:57",4633400
19350,-150,600,"sd","13:31:53",4633300
19350,-150,4800,"sd","13:31:18",4632700
19350,-150,1900,"sd","13:31:15",4627900
19350,-150,2000,"sd","13:31:11",4626000
19350,-150,200,"sd","13:30:59",4624000
19350,-150,1000,"sd","13:30:28",4623800
19350,-150,500,"sd","13:30:28",4622800
19350,-150,1000,"sd","13:30:28",4622300
19350,-150,100,"sd","13:30:28",4621300
19350,-150,1000,"sd","13:30:28",4621200
19350,-150,100,"sd","13:30:28",4620200
19350,-150,50000,"sd","13:30:28",4620100
19350,-150,1800,"sd","13:30:28",4570100
19350,-150,200,"sd","13:30:27",4568300
19350,-150,200,"sd","13:30:27",4568100
19350,-150,200,"sd","13:30:27",4567900
19350,-150,200,"sd","13:30:27",4567700
19350,-150,200,"sd","13:30:27",4567500
19350,-150,500,"sd","13:30:27",4567300
19350,-150,800,"sd","13:30:27",4566800
19400,-100,2000,"bu","13:30:23",4566000
19400,-100,200,"bu","13:30:06",4564000
19400,-100,4000,"bu","13:29:44",4563800
19350,-150,1000,"sd","13:29:41",4559800
19400,-100,5000,"bu","13:29:41",4558800
19350,-150,3200,"sd","13:29:36",4553800
19350,-150,200,"sd","13:29:36",4550600
19350,-150,1300,"sd","13:29:36",4550400
19400,-100,100,"bu","13:29:27",4549100
19400,-100,3000,"bu","13:29:07",4549000
19400,-100,800,"bu","13:28:56",4546000
19350,-150,3700,"sd","13:28:42",4545200
19350,-150,1000,"sd","13:28:42",4541500
19400,-100,100,"bu","13:28:37",4540500
19400,-100,1000,"bu","13:28:36",4540400
19400,-100,100,"bu","13:28:25",4539400
19400,-100,1100,"bu","13:28:15",4539300
19350,-150,100,"sd","13:28:15",4538200
19400,-100,1000,"bu","13:28:01",4538100
19350,-150,900,"sd","13:27:52",4537100
19350,-150,100,"sd","13:27:52",4536200
19350,-150,700,"sd","13:27:52",4536100
19350,-150,100,"sd","13:27:52",4535400
19350,-150,100,"sd","13:27:52",4535300
19350,-150,400,"sd","13:27:52",4535200
19400,-100,1500,"bu","13:27:43",4534800
19400,-100,100,"bu","13:27:38",4533300
19400,-100,300,"bu","13:27:20",4533200
19400,-100,1000,"bu","13:27:12",4532900
19350,-150,100,"sd","13:27:10",4531900
19350,-150,100,"sd","13:27:10",4531800
19350,-150,1800,"sd","13:27:10",4531700
19350,-150,2200,"sd","13:27:00",4529900
19350,-150,2300,"sd","13:27:00",4527700
19400,-100,5500,"bu","13:26:50",4525400
19400,-100,4500,"bu","13:26:50",4519900
19350,-150,2000,"sd","13:26:40",4515400
19400,-100,1000,"bu","13:26:37",4513400
19400,-100,1500,"bu","13:26:33",4512400
19400,-100,5000,"bu","13:26:22",4510900
19350,-150,4600,"sd","13:26:06",4505900
19400,-100,700,"bu","13:25:55",4501300
19350,-150,1100,"sd","13:25:41",4500600
19350,-150,400,"sd","13:25:41",4499500
19350,-150,1000,"sd","13:25:32",4499100
19350,-150,500,"sd","13:25:20",4498100
19350,-150,300,"sd","13:25:19",4497600
19350,-150,4400,"sd","13:25:15",4497300
19350,-150,300,"sd","13:25:10",4492900
19350,-150,800,"sd","13:25:07",4492600
19350,-150,100,"sd","13:24:51",4491800
19400,-100,1200,"bu","13:24:51",4491700
19350,-150,300,"sd","13:24:36",4490500
19350,-150,300,"sd","13:24:23",4490200
19350,-150,3300,"sd","13:24:20",4489900
19350,-150,500,"sd","13:24:20",4486600
19350,-150,700,"sd","13:24:20",4486100
19400,-100,500,"bu","13:24:19",4485400
19350,-150,300,"sd","13:24:11",4484900
19350,-150,300,"sd","13:23:42",4484600
19350,-150,200,"sd","13:23:42",4484300
19400,-100,1700,"bu","13:23:41",4484100
19350,-150,100,"sd","13:23:35",4482400
19350,-150,1100,"sd","13:23:28",4482300
19350,-150,200,"sd","13:23:28",4481200
19350,-150,100,"sd","13:23:28",4481000
19350,-150,500,"sd","13:23:28",4480900
19350,-150,100,"sd","13:23:28",4480400
19350,-150,200,"sd","13:23:28",4480300
19350,-150,800,"sd","13:23:27",4480100
19350,-150,100,"sd","13:23:27",4479300
19350,-150,9100,"sd","13:23:27",4479200
19350,-150,900,"sd","13:23:13",4470100
19350,-150,1100,"sd","13:23:13",4469200
19400,-100,1500,"bu","13:23:06",4468100
19350,-150,200,"sd","13:22:52",4466600
19350,-150,2100,"sd","13:22:37",4466400
19350,-150,1000,"sd","13:22:37",4464300
19350,-150,1000,"sd","13:22:37",4463300
19350,-150,100,"sd","13:22:37",4462300
19350,-150,100,"sd","13:22:37",4462200
19350,-150,200,"sd","13:22:25",4462100
19400,-100,800,"bu","13:22:15",4461900
19350,-150,1000,"sd","13:22:04",4461100
19350,-150,500,"sd","13:21:55",4460100
19400,-100,200,"bu","13:21:55",4459600
19400,-100,300,"bu","13:21:55",4459400
19400,-100,500,"bu","13:21:55",4459100
19350,-150,100,"sd","13:21:49",4458600
19350,-150,200,"sd","13:21:49",4458500
19350,-150,100,"sd","13:21:49",4458300
19350,-150,200,"sd","13:21:49",4458200
19350,-150,1200,"sd","13:21:49",4458000
19350,-150,16800,"sd","13:21:49",4456800
19350,-150,3000,"sd","13:21:49",4440000
19350,-150,200,"sd","13:21:49",4437000
19350,-150,5200,"sd","13:21:49",4436800
19350,-150,100,"sd","13:21:49",4431600
19350,-150,500,"sd","13:21:49",4431500
19350,-150,1000,"sd","13:21:49",4431000
19350,-150,10000,"sd","13:21:49",4430000
19350,-150,200,"sd","13:21:49",4420000
19350,-150,5100,"sd","13:21:49",4419800
19350,-150,10200,"sd","13:21:49",4414700
19350,-150,500,"sd","13:21:49",4404500
19350,-150,200,"sd","13:21:49",4404000
19350,-150,100,"sd","13:21:49",4403800
19350,-150,10000,"sd","13:21:49",4403700
19350,-150,8000,"sd","13:21:49",4393700
19350,-150,200,"sd","13:21:49",4385700
19350,-150,100,"sd","13:21:49",4385500
19350,-150,10100,"sd","13:21:49",4385400
19350,-150,500,"sd","13:21:49",4375300
19350,-150,44700,"sd","13:21:49",4374800
19350,-150,500,"sd","13:21:49",4330100
19350,-150,300,"sd","13:21:49",4329600
19350,-150,6700,"sd","13:21:49",4329300
19350,-150,3000,"sd","13:21:49",4322600
19350,-150,100,"sd","13:21:49",4319600
19350,-150,500,"sd","13:21:49",4319500
19350,-150,100,"sd","13:21:49",4319000
19350,-150,500,"sd","13:21:49",4318900
19350,-150,700,"sd","13:21:49",4318400
19350,-150,3000,"sd","13:21:49",4317700
19350,-150,200,"sd","13:21:49",4314700
19350,-150,500,"sd","13:21:49",4314500
19350,-150,15700,"sd","13:21:49",4314000
19350,-150,100,"sd","13:21:49",4298300
19350,-150,300,"sd","13:21:49",4298200
19350,-150,2000,"sd","13:21:49",4297900
19350,-150,200,"sd","13:21:49",4295900
19350,-150,1600,"sd","13:21:49",4295700
19350,-150,1000,"sd","13:21:49",4294100
19350,-150,50000,"sd","13:21:49",4293100
19350,-150,10000,"sd","13:21:49",4243100
19350,-150,10000,"sd","13:21:49",4233100
19350,-150,1500,"sd","13:21:49",4223100
19350,-150,100,"sd","13:21:49",4221600
19350,-150,100,"sd","13:21:49",4221500
19350,-150,100,"sd","13:21:49",4221400
19350,-150,500,"sd","13:21:49",4221300
19350,-150,62200,"sd","13:21:49",4220800
19350,-150,4400,"sd","13:21:46",4158600
19350,-150,100,"sd","13:21:29",4154200
19350,-150,4900,"sd","13:21:27",4154100
19400,-100,300,"bu","13:21:24",4149200
19400,-100,100,"bu","13:21:20",4148900
19400,-100,1000,"bu","13:21:16",4148800
19350,-150,700,"sd","13:21:10",4147800
19350,-150,200,"sd","13:21:07",4147100
19350,-150,2100,"sd","13:20:52",4146900
19350,-150,10000,"sd","13:20:22",4144800
19400,-100,100,"bu","13:20:21",4134800
19400,-100,500,"bu","13:20:16",4134700
19400,-100,600,"bu","13:20:15",4134200
19350,-150,4300,"sd","13:20:01",4133600
19400,-100,1100,"bu","13:19:54",4129300
19400,-100,1400,"bu","13:19:54",4128200
19400,-100,1000,"bu","13:19:49",4126800
19400,-100,100,"sd","13:19:37",4125800
19400,-100,400,"sd","13:19:37",4125700
19400,-100,200,"sd","13:19:37",4125300
19400,-100,100,"sd","13:19:37",4125100
19400,-100,100,"sd","13:19:37",4125000
19400,-100,1000,"sd","13:19:37",4124900
19400,-100,2000,"sd","13:19:37",4123900
19400,-100,200,"sd","13:19:37",4121900
19400,-100,100,"sd","13:19:37",4121700
19400,-100,700,"sd","13:19:37",4121600
19400,-100,100,"sd","13:19:37",4120900
19400,-100,2000,"sd","13:19:37",4120800
19400,-100,1600,"sd","13:19:37",4118800
19400,-100,100,"sd","13:19:36",4117200
19450,-50,100,"bu","13:19:36",4117100
19450,-50,1500,"bu","13:19:35",4117000
19400,-100,1300,"sd","13:19:32",4115500
19400,-100,300,"sd","13:19:22",4114200
19400,-100,100,"sd","13:19:21",4113900
19400,-100,1000,"sd","13:19:16",4113800
19400,-100,600,"sd","13:19:01",4112800
19400,-100,2000,"sd","13:19:01",4112200
19400,-100,1400,"sd","13:19:01",4110200
19400,-100,4000,"sd","13:18:53",4108800
19400,-100,500,"sd","13:18:44",4104800
19400,-100,1000,"sd","13:18:34",4104300
19400,-100,100,"sd","13:18:22",4103300
19400,-100,100,"sd","13:18:21",4103200
19400,-100,4200,"bu","13:18:21",4103100
19400,-100,1300,"bu","13:18:21",4098900
19400,-100,1500,"bu","13:18:21",4097600
19400,-100,2000,"bu","13:18:21",4096100
19400,-100,1000,"bu","13:18:21",4094100
19400,-100,300,"bu","13:18:21",4093100
19400,-100,2000,"bu","13:18:21",4092800
19400,-100,500,"bu","13:18:21",4090800
19400,-100,700,"bu","13:18:21",4090300
19400,-100,200,"bu","13:18:21",4089600
19400,-100,1300,"bu","13:18:21",4089400
19400,-100,100,"bu","13:18:21",4088100
19400,-100,2800,"bu","13:18:21",4088000
19400,-100,200,"bu","13:18:19",4085200
19400,-100,1100,"bu","13:18:19",4085000
19400,-100,500,"bu","13:18:19",4083900
19400,-100,1400,"bu","13:18:19",4083400
19400,-100,15000,"bu","13:18:18",4082000
19400,-100,2000,"bu","13:18:17",4067000
19400,-100,1000,"bu","13:18:16",4065000
19400,-100,44700,"bu","13:18:14",4064000
19400,-100,500,"bu","13:18:14",4019300
19400,-100,4100,"bu","13:18:14",4018800
19400,-100,5000,"bu","13:18:14",4014700
19400,-100,1300,"bu","13:18:14",4009700
19400,-100,100,"bu","13:18:14",4008400
19400,-100,2000,"bu","13:18:14",4008300
19400,-100,300,"bu","13:18:14",4006300
19400,-100,1000,"bu","13:18:14",4006000
19400,-100,2000,"bu","13:18:14",4005000
19400,-100,1300,"bu","13:18:14",4003000
19400,-100,12700,"bu","13:18:14",4001700
19400,-100,300,"bu","13:18:05",3989000
19350,-150,500,"sd","13:17:58",3988700
19400,-100,1000,"bu","13:17:54",3988200
19400,-100,1000,"bu","13:17:50",3987200
19350,-150,10600,"sd","13:17:50",3986200
19350,-150,5000,"sd","13:17:50",3975600
19350,-150,5000,"sd","13:17:44",3970600
19350,-150,1000,"sd","13:17:44",3965600
19400,-100,500,"bu","13:17:44",3964600
19400,-100,1200,"bu","13:17:44",3964100
19400,-100,1000,"bu","13:17:44",3962900
19400,-100,5000,"bu","13:17:44",3961900
19400,-100,7900,"bu","13:17:44",3956900
19400,-100,1300,"bu","13:17:44",3949000
19400,-100,3000,"bu","13:17:44",3947700
19400,-100,1300,"bu","13:17:44",3944700
19400,-100,1300,"bu","13:17:44",3943400
19400,-100,200,"bu","13:17:43",3942100
19400,-100,1300,"bu","13:17:43",3941900
19400,-100,1300,"bu","13:17:43",3940600
19400,-100,24700,"bu","13:17:43",3939300
19400,-100,500,"bu","13:17:42",3914600
19400,-100,100,"bu","13:17:36",3914100
19350,-150,200,"sd","13:17:34",3914000
19400,-100,2000,"bu","13:17:32",3913800
19400,-100,2000,"bu","13:17:23",3911800
19350,-150,100,"sd","13:17:15",3909800
19400,-100,1000,"bu","13:17:13",3909700
19400,-100,500,"bu","13:17:05",3908700
19400,-100,1000,"bu","13:17:00",3908200
19400,-100,10000,"bu","13:17:00",3907200
19350,-150,500,"sd","13:16:54",3897200
19400,-100,500,"bu","13:16:54",3896700
19400,-100,1000,"bu","13:16:40",3896200
19400,-100,2100,"bu","13:16:32",3895200
19400,-100,100,"bu","13:16:29",3893100
19400,-100,2000,"bu","13:16:28",3893000
19400,-100,1000,"bu","13:16:27",3891000
19400,-100,37000,"bu","13:16:25",3890000
19400,-100,2000,"bu","13:16:23",3853000
19400,-100,400,"bu","13:16:17",3851000
19400,-100,100,"bu","13:16:16",3850600
19400,-100,1100,"bu","13:16:13",3850500
19400,-100,14000,"bu","13:15:58",3849400
19400,-100,2000,"bu","13:15:58",3835400
19400,-100,2000,"bu","13:15:41",3833400
19400,-100,12900,"bu","13:15:38",3831400
19400,-100,1300,"bu","13:15:38",3818500
19400,-100,500,"bu","13:15:38",3817200
19400,-100,1000,"bu","13:15:38",3816700
19400,-100,300,"bu","13:15:38",3815700
19400,-100,3700,"bu","13:15:38",3815400
19400,-100,300,"bu","13:15:38",3811700
19400,-100,200,"bu","13:15:37",3811400
19400,-100,800,"bu","13:15:37",3811200
19400,-100,2200,"bu","13:15:30",3810400
19400,-100,3000,"bu","13:15:30",3808200
19400,-100,1300,"bu","13:15:30",3805200
19400,-100,100,"bu","13:15:30",3803900
19400,-100,200,"bu","13:15:30",3803800
19400,-100,1000,"bu","13:15:30",3803600
19400,-100,600,"bu","13:15:30",3802600
19400,-100,5000,"bu","13:15:30",3802000
19400,-100,20000,"bu","13:15:30",3797000
19400,-100,1300,"bu","13:15:30",3777000
19400,-100,2500,"bu","13:15:30",3775700
19400,-100,10100,"bu","13:15:30",3773200
19400,-100,1300,"bu","13:15:30",3763100
19400,-100,200,"bu","13:15:30",3761800
19400,-100,200,"bu","13:15:30",3761600
19400,-100,2500,"bu","13:15:22",3761400
19350,-150,500,"sd","13:15:21",3758900
19400,-100,1000,"bu","13:15:18",3758400
19400,-100,100,"bu","13:15:15",3757400
19400,-100,200,"bu","13:15:04",3757300
19400,-100,500,"bu","13:14:53",3757100
19350,-150,2700,"sd","13:14:50",3756600
19350,-150,1400,"sd","13:14:50",3753900
19400,-100,100,"bu","13:14:45",3752500
19400,-100,200,"bu","13:14:41",3752400
19350,-150,600,"sd","13:14:41",3752200
19350,-150,1000,"sd","13:14:41",3751600
19350,-150,2400,"sd","13:14:41",3750600
19400,-100,100,"bu","13:14:36",3748200
19400,-100,700,"bu","13:14:35",3748100
19400,-100,300,"bu","13:14:35",3747400
19400,-100,700,"bu","13:14:32",3747100
19400,-100,400,"bu","13:14:32",3746400
19400,-100,200,"bu","13:14:32",3746000
19400,-100,3000,"bu","13:14:24",3745800
19400,-100,5000,"bu","13:14:24",3742800
19400,-100,500,"bu","13:14:24",3737800
19400,-100,1000,"bu","13:14:24",3737300
19400,-100,1300,"bu","13:14:24",3736300
19400,-100,800,"bu","13:14:24",3735000
19400,-100,200,"bu","13:14:24",3734200
19400,-100,100,"bu","13:14:24",3734000
19400,-100,100,"bu","13:14:24",3733900
19400,-100,4200,"bu","13:14:24",3733800
19400,-100,1000,"bu","13:14:24",3729600
19400,-100,1600,"bu","13:14:24",3728600
19400,-100,100,"bu","13:14:24",3727000
19400,-100,100,"bu","13:14:24",3726900
19400,-100,200,"bu","13:14:24",3726800
19400,-100,800,"bu","13:14:24",3726600
19350,-150,500,"sd","13:14:01",3725800
19400,-100,300,"bu","13:14:01",3725300
19400,-100,200,"bu","13:14:00",3725000
19400,-100,300,"bu","13:14:00",3724800
19400,-100,1000,"bu","13:14:00",3724500
19400,-100,1300,"bu","13:14:00",3723500
19400,-100,300,"bu","13:14:00",3722200
19400,-100,800,"bu","13:14:00",3721900
19400,-100,100,"bu","13:14:00",3721100
19350,-150,2000,"sd","13:13:59",3721000
19400,-100,2500,"bu","13:13:53",3719000
19350,-150,100,"sd","13:13:41",3716500
19350,-150,100,"sd","13:13:41",3716400
19350,-150,100,"sd","13:13:41",3716300
19350,-150,700,"sd","13:13:41",3716200
19350,-150,300,"sd","13:13:15",3715500
19350,-150,500,"sd","13:13:15",3715200
19350,-150,1000,"sd","13:13:15",3714700
19350,-150,100,"sd","13:13:15",3713700
19350,-150,2000,"sd","13:13:15",3713600
19350,-150,500,"sd","13:13:15",3711600
19350,-150,100,"sd","13:13:15",3711100
19350,-150,300,"sd","13:13:15",3711000
19350,-150,100,"sd","13:13:15",3710700
19350,-150,100,"sd","13:13:15",3710600
19400,-100,400,"bu","13:13:14",3710500
19400,-100,600,"bu","13:13:14",3710100
19350,-150,1200,"sd","13:13:07",3709500
19350,-150,100,"sd","13:13:07",3708300
19350,-150,1000,"sd","13:13:07",3708200
19350,-150,1600,"sd","13:13:07",3707200
19400,-100,700,"bu","13:13:01",3705600
19400,-100,1300,"bu","13:13:01",3704900
19400,-100,200,"bu","13:12:59",3703600
19400,-100,3000,"bu","13:12:56",3703400
19400,-100,1000,"bu","13:12:51",3700400
19350,-150,400,"sd","13:12:42",3699400
19350,-150,3600,"sd","13:12:42",3699000
19350,-150,6400,"sd","13:12:41",3695400
19350,-150,100,"sd","13:12:41",3689000
19400,-100,1100,"bu","13:12:39",3688900
19400,-100,1300,"bu","13:12:39",3687800
19400,-100,1000,"bu","13:12:39",3686500
19400,-100,300,"bu","13:12:39",3685500
19400,-100,1300,"bu","13:12:39",3685200
19400,-100,1000,"bu","13:12:39",3683900
19400,-100,500,"bu","13:12:39",3682900
19400,-100,100,"bu","13:12:39",3682400
19400,-100,1300,"bu","13:12:39",3682300
19400,-100,2100,"bu","13:12:39",3681000
19400,-100,9000,"bu","13:12:31",3678900
19350,-150,500,"sd","13:12:26",3669900
19400,-100,1000,"bu","13:12:25",3669400
19350,-150,700,"sd","13:12:19",3668400
19350,-150,300,"sd","13:12:19",3667700
19350,-150,4000,"sd","13:12:19",3667400
19350,-150,1000,"sd","13:12:19",3663400
19350,-150,1000,"sd","13:12:15",3662400
19350,-150,200,"sd","13:12:15",3661400
19350,-150,100,"sd","13:12:15",3661200
19350,-150,2000,"sd","13:12:15",3661100
19350,-150,100,"sd","13:12:15",3659100
19350,-150,500,"sd","13:12:15",3659000
19350,-150,100,"sd","13:12:15",3658500
19400,-100,500,"bu","13:12:12",3658400
19400,-100,3000,"bu","13:12:00",3657900
19400,-100,1500,"bu","13:12:00",3654900
19400,-100,500,"bu","13:12:00",3653400
19400,-100,200,"bu","13:11:49",3652900
19350,-150,500,"sd","13:11:43",3652700
19350,-150,200,"sd","13:11:43",3652200
19350,-150,1500,"sd","13:11:43",3652000
19350,-150,2500,"sd","13:11:40",3650500
19350,-150,1000,"sd","13:11:40",3648000
19350,-150,1000,"sd","13:11:40",3647000
19350,-150,100,"sd","13:11:40",3646000
19350,-150,1000,"sd","13:11:40",3645900
19350,-150,400,"sd","13:11:40",3644900
19350,-150,500,"sd","13:11:40",3644500
19350,-150,500,"sd","13:11:40",3644000
19350,-150,9000,"sd","13:11:40",3643500
19350,-150,1900,"sd","13:11:24",3634500
19350,-150,1000,"sd","13:11:16",3632600
19350,-150,8100,"sd","13:11:15",3631600
19350,-150,1000,"sd","13:11:15",3623500
19350,-150,1100,"sd","13:11:15",3622500
19350,-150,1200,"sd","13:11:15",3621400
19350,-150,2000,"sd","13:11:15",3620200
19350,-150,100,"sd","13:11:15",3618200
19350,-150,100,"sd","13:11:15",3618100
19350,-150,100,"sd","13:11:15",3618000
19350,-150,100,"sd","13:11:15",3617900
19350,-150,1000,"sd","13:11:15",3617800
19350,-150,100,"sd","13:11:15",3616800
19350,-150,100,"sd","13:11:15",3616700
19350,-150,1000,"sd","13:11:15",3616600
19350,-150,4000,"sd","13:11:15",3615600
19350,-150,100,"sd","13:11:15",3611600
19350,-150,2600,"sd","13:11:13",3611500
19350,-150,300,"sd","13:10:59",3608900
19350,-150,2400,"sd","13:10:49",3608600
19350,-150,100,"sd","13:10:49",3606200
19350,-150,500,"sd","13:10:49",3606100
19350,-150,400,"sd","13:10:49",3605600
19350,-150,5000,"sd","13:10:49",3605200
19350,-150,100,"sd","13:10:49",3600200
19350,-150,11500,"sd","13:10:49",3600100
19350,-150,400,"sd","13:10:47",3588600
19350,-150,5000,"sd","13:10:45",3588200
19350,-150,15000,"sd","13:10:43",3583200
19350,-150,18100,"sd","13:10:37",3568200
19350,-150,10000,"sd","13:10:37",3550100
19350,-150,100,"sd","13:10:37",3540100
19350,-150,1000,"sd","13:10:37",3540000
19350,-150,2500,"sd","13:10:37",3539000
19350,-150,10000,"sd","13:10:37",3536500
19350,-150,1800,"sd","13:10:37",3526500
19350,-150,200,"sd","13:10:37",3524700
19350,-150,100,"sd","13:10:37",3524500
19350,-150,1000,"sd","13:10:37",3524400
19350,-150,500,"sd","13:10:37",3523400
19350,-150,4700,"sd","13:10:37",3522900
19350,-150,3900,"sd","13:10:32",3518200
19350,-150,400,"sd","13:10:22",3514300
19350,-150,100,"sd","13:10:22",3513900
19350,-150,100,"sd","13:10:22",3513800
19350,-150,2000,"sd","13:10:22",3513700
19350,-150,500,"sd","13:10:22",3511700
19350,-150,200,"sd","13:10:22",3511200
19350,-150,5000,"sd","13:10:22",3511000
19350,-150,1000,"sd","13:10:16",3506000
19350,-150,9600,"sd","13:10:16",3505000
19350,-150,5400,"sd","13:10:16",3495400
19350,-150,3800,"sd","13:10:15",3490000
19400,-100,500,"bu","13:10:13",3486200
19400,-100,100,"bu","13:09:59",3485700
19350,-150,10800,"sd","13:09:54",3485600
19350,-150,7800,"sd","13:09:54",3474800
19350,-150,2200,"sd","13:09:43",3467000
19350,-150,200,"sd","13:09:43",3464800
19350,-150,100,"sd","13:09:43",3464600
19350,-150,100,"sd","13:09:43",3464500
19350,-150,2400,"sd","13:09:43",3464400
19350,-150,3900,"sd","13:09:42",3462000
19350,-150,3700,"sd","13:09:41",3458100
19350,-150,7300,"sd","13:09:41",3454400
19400,-100,100,"bu","13:09:38",3447100
19350,-150,600,"sd","13:09:38",3447000
19350,-150,200,"sd","13:09:38",3446400
19350,-150,200,"sd","13:09:38",3446200
19350,-150,2800,"sd","13:09:30",3446000
19350,-150,300,"sd","13:09:30",3443200
19350,-150,100,"sd","13:09:30",3442900
19350,-150,300,"sd","13:09:30",3442800
19400,-100,1000,"bu","13:09:29",3442500
19400,-100,100,"bu","13:09:29",3441500
19350,-150,200,"sd","13:09:22",3441400
19350,-150,100,"sd","13:09:22",3441200
19350,-150,100,"sd","13:09:22",3441100
19350,-150,100,"sd","13:09:22",3441000
19350,-150,400,"sd","13:09:21",3440900
19350,-150,500,"sd","13:09:15",3440500
19350,-150,400,"sd","13:09:15",3440000
19350,-150,100,"sd","13:09:15",3439600
19350,-150,200,"sd","13:09:15",3439500
19350,-150,38800,"sd","13:09:15",3439300
19350,-150,5000,"sd","13:09:02",3400500
19400,-100,1000,"bu","13:09:01",3395500
19350,-150,3800,"sd","13:08:50",3394500
19350,-150,200,"sd","13:08:12",3390700
19350,-150,2200,"sd","13:08:11",3390500
19350,-150,2200,"sd","13:08:11",3388300
19350,-150,1100,"sd","13:08:11",3386100
19350,-150,200,"sd","13:08:11",3385000
19350,-150,1000,"sd","13:08:11",3384800
19350,-150,200,"sd","13:08:11",3383800
19350,-150,100,"sd","13:08:11",3383600
19400,-100,500,"bu","13:07:59",3383500
19350,-150,100,"sd","13:07:59",3383000
19350,-150,1800,"sd","13:07:59",3382900
19350,-150,200,"sd","13:07:30",3381100
19350,-150,400,"sd","13:07:30",3380900
19350,-150,500,"sd","13:07:30",3380500
19350,-150,1900,"sd","13:07:30",3380000
19400,-100,800,"bu","13:07:19",3378100
19350,-150,100,"sd","13:07:07",3377300
19350,-150,100,"sd","13:07:07",3377200
19350,-150,100,"sd","13:07:07",3377100
19350,-150,500,"sd","13:07:07",3377000
19350,-150,1000,"sd","13:07:07",3376500
19350,-150,3500,"sd","13:07:07",3375500
19350,-150,3700,"sd","13:07:05",3372000
19400,-100,400,"bu","13:06:51",3368300
19400,-100,5600,"bu","13:06:51",3367900
19350,-150,13800,"sd","13:06:51",3362300
19350,-150,1000,"sd","13:06:51",3348500
19350,-150,1000,"sd","13:06:51",3347500
19350,-150,200,"sd","13:06:51",3346500
19350,-150,200,"sd","13:06:51",3346300
19350,-150,500,"sd","13:06:51",3346100
19350,-150,100,"sd","13:06:51",3345600
19350,-150,1000,"sd","13:06:51",3345500
19350,-150,500,"sd","13:06:51",3344500
19350,-150,1000,"sd","13:06:51",3344000
19350,-150,100,"sd","13:06:51",3343000
19350,-150,100,"sd","13:06:51",3342900
19350,-150,100,"sd","13:06:51",3342800
19350,-150,10000,"sd","13:06:51",3342700
19350,-150,200,"sd","13:06:51",3332700
19350,-150,5000,"sd","13:06:51",3332500
19350,-150,100,"sd","13:06:51",3327500
19350,-150,100,"sd","13:06:51",3327400
19350,-150,100,"sd","13:06:51",3327300
19350,-150,100,"sd","13:06:51",3327200
19350,-150,100,"sd","13:06:51",3327100
19350,-150,100,"sd","13:06:51",3327000
19350,-150,6300,"sd","13:06:51",3326900
19350,-150,500,"sd","13:06:51",3320600
19350,-150,9800,"sd","13:06:51",3320100
19350,-150,300,"sd","13:06:51",3310300
19350,-150,1000,"sd","13:06:51",3310000
19350,-150,100,"sd","13:06:51",3309000
19350,-150,200,"sd","13:06:51",3308900
19350,-150,2000,"sd","13:06:51",3308700
19350,-150,100,"sd","13:06:51",3306700
19350,-150,100,"sd","13:06:51",3306600
19350,-150,100,"sd","13:06:51",3306500
19350,-150,400,"sd","13:06:51",3306400
19350,-150,1000,"sd","13:06:51",3306000
19350,-150,100,"sd","13:06:51",3305000
19350,-150,300,"sd","13:06:51",3304900
19350,-150,5600,"sd","13:06:51",3304600
19350,-150,100,"sd","13:06:51",3299000
19350,-150,5600,"sd","13:06:51",3298900
19350,-150,10000,"sd","13:06:51",3293300
19350,-150,500,"sd","13:06:51",3283300
19350,-150,2500,"sd","13:06:51",3282800
19350,-150,100,"sd","13:06:50",3280300
19350,-150,600,"sd","13:06:50",3280200
19350,-150,1100,"sd","13:06:50",3279600
19350,-150,300,"sd","13:06:50",3278500
19350,-150,1000,"sd","13:06:50",3278200
19350,-150,200,"sd","13:06:50",3277200
19350,-150,2000,"sd","13:06:50",3277000
19350,-150,500,"sd","13:06:50",3275000
19350,-150,100,"sd","13:06:50",3274500
19350,-150,10600,"sd","13:06:50",3274400
19350,-150,1200,"sd","13:06:50",3263800
19350,-150,100,"sd","13:06:50",3262600
19350,-150,100,"sd","13:06:50",3262500
19350,-150,3000,"sd","13:06:50",3262400
19350,-150,200,"sd","13:06:50",3259400
19350,-150,100,"sd","13:06:50",3259200
19350,-150,500,"sd","13:06:50",3259100
19350,-150,1000,"sd","13:06:50",3258600
19350,-150,1000,"sd","13:06:50",3257600
19350,-150,2000,"sd","13:06:50",3256600
19350,-150,15100,"sd","13:06:50",3254600
19350,-150,100,"sd","13:06:50",3239500
19350,-150,500,"sd","13:06:50",3239400
19350,-150,500,"sd","13:06:50",3238900
19350,-150,50000,"sd","13:06:50",3238400
19350,-150,300,"sd","13:06:50",3188400
19350,-150,500,"sd","13:06:50",3188100
19350,-150,2000,"sd","13:06:50",3187600
19350,-150,500,"sd","13:06:50",3185600
19350,-150,500,"sd","13:06:50",3185100
19350,-150,100,"sd","13:06:50",3184600
19350,-150,100,"sd","13:06:50",3184500
19350,-150,100,"sd","13:06:50",3184400
19350,-150,300,"sd","13:06:50",3184300
19350,-150,2000,"sd","13:06:50",3184000
19350,-150,500,"sd","13:06:50",3182000
19350,-150,500,"sd","13:06:50",3181500
19350,-150,500,"sd","13:06:50",3181000
19350,-150,400,"sd","13:06:50",3180500
19350,-150,500,"sd","13:06:50",3180100
19350,-150,100,"sd","13:06:50",3179600
19350,-150,500,"sd","13:06:50",3179500
19350,-150,500,"sd","13:06:50",3179000
19350,-150,100,"sd","13:06:50",3178500
19350,-150,200,"sd","13:06:50",3178400
19350,-150,1000,"sd","13:06:50",3178200
19350,-150,500,"sd","13:06:50",3177200
19350,-150,100,"sd","13:06:50",3176700
19350,-150,2000,"sd","13:06:50",3176600
19350,-150,1000,"sd","13:06:50",3174600
19350,-150,100,"sd","13:06:50",3173600
19350,-150,1000,"sd","13:06:50",3173500
19350,-150,2000,"sd","13:06:50",3172500
19350,-150,100,"sd","13:06:50",3170500
19350,-150,1000,"sd","13:06:50",3170400
19350,-150,100,"sd","13:06:50",3169400
19350,-150,200,"sd","13:06:50",3169300
19350,-150,1000,"sd","13:06:50",3169100
19350,-150,200,"sd","13:06:50",3168100
19350,-150,1000,"sd","13:06:50",3167900
19350,-150,2000,"sd","13:06:50",3166900
19350,-150,200,"sd","13:06:50",3164900
19350,-150,2400,"sd","13:06:50",3164700
19400,-100,4400,"bu","13:06:46",3162300
19400,-100,5600,"bu","13:06:46",3157900
19400,-100,100,"bu","13:06:41",3152300
19350,-150,2600,"sd","13:06:12",3152200
19350,-150,1100,"sd","13:06:12",3149600
19400,-100,1200,"bu","13:06:06",3148500
19400,-100,200,"bu","13:05:59",3147300
19400,-100,1000,"bu","13:05:43",3147100
19350,-150,500,"sd","13:05:36",3146100
19350,-150,600,"sd","13:05:28",3145600
19350,-150,1600,"sd","13:05:26",3145000
19350,-150,200,"sd","13:05:26",3143400
19350,-150,200,"sd","13:05:26",3143200
19350,-150,800,"sd","13:05:21",3143000
19350,-150,200,"sd","13:05:21",3142200
19350,-150,100,"sd","13:05:21",3142000
19350,-150,200,"sd","13:05:21",3141900
19350,-150,500,"sd","13:05:21",3141700
19350,-150,100,"sd","13:05:21",3141200
19350,-150,500,"sd","13:05:21",3141100
19350,-150,300,"sd","13:05:16",3140600
19350,-150,100,"sd","13:05:10",3140300
19350,-150,1400,"sd","13:05:10",3140200
19400,-100,300,"bu","13:05:05",3138800
19350,-150,500,"sd","13:05:04",3138500
19400,-100,2600,"bu","13:04:51",3138000
19350,-150,1000,"sd","13:04:40",3135400
19350,-150,100,"sd","13:04:34",3134400
19400,-100,100,"bu","13:04:32",3134300
19350,-150,3700,"sd","13:04:31",3134200
19350,-150,100,"sd","13:04:28",3130500
19400,-100,900,"bu","13:04:24",3130400
19400,-100,1000,"bu","13:04:22",3129500
19350,-150,2000,"sd","13:04:17",3128500
19400,-100,5600,"bu","13:03:55",3126500
19400,-100,3200,"bu","13:03:55",3120900
19350,-150,1200,"sd","13:03:49",3117700
19350,-150,200,"sd","13:03:49",3116500
19350,-150,900,"sd","13:03:49",3116300
19350,-150,300,"sd","13:03:49",3115400
19350,-150,100,"sd","13:03:49",3115100
19350,-150,400,"sd","13:03:40",3115000
19350,-150,300,"sd","13:03:40",3114600
19350,-150,500,"sd","13:03:40",3114300
19350,-150,200,"sd","13:03:40",3113800
19350,-150,100,"sd","13:03:40",3113600
19350,-150,200,"sd","13:03:40",3113500
19350,-150,1900,"sd","13:03:40",3113300
19350,-150,100,"sd","13:03:23",3111400
19350,-150,2000,"sd","13:03:23",3111300
19350,-150,200,"sd","13:03:23",3109300
19350,-150,2000,"sd","13:03:23",3109100
19350,-150,5500,"sd","13:03:23",3107100
19350,-150,100,"sd","13:03:23",3101600
19350,-150,100,"sd","13:03:23",3101500
19350,-150,100,"sd","13:02:57",3101400
19350,-150,800,"sd","13:02:57",3101300
19350,-150,500,"sd","13:02:57",3100500
19350,-150,100,"sd","13:02:57",3100000
19350,-150,500,"sd","13:02:57",3099900
19350,-150,400,"sd","13:02:57",3099400
19350,-150,100,"sd","13:02:57",3099000
19350,-150,100,"sd","13:02:57",3098900
19350,-150,400,"sd","13:02:57",3098800
19400,-100,2000,"bu","13:02:54",3098400
19350,-150,100,"sd","13:02:47",3096400
19350,-150,3500,"sd","13:02:47",3096300
19350,-150,5300,"sd","13:02:43",3092800
19400,-100,1300,"bu","13:02:41",3087500
19350,-150,10000,"sd","13:02:37",3086200
19400,-100,2600,"bu","13:02:27",3076200
19350,-150,1600,"sd","13:02:23",3073600
19400,-100,2600,"bu","13:02:22",3072000
19350,-150,1500,"sd","13:02:14",3069400
19400,-100,15100,"bu","13:01:56",3067900
19350,-150,1800,"sd","13:01:56",3052800
19350,-150,300,"sd","13:01:47",3051000
19350,-150,100,"sd","13:01:46",3050700
19350,-150,2000,"sd","13:01:33",3050600
19350,-150,2000,"sd","13:01:32",3048600
19350,-150,100,"sd","13:01:27",3046600
19350,-150,100,"sd","13:01:21",3046500
19400,-100,800,"bu","13:00:51",3046400
19350,-150,200,"sd","13:00:47",3045600
19350,-150,100,"sd","13:00:47",3045400
19350,-150,100,"sd","13:00:47",3045300
19350,-150,1000,"sd","13:00:47",3045200
19350,-150,3000,"sd","13:00:47",3044200
19350,-150,300,"sd","13:00:47",3041200
19350,-150,2000,"sd","13:00:47",3040900
19350,-150,2600,"sd","13:00:47",3038900
19350,-150,1700,"sd","13:00:47",3036300
19350,-150,1400,"sd","13:00:47",3034600
19350,-150,300,"sd","13:00:47",3033200
19350,-150,200,"sd","13:00:47",3032900
19350,-150,500,"sd","13:00:47",3032700
19350,-150,2000,"sd","13:00:47",3032200
19350,-150,2900,"sd","13:00:46",3030200
19350,-150,2000,"sd","13:00:46",3027300
19350,-150,100,"sd","13:00:46",3025300
19350,-150,100,"sd","13:00:46",3025200
19350,-150,400,"sd","13:00:46",3025100
19350,-150,100,"sd","13:00:46",3024700
19350,-150,100,"sd","13:00:46",3024600
19350,-150,200,"sd","13:00:46",3024500
19350,-150,2000,"sd","13:00:46",3024300
19350,-150,300,"sd","13:00:46",3022300
19350,-150,400,"sd","13:00:46",3022000
19350,-150,100,"sd","13:00:46",3021600
19350,-150,100,"sd","13:00:46",3021500
19350,-150,300,"sd","13:00:46",3021400
19350,-150,5000,"sd","13:00:46",3021100
19350,-150,300,"sd","13:00:46",3016100
19350,-150,600,"sd","13:00:46",3015800
19400,-100,500,"bu","13:00:45",3015200
19400,-100,1000,"bu","13:00:44",3014700
19350,-150,400,"sd","13:00:36",3013700
19350,-150,300,"sd","13:00:36",3013300
19400,-100,1000,"bu","13:00:36",3013000
19350,-150,500,"sd","13:00:36",3012000
19350,-150,1000,"sd","13:00:35",3011500
19400,-100,100,"bu","13:00:26",3010500
19350,-150,200,"sd","13:00:24",3010400
19400,-100,200,"bu","13:00:20",3010200
19400,-100,200,"bu","13:00:18",3010000
19400,-100,1000,"bu","13:00:17",3009800
19350,-150,900,"sd","13:00:16",3008800
19400,-100,300,"bu","13:00:15",3007900
19350,-150,300,"sd","13:00:14",3007600
19400,-100,200,"bu","13:00:13",3007300
19400,-100,100,"bu","13:00:13",3007100
19400,-100,1100,"bu","13:00:12",3007000
19400,-100,500,"bu","13:00:11",3005900
19350,-150,1000,"sd","13:00:10",3005400
19350,-150,300,"sd","13:00:08",3004400
19400,-100,1000,"bu","13:00:07",3004100
19400,-100,400,"bu","13:00:07",3003100
19400,-100,100,"bu","13:00:07",3002700
19350,-150,200,"sd","13:00:05",3002600
19350,-150,100,"sd","13:00:02",3002400
19400,-100,200,"bu","13:00:02",3002300
19350,-150,700,"sd","13:00:02",3002100
19350,-150,500,"sd","13:00:01",3001400
19400,-100,300,"bu","13:00:00",3000900
19400,-100,17000,"bu","13:00:00",3000600
19350,-150,300,"sd","13:00:00",2983600
19400,-100,1200,"bu","11:29:43",2983300
19350,-150,5000,"sd","11:29:33",2982100
19350,-150,300,"sd","11:29:24",2977100
19400,-100,100,"bu","11:29:23",2976800
19350,-150,1400,"sd","11:29:10",2976700
19350,-150,1000,"sd","11:29:02",2975300
19400,-100,900,"bu","11:28:58",2974300
19400,-100,1100,"bu","11:28:58",2973400
19400,-100,200,"bu","11:28:04",2972300
19400,-100,700,"bu","11:27:59",2972100
19400,-100,200,"bu","11:27:59",2971400
19350,-150,1000,"sd","11:27:35",2971200
19400,-100,800,"bu","11:27:30",2970200
19400,-100,1300,"bu","11:27:30",2969400
19400,-100,4500,"bu","11:27:30",2968100
19400,-100,100,"bu","11:27:29",2963600
19400,-100,400,"bu","11:27:02",2963500
19350,-150,1000,"sd","11:27:01",2963100
19350,-150,1000,"sd","11:26:58",2962100
19350,-150,100,"sd","11:26:50",2961100
19350,-150,5100,"sd","11:26:21",2961000
19400,-100,100,"bu","11:26:16",2955900
19400,-100,900,"bu","11:26:14",2955800
19350,-150,5100,"sd","11:25:56",2954900
19350,-150,3000,"sd","11:25:31",2949800
19400,-100,500,"bu","11:25:19",2946800
19400,-100,100,"bu","11:25:05",2946300
19400,-100,1000,"bu","11:25:03",2946200
19400,-100,1100,"bu","11:24:34",2945200
19400,-100,100,"bu","11:24:03",2944100
19350,-150,15000,"sd","11:23:38",2944000
19350,-150,300,"sd","11:23:31",2929000
19400,-100,1000,"bu","11:23:29",2928700
19350,-150,700,"sd","11:23:11",2927700
19400,-100,200,"bu","11:22:52",2927000
19400,-100,600,"bu","11:22:52",2926800
19400,-100,100,"bu","11:22:37",2926200
19400,-100,300,"bu","11:22:23",2926100
19400,-100,300,"bu","11:22:20",2925800
19400,-100,300,"bu","11:22:11",2925500
19400,-100,100,"bu","11:22:06",2925200
19400,-100,100,"bu","11:21:58",2925100
19400,-100,9200,"bu","11:21:55",2925000
19400,-100,100,"bu","11:21:55",2915800
19400,-100,1100,"bu","11:21:10",2915700
19400,-100,2000,"bu","11:21:01",2914600
19400,-100,100,"bu","11:20:41",2912600
19400,-100,1000,"bu","11:20:36",2912500
19400,-100,200,"bu","11:20:18",2911500
19350,-150,1000,"sd","11:20:15",2911300
19400,-100,100,"bu","11:20:09",2910300
19400,-100,8100,"sd","11:20:02",2910200
19400,-100,8100,"sd","11:20:02",2902100
19400,-100,8100,"sd","11:20:02",2894000
19400,-100,100,"sd","11:20:02",2885900
19400,-100,2900,"bu","11:19:59",2885800
19350,-150,2700,"sd","11:19:58",2882900
19350,-150,500,"sd","11:19:58",2880200
19350,-150,500,"sd","11:19:58",2879700
19350,-150,1000,"sd","11:19:58",2879200
19350,-150,1000,"sd","11:19:58",2878200
19350,-150,100,"sd","11:19:58",2877200
19350,-150,1000,"sd","11:19:58",2877100
19350,-150,1000,"sd","11:19:58",2876100
19350,-150,100,"sd","11:19:58",2875100
19350,-150,500,"sd","11:19:58",2875000
19350,-150,400,"sd","11:19:58",2874500
19350,-150,400,"sd","11:19:58",2874100
19350,-150,200,"sd","11:19:58",2873700
19350,-150,100,"sd","11:19:58",2873000
19350,-150,500,"sd","11:19:58",2873500
19400,-100,500,"bu","11:19:49",2872900
19400,-100,200,"sd","11:19:46",2872400
19400,-100,100,"sd","11:19:46",2872200
19400,-100,10000,"sd","11:19:46",2872100
19400,-100,700,"sd","11:19:46",2862100
19400,-100,400,"sd","11:19:46",2861400
19400,-100,200,"sd","11:19:46",2861000
19400,-100,100,"sd","11:19:46",2860800
19400,-100,10900,"sd","11:19:46",2860700
19400,-100,20000,"sd","11:19:34",2849800
19450,-50,800,"bu","11:19:28",2829800
19400,-100,200,"sd","11:19:26",2829000
19400,-100,1900,"sd","11:19:04",2828800
19400,-100,500,"sd","11:19:04",2826900
19400,-100,1000,"sd","11:19:04",2826400
19400,-100,1600,"sd","11:19:04",2825400
19400,-100,4000,"sd","11:19:03",2823800
19400,-100,1300,"sd","11:19:02",2819800
19400,-100,2000,"sd","11:19:01",2818500
19450,-50,200,"bu","11:19:00",2816500
19400,-100,1400,"sd","11:18:59",2816300
19400,-100,400,"sd","11:18:46",2814900
19400,-100,3500,"sd","11:18:41",2814500
19400,-100,1000,"sd","11:18:41",2811000
19400,-100,300,"sd","11:18:41",2810000
19400,-100,200,"sd","11:18:30",2809700
19400,-100,100,"sd","11:18:30",2809500
19400,-100,100,"sd","11:18:30",2809400
19400,-100,1000,"sd","11:18:30",2809300
19400,-100,1600,"sd","11:18:30",2808300
19400,-100,800,"sd","11:18:19",2806700
19400,-100,2500,"sd","11:18:14",2805900
19400,-100,100,"sd","11:17:59",2803400
19400,-100,500,"sd","11:17:59",2803300
19400,-100,200,"sd","11:17:59",2802800
19400,-100,200,"sd","11:17:59",2802600
19400,-100,200,"sd","11:17:59",2802400
19400,-100,2200,"sd","11:17:59",2802200
19400,-100,27900,"sd","11:17:58",2800000
19400,-100,600,"sd","11:17:58",2772100
19400,-100,500,"sd","11:17:58",2771500
19400,-100,200,"sd","11:17:58",2771000
19400,-100,100,"sd","11:17:58",2770800
19400,-100,1000,"sd","11:17:58",2770700
19400,-100,500,"sd","11:17:58",2769700
19400,-100,5000,"sd","11:17:58",2769200
19400,-100,300,"sd","11:17:58",2764200
19400,-100,100,"sd","11:17:58",2763900
19400,-100,3800,"sd","11:17:58",2763800
19450,-50,800,"bu","11:17:46",2760000
19400,-100,1300,"sd","11:17:42",2759200
19400,-100,11900,"sd","11:17:31",2757900
19400,-100,5000,"sd","11:17:27",2746000
19400,-100,300,"sd","11:17:25",2741000
19400,-100,300,"sd","11:17:19",2740700
19400,-100,1000,"sd","11:17:17",2740400
19400,-100,1000,"sd","11:17:06",2739400
19400,-100,5400,"sd","11:16:59",2738400
19400,-100,500,"sd","11:16:59",2733000
19400,-100,300,"sd","11:16:59",2732500
19400,-100,200,"sd","11:16:59",2732200
19400,-100,3600,"sd","11:16:59",2732000
19400,-100,1900,"sd","11:16:48",2728400
19400,-100,100,"sd","11:16:46",2726500
19400,-100,2000,"sd","11:16:29",2726400
19400,-100,800,"sd","11:16:26",2724400
19400,-100,1300,"sd","11:16:22",2723600
19400,-100,300,"sd","11:16:06",2722300
19450,-50,1100,"bu","11:16:03",2722000
19400,-100,3000,"sd","11:15:28",2720900
19400,-100,7800,"sd","11:15:17",2717900
19400,-100,200,"sd","11:15:12",2710100
19400,-100,1300,"sd","11:15:03",2709900
19400,-100,4700,"sd","11:15:01",2708600
19400,-100,600,"sd","11:15:01",2703900
19400,-100,1000,"sd","11:15:01",2703300
19400,-100,1000,"sd","11:15:01",2702300
19400,-100,2000,"sd","11:15:01",2701300
19400,-100,10000,"sd","11:15:01",2699300
19400,-100,300,"sd","11:15:01",2689300
19400,-100,6600,"sd","11:15:01",2689000
19450,-50,800,"bu","11:14:22",2682400
19450,-50,5100,"bu","11:13:55",2681600
19450,-50,600,"bu","11:13:55",2676500
19450,-50,1300,"bu","11:13:55",2675900
19450,-50,200,"bu","11:13:55",2674600
19450,-50,2800,"bu","11:13:55",2674400
19450,-50,3200,"bu","11:13:24",2671600
19450,-50,1300,"bu","11:13:24",2668400
19450,-50,15000,"bu","11:13:24",2667100
19450,-50,400,"bu","11:13:00",2652100
19400,-100,2000,"sd","11:12:55",2651700
19450,-50,1000,"bu","11:12:40",2649700
19400,-100,1400,"sd","11:12:33",2648700
19400,-100,3100,"sd","11:12:33",2647300
19450,-50,700,"bu","11:10:58",2644200
19400,-100,4000,"sd","11:10:26",2643500
19400,-100,2500,"sd","11:10:13",2639500
19400,-100,500,"sd","11:10:13",2637000
19450,-50,800,"bu","11:09:17",2636500
19400,-100,100,"sd","11:08:57",2635700
19400,-100,900,"sd","11:08:57",2635600
19400,-100,100,"sd","11:08:37",2634700
19400,-100,400,"sd","11:08:37",2634600
19400,-100,100,"sd","11:08:33",2634200
19400,-100,100,"sd","11:08:33",2634100
19400,-100,300,"sd","11:08:33",2634000
19400,-100,500,"sd","11:08:27",2633700
19400,-100,200,"sd","11:08:25",2633200
19400,-100,500,"sd","11:08:25",2633000
19400,-100,600,"sd","11:08:25",2632500
19400,-100,5000,"sd","11:08:22",2631900
19400,-100,3000,"sd","11:08:09",2626900
19400,-100,18000,"sd","11:08:09",2623900
19400,-100,7700,"sd","11:08:06",2605900
19400,-100,800,"sd","11:08:02",2598200
19400,-100,14900,"sd","11:07:55",2597400
19400,-100,100,"sd","11:07:55",2582500
19400,-100,1000,"sd","11:07:55",2582400
19400,-100,500,"sd","11:07:55",2581400
19400,-100,100,"sd","11:07:55",2580900
19400,-100,300,"sd","11:07:55",2580800
19400,-100,1700,"sd","11:07:55",2580500
19400,-100,6300,"sd","11:07:52",2578800
19400,-100,100,"sd","11:07:52",2572500
19400,-100,2000,"sd","11:07:52",2572400
19400,-100,600,"sd","11:07:52",2570400
19400,-100,5000,"sd","11:07:52",2569800
19400,-100,100,"sd","11:07:52",2564800
19400,-100,1000,"sd","11:07:52",2564700
19400,-100,2000,"sd","11:07:52",2563700
19400,-100,100,"sd","11:07:52",2561700
19400,-100,2000,"sd","11:07:52",2561600
19400,-100,300,"sd","11:07:52",2559600
19400,-100,2000,"sd","11:07:52",2559300
19400,-100,100,"sd","11:07:52",2557300
19400,-100,10000,"sd","11:07:52",2557200
19400,-100,200,"sd","11:07:52",2547200
19400,-100,400,"sd","11:07:52",2547000
19400,-100,100,"sd","11:07:52",2546600
19400,-100,200,"sd","11:07:52",2546500
19400,-100,500,"sd","11:07:52",2546300
19400,-100,1000,"sd","11:07:52",2545800
19400,-100,300,"sd","11:07:52",2544800
19400,-100,100,"sd","11:07:52",2544500
19400,-100,200,"sd","11:07:52",2544400
19400,-100,5000,"sd","11:07:52",2544200
19400,-100,900,"sd","11:07:52",2539200
19400,-100,500,"sd","11:07:52",2538300
19400,-100,5000,"sd","11:07:52",2537800
19400,-100,4000,"sd","11:07:52",2532800
19400,-100,1500,"sd","11:07:50",2528800
19400,-100,4500,"sd","11:07:48",2527300
19400,-100,200,"sd","11:07:48",2522800
19400,-100,500,"sd","11:07:48",2522600
19400,-100,5800,"sd","11:07:48",2522100
19400,-100,4200,"sd","11:07:22",2516300
19400,-100,200,"sd","11:07:22",2512100
19400,-100,300,"sd","11:07:22",2511900
19400,-100,200,"sd","11:07:22",2511600
19400,-100,700,"sd","11:07:22",2511400
19400,-100,5000,"sd","11:07:22",2510700
19400,-100,100,"sd","11:07:22",2505700
19400,-100,500,"sd","11:07:22",2505600
19400,-100,100,"sd","11:07:22",2505100
19400,-100,400,"sd","11:07:22",2505000
19400,-100,300,"sd","11:07:22",2504600
19400,-100,500,"sd","11:07:22",2504300
19400,-100,100,"sd","11:07:22",2503800
19400,-100,100,"sd","11:07:22",2503700
19400,-100,200,"sd","11:07:22",2503600
19400,-100,100,"sd","11:07:22",2503400
19400,-100,600,"sd","11:07:22",2503300
19400,-100,200,"sd","11:07:22",2502700
19400,-100,100,"sd","11:07:22",2502500
19400,-100,200,"sd","11:07:22",2502400
19400,-100,200,"sd","11:07:22",2502200
19400,-100,500,"sd","11:07:22",2502000
19400,-100,200,"sd","11:07:22",2501500
19400,-100,1000,"sd","11:07:22",2501300
19400,-100,500,"sd","11:07:22",2500300
19400,-100,2700,"sd","11:07:22",2499800
19400,-100,200,"sd","11:07:22",2497100
19400,-100,200,"sd","11:07:22",2496900
19400,-100,1000,"sd","11:07:22",2496700
19400,-100,2000,"sd","11:07:22",2495700
19400,-100,1000,"sd","11:07:22",2493700
19400,-100,300,"sd","11:07:22",2492700
19400,-100,300,"sd","11:07:22",2492400
19400,-100,1000,"sd","11:07:22",2492100
19400,-100,2000,"sd","11:07:22",2491100
19400,-100,500,"sd","11:07:22",2489100
19400,-100,2000,"sd","11:07:22",2488600
19400,-100,1000,"sd","11:07:22",2486600
19400,-100,1000,"sd","11:07:22",2485600
19400,-100,1000,"sd","11:07:22",2484600
19400,-100,100,"sd","11:07:22",2483600
19400,-100,900,"sd","11:07:22",2483500
19400,-100,2800,"sd","11:07:22",2482600
19400,-100,300,"sd","11:07:22",2479800
19400,-100,4000,"sd","11:07:22",2479500
19400,-100,10000,"sd","11:07:22",2475500
19400,-100,500,"sd","11:07:22",2465500
19400,-100,100,"sd","11:07:22",2465000
19400,-100,100,"sd","11:07:22",2464900
19400,-100,100,"sd","11:07:22",2464800
19400,-100,500,"sd","11:07:22",2464700
19400,-100,500,"sd","11:07:22",2464200
19400,-100,1300,"sd","11:07:22",2463700
19400,-100,200,"sd","11:07:22",2462400
19400,-100,100,"sd","11:07:22",2462200
19400,-100,500,"sd","11:07:22",2462100
19400,-100,200,"sd","11:07:22",2461600
19400,-100,1000,"sd","11:07:22",2461400
19400,-100,10000,"sd","11:07:22",2460400
19400,-100,400,"sd","11:07:22",2450400
19400,-100,100,"sd","11:07:22",2450000
19400,-100,100,"sd","11:07:22",2449900
19400,-100,1000,"sd","11:07:22",2449800
19400,-100,100,"sd","11:07:22",2448800
19400,-100,300,"sd","11:07:22",2448700
19400,-100,100,"sd","11:07:22",2448400
19400,-100,100,"sd","11:07:22",2448300
19400,-100,400,"sd","11:07:22",2448200
19400,-100,2000,"sd","11:07:22",2447800
19400,-100,500,"sd","11:07:22",2445800
19400,-100,300,"sd","11:07:22",2445300
19400,-100,200,"sd","11:07:22",2445000
19400,-100,100,"sd","11:07:22",2444800
19400,-100,200,"sd","11:07:22",2444700
19400,-100,2000,"sd","11:07:22",2444500
19400,-100,100,"sd","11:07:22",2442500
19400,-100,500,"sd","11:07:22",2442400
19400,-100,200,"sd","11:07:22",2441900
19400,-100,1000,"sd","11:07:22",2441700
19400,-100,100,"sd","11:07:22",2440700
19400,-100,600,"sd","11:07:22",2440600
19400,-100,23700,"sd","11:07:22",2440000
19450,-50,100,"bu","11:06:29",2416300
19450,-50,13500,"bu","11:06:23",2416200
19450,-50,200,"bu","11:06:11",2402700
19450,-50,100,"bu","11:05:55",2402500
19450,-50,700,"bu","11:05:54",2402400
19400,-100,1300,"sd","11:05:46",2401700
19400,-100,200,"sd","11:05:30",2400400
19400,-100,19500,"sd","11:05:16",2400200
19400,-100,100,"sd","11:05:14",2380700
19450,-50,3600,"bu","11:05:14",2380600
19400,-100,100,"sd","11:05:00",2377000
19400,-100,300,"sd","11:04:43",2376900
19450,-50,500,"bu","11:04:43",2376600
19400,-100,4800,"sd","11:04:28",2376100
19400,-100,500,"sd","11:04:28",2371300
19400,-100,100,"sd","11:04:28",2370800
19400,-100,1000,"sd","11:04:28",2370700
19400,-100,100,"sd","11:04:28",2369700
19400,-100,200,"sd","11:04:28",2369600
19400,-100,400,"sd","11:04:28",2369400
19400,-100,500,"sd","11:04:28",2369000
19400,-100,5800,"sd","11:04:28",2368500
19400,-100,100,"sd","11:04:28",2362700
19400,-100,5000,"sd","11:04:28",2362600
19400,-100,10000,"sd","11:04:28",2357600
19400,-100,100,"sd","11:04:28",2347600
19400,-100,1000,"sd","11:04:28",2347500
19400,-100,800,"sd","11:04:28",2346500
19400,-100,500,"sd","11:04:28",2345700
19400,-100,300,"sd","11:04:28",2345200
19400,-100,10000,"sd","11:04:28",2344900
19400,-100,1000,"sd","11:04:28",2334900
19400,-100,200,"sd","11:04:28",2333900
19400,-100,1200,"sd","11:04:28",2333700
19400,-100,100,"sd","11:04:28",2332500
19400,-100,200,"sd","11:04:28",2332400
19400,-100,400,"sd","11:04:28",2332200
19400,-100,500,"sd","11:04:28",2331800
19400,-100,1000,"sd","11:04:28",2331300
19400,-100,500,"sd","11:04:28",2330300
19400,-100,500,"sd","11:04:28",2329800
19400,-100,100,"sd","11:04:28",2329300
19400,-100,700,"sd","11:04:28",2329200
19400,-100,2400,"sd","11:04:28",2328500
19400,-100,1300,"sd","11:04:26",2326100
19400,-100,400,"sd","11:04:14",2324800
19400,-100,100,"sd","11:04:14",2324400
19400,-100,300,"sd","11:04:14",2324300
19400,-100,100,"sd","11:04:14",2324000
19400,-100,1000,"sd","11:04:14",2323900
19400,-100,200,"sd","11:04:14",2322900
19400,-100,10000,"sd","11:04:14",2322700
19400,-100,1000,"sd","11:04:14",2312700
19400,-100,300,"sd","11:04:14",2311700
19400,-100,200,"sd","11:04:14",2311400
19400,-100,10000,"sd","11:04:14",2311200
19400,-100,500,"sd","11:04:14",2301200
19400,-100,100,"sd","11:04:14",2300700
19400,-100,100,"sd","11:04:14",2300600
19400,-100,200,"sd","11:04:14",2300500
19400,-100,100,"sd","11:04:14",2300300
19400,-100,500,"sd","11:04:14",2300200
19400,-100,1000,"sd","11:04:14",2299700
19400,-100,100,"sd","11:04:14",2298700
19400,-100,500,"sd","11:04:14",2298600
19400,-100,500,"sd","11:04:14",2298100
19450,-50,800,"bu","11:04:14",2297600
19450,-50,200,"bu","11:03:53",2296800
19450,-50,1500,"bu","11:03:45",2296600
19450,-50,300,"bu","11:03:43",2295100
19400,-100,1500,"sd","11:03:41",2294800
19400,-100,2000,"sd","11:03:41",2293300
19400,-100,500,"sd","11:03:41",2291300
19400,-100,100,"sd","11:03:41",2290800
19400,-100,1000,"sd","11:03:41",2290700
19400,-100,300,"sd","11:03:41",2289700
19400,-100,500,"sd","11:03:41",2289400
19400,-100,500,"sd","11:03:41",2288900
