"price","change","match_qtty","side","time","total_vol"
14.55,0,1651600,"unknown","14:45:01",16174100
14.65,0.1,6000,"sd","14:29:59",14522500
14.65,0.1,200,"sd","14:29:59",14516500
14.65,0.1,100,"sd","14:29:59",14516300
14.65,0.1,3700,"sd","14:29:59",14516200
14.7,0.15,600,"bu","14:29:57",14512500
14.65,0.1,500,"sd","14:29:56",14511900
14.65,0.1,500,"sd","14:29:49",14511400
14.65,0.1,2000,"sd","14:29:46",14510900
14.65,0.1,1000,"sd","14:29:36",14508900
14.65,0.1,100,"sd","14:29:35",14507900
14.7,0.15,1000,"bu","14:29:30",14507800
14.7,0.15,200,"bu","14:29:30",14506800
14.65,0.1,100,"sd","14:29:28",14506600
14.7,0.15,1000,"bu","14:29:27",14506500
14.65,0.1,100,"sd","14:29:26",14505500
14.7,0.15,2000,"bu","14:29:26",14505400
14.7,0.15,500,"bu","14:29:24",14503400
14.7,0.15,500,"bu","14:29:20",14502900
14.7,0.15,500,"bu","14:29:17",14502400
14.7,0.15,2000,"sd","14:29:16",14501900
14.7,0.15,600,"sd","14:29:16",14499900
14.7,0.15,800,"sd","14:29:14",14499300
14.7,0.15,3600,"sd","14:29:12",14498500
14.7,0.15,1400,"sd","14:29:12",14494900
14.7,0.15,3600,"bu","14:29:01",14493500
14.75,0.2,1400,"bu","14:29:01",14489900
14.7,0.15,600,"bu","14:29:00",14488500
14.8,0.25,100,"bu","14:28:56",14487900
14.8,0.25,500,"bu","14:28:56",14487800
14.8,0.25,7800,"bu","14:28:56",14487300
14.8,0.25,300,"bu","14:28:56",14479500
14.8,0.25,2000,"bu","14:28:56",14479200
14.8,0.25,100,"bu","14:28:56",14477200
14.8,0.25,1000,"bu","14:28:56",14477100
14.8,0.25,4600,"bu","14:28:56",14476100
14.8,0.25,500,"bu","14:28:56",14471500
14.8,0.25,500,"bu","14:28:56",14471000
14.8,0.25,500,"bu","14:28:56",14470500
14.8,0.25,3000,"bu","14:28:56",14470000
14.8,0.25,100,"bu","14:28:56",14467000
14.8,0.25,2000,"bu","14:28:56",14466900
14.8,0.25,3800,"bu","14:28:56",14464900
14.75,0.2,1300,"bu","14:28:56",14461100
14.8,0.25,500,"bu","14:28:56",14459800
14.8,0.25,6000,"bu","14:28:56",14459300
14.8,0.25,2500,"bu","14:28:56",14453300
14.8,0.25,5000,"bu","14:28:56",14450800
14.75,0.2,2000,"bu","14:28:56",14445800
14.75,0.2,5000,"bu","14:28:56",14443800
14.75,0.2,1000,"bu","14:28:56",14438800
14.8,0.25,1000,"bu","14:28:56",14437800
14.8,0.25,1000,"bu","14:28:56",14436800
14.8,0.25,200,"bu","14:28:56",14435800
14.75,0.2,300,"bu","14:28:56",14435600
14.75,0.2,10000,"bu","14:28:56",14435300
14.8,0.25,100,"bu","14:28:56",14425300
14.75,0.2,1000,"bu","14:28:56",14425200
14.8,0.25,4800,"bu","14:28:56",14424200
14.75,0.2,1600,"bu","14:28:56",14419400
14.8,0.25,800,"bu","14:28:56",14417800
14.8,0.25,1000,"bu","14:28:56",14417000
14.75,0.2,800,"bu","14:28:56",14416000
14.8,0.25,500,"bu","14:28:56",14415200
14.8,0.25,1400,"bu","14:28:56",14414700
14.7,0.15,500,"bu","14:28:56",14413300
14.8,0.25,2000,"bu","14:28:56",14412800
14.7,0.15,6000,"bu","14:28:56",14410800
14.75,0.2,500,"bu","14:28:56",14404800
14.7,0.15,5600,"bu","14:28:56",14404300
14.75,0.2,1000,"bu","14:28:56",14398700
14.7,0.15,16600,"bu","14:28:56",14397700
14.75,0.2,100,"bu","14:28:56",14381100
14.75,0.2,1000,"bu","14:28:56",14381000
14.75,0.2,800,"bu","14:28:56",14380000
14.75,0.2,200,"bu","14:28:56",14379200
14.75,0.2,1000,"bu","14:28:56",14379000
14.75,0.2,6100,"bu","14:28:56",14378000
14.65,0.1,2000,"sd","14:28:54",14371900
14.65,0.1,3000,"sd","14:28:54",14369900
14.7,0.15,200,"bu","14:28:50",14366900
14.65,0.1,7000,"sd","14:28:48",14366700
14.65,0.1,700,"sd","14:28:48",14359700
14.7,0.15,6000,"bu","14:28:47",14359000
14.7,0.15,5000,"bu","14:28:46",14353000
14.65,0.1,2000,"sd","14:28:46",14348000
14.65,0.1,500,"sd","14:28:46",14346000
14.65,0.1,4300,"sd","14:28:46",14345500
14.7,0.15,1500,"bu","14:28:46",14341200
14.7,0.15,2000,"bu","14:28:44",14339700
14.7,0.15,1000,"bu","14:28:40",14337700
14.7,0.15,300,"sd","14:28:38",14336700
14.7,0.15,1000,"sd","14:28:38",14336400
14.7,0.15,1000,"sd","14:28:38",14335400
14.7,0.15,5000,"sd","14:28:38",14334400
14.7,0.15,1500,"sd","14:28:38",14329400
14.7,0.15,1400,"sd","14:28:38",14327900
14.7,0.15,7000,"sd","14:28:38",14326500
14.7,0.15,500,"sd","14:28:38",14319500
14.7,0.15,500,"sd","14:28:33",14319000
14.7,0.15,600,"sd","14:28:33",14318500
14.7,0.15,200,"sd","14:28:32",14317900
14.7,0.15,200,"sd","14:28:28",14317700
14.7,0.15,1000,"sd","14:28:23",14317500
14.7,0.15,1000,"sd","14:28:21",14316500
14.7,0.15,1000,"sd","14:28:19",14315500
14.7,0.15,300,"sd","14:28:18",14314500
14.7,0.15,30000,"sd","14:28:17",14314200
14.7,0.15,1000,"sd","14:28:16",14284200
14.7,0.15,100,"sd","14:28:13",14283200
14.7,0.15,2000,"sd","14:28:10",14283100
14.7,0.15,10000,"sd","14:28:09",14281100
14.7,0.15,1000,"bu","14:28:07",14271100
14.7,0.15,100,"bu","14:28:07",14270100
14.7,0.15,700,"bu","14:28:07",14270000
14.7,0.15,800,"bu","14:28:07",14269300
14.7,0.15,1000,"bu","14:28:01",14268500
14.7,0.15,2000,"bu","14:28:01",14267500
14.6,0.05,1200,"sd","14:27:58",14265500
14.6,0.05,300,"sd","14:27:58",14264300
14.6,0.05,2000,"sd","14:27:58",14264000
14.6,0.05,5000,"sd","14:27:58",14262000
14.6,0.05,500,"sd","14:27:58",14257000
14.6,0.05,1000,"sd","14:27:58",14256500
14.6,0.05,100,"sd","14:27:58",14255500
14.6,0.05,1000,"sd","14:27:58",14255400
14.6,0.05,2000,"sd","14:27:58",14254400
14.6,0.05,5000,"sd","14:27:58",14252400
14.6,0.05,1000,"sd","14:27:58",14247400
14.6,0.05,1000,"sd","14:27:58",14246400
14.6,0.05,1500,"sd","14:27:58",14245400
14.6,0.05,5000,"sd","14:27:58",14243900
14.6,0.05,100,"sd","14:27:58",14238900
14.6,0.05,3000,"sd","14:27:58",14238800
14.6,0.05,1000,"sd","14:27:58",14235800
14.6,0.05,700,"sd","14:27:58",14234800
14.65,0.1,1400,"sd","14:27:58",14234100
14.65,0.1,200,"sd","14:27:57",14232700
14.65,0.1,1500,"sd","14:27:57",14232500
14.65,0.1,2000,"sd","14:27:57",14231000
14.65,0.1,100,"sd","14:27:57",14229000
14.65,0.1,17000,"sd","14:27:57",14228900
14.65,0.1,10000,"sd","14:27:57",14211900
14.65,0.1,1000,"sd","14:27:57",14201900
14.65,0.1,100,"sd","14:27:57",14200900
14.65,0.1,1000,"sd","14:27:57",14200800
14.65,0.1,500,"sd","14:27:57",14199800
14.65,0.1,500,"sd","14:27:57",14199300
14.65,0.1,2000,"sd","14:27:57",14198800
14.65,0.1,1000,"sd","14:27:57",14196800
14.65,0.1,1500,"sd","14:27:57",14195800
14.65,0.1,500,"sd","14:27:57",14194300
14.65,0.1,28300,"sd","14:27:57",14193800
14.7,0.15,5300,"sd","14:27:56",14165500
14.7,0.15,100,"sd","14:27:56",14160200
14.7,0.15,4800,"sd","14:27:56",14160100
14.7,0.15,5000,"sd","14:27:56",14155300
14.7,0.15,1800,"sd","14:27:56",14150300
14.7,0.15,200,"sd","14:27:56",14148500
14.7,0.15,500,"sd","14:27:56",14148300
14.7,0.15,1300,"sd","14:27:56",14147800
14.7,0.15,200,"sd","14:27:54",14146500
14.7,0.15,1000,"sd","14:27:54",14146300
14.7,0.15,2500,"sd","14:27:52",14145300
14.7,0.15,1000,"sd","14:27:52",14142800
14.7,0.15,200,"sd","14:27:52",14141800
14.7,0.15,500,"sd","14:27:52",14141600
14.7,0.15,200,"sd","14:27:47",14141100
14.7,0.15,500,"sd","14:27:47",14140900
14.7,0.15,500,"sd","14:27:45",14140400
14.7,0.15,1000,"sd","14:27:45",14139900
14.7,0.15,1000,"sd","14:27:45",14138900
14.7,0.15,200,"sd","14:27:45",14137900
14.7,0.15,7300,"sd","14:27:45",14137700
14.7,0.15,1700,"sd","14:27:45",14130400
14.7,0.15,7700,"sd","14:27:45",14128700
14.7,0.15,600,"sd","14:27:45",14121000
14.7,0.15,5000,"sd","14:27:45",14120400
14.7,0.15,13800,"sd","14:27:44",14115400
14.7,0.15,1000,"sd","14:27:44",14101600
14.7,0.15,1000,"sd","14:27:44",14100600
14.7,0.15,100,"sd","14:27:44",14099600
14.7,0.15,600,"sd","14:27:44",14099500
14.7,0.15,1000,"sd","14:27:44",14098900
14.7,0.15,400,"sd","14:27:44",14097900
14.7,0.15,12100,"sd","14:27:44",14097500
14.7,0.15,7900,"sd","14:27:41",14085400
14.7,0.15,100,"sd","14:27:41",14077500
14.7,0.15,100,"sd","14:27:41",14077400
14.7,0.15,200,"sd","14:27:41",14077300
14.7,0.15,3300,"sd","14:27:41",14077100
14.7,0.15,200,"sd","14:27:41",14073800
14.7,0.15,1200,"sd","14:27:41",14073600
14.7,0.15,800,"sd","14:27:38",14072400
14.7,0.15,100,"sd","14:27:38",14071600
14.7,0.15,100,"sd","14:27:38",14071500
14.7,0.15,100,"sd","14:27:34",14071400
14.7,0.15,100,"sd","14:27:25",14071300
14.7,0.15,200,"sd","14:27:18",14071200
14.75,0.2,2000,"bu","14:27:16",14071000
14.75,0.2,200,"bu","14:27:11",14069000
14.7,0.15,600,"sd","14:27:10",14068800
14.7,0.15,300,"sd","14:27:08",14068200
14.75,0.2,1000,"bu","14:27:05",14067900
14.75,0.2,1000,"bu","14:27:01",14066900
14.7,0.15,500,"sd","14:26:59",14065900
14.7,0.15,100,"sd","14:26:59",14065400
14.7,0.15,300,"sd","14:26:59",14065300
14.7,0.15,1000,"sd","14:26:59",14065000
14.7,0.15,100,"sd","14:26:59",14064000
14.7,0.15,7400,"sd","14:26:59",14063900
14.7,0.15,200,"sd","14:26:59",14056500
14.7,0.15,10000,"sd","14:26:59",14056300
14.7,0.15,20000,"sd","14:26:59",14046300
14.7,0.15,1000,"sd","14:26:59",14026300
14.7,0.15,900,"sd","14:26:59",14025300
14.7,0.15,22100,"sd","14:26:59",14024400
14.7,0.15,200,"sd","14:26:59",14002300
14.7,0.15,500,"sd","14:26:59",14002100
14.7,0.15,200,"sd","14:26:59",14001600
14.7,0.15,3000,"sd","14:26:59",14001400
14.7,0.15,300,"sd","14:26:59",13998400
14.7,0.15,200,"sd","14:26:59",13998100
14.7,0.15,2400,"sd","14:26:59",13997900
14.7,0.15,600,"sd","14:26:59",13995500
14.7,0.15,1000,"sd","14:26:59",13994900
14.7,0.15,1000,"sd","14:26:59",13993900
14.7,0.15,900,"sd","14:26:59",13992900
14.75,0.2,1000,"bu","14:26:57",13992000
14.75,0.2,3200,"bu","14:26:53",13991000
14.75,0.2,3000,"bu","14:26:53",13987800
14.75,0.2,300,"bu","14:26:53",13984800
14.75,0.2,3100,"bu","14:26:53",13984500
14.75,0.2,100,"bu","14:26:53",13981400
14.75,0.2,2600,"bu","14:26:53",13981300
14.75,0.2,300,"bu","14:26:53",13978700
14.75,0.2,3000,"bu","14:26:53",13978400
14.75,0.2,17700,"bu","14:26:53",13975400
14.75,0.2,500,"bu","14:26:47",13957700
14.7,0.15,1000,"sd","14:26:47",13957200
14.7,0.15,100,"sd","14:26:41",13956200
14.75,0.2,1100,"bu","14:26:40",13956100
14.75,0.2,500,"bu","14:26:40",13955000
14.75,0.2,100,"bu","14:26:40",13954500
14.75,0.2,200,"bu","14:26:40",13954400
14.75,0.2,100,"bu","14:26:40",13954200
14.75,0.2,200,"bu","14:26:40",13954100
14.75,0.2,10000,"bu","14:26:40",13953900
14.75,0.2,3300,"bu","14:26:40",13943900
14.75,0.2,1800,"bu","14:26:40",13940600
14.7,0.15,1100,"sd","14:26:40",13938800
14.75,0.2,400,"bu","14:26:40",13937700
14.75,0.2,200,"bu","14:26:40",13937300
14.75,0.2,100,"bu","14:26:40",13937100
14.75,0.2,1000,"bu","14:26:40",13937000
14.7,0.15,2000,"sd","14:26:31",13936000
14.75,0.2,20000,"bu","14:26:29",13934000
14.7,0.15,500,"sd","14:26:22",13914000
14.7,0.15,2500,"sd","14:26:06",13913500
14.75,0.2,1000,"bu","14:26:04",13911000
14.75,0.2,5000,"bu","14:26:02",13910000
14.75,0.2,5100,"bu","14:25:56",13905000
14.75,0.2,300,"bu","14:25:44",13899900
14.7,0.15,100,"sd","14:25:44",13899600
14.7,0.15,6800,"sd","14:25:41",13899500
14.7,0.15,1200,"sd","14:25:41",13892700
14.7,0.15,4800,"sd","14:25:37",13891500
14.7,0.15,400,"sd","14:25:37",13886700
14.75,0.2,10000,"bu","14:25:34",13886300
14.7,0.15,100,"sd","14:25:33",13876300
14.7,0.15,500,"sd","14:25:33",13876200
14.7,0.15,200,"sd","14:25:33",13875700
14.75,0.2,5300,"bu","14:25:32",13875500
14.75,0.2,1000,"bu","14:25:32",13870200
14.75,0.2,1000,"bu","14:25:32",13869200
14.75,0.2,12700,"bu","14:25:32",13868200
14.7,0.15,1000,"sd","14:25:27",13855500
14.75,0.2,3900,"bu","14:25:26",13854500
14.7,0.15,100,"sd","14:25:24",13850600
14.7,0.15,200,"sd","14:25:22",13850500
14.7,0.15,18500,"sd","14:25:21",13850300
14.7,0.15,200,"sd","14:25:21",13831800
14.75,0.2,100,"bu","14:25:19",13831600
14.7,0.15,100,"sd","14:25:15",13831500
14.75,0.2,800,"bu","14:25:14",13831400
14.75,0.2,400,"bu","14:25:12",13830600
14.75,0.2,1000,"bu","14:25:11",13830200
14.75,0.2,1000,"bu","14:25:08",13829200
14.75,0.2,20000,"bu","14:25:07",13828200
14.75,0.2,10000,"bu","14:24:59",13808200
14.7,0.15,700,"sd","14:24:57",13798200
14.7,0.15,100,"sd","14:24:57",13797500
14.75,0.2,20000,"bu","14:24:53",13797400
14.75,0.2,300,"bu","14:24:52",13777400
14.75,0.2,1000,"bu","14:24:50",13777100
14.75,0.2,4500,"bu","14:24:50",13776100
14.75,0.2,200,"bu","14:24:50",13771600
14.75,0.2,1000,"bu","14:24:47",13771400
14.75,0.2,400,"bu","14:24:47",13770400
14.75,0.2,2000,"bu","14:24:46",13770000
14.75,0.2,200,"sd","14:24:45",13768000
14.75,0.2,1300,"sd","14:24:45",13767800
14.75,0.2,500,"sd","14:24:45",13766500
14.75,0.2,5000,"sd","14:24:45",13766000
14.75,0.2,400,"sd","14:24:45",13761000
14.75,0.2,100,"sd","14:24:45",13760600
14.75,0.2,100,"sd","14:24:45",13760500
14.75,0.2,100,"sd","14:24:45",13760400
14.75,0.2,200,"sd","14:24:45",13760300
14.75,0.2,1000,"sd","14:24:45",13760100
14.75,0.2,100,"sd","14:24:45",13759100
14.75,0.2,10000,"sd","14:24:45",13759000
14.75,0.2,20000,"sd","14:24:45",13749000
14.75,0.2,20000,"sd","14:24:45",13729000
14.75,0.2,700,"sd","14:24:45",13709000
14.75,0.2,9000,"sd","14:24:45",13708300
14.75,0.2,500,"sd","14:24:45",13699300
14.75,0.2,900,"sd","14:24:45",13698800
14.75,0.2,100,"sd","14:24:45",13697900
14.75,0.2,500,"sd","14:24:45",13697800
14.8,0.25,300,"bu","14:24:41",13697300
14.8,0.25,20000,"bu","14:24:36",13697000
14.8,0.25,24100,"bu","14:24:33",13677000
14.8,0.25,5000,"bu","14:24:33",13652900
14.8,0.25,500,"bu","14:24:33",13647900
14.8,0.25,200,"bu","14:24:33",13647400
14.8,0.25,1700,"bu","14:24:33",13647200
14.8,0.25,5000,"bu","14:24:33",13645500
14.8,0.25,400,"bu","14:24:33",13640500
14.8,0.25,1000,"bu","14:24:33",13640100
14.8,0.25,1500,"bu","14:24:33",13639100
14.8,0.25,1000,"bu","14:24:33",13637600
14.8,0.25,500,"bu","14:24:33",13636600
14.8,0.25,200,"bu","14:24:33",13636100
14.8,0.25,100,"bu","14:24:33",13635900
14.8,0.25,1100,"bu","14:24:33",13635800
14.8,0.25,3000,"bu","14:24:33",13634700
14.8,0.25,100,"bu","14:24:33",13631700
14.8,0.25,100,"bu","14:24:33",13631600
14.8,0.25,3000,"bu","14:24:33",13631500
14.8,0.25,1000,"bu","14:24:33",13628500
14.8,0.25,200,"bu","14:24:33",13627500
14.8,0.25,5000,"bu","14:24:33",13627300
14.8,0.25,5300,"bu","14:24:33",13622300
14.75,0.2,4100,"sd","14:24:31",13617000
14.75,0.2,900,"sd","14:24:31",13612900
14.8,0.25,4700,"bu","14:24:23",13612000
14.8,0.25,2000,"bu","14:24:23",13607300
14.8,0.25,2000,"bu","14:24:23",13605300
14.8,0.25,5000,"bu","14:24:23",13603300
14.8,0.25,1000,"bu","14:24:23",13598300
14.8,0.25,400,"bu","14:24:23",13597300
14.8,0.25,1000,"bu","14:24:23",13596900
14.8,0.25,100,"bu","14:24:23",13595900
14.8,0.25,3800,"bu","14:24:23",13595800
14.8,0.25,2000,"bu","14:24:21",13592000
14.8,0.25,300,"bu","14:24:21",13590000
14.8,0.25,3100,"bu","14:24:21",13589700
14.8,0.25,100,"bu","14:24:21",13586600
14.8,0.25,100,"bu","14:24:17",13586500
14.75,0.2,500,"sd","14:24:17",13586400
14.8,0.25,400,"bu","14:24:09",13585900
14.75,0.2,1100,"sd","14:24:07",13585500
14.8,0.25,200,"bu","14:24:01",13584400
14.8,0.25,1100,"bu","14:24:01",13584200
14.8,0.25,700,"bu","14:24:01",13583100
14.75,0.2,200,"sd","14:24:00",13582400
14.8,0.25,2000,"bu","14:23:53",13582200
14.8,0.25,100,"bu","14:23:44",13580200
14.8,0.25,300,"bu","14:23:38",13580100
14.75,0.2,300,"sd","14:23:38",13579800
14.75,0.2,700,"sd","14:23:38",13579500
14.75,0.2,500,"sd","14:23:36",13578800
14.75,0.2,700,"sd","14:23:35",13578300
14.75,0.2,100,"sd","14:23:29",13577600
14.75,0.2,900,"sd","14:23:29",13577500
14.75,0.2,100,"sd","14:23:27",13576600
14.8,0.25,900,"bu","14:23:23",13576500
14.8,0.25,100,"bu","14:23:23",13575600
14.75,0.2,1000,"sd","14:23:22",13575500
14.8,0.25,900,"bu","14:23:21",13574500
14.8,0.25,100,"bu","14:23:21",13573600
14.8,0.25,1900,"bu","14:23:21",13573500
14.8,0.25,500,"bu","14:23:21",13571600
14.8,0.25,600,"bu","14:23:21",13571100
14.75,0.2,1000,"sd","14:23:18",13570500
14.75,0.2,1000,"sd","14:23:18",13569500
14.75,0.2,500,"sd","14:23:18",13568500
14.8,0.25,3100,"bu","14:23:15",13568000
14.8,0.25,500,"bu","14:23:15",13564900
14.8,0.25,300,"bu","14:23:15",13564400
14.8,0.25,1600,"bu","14:23:15",13564100
14.8,0.25,500,"bu","14:23:15",13562500
14.8,0.25,100,"bu","14:23:15",13562000
14.8,0.25,300,"bu","14:23:15",13561900
14.8,0.25,3600,"bu","14:23:15",13561600
14.75,0.2,2100,"sd","14:23:14",13558000
14.75,0.2,50000,"sd","14:23:13",13555900
14.8,0.25,100,"bu","14:23:11",13505900
14.75,0.2,2000,"sd","14:23:10",13505800
14.8,0.25,300,"bu","14:23:06",13503800
14.8,0.25,100,"bu","14:23:05",13503500
14.75,0.2,44400,"sd","14:23:01",13503400
14.75,0.2,300,"sd","14:23:01",13459000
14.75,0.2,2100,"sd","14:23:01",13458700
14.75,0.2,200,"sd","14:23:01",13456600
14.75,0.2,3000,"sd","14:23:01",13456400
14.75,0.2,12000,"sd","14:22:57",13453400
14.75,0.2,88000,"sd","14:22:57",13441400
14.8,0.25,300,"bu","14:22:56",13353400
14.8,0.25,2600,"bu","14:22:56",13353100
14.8,0.25,500,"bu","14:22:56",13350500
14.8,0.25,2000,"bu","14:22:56",13350000
14.8,0.25,300,"bu","14:22:56",13348000
14.8,0.25,500,"bu","14:22:56",13347700
14.8,0.25,100,"bu","14:22:56",13347200
14.8,0.25,3000,"bu","14:22:56",13347100
14.8,0.25,200,"bu","14:22:56",13344100
14.8,0.25,300,"bu","14:22:56",13343900
14.8,0.25,2000,"bu","14:22:56",13343600
14.8,0.25,1000,"bu","14:22:56",13341600
14.8,0.25,600,"bu","14:22:56",13340600
14.8,0.25,300,"bu","14:22:56",13340000
14.8,0.25,1000,"bu","14:22:56",13339700
14.8,0.25,300,"bu","14:22:56",13338700
14.8,0.25,100,"bu","14:22:56",13338400
14.8,0.25,400,"bu","14:22:56",13338300
14.8,0.25,4600,"bu","14:22:54",13337900
14.8,0.25,1000,"bu","14:22:54",13333300
14.8,0.25,2000,"bu","14:22:54",13332300
14.8,0.25,100,"bu","14:22:54",13330300
14.8,0.25,1000,"bu","14:22:54",13330200
14.8,0.25,1000,"bu","14:22:54",13329200
14.8,0.25,300,"bu","14:22:54",13328200
14.8,0.25,1700,"bu","14:22:51",13327900
14.8,0.25,38300,"bu","14:22:51",13326200
14.8,0.25,300,"bu","14:22:49",13287900
14.8,0.25,1200,"bu","14:22:48",13287600
14.75,0.2,500,"sd","14:22:37",13286400
14.8,0.25,400,"bu","14:22:33",13285900
14.75,0.2,400,"sd","14:22:32",13285500
14.8,0.25,200,"bu","14:22:29",13285100
14.8,0.25,2000,"bu","14:22:29",13284900
14.8,0.25,400,"bu","14:22:28",13282900
14.8,0.25,23700,"bu","14:22:20",13282500
14.8,0.25,400,"bu","14:22:12",13258800
14.8,0.25,200,"bu","14:22:10",13258400
14.75,0.2,1000,"sd","14:22:06",13258200
14.8,0.25,400,"bu","14:22:01",13257200
14.8,0.25,10000,"bu","14:21:59",13256800
14.75,0.2,800,"sd","14:21:57",13246800
14.8,0.25,1200,"bu","14:21:44",13246000
14.8,0.25,400,"bu","14:21:30",13244800
14.8,0.25,100,"bu","14:21:24",13244400
14.8,0.25,500,"bu","14:21:23",13244300
14.8,0.25,3500,"sd","14:21:22",13243800
14.8,0.25,2000,"sd","14:21:22",13240300
14.8,0.25,600,"sd","14:21:22",13238300
14.8,0.25,200,"sd","14:21:22",13237700
14.8,0.25,1000,"sd","14:21:22",13237500
14.8,0.25,9000,"sd","14:21:22",13236500
14.8,0.25,2000,"sd","14:21:22",13227500
14.8,0.25,1000,"sd","14:21:22",13225500
14.8,0.25,1000,"sd","14:21:22",13224500
14.8,0.25,1000,"sd","14:21:22",13223500
14.8,0.25,1000,"sd","14:21:20",13222500
14.8,0.25,100,"sd","14:21:20",13221500
14.8,0.25,300,"sd","14:21:20",13221400
14.8,0.25,300,"sd","14:21:20",13221100
14.8,0.25,1300,"sd","14:21:20",13220800
14.85,0.3,400,"bu","14:21:19",13219500
14.8,0.25,800,"sd","14:21:17",13219100
14.8,0.25,100,"sd","14:21:17",13218300
14.8,0.25,100,"sd","14:21:17",13218200
14.8,0.25,3000,"sd","14:21:16",13218100
14.85,0.3,100,"bu","14:21:15",13215100
14.8,0.25,6900,"sd","14:21:12",13215000
14.8,0.25,7700,"sd","14:21:12",13208100
14.8,0.25,1000,"sd","14:21:12",13200400
14.8,0.25,500,"sd","14:21:12",13199400
14.8,0.25,5000,"sd","14:21:12",13198900
14.8,0.25,900,"sd","14:21:12",13193900
14.8,0.25,1000,"sd","14:21:12",13193000
14.8,0.25,100,"sd","14:21:12",13192000
14.8,0.25,200,"sd","14:21:12",13191900
14.8,0.25,5900,"sd","14:21:12",13191700
14.8,0.25,600,"sd","14:21:12",13185800
14.8,0.25,200,"sd","14:21:12",13185200
14.85,0.3,300,"bu","14:21:10",13185000
14.8,0.25,1000,"sd","14:21:07",13184700
14.85,0.3,2000,"bu","14:21:05",13183700
14.8,0.25,100,"sd","14:21:00",13181700
14.85,0.3,300,"bu","14:20:59",13181600
14.8,0.25,500,"sd","14:20:57",13181300
14.85,0.3,1900,"bu","14:20:54",13180800
14.85,0.3,1000,"bu","14:20:54",13178900
14.85,0.3,1000,"bu","14:20:54",13177900
14.85,0.3,100,"bu","14:20:54",13176900
14.85,0.3,200,"bu","14:20:54",13176800
14.85,0.3,300,"bu","14:20:54",13176600
14.8,0.25,1000,"sd","14:20:48",13176300
14.85,0.3,500,"bu","14:20:45",13175300
14.8,0.25,1000,"sd","14:20:40",13174800
14.85,0.3,500,"bu","14:20:33",13173800
14.8,0.25,800,"sd","14:20:29",13173300
14.8,0.25,3200,"sd","14:20:29",13172500
14.85,0.3,100,"bu","14:20:28",13169300
14.85,0.3,300,"bu","14:20:28",13169200
14.8,0.25,100,"sd","14:20:22",13168900
14.85,0.3,300,"bu","14:20:18",13168800
14.85,0.3,800,"bu","14:20:18",13168500
14.85,0.3,100,"bu","14:20:18",13167700
14.85,0.3,600,"bu","14:20:18",13167600
14.85,0.3,700,"bu","14:20:18",13167000
14.8,0.25,100,"sd","14:20:18",13166300
14.8,0.25,1000,"sd","14:20:18",13166200
14.8,0.25,2000,"sd","14:20:16",13165200
14.8,0.25,1600,"sd","14:20:16",13163200
14.8,0.25,10000,"sd","14:20:16",13161600
14.8,0.25,1000,"sd","14:20:15",13151600
14.8,0.25,2000,"sd","14:20:15",13150600
14.8,0.25,1000,"sd","14:20:15",13148600
14.8,0.25,5000,"sd","14:20:15",13147600
14.8,0.25,1000,"sd","14:20:15",13142600
14.8,0.25,8400,"sd","14:20:15",13141600
14.8,0.25,1600,"sd","14:20:15",13133200
14.8,0.25,1000,"sd","14:20:15",13131600
14.8,0.25,800,"sd","14:20:15",13130600
14.8,0.25,9000,"sd","14:20:13",13129800
14.8,0.25,200,"sd","14:20:12",13120800
14.8,0.25,800,"sd","14:20:12",13120600
14.85,0.3,400,"bu","14:20:09",13119800
14.85,0.3,400,"bu","14:20:09",13119400
14.85,0.3,200,"bu","14:20:09",13119000
14.8,0.25,1000,"sd","14:20:06",13118800
14.8,0.25,1000,"sd","14:20:00",13117800
14.85,0.3,200,"bu","14:19:58",13116800
14.85,0.3,100,"bu","14:19:58",13116600
14.8,0.25,10000,"sd","14:19:51",13116500
14.8,0.25,200,"bu","14:19:49",13106500
14.8,0.25,1000,"bu","14:19:49",13106300
14.8,0.25,100,"bu","14:19:49",13105300
14.8,0.25,900,"bu","14:19:49",13105200
14.8,0.25,100,"bu","14:19:49",13104300
14.8,0.25,1000,"bu","14:19:49",13104200
14.8,0.25,3000,"bu","14:19:49",13103200
14.8,0.25,400,"bu","14:19:49",13100200
14.8,0.25,500,"bu","14:19:49",13099800
14.8,0.25,1000,"bu","14:19:49",13099300
14.8,0.25,2000,"bu","14:19:49",13098300
14.8,0.25,100,"bu","14:19:49",13096300
14.8,0.25,1400,"bu","14:19:49",13096200
14.8,0.25,5000,"bu","14:19:49",13094800
14.8,0.25,500,"bu","14:19:49",13089800
14.8,0.25,1000,"bu","14:19:46",13089300
14.8,0.25,600,"bu","14:19:46",13088300
14.8,0.25,2000,"bu","14:19:46",13087700
14.8,0.25,400,"bu","14:19:46",13085700
14.8,0.25,2800,"bu","14:19:45",13085300
14.8,0.25,2000,"bu","14:19:42",13082500
14.8,0.25,5000,"bu","14:19:41",13080500
14.8,0.25,500,"bu","14:19:41",13075500
14.8,0.25,100,"bu","14:19:40",13075000
14.8,0.25,2000,"bu","14:19:40",13074900
14.8,0.25,200,"bu","14:19:40",13072900
14.8,0.25,10000,"bu","14:19:40",13072700
14.8,0.25,500,"bu","14:19:40",13062700
14.8,0.25,300,"bu","14:19:40",13062200
14.8,0.25,100,"bu","14:19:40",13061900
14.8,0.25,1000,"bu","14:19:40",13061800
14.8,0.25,500,"bu","14:19:40",13060800
14.8,0.25,100,"bu","14:19:40",13060300
14.8,0.25,500,"bu","14:19:40",13060200
14.8,0.25,100,"bu","14:19:40",13059700
14.8,0.25,500,"bu","14:19:40",13059600
14.8,0.25,1000,"bu","14:19:40",13059100
14.8,0.25,13100,"bu","14:19:40",13058100
14.8,0.25,1000,"bu","14:19:40",13045000
14.8,0.25,200,"bu","14:19:40",13044000
14.8,0.25,3000,"bu","14:19:40",13043800
14.8,0.25,1000,"bu","14:19:40",13040800
14.8,0.25,300,"bu","14:19:40",13039800
14.8,0.25,2000,"bu","14:19:40",13039500
14.8,0.25,500,"bu","14:19:40",13037500
14.8,0.25,100,"bu","14:19:40",13037000
14.8,0.25,1900,"bu","14:19:40",13036900
14.8,0.25,10000,"bu","14:19:40",13035000
14.8,0.25,100,"bu","14:19:39",13025000
14.8,0.25,8000,"bu","14:19:37",13024900
14.8,0.25,1000,"bu","14:19:35",13016900
14.8,0.25,2000,"bu","14:19:35",13015900
14.75,0.2,100,"sd","14:19:33",13013900
14.8,0.25,3000,"bu","14:19:27",13013800
14.8,0.25,200,"bu","14:19:27",13010800
14.8,0.25,100,"bu","14:19:27",13010600
14.8,0.25,500,"bu","14:19:27",13010500
14.8,0.25,300,"bu","14:19:27",13010000
14.8,0.25,100,"bu","14:19:27",13009700
14.8,0.25,500,"bu","14:19:27",13009600
14.8,0.25,500,"bu","14:19:27",13009100
14.8,0.25,500,"bu","14:19:27",13008600
14.8,0.25,200,"bu","14:19:27",13008100
14.8,0.25,1700,"bu","14:19:27",13007900
14.8,0.25,200,"bu","14:19:27",13006200
14.8,0.25,39000,"bu","14:19:27",13006000
14.8,0.25,400,"bu","14:19:27",12967000
14.8,0.25,400,"bu","14:19:27",12966600
14.8,0.25,1000,"bu","14:19:27",12966200
14.8,0.25,100,"bu","14:19:27",12965200
14.8,0.25,43800,"bu","14:19:27",12965100
14.8,0.25,300,"bu","14:19:27",12921300
14.8,0.25,1000,"bu","14:19:27",12921000
14.8,0.25,2500,"bu","14:19:27",12920000
14.8,0.25,500,"bu","14:19:27",12917500
14.8,0.25,2000,"bu","14:19:27",12917000
14.8,0.25,1200,"bu","14:19:27",12915000
14.8,0.25,400,"bu","14:19:26",12913800
14.8,0.25,700,"bu","14:19:25",12913400
14.8,0.25,100,"bu","14:19:24",12912700
14.8,0.25,300,"bu","14:19:14",12912600
14.75,0.2,1500,"sd","14:19:08",12912300
14.75,0.2,7700,"bu","14:19:07",12910800
14.75,0.2,100,"bu","14:19:06",12903100
14.75,0.2,500,"bu","14:19:04",12903000
14.75,0.2,1200,"sd","14:19:03",12902500
14.8,0.25,100,"bu","14:19:03",12901300
14.75,0.2,600,"bu","14:19:03",12901200
14.75,0.2,500,"bu","14:19:00",12900600
14.75,0.2,500,"bu","14:18:59",12900100
14.75,0.2,400,"sd","14:18:57",12899600
14.8,0.25,1000,"bu","14:18:54",12899200
14.75,0.2,500,"bu","14:18:54",12898200
14.8,0.25,45800,"bu","14:18:54",12897700
14.75,0.2,3500,"bu","14:18:54",12851900
14.75,0.2,2000,"bu","14:18:54",12848400
14.75,0.2,100,"bu","14:18:54",12846400
14.75,0.2,100,"bu","14:18:54",12846300
14.75,0.2,9400,"bu","14:18:54",12846200
14.75,0.2,1000,"bu","14:18:54",12836800
14.75,0.2,300,"bu","14:18:54",12835800
14.75,0.2,300,"bu","14:18:54",12835500
14.75,0.2,100,"bu","14:18:54",12835200
14.75,0.2,500,"bu","14:18:54",12835100
14.75,0.2,5000,"bu","14:18:54",12834600
14.75,0.2,2000,"bu","14:18:54",12829600
14.75,0.2,10000,"bu","14:18:54",12827600
14.75,0.2,300,"bu","14:18:54",12817600
14.75,0.2,600,"bu","14:18:52",12817300
14.75,0.2,400,"bu","14:18:52",12816700
14.75,0.2,600,"bu","14:18:52",12816300
14.75,0.2,500,"bu","14:18:52",12815700
14.75,0.2,3000,"bu","14:18:52",12815200
14.75,0.2,100,"bu","14:18:52",12812200
14.75,0.2,100,"bu","14:18:52",12812100
14.75,0.2,300,"bu","14:18:52",12812000
14.75,0.2,2000,"bu","14:18:52",12811700
14.75,0.2,3200,"bu","14:18:52",12809700
14.75,0.2,200,"bu","14:18:52",12806500
14.75,0.2,500,"bu","14:18:50",12806300
14.75,0.2,1300,"bu","14:18:41",12805800
14.75,0.2,400,"bu","14:18:41",12804500
14.75,0.2,600,"bu","14:18:41",12804100
14.75,0.2,1200,"bu","14:18:41",12803500
14.75,0.2,100,"bu","14:18:41",12802300
14.75,0.2,2700,"bu","14:18:41",12802200
14.75,0.2,100,"bu","14:18:37",12799500
14.7,0.15,100,"sd","14:18:34",12799400
14.75,0.2,2200,"bu","14:18:33",12799300
14.75,0.2,300,"bu","14:18:33",12797100
14.75,0.2,200,"bu","14:18:33",12796800
14.75,0.2,1200,"bu","14:18:33",12796600
14.75,0.2,200,"bu","14:18:33",12795400
14.75,0.2,500,"bu","14:18:33",12795200
14.75,0.2,100,"bu","14:18:33",12794700
14.75,0.2,200,"bu","14:18:33",12794600
14.75,0.2,100,"bu","14:18:33",12794400
14.7,0.15,500,"sd","14:18:30",12794300
14.7,0.15,2000,"sd","14:18:24",12793800
14.75,0.2,300,"bu","14:18:24",12791800
14.7,0.15,1500,"bu","14:18:23",12791500
14.7,0.15,2000,"bu","14:18:23",12790000
14.7,0.15,200,"bu","14:18:23",12788000
14.7,0.15,200,"bu","14:18:23",12787800
14.7,0.15,1000,"bu","14:18:23",12787600
14.7,0.15,500,"bu","14:18:23",12786600
14.7,0.15,3000,"bu","14:18:23",12786100
14.7,0.15,1000,"bu","14:18:23",12783100
14.7,0.15,100,"bu","14:18:23",12782100
14.7,0.15,500,"bu","14:18:23",12782000
14.7,0.15,1000,"bu","14:18:23",12781500
14.7,0.15,5500,"bu","14:18:23",12780500
14.7,0.15,9500,"bu","14:18:20",12775000
14.7,0.15,500,"bu","14:18:20",12765500
14.7,0.15,500,"bu","14:18:19",12765000
14.7,0.15,1300,"bu","14:18:18",12764500
14.7,0.15,2000,"bu","14:18:18",12763200
14.7,0.15,900,"bu","14:18:18",12761200
14.7,0.15,100,"bu","14:18:18",12760300
14.7,0.15,200,"bu","14:18:18",12760200
14.7,0.15,1300,"bu","14:18:17",12760000
14.7,0.15,1300,"bu","14:18:17",12758700
14.7,0.15,200,"bu","14:18:16",12757400
14.7,0.15,100,"bu","14:18:13",12757200
14.7,0.15,3000,"bu","14:18:13",12757100
14.7,0.15,300,"bu","14:18:13",12754100
14.7,0.15,100,"bu","14:18:13",12753800
14.7,0.15,30000,"bu","14:18:13",12753700
14.7,0.15,1000,"bu","14:18:13",12723700
14.7,0.15,100,"bu","14:18:13",12722700
14.7,0.15,5000,"bu","14:18:13",12722600
14.7,0.15,700,"bu","14:18:13",12717600
14.7,0.15,500,"bu","14:18:13",12716900
14.7,0.15,500,"bu","14:18:13",12716400
14.7,0.15,100,"bu","14:18:13",12715900
14.7,0.15,4700,"bu","14:18:13",12715800
14.7,0.15,1000,"bu","14:18:13",12711100
14.7,0.15,300,"bu","14:18:13",12710100
14.7,0.15,2000,"bu","14:18:13",12709800
14.7,0.15,500,"bu","14:18:13",12707800
14.7,0.15,100,"bu","14:18:13",12707300
14.7,0.15,100,"bu","14:18:06",12707200
14.65,0.1,1000,"sd","14:18:05",12707100
14.7,0.15,200,"bu","14:18:05",12706100
14.7,0.15,500,"bu","14:18:05",12705900
14.7,0.15,100,"bu","14:18:05",12705400
14.7,0.15,1500,"bu","14:18:05",12705300
14.7,0.15,1500,"bu","14:18:04",12703800
14.7,0.15,100,"bu","14:18:04",12702300
14.7,0.15,1000,"bu","14:18:04",12702200
14.7,0.15,200,"bu","14:18:04",12701200
14.7,0.15,400,"bu","14:18:04",12701000
14.7,0.15,1000,"bu","14:18:04",12700600
14.7,0.15,800,"bu","14:18:04",12699600
14.7,0.15,200,"bu","14:18:02",12698800
14.7,0.15,300,"bu","14:18:02",12698600
14.7,0.15,500,"bu","14:18:02",12698300
14.7,0.15,100,"bu","14:17:58",12697800
14.7,0.15,100,"bu","14:17:58",12697700
14.7,0.15,5000,"bu","14:17:58",12697600
14.7,0.15,100,"bu","14:17:58",12692600
14.7,0.15,6800,"bu","14:17:58",12692500
14.7,0.15,1400,"bu","14:17:58",12685700
14.7,0.15,200,"bu","14:17:58",12684300
14.7,0.15,200,"bu","14:17:58",12684100
14.7,0.15,100,"bu","14:17:58",12683900
14.7,0.15,5000,"bu","14:17:58",12683800
14.7,0.15,1000,"bu","14:17:58",12678800
14.7,0.15,1700,"bu","14:17:58",12677800
14.7,0.15,2000,"bu","14:17:58",12676100
14.7,0.15,5000,"bu","14:17:58",12674100
14.7,0.15,1000,"bu","14:17:58",12669100
14.7,0.15,300,"bu","14:17:58",12668100
14.7,0.15,700,"bu","14:17:54",12667800
14.7,0.15,300,"bu","14:17:54",12667100
14.65,0.1,35000,"sd","14:17:52",12666800
14.7,0.15,400,"bu","14:17:51",12631800
14.7,0.15,4300,"bu","14:17:50",12631400
14.7,0.15,1000,"bu","14:17:50",12627100
14.7,0.15,5700,"bu","14:17:50",12626100
14.7,0.15,1000,"bu","14:17:48",12620400
14.7,0.15,2000,"bu","14:17:47",12619400
14.7,0.15,2000,"bu","14:17:39",12617400
14.7,0.15,1500,"bu","14:17:39",12615400
14.7,0.15,1900,"bu","14:17:31",12613900
14.7,0.15,100,"bu","14:17:31",12612000
14.7,0.15,100,"bu","14:17:31",12611900
14.7,0.15,100,"bu","14:17:31",12611800
14.7,0.15,2000,"bu","14:17:31",12611700
14.7,0.15,1000,"bu","14:17:31",12609700
14.7,0.15,800,"bu","14:17:31",12608700
14.7,0.15,1000,"bu","14:17:31",12607900
14.7,0.15,5000,"bu","14:17:31",12606900
14.7,0.15,100,"bu","14:17:31",12601900
14.7,0.15,300,"bu","14:17:31",12601800
14.7,0.15,5000,"bu","14:17:31",12601500
14.7,0.15,2600,"bu","14:17:31",12596500
14.7,0.15,2000,"bu","14:17:28",12593900
14.7,0.15,400,"bu","14:17:19",12591900
14.65,0.1,1800,"bu","14:17:16",12591500
14.65,0.1,700,"bu","14:17:16",12589700
14.65,0.1,200,"bu","14:17:13",12589000
14.65,0.1,500,"bu","14:17:13",12588800
14.65,0.1,1500,"bu","14:17:13",12588300
14.65,0.1,3000,"bu","14:17:13",12586800
14.65,0.1,1000,"bu","14:17:12",12583800
14.65,0.1,1800,"bu","14:17:12",12582800
14.65,0.1,1700,"bu","14:17:12",12581000
14.65,0.1,600,"bu","14:17:12",12579300
14.65,0.1,2200,"bu","14:17:12",12578700
14.65,0.1,1000,"bu","14:17:12",12576500
14.65,0.1,100,"bu","14:17:12",12575500
14.65,0.1,100,"bu","14:17:11",12575400
14.65,0.1,300,"bu","14:17:10",12575300
14.65,0.1,600,"bu","14:17:10",12575000
14.65,0.1,500,"bu","14:17:10",12574400
14.65,0.1,2200,"bu","14:17:10",12573900
14.65,0.1,1400,"bu","14:17:10",12571700
14.65,0.1,800,"bu","14:17:10",12570300
14.65,0.1,200,"bu","14:17:10",12569500
14.65,0.1,200,"bu","14:17:08",12569300
14.6,0.05,200,"sd","14:17:06",12569100
14.65,0.1,1000,"bu","14:17:06",12568900
14.65,0.1,2000,"bu","14:17:05",12567900
14.65,0.1,2000,"bu","14:17:04",12565900
14.65,0.1,1000,"bu","14:17:03",12563900
14.65,0.1,1000,"bu","14:17:03",12562900
14.65,0.1,100,"bu","14:17:03",12561900
14.65,0.1,100,"bu","14:17:03",12561800
14.65,0.1,200,"bu","14:17:03",12561700
14.65,0.1,7600,"bu","14:17:03",12561500
14.65,0.1,2000,"bu","14:16:59",12553900
14.65,0.1,1000,"bu","14:16:58",12551900
14.65,0.1,800,"bu","14:16:58",12550900
14.65,0.1,5000,"bu","14:16:54",12550100
14.65,0.1,1000,"bu","14:16:53",12545100
14.65,0.1,100,"bu","14:16:49",12544100
14.65,0.1,1000,"bu","14:16:49",12544000
14.65,0.1,300,"bu","14:16:48",12543000
14.65,0.1,200,"bu","14:16:47",12542700
14.6,0.05,1100,"sd","14:16:47",12542500
14.6,0.05,3000,"sd","14:16:47",12541400
14.6,0.05,200,"sd","14:16:47",12538400
14.6,0.05,10800,"sd","14:16:47",12538200
14.6,0.05,1000,"sd","14:16:47",12527400
14.6,0.05,2600,"sd","14:16:46",12526400
14.65,0.1,800,"bu","14:16:46",12523800
14.65,0.1,500,"bu","14:16:44",12523000
14.65,0.1,2000,"bu","14:16:43",12522500
14.65,0.1,13300,"bu","14:16:38",12520500
14.65,0.1,6700,"bu","14:16:38",12507200
14.65,0.1,500,"bu","14:16:36",12500500
14.65,0.1,2000,"bu","14:16:33",12500000
14.65,0.1,800,"bu","14:16:31",12498000
14.65,0.1,100,"bu","14:16:31",12497200
14.65,0.1,3000,"bu","14:16:31",12497100
14.65,0.1,500,"bu","14:16:31",12494100
14.65,0.1,500,"bu","14:16:31",12493600
14.65,0.1,500,"bu","14:16:31",12493100
14.65,0.1,4600,"bu","14:16:31",12492600
14.65,0.1,100,"bu","14:16:30",12488000
14.6,0.05,200,"sd","14:16:20",12487900
14.65,0.1,300,"bu","14:16:19",12487700
14.65,0.1,300,"bu","14:16:19",12487400
14.65,0.1,300,"bu","14:16:16",12487100
14.65,0.1,2000,"bu","14:16:09",12486800
14.65,0.1,6900,"bu","14:16:04",12484800
14.65,0.1,500,"bu","14:15:54",12477900
14.65,0.1,500,"bu","14:15:54",12477400
14.65,0.1,2500,"bu","14:15:53",12476900
14.65,0.1,400,"bu","14:15:45",12474400
14.6,0.05,300,"sd","14:15:37",12474000
14.65,0.1,1000,"bu","14:15:30",12473700
14.65,0.1,3500,"bu","14:15:26",12472700
14.65,0.1,2100,"bu","14:15:25",12469200
14.65,0.1,1900,"bu","14:15:25",12467100
14.65,0.1,400,"bu","14:15:12",12465200
14.6,0.05,700,"sd","14:14:59",12464800
14.6,0.05,100,"sd","14:14:59",12464100
14.6,0.05,200,"sd","14:14:59",12464000
14.6,0.05,1900,"sd","14:14:57",12463800
14.6,0.05,4000,"sd","14:14:39",12461900
14.65,0.1,400,"bu","14:14:39",12457900
14.6,0.05,900,"bu","14:14:22",12457500
14.6,0.05,3000,"bu","14:14:21",12456600
14.6,0.05,100,"sd","14:14:21",12453600
14.6,0.05,10000,"sd","14:14:21",12453500
14.6,0.05,1000,"sd","14:14:21",12443500
14.6,0.05,5000,"sd","14:14:21",12442500
14.65,0.1,300,"bu","14:14:18",12437500
14.6,0.05,900,"bu","14:14:15",12437200
14.6,0.05,5000,"bu","14:14:15",12436300
14.6,0.05,1600,"bu","14:14:15",12431300
14.6,0.05,1000,"bu","14:14:15",12429700
14.6,0.05,500,"bu","14:14:15",12428700
14.6,0.05,2500,"bu","14:14:15",12428200
14.6,0.05,4000,"bu","14:14:15",12425700
14.6,0.05,2400,"bu","14:14:15",12421700
14.6,0.05,200,"bu","14:14:15",12419300
14.6,0.05,5000,"bu","14:14:15",12419100
14.6,0.05,1600,"bu","14:14:15",12414100
14.6,0.05,500,"bu","14:14:15",12412500
14.6,0.05,10000,"bu","14:14:15",12412000
14.6,0.05,4000,"bu","14:14:15",12402000
14.6,0.05,2000,"bu","14:14:15",12398000
14.6,0.05,1000,"bu","14:14:15",12396000
14.6,0.05,10000,"bu","14:14:15",12395000
14.6,0.05,1500,"bu","14:14:15",12385000
14.6,0.05,100,"bu","14:14:14",12383500
14.6,0.05,2100,"bu","14:14:13",12383400
14.6,0.05,300,"bu","14:14:13",12381300
14.6,0.05,2400,"bu","14:14:13",12381000
14.6,0.05,100,"bu","14:14:13",12378600
14.6,0.05,500,"bu","14:14:13",12378500
14.6,0.05,10000,"bu","14:14:13",12378000
14.6,0.05,1000,"bu","14:14:13",12368000
14.6,0.05,100,"bu","14:14:13",12367000
14.6,0.05,100,"bu","14:14:13",12366900
14.6,0.05,500,"bu","14:14:13",12366800
14.6,0.05,2900,"bu","14:14:13",12366300
14.6,0.05,1100,"bu","14:14:11",12363400
14.6,0.05,700,"bu","14:14:11",12362300
14.6,0.05,100,"bu","14:14:11",12361600
14.6,0.05,200,"bu","14:14:11",12361500
14.6,0.05,3000,"bu","14:14:11",12361300
14.6,0.05,20000,"bu","14:14:11",12358300
14.6,0.05,400,"bu","14:14:11",12338300
14.6,0.05,200,"bu","14:14:11",12337900
14.6,0.05,100,"bu","14:14:11",12337700
14.6,0.05,500,"bu","14:14:11",12337600
14.6,0.05,900,"bu","14:14:11",12337100
14.6,0.05,400,"bu","14:14:11",12336200
14.6,0.05,8700,"bu","14:14:11",12335800
14.6,0.05,7700,"bu","14:14:11",12327100
14.6,0.05,1000,"bu","14:14:11",12319400
14.6,0.05,20000,"bu","14:14:09",12318400
14.6,0.05,400,"bu","14:14:07",12298400
14.6,0.05,100,"bu","14:14:05",12298000
14.6,0.05,200,"bu","14:14:00",12297900
14.6,0.05,600,"bu","14:13:58",12297700
14.6,0.05,200,"bu","14:13:58",12297100
14.6,0.05,200,"bu","14:13:58",12296900
14.6,0.05,200,"bu","14:13:54",12296700
14.6,0.05,100,"bu","14:13:50",12296500
14.6,0.05,3900,"bu","14:13:50",12296400
14.6,0.05,10000,"bu","14:13:47",12292500
14.6,0.05,500,"bu","14:13:39",12282500
14.55,0,2000,"sd","14:13:37",12282000
14.6,0.05,7600,"bu","14:13:35",12280000
14.6,0.05,300,"bu","14:13:35",12272400
14.6,0.05,100,"bu","14:13:35",12272100
14.6,0.05,500,"bu","14:13:35",12272000
14.6,0.05,100,"bu","14:13:35",12271500
14.6,0.05,100,"bu","14:13:35",12271400
14.6,0.05,21300,"bu","14:13:35",12271300
14.6,0.05,400,"bu","14:13:35",12250000
14.55,0,500,"sd","14:13:34",12249600
14.6,0.05,1000,"bu","14:13:29",12249100
14.6,0.05,3000,"bu","14:13:29",12248100
14.6,0.05,200,"bu","14:13:28",12245100
14.6,0.05,200,"bu","14:13:24",12244900
14.6,0.05,500,"bu","14:13:07",12244700
14.6,0.05,300,"bu","14:13:05",12244200
14.55,0,100,"sd","14:12:51",12243900
14.55,0,500,"sd","14:12:45",12243800
14.6,0.05,11200,"bu","14:12:41",12243300
14.6,0.05,3000,"bu","14:12:35",12232100
14.6,0.05,300,"bu","14:12:34",12229100
14.6,0.05,100,"bu","14:12:25",12228800
14.6,0.05,2000,"bu","14:12:21",12228700
14.55,0,200,"sd","14:12:16",12226700
14.55,0,1000,"sd","14:12:16",12226500
14.55,0,100,"sd","14:12:16",12225500
14.55,0,500,"sd","14:12:16",12225400
14.55,0,1000,"sd","14:12:16",12224900
14.55,0,100,"sd","14:12:16",12223900
14.55,0,500,"sd","14:12:16",12223800
14.55,0,300,"sd","14:12:16",12223300
14.55,0,500,"sd","14:12:16",12223000
14.55,0,2000,"sd","14:12:16",12222500
14.55,0,5000,"sd","14:12:16",12220500
14.55,0,100,"sd","14:12:16",12215500
14.55,0,5000,"sd","14:12:16",12215400
14.55,0,2000,"sd","14:12:16",12210400
14.55,0,1000,"sd","14:12:16",12208400
14.55,0,100,"sd","14:12:16",12207400
14.55,0,100,"sd","14:12:16",12207300
14.55,0,200,"sd","14:12:16",12207200
14.55,0,2000,"sd","14:12:16",12207000
14.55,0,500,"sd","14:12:16",12205000
14.55,0,900,"sd","14:12:16",12204500
14.55,0,200,"sd","14:12:16",12203600
14.55,0,700,"sd","14:12:16",12203400
14.55,0,6000,"sd","14:12:16",12202700
14.6,0.05,100,"bu","14:12:14",12196700
14.6,0.05,400,"bu","14:12:02",12196600
14.6,0.05,5000,"bu","14:11:55",12196200
14.6,0.05,1300,"bu","14:11:43",12191200
14.55,0,100,"sd","14:11:39",12189900
14.55,0,600,"sd","14:11:39",12189800
14.55,0,800,"sd","14:11:36",12189200
14.55,0,2200,"sd","14:11:36",12188400
14.6,0.05,200,"bu","14:11:32",12186200
14.6,0.05,5000,"bu","14:11:32",12186000
14.55,0,500,"sd","14:11:31",12181000
14.6,0.05,1000,"bu","14:11:31",12180500
14.6,0.05,400,"bu","14:11:31",12179500
14.55,0,100,"sd","14:11:19",12179100
14.6,0.05,500,"bu","14:11:18",12179000
14.6,0.05,10000,"bu","14:11:13",12178500
14.55,0,600,"sd","14:11:07",12168500
14.55,0,1000,"sd","14:11:03",12167900
14.55,0,200,"sd","14:11:02",12166900
14.6,0.05,300,"bu","14:10:59",12166700
14.55,0,1900,"sd","14:10:55",12166400
14.55,0,200,"sd","14:10:55",12164500
14.55,0,200,"sd","14:10:55",12164300
14.55,0,700,"sd","14:10:55",12164100
14.55,0,500,"sd","14:10:49",12163400
14.6,0.05,5000,"bu","14:10:37",12162900
14.55,0,500,"sd","14:10:33",12157900
14.55,0,300,"sd","14:10:28",12157400
14.6,0.05,400,"bu","14:10:27",12157100
14.55,0,1000,"sd","14:10:24",12156700
14.6,0.05,700,"bu","14:10:24",12155700
14.6,0.05,300,"bu","14:09:56",12155000
14.55,0,8900,"bu","14:09:44",12154700
14.55,0,2000,"bu","14:09:44",12145800
14.55,0,200,"bu","14:09:41",12143800
14.55,0,2000,"bu","14:09:41",12143600
14.55,0,200,"bu","14:09:39",12141600
14.55,0,500,"bu","14:09:38",12141400
14.55,0,1500,"bu","14:09:38",12140900
14.55,0,300,"bu","14:09:36",12139400
14.55,0,400,"sd","14:09:34",12139100
14.55,0,1000,"bu","14:09:33",12138700
14.55,0,900,"bu","14:09:33",12137700
14.55,0,2700,"bu","14:09:33",12136800
14.55,0,1000,"bu","14:09:31",12134100
14.55,0,100,"bu","14:09:29",12133100
14.55,0,500,"bu","14:09:28",12133000
14.55,0,2600,"bu","14:09:27",12132500
14.55,0,100,"bu","14:09:27",12129900
14.5,-0.05,200,"sd","14:09:26",12129800
14.55,0,700,"bu","14:09:25",12129600
14.55,0,400,"bu","14:09:25",12128900
14.55,0,1900,"bu","14:09:25",12128500
14.55,0,5000,"bu","14:09:25",12126600
14.55,0,3100,"bu","14:09:24",12121600
14.55,0,2000,"bu","14:09:22",12118500
14.55,0,900,"bu","14:09:20",12116500
14.55,0,1000,"bu","14:09:19",12115600
14.55,0,2000,"bu","14:09:18",12114600
14.55,0,700,"bu","14:09:17",12112600
14.55,0,300,"bu","14:09:17",12111900
14.55,0,2700,"bu","14:09:17",12111600
14.55,0,1000,"bu","14:09:15",12108900
14.55,0,3300,"bu","14:09:14",12107900
14.55,0,700,"bu","14:09:14",12104600
14.55,0,1000,"bu","14:09:08",12103900
14.55,0,300,"bu","14:09:07",12102900
14.55,0,200,"bu","14:09:07",12102600
14.55,0,400,"bu","14:09:06",12102400
14.55,0,600,"bu","14:09:06",12102000
14.55,0,200,"bu","14:09:06",12101400
14.55,0,2000,"bu","14:09:05",12101200
14.55,0,100,"bu","14:08:59",12099200
14.55,0,100,"bu","14:08:57",12099100
14.55,0,100,"bu","14:08:56",12099000
14.55,0,1000,"sd","14:08:54",12098900
14.55,0,500,"sd","14:08:54",12097900
14.55,0,1000,"sd","14:08:54",12097400
14.55,0,1000,"sd","14:08:54",12096400
14.55,0,3200,"sd","14:08:54",12095400
14.55,0,300,"sd","14:08:54",12092200
14.55,0,1000,"sd","14:08:54",12091900
14.55,0,3000,"sd","14:08:54",12090900
14.55,0,100,"sd","14:08:54",12087900
14.55,0,100,"sd","14:08:54",12087800
14.55,0,1000,"sd","14:08:54",12087700
14.55,0,200,"sd","14:08:54",12086700
14.55,0,500,"sd","14:08:54",12086500
14.55,0,700,"sd","14:08:54",12086000
14.55,0,5000,"sd","14:08:54",12085300
14.55,0,1400,"sd","14:08:54",12080300
14.55,0,200,"sd","14:08:54",12078900
14.55,0,500,"sd","14:08:54",12078700
14.55,0,200,"sd","14:08:54",12078200
14.55,0,100,"sd","14:08:54",12078000
14.55,0,200,"sd","14:08:54",12077900
14.55,0,100,"sd","14:08:54",12077700
14.55,0,2000,"sd","14:08:54",12077600
14.55,0,500,"sd","14:08:54",12075600
14.55,0,1000,"sd","14:08:54",12075100
14.55,0,2000,"sd","14:08:54",12074100
14.55,0,100,"sd","14:08:54",12072100
14.6,0.05,200,"bu","14:08:54",12072000
14.6,0.05,400,"bu","14:08:52",12071800
14.55,0,900,"sd","14:08:51",12071400
14.55,0,1000,"sd","14:08:51",12070500
14.55,0,100,"sd","14:08:51",12069500
14.55,0,1000,"sd","14:08:51",12069400
14.55,0,7000,"sd","14:08:51",12068400
14.55,0,6000,"sd","14:08:50",12061400
14.55,0,1000,"sd","14:08:47",12055400
14.55,0,500,"sd","14:08:40",12054400
14.55,0,2300,"sd","14:08:40",12053900
14.55,0,400,"sd","14:08:33",12051600
14.6,0.05,500,"bu","14:08:32",12051200
14.6,0.05,100,"bu","14:08:27",12050700
14.6,0.05,300,"bu","14:08:21",12050600
14.6,0.05,500,"bu","14:08:15",12050300
14.55,0,2300,"sd","14:08:14",12049800
14.55,0,700,"sd","14:08:14",12047500
14.55,0,300,"sd","14:08:09",12046800
14.55,0,700,"sd","14:08:07",12046500
14.55,0,3300,"sd","14:08:07",12045800
14.55,0,1000,"sd","14:08:07",12042500
14.55,0,100,"sd","14:08:05",12041500
14.55,0,2000,"sd","14:08:02",12041400
14.55,0,2000,"sd","14:07:57",12039400
14.6,0.05,400,"bu","14:07:49",12037400
14.6,0.05,2500,"bu","14:07:39",12037000
14.55,0,400,"sd","14:07:38",12034500
14.65,0.1,100,"bu","14:07:35",12034100
14.65,0.1,100,"bu","14:07:33",12034000
14.65,0.1,2600,"bu","14:07:30",12033900
14.65,0.1,1000,"bu","14:07:30",12031300
14.65,0.1,400,"bu","14:07:30",12030300
14.65,0.1,1000,"bu","14:07:30",12029900
14.65,0.1,900,"bu","14:07:30",12028900
14.65,0.1,9100,"bu","14:07:30",12028000
14.65,0.1,10000,"bu","14:07:30",12018900
14.65,0.1,100,"bu","14:07:30",12008900
14.65,0.1,100,"bu","14:07:30",12008800
14.65,0.1,5000,"bu","14:07:30",12008700
14.65,0.1,400,"bu","14:07:30",12003700
14.65,0.1,1000,"bu","14:07:30",12003300
14.65,0.1,100,"bu","14:07:30",12002300
14.65,0.1,4700,"bu","14:07:30",12002200
14.55,0,3000,"sd","14:07:24",11997500
14.55,0,1000,"sd","14:07:24",11994500
14.55,0,1000,"sd","14:07:24",11993500
14.55,0,12200,"sd","14:07:24",11992500
14.55,0,100,"sd","14:07:24",11980300
14.55,0,5000,"sd","14:07:24",11980200
14.55,0,20000,"sd","14:07:24",11975200
14.55,0,1000,"sd","14:07:24",11955200
14.55,0,200,"sd","14:07:24",11954200
14.55,0,500,"sd","14:07:24",11954000
14.55,0,2000,"sd","14:07:24",11953500
14.55,0,500,"sd","14:07:24",11951500
14.55,0,3900,"sd","14:07:24",11951000
14.55,0,21400,"sd","14:07:24",11947100
14.55,0,200,"sd","14:07:24",11925700
14.55,0,300,"sd","14:07:24",11925500
14.6,0.05,700,"sd","14:07:24",11925200
14.55,0,200,"sd","14:07:24",11924500
14.6,0.05,1100,"sd","14:07:24",11924300
14.6,0.05,4900,"sd","14:07:24",11923200
14.6,0.05,1200,"sd","14:07:24",11918300
14.6,0.05,100,"sd","14:07:24",11917100
14.6,0.05,1000,"sd","14:07:24",11917000
14.6,0.05,1000,"sd","14:07:24",11916000
14.55,0,9400,"sd","14:07:24",11915000
14.6,0.05,100,"sd","14:07:24",11905600
14.55,0,300,"sd","14:07:24",11905500
14.55,0,500,"sd","14:07:24",11905200
14.6,0.05,100,"sd","14:07:24",11904700
14.6,0.05,20000,"sd","14:07:24",11904600
14.55,0,1100,"sd","14:07:24",11884600
14.55,0,100,"sd","14:07:24",11883500
14.55,0,200,"sd","14:07:24",11883400
14.6,0.05,500,"sd","14:07:24",11883200
14.55,0,2000,"sd","14:07:24",11882700
14.6,0.05,500,"sd","14:07:24",11880700
14.6,0.05,200,"sd","14:07:24",11880200
14.6,0.05,55000,"sd","14:07:24",11880000
14.55,0,1000,"sd","14:07:24",11825000
14.6,0.05,1000,"sd","14:07:24",11824000
14.6,0.05,1000,"sd","14:07:24",11823000
14.55,0,500,"sd","14:07:24",11822000
14.55,0,500,"sd","14:07:24",11821500
14.6,0.05,20500,"sd","14:07:24",11821000
14.55,0,1000,"sd","14:07:24",11800500
14.55,0,10200,"sd","14:07:24",11799500
14.6,0.05,1100,"sd","14:07:24",11789300
14.55,0,900,"sd","14:07:24",11788200
14.55,0,100,"sd","14:07:24",11787300
14.6,0.05,1500,"sd","14:07:24",11787200
14.6,0.05,21200,"sd","14:07:24",11785700
14.55,0,5000,"sd","14:07:24",11764500
14.55,0,3500,"sd","14:07:24",11759500
14.6,0.05,1000,"sd","14:07:24",11756000
14.55,0,1000,"sd","14:07:24",11755000
14.55,0,1000,"sd","14:07:24",11754000
14.6,0.05,1900,"sd","14:07:24",11753000
14.55,0,3600,"sd","14:07:24",11751100
14.6,0.05,300,"sd","14:07:24",11747500
14.6,0.05,100,"sd","14:07:24",11747200
14.55,0,2000,"sd","14:07:24",11747100
14.6,0.05,1500,"sd","14:07:24",11745100
14.6,0.05,15000,"sd","14:07:24",11743600
14.6,0.05,1000,"sd","14:07:24",11728600
14.6,0.05,1100,"sd","14:07:24",11727600
14.6,0.05,4000,"sd","14:07:24",11726500
14.6,0.05,700,"sd","14:07:24",11722500
14.6,0.05,1300,"sd","14:07:24",11721800
14.6,0.05,1000,"sd","14:07:24",11720500
14.6,0.05,1000,"sd","14:07:24",11719500
14.6,0.05,20000,"sd","14:07:24",11718500
14.6,0.05,200,"sd","14:07:24",11698500
14.6,0.05,400,"sd","14:07:24",11698300
14.6,0.05,100,"sd","14:07:24",11697900
14.6,0.05,300,"sd","14:07:24",11697800
14.65,0.1,300,"bu","14:07:21",11697500
14.65,0.1,300,"bu","14:07:18",11697200
14.65,0.1,100,"bu","14:07:10",11696900
14.65,0.1,2000,"sd","14:07:00",11696800
14.65,0.1,200,"sd","14:07:00",11694800
14.65,0.1,400,"sd","14:07:00",11694600
14.65,0.1,5000,"sd","14:06:58",11694200
14.65,0.1,1600,"sd","14:06:58",11689200
14.65,0.1,100,"sd","14:06:58",11687600
14.65,0.1,300,"sd","14:06:58",11687500
14.65,0.1,700,"sd","14:06:58",11687200
14.65,0.1,100,"sd","14:06:58",11686500
14.65,0.1,500,"sd","14:06:58",11686400
14.65,0.1,200,"sd","14:06:58",11685900
14.65,0.1,2300,"sd","14:06:58",11685700
14.65,0.1,2700,"sd","14:06:55",11683400
14.65,0.1,500,"sd","14:06:55",11680700
14.65,0.1,1500,"sd","14:06:55",11680200
14.65,0.1,1000,"sd","14:06:55",11678700
14.65,0.1,1000,"sd","14:06:55",11677700
14.65,0.1,400,"sd","14:06:55",11676700
14.65,0.1,2300,"sd","14:06:55",11676300
14.65,0.1,1400,"sd","14:06:55",11674000
14.65,0.1,100,"sd","14:06:55",11672600
14.65,0.1,500,"sd","14:06:55",11672500
14.65,0.1,3000,"sd","14:06:55",11672000
14.65,0.1,2000,"sd","14:06:55",11669000
14.65,0.1,100,"sd","14:06:55",11667000
14.65,0.1,500,"sd","14:06:55",11666900
14.65,0.1,1000,"sd","14:06:55",11666400
14.65,0.1,500,"sd","14:06:55",11665400
14.65,0.1,900,"sd","14:06:55",11664900
14.65,0.1,600,"sd","14:06:55",11664000
14.65,0.1,500,"sd","14:06:54",11663400
14.65,0.1,1100,"sd","14:06:54",11662900
14.65,0.1,2000,"sd","14:06:54",11661800
14.65,0.1,200,"sd","14:06:54",11659800
14.65,0.1,900,"sd","14:06:54",11659600
14.65,0.1,4300,"sd","14:06:49",11658700
14.7,0.15,400,"bu","14:06:45",11654400
14.65,0.1,1500,"sd","14:06:45",11654000
14.7,0.15,100,"bu","14:06:34",11652500
14.7,0.15,900,"bu","14:06:34",11652400
14.65,0.1,7000,"sd","14:06:33",11651500
14.7,0.15,400,"bu","14:06:25",11644500
14.7,0.15,1500,"bu","14:06:21",11644100
14.7,0.15,200,"bu","14:06:19",11642600
14.65,0.1,700,"sd","14:06:18",11642400
14.7,0.15,300,"bu","14:06:15",11641700
14.65,0.1,100,"sd","14:06:14",11641400
14.65,0.1,5500,"sd","14:06:08",11641300
14.65,0.1,1400,"sd","14:06:08",11635800
14.65,0.1,500,"sd","14:06:08",11634400
14.65,0.1,100,"sd","14:06:08",11633900
14.65,0.1,100,"sd","14:06:08",11633800
14.65,0.1,400,"sd","14:06:08",11633700
14.65,0.1,300,"sd","14:06:07",11633300
14.7,0.15,400,"bu","14:05:43",11633000
14.7,0.15,100,"bu","14:05:40",11632600
14.65,0.1,100,"sd","14:05:28",11632500
14.7,0.15,300,"bu","14:05:12",11632400
14.65,0.1,200,"sd","14:05:02",11632100
14.65,0.1,1000,"sd","14:05:02",11631900
14.65,0.1,400,"sd","14:05:02",11630900
14.65,0.1,8400,"sd","14:05:02",11630500
14.65,0.1,500,"sd","14:04:59",11622100
14.7,0.15,300,"bu","14:04:55",11621600
14.65,0.1,900,"sd","14:04:43",11621300
14.7,0.15,300,"bu","14:04:42",11620400
14.7,0.15,400,"bu","14:04:09",11620100
14.65,0.1,200,"sd","14:03:53",11619700
14.65,0.1,300,"sd","14:03:53",11619500
14.65,0.1,700,"sd","14:03:48",11619200
14.65,0.1,300,"sd","14:03:48",11618500
14.7,0.15,5000,"bu","14:03:47",11618200
14.65,0.1,200,"sd","14:03:40",11613200
14.7,0.15,300,"bu","14:03:39",11613000
14.65,0.1,500,"sd","14:03:13",11612700
14.65,0.1,300,"sd","14:03:13",11612200
14.65,0.1,100,"sd","14:03:13",11611900
14.65,0.1,100,"sd","14:03:13",11611800
14.7,0.15,100,"bu","14:03:13",11611700
14.7,0.15,400,"bu","14:03:07",11611600
14.65,0.1,100,"sd","14:03:05",11611200
14.65,0.1,600,"bu","14:02:58",11611100
14.65,0.1,500,"bu","14:02:58",11610500
14.65,0.1,700,"bu","14:02:58",11610000
14.65,0.1,1000,"bu","14:02:57",11609300
14.65,0.1,500,"bu","14:02:57",11608300
14.65,0.1,2000,"bu","14:02:57",11607800
14.65,0.1,200,"bu","14:02:56",11605800
14.65,0.1,600,"bu","14:02:55",11605600
14.65,0.1,100,"bu","14:02:55",11605000
14.65,0.1,200,"bu","14:02:55",11604900
14.65,0.1,1100,"bu","14:02:55",11604700
14.6,0.05,100,"sd","14:02:54",11603600
14.65,0.1,1000,"bu","14:02:54",11603500
14.65,0.1,1000,"bu","14:02:52",11602500
14.65,0.1,1000,"bu","14:02:52",11601500
14.65,0.1,10000,"bu","14:02:51",11600500
14.65,0.1,1000,"bu","14:02:49",11590500
14.65,0.1,9400,"bu","14:02:48",11589500
14.65,0.1,300,"bu","14:02:47",11580100
14.65,0.1,3000,"bu","14:02:42",11579800
14.65,0.1,4000,"bu","14:02:40",11576800
14.65,0.1,15000,"bu","14:02:39",11572800
14.6,0.05,900,"sd","14:02:38",11557800
14.65,0.1,1000,"bu","14:02:38",11556900
14.65,0.1,5000,"bu","14:02:38",11555900
14.65,0.1,300,"bu","14:02:37",11550900
14.65,0.1,8000,"bu","14:02:35",11550600
14.65,0.1,400,"bu","14:02:35",11542600
14.65,0.1,500,"bu","14:02:35",11542200
14.65,0.1,3000,"bu","14:02:33",11541700
14.65,0.1,1500,"bu","14:02:30",11538700
14.65,0.1,700,"bu","14:02:28",11537200
14.65,0.1,1000,"bu","14:02:24",11536500
14.65,0.1,1000,"bu","14:02:21",11535500
14.65,0.1,200,"bu","14:02:19",11534500
14.65,0.1,200,"bu","14:02:17",11534300
14.65,0.1,1100,"bu","14:02:16",11534100
14.65,0.1,18900,"bu","14:02:16",11533000
14.65,0.1,700,"bu","14:02:14",11514100
14.65,0.1,200,"bu","14:02:11",11513400
14.65,0.1,200,"bu","14:02:08",11513200
14.65,0.1,10000,"bu","14:02:08",11513000
14.65,0.1,4800,"bu","14:02:08",11503000
14.65,0.1,400,"bu","14:02:03",11498200
14.65,0.1,4800,"bu","14:02:01",11497800
14.65,0.1,100,"bu","14:02:01",11493000
14.65,0.1,100,"bu","14:02:01",11492900
14.65,0.1,200,"bu","14:01:59",11492800
14.65,0.1,400,"bu","14:01:59",11492600
14.65,0.1,1000,"bu","14:01:59",11492200
14.65,0.1,2900,"bu","14:01:59",11491200
14.65,0.1,2000,"bu","14:01:56",11488300
14.65,0.1,100,"bu","14:01:53",11486300
14.65,0.1,800,"bu","14:01:53",11486200
14.65,0.1,500,"bu","14:01:53",11485400
14.65,0.1,1100,"bu","14:01:53",11484900
14.65,0.1,500,"bu","14:01:45",11483800
14.65,0.1,1000,"bu","14:01:43",11483300
14.65,0.1,1000,"bu","14:01:40",11482300
14.65,0.1,1000,"bu","14:01:35",11481300
14.65,0.1,700,"bu","14:01:35",11480300
14.65,0.1,200,"bu","14:01:35",11479600
14.65,0.1,2000,"bu","14:01:35",11479400
14.65,0.1,100,"bu","14:01:35",11477400
14.65,0.1,2000,"bu","14:01:35",11477300
14.65,0.1,1000,"bu","14:01:35",11475300
14.65,0.1,1100,"bu","14:01:35",11474300
14.65,0.1,1400,"bu","14:01:35",11473200
14.65,0.1,500,"bu","14:01:35",11471800
14.65,0.1,300,"bu","14:01:32",11471300
14.6,0.05,500,"sd","14:01:29",11471000
14.65,0.1,1300,"bu","14:01:27",11470500
14.65,0.1,2300,"bu","14:01:12",11469200
14.65,0.1,200,"bu","14:01:12",11466900
14.65,0.1,100,"bu","14:01:12",11466700
14.65,0.1,500,"bu","14:01:12",11466600
14.65,0.1,1900,"bu","14:01:12",11466100
14.65,0.1,100,"bu","14:01:11",11464200
14.65,0.1,2000,"bu","14:01:08",11464100
14.6,0.05,500,"sd","14:01:03",11462100
14.65,0.1,300,"bu","14:01:02",11461600
14.65,0.1,300,"bu","14:01:02",11461300
14.65,0.1,400,"bu","14:00:57",11461000
14.65,0.1,5000,"bu","14:00:56",11460600
14.65,0.1,1500,"bu","14:00:49",11455600
14.65,0.1,500,"bu","14:00:40",11454100
14.65,0.1,700,"bu","14:00:38",11453600
14.6,0.05,400,"sd","14:00:38",11452900
14.65,0.1,500,"bu","14:00:31",11452500
14.65,0.1,400,"bu","14:00:30",11452000
14.65,0.1,100,"bu","14:00:29",11451600
14.65,0.1,2000,"bu","14:00:26",11451500
14.65,0.1,200,"bu","14:00:25",11449500
14.65,0.1,1300,"bu","14:00:23",11449300
14.65,0.1,200,"bu","14:00:19",11448000
14.65,0.1,6000,"bu","14:00:16",11447800
14.65,0.1,500,"bu","14:00:11",11441800
14.65,0.1,300,"bu","14:00:00",11441300
14.65,0.1,800,"bu","13:59:58",11441000
14.65,0.1,2000,"bu","13:59:58",11440200
14.65,0.1,500,"bu","13:59:53",11438200
14.65,0.1,2000,"bu","13:59:51",11437700
14.65,0.1,500,"bu","13:59:50",11435700
14.65,0.1,1000,"bu","13:59:50",11435200
14.65,0.1,100,"bu","13:59:50",11434200
14.65,0.1,500,"bu","13:59:50",11434100
14.65,0.1,1000,"bu","13:59:50",11433600
14.65,0.1,3000,"bu","13:59:50",11432600
14.65,0.1,100,"bu","13:59:50",11429600
14.65,0.1,200,"bu","13:59:50",11429500
14.65,0.1,300,"bu","13:59:50",11429300
14.65,0.1,200,"bu","13:59:48",11429000
14.65,0.1,400,"bu","13:59:48",11428800
14.6,0.05,200,"sd","13:59:47",11428400
14.65,0.1,1500,"bu","13:59:39",11428200
14.65,0.1,100,"bu","13:59:39",11426700
14.65,0.1,300,"bu","13:59:29",11426600
14.65,0.1,2700,"bu","13:59:24",11426300
14.65,0.1,300,"bu","13:59:24",11423600
14.65,0.1,300,"bu","13:58:59",11423300
14.6,0.05,2500,"sd","13:58:47",11423000
14.65,0.1,400,"bu","13:58:26",11420500
14.6,0.05,3000,"sd","13:58:15",11420100
14.6,0.05,100,"sd","13:58:15",11417100
14.6,0.05,300,"sd","13:58:07",11417000
14.6,0.05,500,"sd","13:58:07",11416700
14.6,0.05,1000,"sd","13:58:07",11416200
14.6,0.05,2000,"sd","13:58:07",11415200
14.6,0.05,100,"sd","13:58:07",11413200
14.6,0.05,200,"sd","13:58:07",11413100
14.6,0.05,100,"sd","13:58:07",11412900
14.6,0.05,500,"sd","13:58:07",11412800
14.6,0.05,300,"sd","13:58:07",11412300
14.6,0.05,2000,"sd","13:58:03",11412000
14.65,0.1,500,"bu","13:58:01",11410000
14.65,0.1,300,"bu","13:57:55",11409500
14.65,0.1,1000,"bu","13:57:54",11409200
14.6,0.05,500,"sd","13:57:44",11408200
14.65,0.1,400,"bu","13:57:38",11407700
14.65,0.1,100,"bu","13:57:38",11407300
14.65,0.1,2500,"bu","13:57:34",11407200
14.65,0.1,3100,"bu","13:57:32",11404700
14.65,0.1,1000,"bu","13:57:32",11401600
14.65,0.1,500,"bu","13:57:32",11400600
14.65,0.1,200,"bu","13:57:32",11400100
14.6,0.05,2200,"sd","13:57:31",11399900
14.6,0.05,100,"sd","13:57:31",11397700
14.6,0.05,100,"sd","13:57:31",11397600
14.6,0.05,600,"sd","13:57:31",11397500
14.65,0.1,300,"bu","13:57:23",11396900
14.65,0.1,100,"bu","13:57:21",11396600
14.65,0.1,5000,"bu","13:57:21",11396500
14.65,0.1,4900,"bu","13:57:21",11391500
14.6,0.05,2000,"sd","13:57:21",11386600
14.65,0.1,5000,"bu","13:57:20",11384600
14.65,0.1,200,"bu","13:57:20",11379600
14.6,0.05,10000,"sd","13:57:19",11379400
14.65,0.1,100,"bu","13:57:18",11369400
14.65,0.1,2000,"bu","13:57:15",11369300
14.65,0.1,1600,"bu","13:57:11",11367300
14.65,0.1,1000,"bu","13:57:02",11365700
14.65,0.1,400,"bu","13:56:50",11364700
14.6,0.05,500,"bu","13:56:45",11364300
14.6,0.05,400,"bu","13:56:45",11363800
14.6,0.05,10000,"bu","13:56:45",11363400
14.6,0.05,500,"bu","13:56:45",11353400
14.6,0.05,5000,"bu","13:56:43",11352900
14.6,0.05,100,"bu","13:56:33",11347900
14.6,0.05,400,"bu","13:56:32",11347800
14.6,0.05,700,"bu","13:56:32",11347400
14.6,0.05,400,"bu","13:56:32",11346700
14.6,0.05,1000,"bu","13:56:32",11346300
14.6,0.05,500,"bu","13:56:32",11345300
14.6,0.05,2000,"bu","13:56:32",11344800
14.6,0.05,300,"bu","13:56:25",11342800
14.6,0.05,1700,"bu","13:56:23",11342500
14.6,0.05,400,"bu","13:56:23",11340800
14.6,0.05,200,"bu","13:56:23",11340400
14.6,0.05,700,"bu","13:56:23",11340200
14.6,0.05,2900,"bu","13:56:22",11339500
14.6,0.05,100,"bu","13:56:22",11336600
14.6,0.05,400,"bu","13:56:21",11336500
14.6,0.05,1000,"bu","13:56:21",11336100
14.6,0.05,1000,"bu","13:56:21",11335100
14.6,0.05,1300,"bu","13:56:21",11334100
14.6,0.05,300,"bu","13:56:21",11332800
14.6,0.05,1000,"bu","13:56:21",11332500
14.6,0.05,2000,"bu","13:56:20",11331500
14.6,0.05,300,"bu","13:56:20",11329500
14.6,0.05,100,"bu","13:56:16",11329200
14.6,0.05,1600,"bu","13:56:14",11329100
14.6,0.05,500,"bu","13:56:13",11327500
14.6,0.05,100,"bu","13:56:13",11327000
14.6,0.05,10000,"bu","13:56:09",11326900
14.6,0.05,5000,"bu","13:56:08",11316900
14.6,0.05,9400,"bu","13:56:07",11311900
14.6,0.05,100,"bu","13:56:07",11302500
14.6,0.05,200,"bu","13:56:07",11302400
14.6,0.05,300,"bu","13:56:07",11302200
14.6,0.05,700,"bu","13:56:04",11301900
14.6,0.05,300,"bu","13:56:04",11301200
14.6,0.05,200,"bu","13:56:04",11300900
14.6,0.05,100,"bu","13:56:04",11300700
14.6,0.05,1000,"bu","13:56:04",11300600
14.6,0.05,2000,"bu","13:56:04",11299600
14.6,0.05,200,"bu","13:56:04",11297600
14.6,0.05,500,"bu","13:56:03",11297400
14.6,0.05,2300,"bu","13:56:00",11296900
14.6,0.05,2700,"bu","13:56:00",11294600
14.6,0.05,300,"bu","13:55:59",11291900
14.6,0.05,27000,"bu","13:55:59",11291600
14.6,0.05,20000,"bu","13:55:59",11264600
14.6,0.05,3000,"bu","13:55:59",11244600
14.6,0.05,14000,"bu","13:55:58",11241600
14.6,0.05,6000,"bu","13:55:58",11227600
14.6,0.05,200,"bu","13:55:57",11221600
14.6,0.05,1000,"bu","13:55:54",11221400
14.6,0.05,300,"bu","13:55:53",11220400
14.6,0.05,1000,"bu","13:55:51",11220100
14.6,0.05,400,"bu","13:55:48",11219100
14.6,0.05,1100,"bu","13:55:44",11218700
14.6,0.05,500,"bu","13:55:44",11217600
14.6,0.05,2000,"bu","13:55:44",11217100
14.6,0.05,1400,"bu","13:55:44",11215100
14.55,0,5000,"sd","13:55:42",11213700
14.6,0.05,400,"bu","13:55:40",11208700
14.6,0.05,3200,"bu","13:55:38",11208300
14.6,0.05,25000,"bu","13:55:38",11205100
14.6,0.05,1000,"bu","13:55:38",11180100
14.6,0.05,800,"bu","13:55:38",11179100
14.55,0,1000,"sd","13:55:36",11178300
14.6,0.05,3000,"bu","13:55:33",11177300
14.6,0.05,1000,"bu","13:55:26",11174300
14.6,0.05,100,"bu","13:55:23",11173300
14.6,0.05,100,"bu","13:55:23",11173200
14.6,0.05,200,"bu","13:55:23",11173100
14.6,0.05,400,"bu","13:55:16",11172900
14.55,0,7000,"sd","13:55:16",11172500
14.6,0.05,300,"bu","13:55:13",11165500
14.55,0,100,"bu","13:55:11",11165200
14.55,0,1000,"bu","13:55:11",11165100
14.55,0,100,"bu","13:55:11",11164100
14.55,0,400,"bu","13:55:11",11164000
14.55,0,300,"bu","13:55:11",11163600
14.55,0,2900,"bu","13:55:11",11163300
14.55,0,4000,"bu","13:55:11",11160400
14.55,0,1500,"bu","13:55:11",11156400
14.55,0,900,"bu","13:55:11",11154900
14.55,0,800,"bu","13:55:11",11154000
14.55,0,500,"bu","13:55:11",11153200
14.55,0,500,"bu","13:55:11",11152700
14.55,0,2000,"bu","13:55:11",11152200
14.55,0,2300,"bu","13:55:11",11150200
14.55,0,6700,"bu","13:55:10",11147900
14.55,0,300,"bu","13:55:10",11141200
14.55,0,1500,"bu","13:55:09",11140900
14.55,0,800,"bu","13:55:09",11139400
14.55,0,200,"bu","13:55:09",11138600
14.55,0,1000,"bu","13:55:09",11138400
14.55,0,500,"bu","13:55:09",11137400
14.55,0,100,"bu","13:55:09",11136900
14.55,0,5900,"bu","13:55:09",11136800
14.55,0,500,"bu","13:55:09",11130900
14.55,0,400,"bu","13:55:08",11130400
14.55,0,100,"bu","13:55:08",11130000
14.55,0,500,"bu","13:55:08",11129900
14.55,0,100,"bu","13:55:08",11129400
14.55,0,100,"bu","13:55:07",11129300
14.55,0,2000,"bu","13:55:06",11129200
14.55,0,500,"bu","13:55:06",11127200
14.55,0,5000,"bu","13:55:04",11126700
14.55,0,1000,"bu","13:55:04",11121700
14.55,0,500,"bu","13:55:04",11120700
14.55,0,5000,"bu","13:55:03",11120200
14.55,0,2000,"bu","13:55:03",11115200
14.55,0,3400,"bu","13:55:03",11113200
14.55,0,1600,"bu","13:55:03",11109800
14.55,0,9400,"bu","13:55:01",11108200
14.55,0,400,"bu","13:55:00",11098800
14.55,0,20000,"bu","13:55:00",11098400
14.55,0,700,"bu","13:54:58",11078400
14.55,0,5000,"bu","13:54:58",11077700
14.55,0,1000,"bu","13:54:57",11072700
14.55,0,200,"bu","13:54:50",11071700
14.55,0,1000,"bu","13:54:46",11071500
14.55,0,700,"bu","13:54:46",11070500
14.55,0,100,"bu","13:54:46",11069800
14.55,0,200,"bu","13:54:46",11069700
14.55,0,12700,"bu","13:54:46",11069500
14.55,0,400,"bu","13:54:44",11056800
14.55,0,1500,"bu","13:54:42",11056400
14.55,0,200,"bu","13:54:39",11054900
14.5,-0.05,1000,"sd","13:54:38",11054700
14.55,0,200,"bu","13:54:22",11053700
14.55,0,1400,"bu","13:54:22",11053500
14.5,-0.05,5000,"sd","13:54:19",11052100
14.55,0,1900,"bu","13:54:17",11047100
14.55,0,1700,"bu","13:54:17",11045200
14.55,0,1300,"bu","13:54:16",11043500
14.55,0,300,"bu","13:54:13",11042200
14.55,0,5000,"bu","13:54:10",11041900
14.55,0,100,"bu","13:54:08",11036900
14.55,0,2800,"bu","13:54:05",11036800
14.55,0,500,"bu","13:54:02",11034000
14.55,0,1200,"bu","13:53:59",11033500
14.55,0,100,"bu","13:53:54",11032300
14.55,0,3700,"bu","13:53:53",11032200
14.55,0,1100,"bu","13:53:53",11028500
14.55,0,2000,"bu","13:53:45",11027400
14.55,0,300,"bu","13:53:42",11025400
14.55,0,2000,"bu","13:53:39",11025100
14.55,0,1000,"bu","13:53:35",11023100
14.55,0,2000,"bu","13:53:28",11022100
14.55,0,200,"bu","13:53:28",11020100
14.55,0,200,"bu","13:53:27",11019900
14.55,0,500,"bu","13:53:17",11019700
14.55,0,1000,"bu","13:53:16",11019200
14.55,0,300,"bu","13:53:11",11018200
14.55,0,1000,"bu","13:53:10",11017900
14.55,0,500,"bu","13:53:01",11016900
14.5,-0.05,3100,"sd","13:52:57",11016400
14.5,-0.05,400,"sd","13:52:49",11013300
14.5,-0.05,500,"sd","13:52:46",11012900
14.5,-0.05,1000,"sd","13:52:44",11012400
14.55,0,400,"bu","13:52:38",11011400
14.5,-0.05,700,"sd","13:52:26",11011000
14.5,-0.05,1900,"sd","13:52:11",11010300
14.55,0,300,"bu","13:52:07",11008400
14.5,-0.05,3000,"sd","13:52:06",11008100
14.5,-0.05,28200,"sd","13:52:02",11005100
14.5,-0.05,20000,"sd","13:52:02",10976900
14.5,-0.05,100,"sd","13:52:02",10956900
14.5,-0.05,1000,"sd","13:52:02",10956800
14.5,-0.05,700,"sd","13:52:02",10955800
14.5,-0.05,100,"bu","13:51:48",10955100
14.5,-0.05,100,"bu","13:51:48",10955000
14.5,-0.05,200,"bu","13:51:48",10954900
14.5,-0.05,2000,"bu","13:51:47",10954700
14.5,-0.05,100,"bu","13:51:46",10952700
14.5,-0.05,1000,"bu","13:51:46",10952600
14.5,-0.05,200,"bu","13:51:45",10951600
14.5,-0.05,6400,"bu","13:51:45",10951400
14.5,-0.05,600,"bu","13:51:45",10945000
14.5,-0.05,400,"bu","13:51:43",10944400
14.5,-0.05,4600,"bu","13:51:43",10944000
14.5,-0.05,400,"bu","13:51:42",10939400
14.5,-0.05,100,"bu","13:51:42",10939000
14.5,-0.05,500,"bu","13:51:42",10938900
14.5,-0.05,500,"bu","13:51:42",10938400
14.5,-0.05,2000,"bu","13:51:41",10937900
14.5,-0.05,1000,"bu","13:51:41",10935900
14.5,-0.05,1500,"bu","13:51:41",10934900
14.5,-0.05,1000,"bu","13:51:41",10933400
14.5,-0.05,2500,"bu","13:51:41",10932400
14.5,-0.05,2300,"bu","13:51:41",10929900
14.5,-0.05,30000,"bu","13:51:40",10927600
14.5,-0.05,2000,"bu","13:51:40",10897600
14.5,-0.05,2300,"bu","13:51:39",10895600
14.5,-0.05,500,"bu","13:51:39",10893300
14.5,-0.05,400,"bu","13:51:35",10892800
14.5,-0.05,1000,"bu","13:51:35",10892400
14.5,-0.05,50000,"bu","13:51:33",10891400
14.45,-0.1,400,"sd","13:51:31",10841400
14.45,-0.1,100,"sd","13:51:31",10841000
14.5,-0.05,500,"bu","13:51:30",10840900
14.5,-0.05,800,"bu","13:51:27",10840400
14.5,-0.05,500,"bu","13:51:26",10839600
14.5,-0.05,1000,"bu","13:51:25",10839100
14.5,-0.05,4500,"bu","13:51:24",10838100
14.5,-0.05,1000,"bu","13:51:22",10833600
14.5,-0.05,200,"bu","13:51:20",10832600
14.45,-0.1,200,"sd","13:51:19",10832400
14.5,-0.05,500,"bu","13:51:17",10832200
14.5,-0.05,100,"bu","13:51:17",10831700
14.5,-0.05,1400,"bu","13:51:17",10831600
14.5,-0.05,100,"bu","13:51:16",10830200
14.5,-0.05,300,"bu","13:51:14",10830100
14.5,-0.05,100,"bu","13:51:13",10829800
14.5,-0.05,500,"bu","13:51:10",10829700
14.5,-0.05,5000,"bu","13:51:09",10829200
14.5,-0.05,500,"bu","13:51:09",10824200
14.5,-0.05,100,"bu","13:51:07",10823700
14.5,-0.05,2400,"bu","13:51:06",10823600
14.5,-0.05,500,"bu","13:51:06",10821200
14.5,-0.05,200,"bu","13:51:06",10820700
14.5,-0.05,100,"bu","13:51:06",10820500
14.5,-0.05,1800,"bu","13:51:06",10820400
14.5,-0.05,500,"bu","13:51:03",10818600
14.5,-0.05,400,"bu","13:51:03",10818100
14.5,-0.05,500,"bu","13:51:02",10817700
14.5,-0.05,1000,"bu","13:51:01",10817200
14.5,-0.05,2000,"bu","13:51:01",10816200
14.5,-0.05,200,"bu","13:50:59",10814200
14.5,-0.05,2000,"bu","13:50:59",10814000
14.5,-0.05,100,"bu","13:50:58",10812000
14.5,-0.05,5000,"bu","13:50:55",10811900
14.5,-0.05,2000,"bu","13:50:55",10806900
14.5,-0.05,1000,"bu","13:50:55",10804900
14.5,-0.05,1000,"bu","13:50:54",10803900
14.5,-0.05,1500,"bu","13:50:54",10802900
14.5,-0.05,2000,"bu","13:50:53",10801400
14.5,-0.05,1000,"bu","13:50:52",10799400
14.5,-0.05,8000,"bu","13:50:52",10798400
14.5,-0.05,2000,"bu","13:50:52",10790400
14.5,-0.05,8000,"bu","13:50:52",10788400
14.5,-0.05,2000,"bu","13:50:52",10780400
14.5,-0.05,2000,"bu","13:50:52",10778400
14.5,-0.05,1000,"bu","13:50:52",10776400
14.5,-0.05,1500,"bu","13:50:52",10775400
14.5,-0.05,500,"bu","13:50:52",10773900
14.5,-0.05,800,"bu","13:50:52",10773400
14.5,-0.05,2000,"bu","13:50:52",10772600
14.5,-0.05,2200,"bu","13:50:52",10770600
14.5,-0.05,1000,"bu","13:50:50",10768400
14.5,-0.05,10000,"bu","13:50:49",10767400
14.5,-0.05,500,"bu","13:50:48",10757400
14.5,-0.05,5000,"bu","13:50:46",10756900
14.5,-0.05,300,"bu","13:50:41",10751900
14.5,-0.05,700,"bu","13:50:41",10751600
14.5,-0.05,1000,"bu","13:50:37",10750900
14.5,-0.05,3500,"bu","13:50:36",10749900
14.5,-0.05,4000,"bu","13:50:33",10746400
14.5,-0.05,100,"bu","13:50:32",10742400
14.5,-0.05,400,"bu","13:50:32",10742300
14.5,-0.05,2000,"bu","13:50:32",10741900
14.5,-0.05,5000,"bu","13:50:30",10739900
14.45,-0.1,1000,"sd","13:50:29",10734900
14.5,-0.05,200,"bu","13:50:24",10733900
14.45,-0.1,700,"sd","13:50:24",10733700
14.45,-0.1,300,"sd","13:50:24",10733000
14.5,-0.05,100,"bu","13:50:20",10732700
14.5,-0.05,13000,"bu","13:50:19",10732600
14.5,-0.05,14900,"bu","13:50:19",10719600
14.5,-0.05,100,"bu","13:50:19",10704700
14.45,-0.1,700,"sd","13:50:17",10704600
14.45,-0.1,500,"sd","13:50:17",10703900
14.45,-0.1,400,"sd","13:50:17",10703400
14.45,-0.1,200,"sd","13:50:17",10703000
14.45,-0.1,300,"sd","13:50:17",10702800
14.45,-0.1,100,"sd","13:50:17",10702500
14.45,-0.1,1000,"sd","13:50:17",10702400
14.45,-0.1,500,"sd","13:50:17",10701400
14.45,-0.1,3000,"sd","13:50:17",10700900
14.45,-0.1,1300,"sd","13:50:17",10697900
14.5,-0.05,1000,"bu","13:50:17",10696600
14.5,-0.05,300,"bu","13:50:15",10695600
14.5,-0.05,1000,"bu","13:50:13",10695300
14.5,-0.05,100,"bu","13:50:11",10694300
14.5,-0.05,400,"bu","13:50:11",10694200
14.5,-0.05,1000,"bu","13:50:10",10693800
14.45,-0.1,1300,"sd","13:50:09",10692800
14.5,-0.05,1000,"bu","13:50:09",10691500
14.5,-0.05,6200,"bu","13:50:07",10690500
14.5,-0.05,3800,"bu","13:50:07",10684300
14.5,-0.05,200,"bu","13:50:07",10680500
14.5,-0.05,400,"bu","13:50:07",10680300
14.5,-0.05,400,"bu","13:50:07",10679900
14.5,-0.05,300,"bu","13:50:07",10679500
14.5,-0.05,3700,"bu","13:50:07",10679200
14.5,-0.05,300,"bu","13:50:07",10675500
14.5,-0.05,200,"bu","13:50:07",10675200
14.5,-0.05,5800,"bu","13:50:04",10675000
14.5,-0.05,1000,"bu","13:50:04",10669200
14.5,-0.05,300,"bu","13:50:04",10668200
14.5,-0.05,100,"bu","13:50:04",10667900
14.5,-0.05,2800,"bu","13:50:04",10667800
14.45,-0.1,400,"sd","13:50:04",10665000
14.45,-0.1,500,"sd","13:50:04",10664600
14.45,-0.1,1000,"sd","13:50:04",10664100
14.45,-0.1,500,"sd","13:50:04",10663100
14.45,-0.1,1000,"sd","13:50:04",10662600
14.45,-0.1,100,"sd","13:50:04",10661600
14.45,-0.1,20000,"sd","13:50:04",10661500
14.45,-0.1,300,"sd","13:50:04",10641500
14.45,-0.1,1000,"sd","13:50:04",10641200
14.45,-0.1,1000,"sd","13:50:04",10640200
14.45,-0.1,200,"sd","13:50:04",10639200
14.45,-0.1,100,"sd","13:50:04",10639000
14.45,-0.1,200,"sd","13:50:04",10638900
14.45,-0.1,200,"sd","13:50:04",10638700
14.45,-0.1,1400,"sd","13:50:04",10638500
14.45,-0.1,500,"sd","13:50:04",10637100
14.45,-0.1,2000,"sd","13:50:04",10636600
14.45,-0.1,200,"sd","13:50:04",10634600
14.45,-0.1,1000,"sd","13:50:04",10634400
14.45,-0.1,1000,"sd","13:50:04",10633400
14.45,-0.1,1000,"sd","13:50:04",10632400
14.45,-0.1,1000,"sd","13:50:04",10631400
14.45,-0.1,500,"sd","13:50:04",10630400
14.45,-0.1,2000,"sd","13:50:04",10629900
14.45,-0.1,1000,"sd","13:50:04",10627900
14.45,-0.1,500,"sd","13:50:03",10626900
14.45,-0.1,1000,"sd","13:50:03",10626400
14.45,-0.1,400,"sd","13:50:03",10625400
14.45,-0.1,1000,"sd","13:50:03",10625000
14.45,-0.1,200,"sd","13:50:03",10624000
14.45,-0.1,200,"sd","13:50:03",10623800
14.45,-0.1,3100,"sd","13:50:03",10623600
14.45,-0.1,1000,"sd","13:50:03",10620500
14.45,-0.1,1000,"sd","13:50:03",10619500
14.45,-0.1,1300,"sd","13:50:03",10618500
14.45,-0.1,500,"sd","13:50:03",10617200
14.45,-0.1,10500,"sd","13:50:03",10616700
14.45,-0.1,1000,"sd","13:50:03",10606200
14.45,-0.1,100,"sd","13:50:03",10605200
14.45,-0.1,4000,"sd","13:50:03",10605100
14.45,-0.1,100,"sd","13:50:03",10601100
14.5,-0.05,500,"bu","13:50:03",10601000
14.5,-0.05,200,"bu","13:50:02",10600500
14.5,-0.05,500,"bu","13:50:02",10600300
14.5,-0.05,300,"bu","13:50:01",10599800
14.5,-0.05,2400,"bu","13:50:00",10599500
14.5,-0.05,3300,"bu","13:50:00",10597100
14.5,-0.05,200,"bu","13:50:00",10593800
14.5,-0.05,6500,"bu","13:50:00",10593600
14.5,-0.05,1000,"bu","13:49:59",10587100
14.5,-0.05,5000,"bu","13:49:58",10586100
14.5,-0.05,5000,"bu","13:49:58",10581100
14.5,-0.05,5000,"bu","13:49:56",10576100
14.5,-0.05,25000,"bu","13:49:55",10571100
14.5,-0.05,200,"bu","13:49:55",10546100
14.5,-0.05,200,"bu","13:49:54",10545900
14.45,-0.1,9200,"sd","13:49:54",10545700
14.5,-0.05,1000,"bu","13:49:51",10536500
14.5,-0.05,100,"bu","13:49:50",10535500
14.5,-0.05,1000,"bu","13:49:48",10535400
14.5,-0.05,1000,"bu","13:49:48",10534400
14.5,-0.05,400,"bu","13:49:47",10533400
14.5,-0.05,600,"bu","13:49:46",10533000
14.5,-0.05,600,"bu","13:49:46",10532400
14.45,-0.1,2000,"sd","13:49:44",10531800
14.5,-0.05,200,"bu","13:49:44",10529800
14.5,-0.05,1000,"bu","13:49:38",10529600
14.5,-0.05,3000,"bu","13:49:37",10528600
14.5,-0.05,500,"bu","13:49:37",10525600
14.5,-0.05,300,"bu","13:49:30",10525100
14.5,-0.05,100,"bu","13:49:23",10524800
14.45,-0.1,4300,"sd","13:49:22",10524700
14.45,-0.1,1000,"sd","13:49:22",10520400
14.45,-0.1,200,"sd","13:49:22",10519400
14.45,-0.1,200,"sd","13:49:22",10519200
14.45,-0.1,200,"sd","13:49:22",10519000
14.45,-0.1,2000,"sd","13:49:22",10518800
14.45,-0.1,2000,"sd","13:49:22",10516800
14.45,-0.1,100,"sd","13:49:22",10514800
14.45,-0.1,100,"sd","13:49:22",10514700
14.45,-0.1,1000,"sd","13:49:22",10514600
14.45,-0.1,1000,"sd","13:49:22",10513600
14.45,-0.1,10000,"sd","13:49:22",10512600
14.45,-0.1,200,"sd","13:49:22",10502600
14.45,-0.1,200,"sd","13:49:22",10502400
14.45,-0.1,500,"sd","13:49:22",10502200
14.45,-0.1,100,"sd","13:49:22",10501700
14.45,-0.1,1400,"sd","13:49:22",10501600
14.5,-0.05,100,"bu","13:49:22",10500200
14.5,-0.05,1000,"bu","13:49:21",10500100
14.5,-0.05,500,"bu","13:49:21",10499100
14.5,-0.05,200,"bu","13:49:21",10498600
14.5,-0.05,200,"bu","13:49:21",10498400
14.5,-0.05,1000,"bu","13:49:21",10498200
14.5,-0.05,1300,"bu","13:49:21",10497200
14.5,-0.05,700,"sd","13:49:19",10495900
14.5,-0.05,500,"sd","13:49:19",10495200
14.5,-0.05,100,"sd","13:49:19",10494700
14.5,-0.05,300,"sd","13:49:19",10494600
14.5,-0.05,500,"sd","13:49:19",10494300
14.5,-0.05,5800,"sd","13:49:19",10493800
14.5,-0.05,2100,"sd","13:49:19",10488000
14.5,-0.05,1400,"sd","13:49:19",10485900
14.5,-0.05,4000,"sd","13:49:19",10484500
14.5,-0.05,1500,"sd","13:49:19",10480500
14.5,-0.05,1000,"sd","13:49:19",10479000
14.5,-0.05,500,"sd","13:49:19",10478000
14.5,-0.05,500,"sd","13:49:19",10477500
14.5,-0.05,200,"sd","13:49:19",10477000
14.5,-0.05,500,"sd","13:49:19",10476800
14.5,-0.05,10000,"sd","13:49:19",10476300
14.5,-0.05,30000,"sd","13:49:19",10466300
14.5,-0.05,2000,"sd","13:49:19",10436300
14.5,-0.05,100,"sd","13:49:19",10434300
14.5,-0.05,10000,"sd","13:49:19",10434200
14.5,-0.05,1000,"sd","13:49:18",10424200
14.5,-0.05,100,"sd","13:49:18",10423200
14.5,-0.05,500,"sd","13:49:18",10423100
14.5,-0.05,100,"sd","13:49:18",10422600
14.5,-0.05,500,"sd","13:49:18",10422500
14.5,-0.05,10000,"sd","13:49:18",10422000
14.5,-0.05,200,"sd","13:49:18",10412000
14.5,-0.05,100,"sd","13:49:18",10411800
14.5,-0.05,200,"sd","13:49:18",10411700
14.5,-0.05,1000,"sd","13:49:18",10411500
14.5,-0.05,100,"sd","13:49:18",10410500
14.5,-0.05,5000,"sd","13:49:18",10410400
14.5,-0.05,500,"sd","13:49:18",10405400
14.5,-0.05,300,"sd","13:49:18",10404900
14.5,-0.05,1000,"sd","13:49:18",10404600
14.5,-0.05,1000,"sd","13:49:18",10403600
14.5,-0.05,100,"sd","13:49:18",10402600
14.5,-0.05,1000,"sd","13:49:18",10402500
14.5,-0.05,100,"sd","13:49:18",10401500
14.5,-0.05,2100,"sd","13:49:18",10401400
14.5,-0.05,1900,"sd","13:49:18",10399300
14.5,-0.05,400,"sd","13:49:18",10397400
14.5,-0.05,200,"sd","13:49:18",10397000
14.5,-0.05,2500,"sd","13:49:18",10396800
14.5,-0.05,100,"sd","13:49:18",10394300
14.5,-0.05,100,"sd","13:49:18",10394200
14.5,-0.05,1000,"sd","13:49:18",10394100
14.5,-0.05,2000,"sd","13:49:18",10393100
14.5,-0.05,500,"sd","13:49:18",10391100
14.5,-0.05,100,"sd","13:49:18",10390600
14.5,-0.05,400,"sd","13:49:18",10390500
14.5,-0.05,100,"sd","13:49:18",10390100
14.5,-0.05,500,"sd","13:49:17",10390000
14.5,-0.05,600,"sd","13:49:17",10389500
14.5,-0.05,1000,"sd","13:49:17",10388900
14.5,-0.05,500,"sd","13:49:17",10387900
14.5,-0.05,100,"sd","13:49:17",10387400
14.5,-0.05,500,"sd","13:49:17",10387300
14.5,-0.05,100,"sd","13:49:17",10386800
14.5,-0.05,100,"sd","13:49:17",10386700
14.5,-0.05,100,"sd","13:49:17",10386600
14.5,-0.05,2000,"sd","13:49:17",10386500
14.5,-0.05,1000,"sd","13:49:17",10384500
14.5,-0.05,200,"sd","13:49:17",10383500
14.5,-0.05,100,"sd","13:49:17",10383300
14.5,-0.05,100,"sd","13:49:17",10383200
14.5,-0.05,200,"sd","13:49:17",10383100
14.5,-0.05,1000,"sd","13:49:17",10382900
14.5,-0.05,2000,"sd","13:49:17",10381900
14.5,-0.05,300,"sd","13:49:17",10379900
14.5,-0.05,100,"sd","13:49:17",10379600
14.5,-0.05,1000,"sd","13:49:17",10379500
14.5,-0.05,100,"sd","13:49:17",10378500
14.5,-0.05,4100,"sd","13:49:17",10378400
14.5,-0.05,200,"sd","13:49:17",10374300
14.5,-0.05,200,"sd","13:49:17",10374100
14.5,-0.05,200,"sd","13:49:17",10373900
14.5,-0.05,100,"sd","13:49:17",10373700
14.5,-0.05,100,"sd","13:49:17",10373600
14.5,-0.05,1000,"sd","13:49:17",10373500
14.5,-0.05,5000,"sd","13:49:17",10372500
14.5,-0.05,1400,"sd","13:49:17",10367500
14.5,-0.05,1500,"sd","13:49:17",10366100
14.5,-0.05,400,"sd","13:49:17",10364600
14.5,-0.05,1000,"sd","13:49:17",10364200
14.5,-0.05,500,"sd","13:49:17",10363200
14.5,-0.05,5000,"sd","13:49:17",10362700
14.5,-0.05,5000,"sd","13:49:17",10357700
14.5,-0.05,900,"sd","13:49:17",10352700
14.5,-0.05,1500,"sd","13:49:17",10351800
14.5,-0.05,1100,"sd","13:49:17",10350300
14.5,-0.05,500,"sd","13:49:17",10349200
14.5,-0.05,5000,"sd","13:49:17",10348700
14.5,-0.05,500,"sd","13:49:17",10343700
14.5,-0.05,1000,"sd","13:49:17",10343200
14.5,-0.05,3000,"sd","13:49:17",10342200
14.5,-0.05,300,"sd","13:49:17",10339200
14.5,-0.05,1000,"sd","13:49:17",10338900
14.5,-0.05,2000,"sd","13:49:17",10337900
14.5,-0.05,1500,"sd","13:49:17",10335900
14.5,-0.05,700,"sd","13:49:17",10334400
14.5,-0.05,3000,"sd","13:49:17",10333700
14.5,-0.05,500,"sd","13:49:17",10330700
14.5,-0.05,4200,"sd","13:49:17",10330200
14.55,0,100,"bu","13:49:14",10326000
14.5,-0.05,15800,"sd","13:49:14",10325900
14.5,-0.05,1000,"sd","13:49:14",10310100
14.5,-0.05,3200,"sd","13:49:14",10309100
14.5,-0.05,6800,"sd","13:49:13",10305900
14.5,-0.05,1000,"sd","13:49:13",10299100
14.5,-0.05,100,"sd","13:49:12",10298100
14.5,-0.05,2000,"sd","13:49:12",10298000
14.5,-0.05,6000,"sd","13:49:12",10296000
14.5,-0.05,300,"sd","13:49:12",10290000
14.5,-0.05,1000,"sd","13:49:12",10289700
14.5,-0.05,500,"sd","13:49:12",10288700
14.5,-0.05,100,"sd","13:49:12",10288200
14.5,-0.05,1500,"sd","13:49:12",10288100
14.5,-0.05,16700,"sd","13:49:12",10286600
14.5,-0.05,100,"sd","13:49:12",10269900
14.5,-0.05,3500,"sd","13:49:11",10269800
14.5,-0.05,2000,"sd","13:49:10",10266300
14.5,-0.05,7700,"sd","13:49:10",10264300
14.5,-0.05,1000,"sd","13:49:10",10256600
14.5,-0.05,1000,"sd","13:49:10",10255600
14.5,-0.05,1000,"sd","13:49:10",10254600
14.5,-0.05,100,"sd","13:49:10",10253600
14.5,-0.05,500,"sd","13:49:10",10253500
14.5,-0.05,100,"sd","13:49:10",10253000
14.5,-0.05,1000,"sd","13:49:10",10252900
14.5,-0.05,400,"sd","13:49:10",10251900
14.5,-0.05,2000,"sd","13:49:10",10251500
14.5,-0.05,400,"sd","13:49:10",10249500
14.5,-0.05,200,"sd","13:49:10",10249100
14.5,-0.05,500,"sd","13:49:10",10248900
14.5,-0.05,2300,"sd","13:49:10",10248400
14.5,-0.05,100,"sd","13:49:10",10246100
14.5,-0.05,2000,"sd","13:49:10",10246000
14.5,-0.05,100,"sd","13:49:10",10244000
14.5,-0.05,5000,"sd","13:49:10",10243900
14.5,-0.05,5000,"sd","13:49:10",10238900
14.5,-0.05,1000,"sd","13:49:10",10233900
14.5,-0.05,5000,"sd","13:49:10",10232900
14.5,-0.05,100,"sd","13:49:10",10227900
14.5,-0.05,500,"sd","13:49:09",10227800
14.5,-0.05,4000,"sd","13:49:07",10227300
14.5,-0.05,1900,"sd","13:49:03",10223300
14.5,-0.05,1300,"sd","13:49:00",10221400
14.5,-0.05,200,"sd","13:49:00",10220100
14.5,-0.05,2000,"sd","13:49:00",10219900
14.5,-0.05,200,"sd","13:49:00",10217900
14.5,-0.05,200,"sd","13:49:00",10217700
14.5,-0.05,100,"sd","13:49:00",10217500
14.55,0,300,"bu","13:49:00",10217400
14.55,0,600,"bu","13:48:55",10217100
14.55,0,1000,"bu","13:48:54",10216500
14.5,-0.05,900,"sd","13:48:54",10215500
14.5,-0.05,500,"sd","13:48:54",10214600
14.5,-0.05,300,"sd","13:48:54",10214100
14.5,-0.05,500,"sd","13:48:54",10213800
14.5,-0.05,300,"sd","13:48:54",10213300
14.5,-0.05,400,"sd","13:48:54",10213000
14.5,-0.05,500,"sd","13:48:54",10212600
14.5,-0.05,5000,"sd","13:48:54",10212100
14.5,-0.05,1000,"sd","13:48:54",10207100
14.5,-0.05,200,"sd","13:48:54",10206100
14.5,-0.05,500,"sd","13:48:54",10205900
14.5,-0.05,1000,"sd","13:48:54",10205400
14.5,-0.05,200,"sd","13:48:54",10204400
14.5,-0.05,200,"sd","13:48:54",10204200
14.5,-0.05,1000,"sd","13:48:54",10204000
14.5,-0.05,1000,"sd","13:48:54",10203000
14.5,-0.05,300,"sd","13:48:54",10202000
14.5,-0.05,9000,"sd","13:48:54",10201700
14.5,-0.05,500,"sd","13:48:54",10192700
14.5,-0.05,500,"sd","13:48:54",10192200
14.5,-0.05,5000,"sd","13:48:54",10191700
14.5,-0.05,2000,"sd","13:48:54",10186700
14.5,-0.05,100,"sd","13:48:54",10184700
14.5,-0.05,100,"sd","13:48:54",10184600
14.5,-0.05,2900,"sd","13:48:54",10184500
14.5,-0.05,1000,"sd","13:48:54",10181600
14.5,-0.05,100,"sd","13:48:54",10180600
14.5,-0.05,1000,"sd","13:48:54",10180500
14.55,0,3000,"bu","13:48:44",10179500
14.55,0,200,"bu","13:48:43",10176500
14.55,0,500,"bu","13:48:38",10176300
14.55,0,200,"sd","13:48:38",10175800
14.55,0,4500,"sd","13:48:38",10175600
14.55,0,10000,"sd","13:48:38",10171100
14.55,0,1000,"sd","13:48:38",10161100
14.55,0,500,"sd","13:48:38",10160100
14.55,0,1000,"sd","13:48:38",10159600
14.55,0,100,"sd","13:48:38",10158600
14.55,0,800,"sd","13:48:38",10158500
14.55,0,1000,"sd","13:48:38",10157700
14.55,0,2700,"sd","13:48:38",10156700
14.55,0,500,"sd","13:48:38",10154000
14.55,0,100,"sd","13:48:38",10153500
14.55,0,400,"sd","13:48:38",10153400
14.55,0,5000,"sd","13:48:38",10153000
14.55,0,6500,"sd","13:48:38",10148000
14.55,0,4800,"sd","13:48:38",10141500
14.55,0,200,"sd","13:48:38",10136700
14.55,0,1000,"sd","13:48:38",10136500
14.55,0,20000,"sd","13:48:38",10135500
14.55,0,200,"sd","13:48:38",10115500
14.55,0,1500,"sd","13:48:38",10115300
14.55,0,1000,"sd","13:48:38",10113800
14.55,0,9000,"sd","13:48:38",10112800
14.55,0,100,"sd","13:48:38",10103800
14.55,0,100,"sd","13:48:38",10103700
14.55,0,1000,"sd","13:48:38",10103600
14.55,0,8400,"sd","13:48:38",10102600
14.55,0,20000,"sd","13:48:34",10094200
14.55,0,81500,"sd","13:48:34",10074200
14.55,0,3000,"sd","13:48:34",9992700
14.55,0,1000,"sd","13:48:34",9989700
14.55,0,100,"sd","13:48:34",9988700
14.55,0,2000,"sd","13:48:34",9988600
14.55,0,3000,"sd","13:48:34",9986600
14.55,0,500,"sd","13:48:34",9983600
14.55,0,5000,"sd","13:48:34",9983100
14.55,0,1300,"sd","13:48:34",9978100
14.55,0,100,"sd","13:48:34",9976800
14.55,0,100,"sd","13:48:34",9976700
14.55,0,100,"sd","13:48:34",9976600
14.55,0,300,"sd","13:48:34",9976500
14.55,0,500,"sd","13:48:34",9976200
14.55,0,200,"sd","13:48:34",9975700
14.55,0,10000,"sd","13:48:34",9975500
14.55,0,3000,"sd","13:48:34",9965500
14.55,0,1000,"sd","13:48:34",9962500
14.55,0,100,"sd","13:48:34",9961500
14.55,0,5000,"sd","13:48:34",9961400
14.55,0,3100,"sd","13:48:34",9956400
14.55,0,1000,"sd","13:48:34",9953300
14.55,0,1000,"sd","13:48:34",9952300
14.55,0,1000,"sd","13:48:34",9951300
14.55,0,500,"sd","13:48:34",9950300
14.55,0,2000,"sd","13:48:34",9949800
14.55,0,100,"sd","13:48:34",9947800
14.55,0,20300,"sd","13:48:34",9947700
14.55,0,1000,"sd","13:48:34",9927400
14.55,0,2000,"sd","13:48:34",9926400
14.55,0,1100,"sd","13:48:34",9924400
14.55,0,400,"sd","13:48:34",9923300
14.55,0,300,"sd","13:48:34",9922900
14.55,0,3900,"sd","13:48:34",9922600
14.55,0,500,"sd","13:48:34",9918700
14.55,0,100,"sd","13:48:34",9918200
14.55,0,1000,"sd","13:48:34",9918100
14.55,0,100,"sd","13:48:34",9917100
14.55,0,1300,"sd","13:48:34",9917000
14.55,0,500,"sd","13:48:34",9915700
14.55,0,10000,"sd","13:48:34",9915200
14.55,0,1000,"sd","13:48:34",9905200
14.55,0,2500,"sd","13:48:34",9904200
14.55,0,100,"sd","13:48:34",9901700
14.55,0,700,"sd","13:48:34",9901600
14.55,0,4000,"sd","13:48:34",9900900
14.55,0,1000,"sd","13:48:34",9896900
14.55,0,1000,"sd","13:48:34",9895900
14.55,0,2000,"sd","13:48:34",9894900
14.55,0,100,"sd","13:48:34",9892900
14.55,0,400,"sd","13:48:34",9892800
14.55,0,3000,"sd","13:48:34",9892400
14.55,0,2000,"sd","13:48:34",9889400
14.55,0,300,"sd","13:48:34",9887400
14.55,0,300,"sd","13:48:34",9887100
14.55,0,12600,"sd","13:48:34",9886800
14.6,0.05,300,"bu","13:48:30",9874200
14.55,0,19100,"sd","13:48:30",9873900
14.55,0,900,"sd","13:48:30",9854800
14.6,0.05,1000,"bu","13:48:27",9853900
14.55,0,1000,"sd","13:48:26",9852900
14.55,0,900,"sd","13:48:16",9851900
14.55,0,200,"sd","13:48:09",9851000
14.55,0,6000,"sd","13:48:03",9850800
14.55,0,1000,"sd","13:48:03",9844800
14.55,0,5000,"sd","13:48:03",9843800
14.55,0,200,"sd","13:48:03",9838800
14.55,0,500,"sd","13:48:03",9838600
14.55,0,200,"sd","13:48:03",9838100
14.55,0,500,"sd","13:48:03",9837900
14.55,0,1000,"sd","13:48:03",9837400
14.55,0,300,"sd","13:48:03",9836400
14.55,0,100,"sd","13:48:03",9836100
14.55,0,300,"sd","13:48:03",9836000
14.55,0,100,"sd","13:48:03",9835700
14.55,0,3000,"sd","13:48:03",9835600
14.55,0,2000,"sd","13:48:03",9832600
14.55,0,300,"sd","13:48:03",9830600
14.55,0,1000,"sd","13:48:03",9830300
14.55,0,2000,"sd","13:48:03",9829300
14.55,0,400,"sd","13:48:03",9827300
14.55,0,100,"sd","13:48:03",9826900
14.55,0,1000,"sd","13:48:03",9826800
14.6,0.05,400,"bu","13:47:57",9825800
14.55,0,100,"sd","13:47:42",9825400
14.6,0.05,500,"bu","13:47:38",9825300
14.6,0.05,100,"bu","13:47:36",9824800
14.6,0.05,700,"bu","13:47:28",9824700
14.6,0.05,100,"bu","13:47:28",9824000
14.6,0.05,400,"bu","13:47:27",9823900
14.6,0.05,100,"bu","13:47:27",9823500
14.6,0.05,300,"bu","13:47:26",9823400
14.6,0.05,2500,"bu","13:47:15",9823100
14.6,0.05,2100,"sd","13:47:07",9820600
14.6,0.05,100,"bu","13:47:07",9818500
14.55,0,600,"sd","13:47:05",9818400
14.55,0,600,"sd","13:47:05",9817800
14.55,0,100,"sd","13:47:05",9817200
14.55,0,400,"sd","13:47:05",9817100
14.55,0,200,"sd","13:47:05",9816700
14.55,0,100,"sd","13:47:05",9816500
14.55,0,1500,"sd","13:47:05",9816400
14.6,0.05,100,"sd","13:47:05",9814900
14.6,0.05,1000,"sd","13:47:04",9814800
14.6,0.05,1600,"sd","13:47:03",9813800
14.6,0.05,1000,"sd","13:47:03",9812200
14.6,0.05,500,"sd","13:47:03",9811200
14.6,0.05,300,"sd","13:47:03",9810700
14.6,0.05,300,"sd","13:47:03",9810400
14.6,0.05,800,"sd","13:47:03",9810100
14.6,0.05,500,"sd","13:47:03",9809300
14.6,0.05,1500,"sd","13:46:59",9808800
14.6,0.05,300,"sd","13:46:59",9807300
14.6,0.05,100,"sd","13:46:59",9807000
14.65,0.1,400,"bu","13:46:55",9806900
14.6,0.05,100,"sd","13:46:42",9806500
14.6,0.05,3000,"sd","13:46:32",9806400
14.6,0.05,200,"sd","13:46:32",9803400
14.6,0.05,200,"sd","13:46:32",9803200
14.6,0.05,6600,"sd","13:46:32",9803000
14.6,0.05,4000,"sd","13:46:30",9796400
14.65,0.1,5000,"bu","13:46:29",9792400
14.6,0.05,1000,"sd","13:46:26",9787400
14.65,0.1,400,"bu","13:46:23",9786400
14.65,0.1,300,"bu","13:45:53",9786000
14.6,0.05,9500,"sd","13:45:48",9785700
14.6,0.05,28900,"sd","13:45:41",9776200
14.6,0.05,100,"sd","13:45:41",9747300
14.6,0.05,100,"sd","13:45:41",9747200
14.6,0.05,300,"sd","13:45:41",9747100
14.6,0.05,1000,"sd","13:45:41",9746800
14.6,0.05,1000,"sd","13:45:41",9745800
14.6,0.05,1900,"sd","13:45:41",9744800
14.6,0.05,5000,"sd","13:45:41",9742900
14.6,0.05,1700,"sd","13:45:41",9737900
14.65,0.1,500,"bu","13:45:33",9736200
14.65,0.1,400,"bu","13:45:21",9735700
14.6,0.05,300,"sd","13:45:20",9735300
14.6,0.05,500,"sd","13:45:20",9735000
14.6,0.05,1200,"sd","13:45:20",9734500
14.6,0.05,2000,"sd","13:45:11",9733300
14.6,0.05,200,"sd","13:44:59",9731300
14.6,0.05,700,"sd","13:44:55",9731100
14.6,0.05,200,"sd","13:44:55",9730400
14.6,0.05,900,"sd","13:44:53",9730200
14.65,0.1,400,"bu","13:44:48",9729300
14.6,0.05,4800,"sd","13:44:48",9728900
14.6,0.05,100,"sd","13:44:48",9724100
14.6,0.05,2000,"sd","13:44:48",9724000
14.6,0.05,8000,"sd","13:44:48",9722000
14.6,0.05,500,"sd","13:44:48",9714000
14.6,0.05,2000,"sd","13:44:48",9713500
14.6,0.05,1000,"sd","13:44:48",9711500
14.6,0.05,400,"sd","13:44:48",9710500
14.6,0.05,200,"sd","13:44:48",9710100
14.6,0.05,500,"sd","13:44:35",9709900
14.6,0.05,100,"sd","13:44:35",9709400
14.6,0.05,3000,"sd","13:44:35",9709300
14.6,0.05,100,"sd","13:44:35",9706300
14.6,0.05,100,"sd","13:44:35",9706200
14.6,0.05,1000,"sd","13:44:35",9706100
14.6,0.05,1500,"sd","13:44:35",9705100
14.6,0.05,100,"sd","13:44:35",9703600
14.6,0.05,2000,"sd","13:44:27",9703500
14.65,0.1,200,"bu","13:44:27",9701500
14.6,0.05,100,"sd","13:44:26",9701300
14.65,0.1,300,"bu","13:44:17",9701200
14.65,0.1,1000,"bu","13:44:06",9700900
14.6,0.05,500,"sd","13:44:04",9699900
14.6,0.05,2300,"sd","13:43:51",9699400
14.6,0.05,100,"sd","13:43:51",9697100
14.6,0.05,600,"sd","13:43:51",9697000
14.6,0.05,400,"sd","13:43:51",9696400
14.6,0.05,10000,"sd","13:43:51",9696000
14.6,0.05,10000,"sd","13:43:51",9686000
14.6,0.05,25100,"sd","13:43:51",9676000
14.6,0.05,800,"sd","13:43:51",9650900
14.6,0.05,2000,"sd","13:43:51",9650100
14.6,0.05,500,"sd","13:43:51",9648100
14.6,0.05,5000,"sd","13:43:51",9647600
14.6,0.05,500,"sd","13:43:51",9642600
14.6,0.05,5000,"sd","13:43:51",9642100
14.6,0.05,1000,"sd","13:43:51",9637100
14.6,0.05,900,"sd","13:43:51",9636100
14.6,0.05,5000,"sd","13:43:51",9635200
14.6,0.05,100,"sd","13:43:51",9630200
14.6,0.05,100,"sd","13:43:51",9630100
14.6,0.05,300,"sd","13:43:51",9630000
14.6,0.05,100,"sd","13:43:51",9629700
14.6,0.05,4500,"sd","13:43:51",9629600
14.6,0.05,600,"sd","13:43:51",9625100
14.6,0.05,4000,"sd","13:43:51",9624500
14.6,0.05,3800,"sd","13:43:51",9620500
14.6,0.05,1000,"sd","13:43:51",9616700
14.6,0.05,4000,"sd","13:43:51",9615700
14.6,0.05,300,"sd","13:43:51",9611700
14.6,0.05,200,"sd","13:43:51",9611400
14.6,0.05,2000,"sd","13:43:51",9611200
14.6,0.05,3300,"sd","13:43:51",9609200
14.6,0.05,1500,"sd","13:43:51",9605900
14.6,0.05,100,"sd","13:43:51",9604400
14.6,0.05,3000,"sd","13:43:51",9604300
14.6,0.05,600,"sd","13:43:51",9601300
14.6,0.05,1000,"sd","13:43:51",9600700
14.6,0.05,200,"sd","13:43:51",9599700
14.6,0.05,100,"sd","13:43:51",9599500
14.6,0.05,3000,"sd","13:43:50",9599400
14.6,0.05,3700,"sd","13:43:49",9596400
14.6,0.05,5000,"sd","13:43:49",9592700
14.6,0.05,100,"sd","13:43:49",9587700
14.6,0.05,5000,"sd","13:43:49",9587600
14.6,0.05,700,"sd","13:43:49",9582600
14.6,0.05,100,"sd","13:43:49",9581900
14.6,0.05,500,"sd","13:43:49",9581800
14.6,0.05,3000,"sd","13:43:49",9581300
14.6,0.05,1000,"sd","13:43:49",9578300
14.6,0.05,1000,"sd","13:43:49",9577300
14.6,0.05,1000,"sd","13:43:49",9576300
14.6,0.05,10000,"sd","13:43:49",9575300
14.6,0.05,100,"sd","13:43:49",9565300
14.6,0.05,1000,"sd","13:43:49",9565200
14.6,0.05,3800,"sd","13:43:49",9564200
14.65,0.1,400,"bu","13:43:44",9560400
14.65,0.1,200,"bu","13:43:42",9560000
14.65,0.1,100,"bu","13:43:35",9559800
14.65,0.1,200,"bu","13:43:21",9559700
14.65,0.1,400,"bu","13:43:13",9559500
14.65,0.1,1800,"bu","13:43:07",9559100
14.65,0.1,900,"bu","13:43:06",9557300
14.65,0.1,200,"sd","13:42:57",9556400
14.65,0.1,1300,"sd","13:42:57",9556200
14.65,0.1,5000,"sd","13:42:57",9554900
14.65,0.1,100,"sd","13:42:57",9549900
14.65,0.1,200,"sd","13:42:57",9549800
14.65,0.1,200,"sd","13:42:57",9549600
14.65,0.1,100,"sd","13:42:57",9549400
14.65,0.1,300,"sd","13:42:57",9549300
14.65,0.1,2000,"sd","13:42:57",9549000
14.65,0.1,10000,"sd","13:42:57",9547000
14.65,0.1,15000,"sd","13:42:57",9537000
14.65,0.1,3800,"sd","13:42:57",9522000
14.65,0.1,5000,"sd","13:42:57",9518200
14.65,0.1,100,"sd","13:42:57",9513200
14.65,0.1,10000,"sd","13:42:57",9513100
14.65,0.1,15000,"sd","13:42:57",9503100
14.65,0.1,2700,"sd","13:42:57",9488100
14.65,0.1,900,"sd","13:42:57",9485400
14.7,0.15,2400,"bu","13:42:56",9484500
14.7,0.15,600,"bu","13:42:56",9482100
14.7,0.15,300,"bu","13:42:47",9481500
14.7,0.15,400,"bu","13:42:40",9481200
14.65,0.1,200,"sd","13:42:30",9480800
14.7,0.15,200,"bu","13:42:24",9480600
14.7,0.15,300,"bu","13:42:24",9480400
14.7,0.15,200,"bu","13:42:10",9480100
14.7,0.15,100,"bu","13:42:10",9479900
14.7,0.15,1100,"bu","13:42:10",9479800
14.7,0.15,5000,"bu","13:41:54",9478700
14.7,0.15,3900,"bu","13:41:52",9473700
14.7,0.15,1100,"bu","13:41:52",9469800
14.7,0.15,400,"bu","13:41:38",9468700
14.7,0.15,500,"bu","13:41:35",9468300
14.65,0.1,100,"sd","13:41:33",9467800
14.65,0.1,1600,"sd","13:41:29",9467700
14.65,0.1,800,"sd","13:41:29",9466100
14.65,0.1,100,"sd","13:41:29",9465300
14.65,0.1,300,"sd","13:41:29",9465200
14.65,0.1,2000,"sd","13:41:29",9464900
14.65,0.1,900,"sd","13:41:29",9462900
14.65,0.1,100,"sd","13:41:29",9462000
14.65,0.1,3000,"sd","13:41:29",9461900
14.65,0.1,1000,"bu","13:41:29",9458900
14.65,0.1,700,"bu","13:41:29",9457900
14.65,0.1,500,"bu","13:41:27",9457200
14.65,0.1,300,"bu","13:41:27",9456700
14.65,0.1,800,"bu","13:41:27",9456400
14.65,0.1,100,"bu","13:41:27",9455600
14.65,0.1,1000,"bu","13:41:27",9455500
14.65,0.1,5000,"bu","13:41:27",9454500
14.65,0.1,10400,"bu","13:41:23",9449500
14.65,0.1,500,"bu","13:41:23",9439100
14.65,0.1,100,"bu","13:41:23",9438600
14.65,0.1,100,"bu","13:41:23",9438500
14.65,0.1,1000,"bu","13:41:23",9438400
14.65,0.1,500,"bu","13:41:23",9437400
14.65,0.1,1000,"bu","13:41:23",9436900
14.65,0.1,200,"bu","13:41:23",9435900
14.65,0.1,8000,"bu","13:41:23",9435700
14.65,0.1,100,"bu","13:41:23",9427700
14.65,0.1,2000,"bu","13:41:23",9427600
14.65,0.1,900,"bu","13:41:23",9425600
14.65,0.1,300,"bu","13:41:23",9424700
14.65,0.1,100,"bu","13:41:23",9424400
14.65,0.1,1000,"bu","13:41:23",9424300
14.65,0.1,500,"bu","13:41:23",9423300
14.65,0.1,200,"bu","13:41:23",9422800
14.65,0.1,2000,"bu","13:41:23",9422600
14.65,0.1,200,"bu","13:41:23",9420600
14.65,0.1,500,"bu","13:41:23",9420400
14.65,0.1,300,"bu","13:41:23",9419900
14.65,0.1,20000,"bu","13:41:23",9419600
14.65,0.1,100,"bu","13:41:23",9399600
14.65,0.1,100,"bu","13:41:16",9399500
14.65,0.1,300,"bu","13:41:08",9399400
14.65,0.1,100,"bu","13:41:07",9399100
14.65,0.1,1000,"bu","13:41:07",9399000
14.65,0.1,2000,"bu","13:41:07",9398000
14.65,0.1,200,"bu","13:41:07",9396000
14.65,0.1,100,"bu","13:41:07",9395800
14.65,0.1,200,"bu","13:41:07",9395700
14.65,0.1,600,"bu","13:41:07",9395500
14.65,0.1,800,"bu","13:41:07",9394900
14.65,0.1,1800,"bu","13:41:07",9394100
14.65,0.1,8200,"bu","13:41:07",9392300
14.65,0.1,200,"bu","13:41:07",9384100
14.65,0.1,1600,"bu","13:41:07",9383900
14.65,0.1,100,"bu","13:41:03",9382300
14.65,0.1,100,"bu","13:40:43",9382200
14.65,0.1,200,"bu","13:40:35",9382100
14.65,0.1,200,"bu","13:40:35",9381900
14.65,0.1,200,"bu","13:40:30",9381700
14.65,0.1,100,"bu","13:40:30",9381500
14.65,0.1,900,"bu","13:40:30",9381400
14.6,0.05,2000,"sd","13:40:23",9380500
14.6,0.05,600,"sd","13:40:15",9378500
14.65,0.1,100,"bu","13:40:06",9377900
14.65,0.1,100,"bu","13:40:06",9377800
14.65,0.1,400,"bu","13:40:06",9377700
14.65,0.1,400,"bu","13:40:06",9377300
14.65,0.1,300,"bu","13:40:04",9376900
14.6,0.05,900,"sd","13:39:55",9376600
14.6,0.05,500,"sd","13:39:45",9375700
14.6,0.05,4000,"sd","13:39:44",9375200
14.65,0.1,300,"bu","13:39:33",9371200
14.65,0.1,100,"bu","13:39:33",9370900
14.65,0.1,300,"bu","13:39:25",9370800
14.6,0.05,300,"sd","13:39:09",9370500
14.65,0.1,2000,"bu","13:39:08",9370200
14.65,0.1,300,"bu","13:39:03",9368200
14.6,0.05,16900,"sd","13:39:01",9367900
14.6,0.05,400,"bu","13:38:57",9351000
14.6,0.05,100,"bu","13:38:55",9350600
14.6,0.05,500,"bu","13:38:54",9350500
14.6,0.05,300,"sd","13:38:52",9350000
14.6,0.05,1000,"sd","13:38:52",9349700
14.6,0.05,200,"sd","13:38:52",9348700
14.6,0.05,400,"sd","13:38:52",9348500
14.6,0.05,100,"sd","13:38:52",9348100
14.6,0.05,2000,"sd","13:38:52",9348000
14.6,0.05,100,"sd","13:38:52",9346000
14.6,0.05,400,"sd","13:38:52",9345900
14.6,0.05,200,"sd","13:38:52",9345500
14.6,0.05,100,"sd","13:38:52",9345300
14.6,0.05,1000,"sd","13:38:52",9345200
14.6,0.05,100,"sd","13:38:52",9344200
14.6,0.05,700,"sd","13:38:52",9344100
14.6,0.05,500,"sd","13:38:52",9343400
14.6,0.05,2000,"sd","13:38:52",9342900
14.6,0.05,2000,"sd","13:38:52",9340900
14.6,0.05,200,"sd","13:38:52",9338900
14.6,0.05,100,"sd","13:38:52",9338700
14.6,0.05,700,"sd","13:38:52",9338600
14.6,0.05,300,"sd","13:38:40",9337900
14.6,0.05,4700,"sd","13:38:40",9337600
14.6,0.05,3000,"sd","13:38:40",9332900
14.6,0.05,100,"sd","13:38:33",9329900
14.65,0.1,300,"bu","13:38:32",9329800
14.6,0.05,100,"sd","13:38:27",9329500
14.6,0.05,200,"sd","13:38:22",9329400
14.6,0.05,500,"sd","13:38:20",9329200
14.6,0.05,3100,"sd","13:38:17",9328700
14.6,0.05,700,"sd","13:38:16",9325600
14.6,0.05,500,"sd","13:38:16",9324900
14.6,0.05,500,"sd","13:38:16",9324400
14.6,0.05,2900,"sd","13:38:16",9323900
14.6,0.05,500,"sd","13:38:16",9321000
14.6,0.05,100,"sd","13:38:16",9320500
14.6,0.05,200,"sd","13:38:16",9320400
14.6,0.05,900,"sd","13:38:16",9320200
14.65,0.1,300,"bu","13:38:06",9319300
14.65,0.1,500,"bu","13:38:02",9319000
14.65,0.1,400,"bu","13:38:00",9318500
14.65,0.1,800,"bu","13:37:40",9318100
14.65,0.1,1200,"bu","13:37:40",9317300
14.65,0.1,300,"bu","13:37:29",9316100
14.6,0.05,100,"sd","13:37:16",9315800
14.6,0.05,100,"sd","13:37:16",9315700
14.65,0.1,200,"bu","13:37:16",9315600
14.65,0.1,100,"bu","13:36:59",9315400
14.65,0.1,300,"bu","13:36:58",9315300
14.6,0.05,200,"sd","13:36:57",9315000
14.6,0.05,100,"sd","13:36:57",9314800
14.6,0.05,2800,"sd","13:36:57",9314700
14.6,0.05,500,"sd","13:36:57",9311900
14.6,0.05,200,"sd","13:36:57",9311400
14.6,0.05,3400,"sd","13:36:57",9311200
14.65,0.1,3000,"bu","13:36:55",9307800
14.65,0.1,900,"bu","13:36:43",9304800
14.65,0.1,400,"bu","13:36:26",9303900
14.65,0.1,100,"bu","13:36:19",9303500
14.6,0.05,9800,"sd","13:36:18",9303400
14.65,0.1,100,"bu","13:36:09",9293600
14.65,0.1,100,"bu","13:36:04",9293500
14.65,0.1,500,"bu","13:36:00",9293400
14.65,0.1,300,"bu","13:35:56",9292900
14.6,0.05,1000,"sd","13:35:54",9292600
14.6,0.05,500,"sd","13:35:54",9291600
14.6,0.05,500,"sd","13:35:54",9291100
14.6,0.05,500,"sd","13:35:54",9290600
14.6,0.05,10600,"sd","13:35:54",9290100
14.65,0.1,500,"bu","13:35:39",9279500
14.6,0.05,1500,"sd","13:35:38",9279000
14.65,0.1,400,"bu","13:35:24",9277500
14.65,0.1,2000,"bu","13:35:05",9277100
14.6,0.05,100,"sd","13:35:01",9275100
14.6,0.05,11400,"sd","13:35:00",9275000
14.6,0.05,1000,"sd","13:35:00",9263600
14.6,0.05,300,"sd","13:35:00",9262600
14.6,0.05,300,"sd","13:35:00",9262300
14.6,0.05,5000,"sd","13:35:00",9262000
14.6,0.05,2000,"sd","13:35:00",9257000
14.65,0.1,2000,"bu","13:34:59",9255000
14.65,0.1,800,"bu","13:34:53",9253000
14.65,0.1,400,"bu","13:34:52",9252200
14.6,0.05,200,"sd","13:34:52",9251800
14.65,0.1,600,"bu","13:34:51",9251600
14.65,0.1,400,"bu","13:34:51",9251000
14.65,0.1,10400,"bu","13:34:51",9250600
14.65,0.1,1000,"bu","13:34:51",9240200
14.65,0.1,200,"bu","13:34:51",9239200
14.65,0.1,900,"bu","13:34:51",9239000
14.65,0.1,2200,"bu","13:34:44",9238100
14.65,0.1,100,"bu","13:34:44",9235900
14.65,0.1,300,"bu","13:34:44",9235800
14.65,0.1,5000,"bu","13:34:44",9235500
14.65,0.1,200,"bu","13:34:44",9230500
14.65,0.1,500,"bu","13:34:44",9230300
14.65,0.1,500,"bu","13:34:44",9229800
14.65,0.1,400,"bu","13:34:44",9229300
14.65,0.1,500,"bu","13:34:44",9228900
14.65,0.1,300,"bu","13:34:44",9228400
14.65,0.1,100,"bu","13:34:41",9228100
14.65,0.1,100,"bu","13:34:38",9228000
14.65,0.1,600,"bu","13:34:38",9227900
14.65,0.1,400,"bu","13:34:38",9227300
14.65,0.1,500,"bu","13:34:38",9226900
14.65,0.1,200,"bu","13:34:38",9226400
14.65,0.1,200,"bu","13:34:32",9226200
14.65,0.1,200,"bu","13:34:27",9226000
14.65,0.1,300,"bu","13:34:20",9225800
14.65,0.1,100,"bu","13:34:19",9225500
14.65,0.1,1000,"bu","13:34:18",9225400
14.65,0.1,200,"bu","13:34:18",9224400
14.65,0.1,300,"bu","13:34:18",9224200
14.65,0.1,400,"bu","13:34:18",9223900
14.65,0.1,100,"bu","13:34:18",9223500
14.65,0.1,2100,"bu","13:34:18",9223400
14.65,0.1,100,"bu","13:34:18",9221300
14.65,0.1,2000,"bu","13:34:18",9221200
14.65,0.1,2000,"bu","13:34:18",9219200
14.65,0.1,400,"bu","13:34:18",9217200
14.65,0.1,100,"bu","13:34:18",9216800
14.65,0.1,500,"bu","13:34:18",9216700
14.65,0.1,400,"bu","13:34:18",9216200
14.65,0.1,200,"bu","13:34:18",9215800
14.65,0.1,200,"bu","13:34:18",9215600
14.65,0.1,300,"bu","13:34:16",9215400
14.65,0.1,1700,"bu","13:34:16",9215100
14.65,0.1,300,"bu","13:33:49",9213400
14.65,0.1,100,"bu","13:33:49",9213100
14.6,0.05,800,"sd","13:33:48",9213000
14.6,0.05,300,"sd","13:33:48",9212200
14.6,0.05,1000,"sd","13:33:48",9211900
14.6,0.05,2000,"sd","13:33:48",9210900
14.6,0.05,200,"sd","13:33:48",9208900
14.6,0.05,100,"sd","13:33:48",9208700
14.6,0.05,2000,"sd","13:33:48",9208600
14.6,0.05,200,"sd","13:33:48",9206600
14.6,0.05,10000,"sd","13:33:48",9206400
14.6,0.05,1000,"sd","13:33:48",9196400
14.6,0.05,100,"sd","13:33:48",9195400
14.6,0.05,500,"sd","13:33:48",9195300
14.6,0.05,800,"sd","13:33:48",9194800
14.6,0.05,500,"sd","13:33:36",9194000
14.65,0.1,100,"bu","13:33:23",9193500
14.65,0.1,400,"bu","13:33:16",9193400
14.65,0.1,500,"bu","13:32:59",9193000
14.65,0.1,1000,"bu","13:32:54",9192500
14.65,0.1,400,"bu","13:32:45",9191500
14.65,0.1,20000,"bu","13:32:38",9191100
14.6,0.05,3000,"sd","13:32:37",9171100
14.65,0.1,300,"bu","13:32:29",9168100
14.65,0.1,100,"bu","13:32:20",9167800
14.65,0.1,400,"bu","13:32:14",9167700
14.6,0.05,100,"sd","13:32:13",9167300
14.65,0.1,1000,"bu","13:31:59",9167200
