"price","change","match_qtty","side","time","total_vol"
30300,-50,266200,"bu","14:45:01",1631400
29850,-500,4000,"bu","14:29:53",1365200
29850,-500,100,"bu","14:29:53",1361200
29800,-550,100,"sd","14:29:23",1361100
29800,-550,2000,"sd","14:29:23",1361000
29800,-550,2000,"sd","14:29:23",1359000
29800,-550,200,"sd","14:29:23",1357000
29800,-550,2000,"sd","14:29:23",1356800
29800,-550,100,"sd","14:29:23",1354800
29850,-500,1600,"sd","14:29:23",1354700
29850,-500,2200,"sd","14:29:22",1353100
29850,-500,100,"sd","14:29:17",1350900
29850,-500,200,"sd","14:29:04",1350800
29900,-450,500,"sd","14:29:04",1350600
29900,-450,300,"sd","14:29:04",1350100
29950,-400,400,"bu","14:28:46",1349800
29950,-400,1000,"bu","14:28:46",1349400
29950,-400,1600,"bu","14:28:46",1348400
29900,-450,200,"bu","14:28:41",1346800
29850,-500,2200,"sd","14:28:24",1346600
29850,-500,2200,"sd","14:28:23",1344400
29850,-500,400,"sd","14:28:19",1342200
29900,-450,300,"sd","14:28:19",1341800
29850,-500,1500,"sd","14:28:19",1341500
29900,-450,1000,"bu","14:28:14",1340000
29900,-450,2000,"bu","14:28:14",1339000
29900,-450,500,"bu","14:28:14",1337000
29900,-450,1000,"bu","14:28:14",1336500
29900,-450,2200,"bu","14:28:14",1335500
29900,-450,2200,"bu","14:28:14",1333300
29900,-450,800,"bu","14:28:14",1331100
29900,-450,1200,"bu","14:28:09",1330300
29900,-450,800,"bu","14:28:09",1329100
29850,-500,100,"sd","14:27:41",1328300
29850,-500,400,"sd","14:27:41",1328200
29850,-500,1500,"bu","14:27:29",1327800
29850,-500,100,"bu","14:27:29",1326300
29850,-500,300,"sd","14:27:11",1326200
29850,-500,200,"sd","14:27:11",1325900
29850,-500,200,"sd","14:27:11",1325700
29850,-500,200,"sd","14:27:11",1325500
29850,-500,1000,"sd","14:27:06",1325300
29850,-500,1000,"sd","14:27:04",1324300
29900,-450,200,"bu","14:26:56",1323300
29900,-450,100,"bu","14:26:47",1323100
29900,-450,100,"sd","14:26:26",1323000
29900,-450,2000,"sd","14:26:26",1322900
29850,-500,100,"sd","14:26:19",1320900
29850,-500,1000,"sd","14:26:19",1320800
29900,-450,500,"sd","14:26:19",1319800
29900,-450,200,"sd","14:26:19",1319300
29900,-450,1000,"sd","14:26:19",1319100
29900,-450,500,"sd","14:26:19",1318100
29900,-450,700,"sd","14:26:19",1317600
29950,-400,100,"bu","14:26:17",1316900
29900,-450,300,"sd","14:26:13",1316800
29900,-450,1000,"sd","14:26:13",1316500
29900,-450,900,"sd","14:26:13",1315500
29900,-450,100,"sd","14:26:11",1314600
29900,-450,500,"sd","14:26:11",1314500
29900,-450,400,"sd","14:26:11",1314000
29950,-400,100,"bu","14:26:08",1313600
29900,-450,1600,"sd","14:26:03",1313500
29900,-450,500,"sd","14:26:03",1311900
29900,-450,100,"sd","14:26:03",1311400
29950,-400,200,"sd","14:25:49",1311300
30000,-350,100,"bu","14:25:49",1311100
29950,-400,2000,"sd","14:25:46",1311000
29900,-450,100,"sd","14:25:34",1309000
29900,-450,100,"sd","14:25:34",1308900
29900,-450,1000,"sd","14:25:34",1308800
29900,-450,1000,"sd","14:25:34",1307800
29950,-400,100,"sd","14:25:29",1306800
29950,-400,100,"sd","14:25:29",1306700
29950,-400,2000,"sd","14:25:29",1306600
30000,-350,200,"bu","14:25:29",1304600
30000,-350,100,"bu","14:25:20",1304400
30000,-350,400,"bu","14:25:13",1304300
30000,-350,2600,"bu","14:25:13",1303900
30000,-350,100,"bu","14:25:10",1301300
30000,-350,100,"bu","14:25:02",1301200
30000,-350,200,"sd","14:24:59",1301100
30000,-350,200,"bu","14:24:54",1300900
30000,-350,200,"bu","14:24:52",1300700
30000,-350,600,"sd","14:24:51",1300500
30000,-350,300,"bu","14:24:48",1299900
30000,-350,1100,"bu","14:24:48",1299600
30000,-350,600,"bu","14:24:46",1298500
30000,-350,400,"bu","14:24:42",1297900
30000,-350,100,"sd","14:24:35",1297500
30000,-350,1000,"sd","14:24:35",1297400
30000,-350,300,"sd","14:24:35",1296400
30000,-350,200,"sd","14:24:35",1296100
30000,-350,1300,"sd","14:24:35",1295900
30050,-300,100,"bu","14:24:33",1294600
30050,-300,200,"bu","14:24:23",1294500
30000,-350,2200,"sd","14:24:18",1294300
30050,-300,100,"bu","14:24:15",1292100
30000,-350,200,"bu","14:24:12",1292000
30000,-350,1000,"bu","14:24:12",1291800
30000,-350,300,"bu","14:24:12",1290800
30000,-350,100,"bu","14:24:06",1290500
30000,-350,200,"bu","14:24:06",1290400
30000,-350,100,"bu","14:23:58",1290200
30000,-350,100,"bu","14:23:57",1290100
30000,-350,200,"bu","14:23:52",1290000
30000,-350,1000,"sd","14:23:49",1289800
30000,-350,400,"bu","14:23:43",1288800
30000,-350,200,"sd","14:23:41",1288400
30000,-350,100,"sd","14:23:41",1288200
30000,-350,1000,"sd","14:23:41",1288100
30000,-350,500,"sd","14:23:41",1287100
30050,-300,100,"bu","14:23:38",1286600
30050,-300,100,"bu","14:23:32",1286500
30000,-350,1000,"sd","14:23:32",1286400
30050,-300,100,"bu","14:23:29",1285400
30000,-350,1000,"sd","14:23:25",1285300
30000,-350,100,"sd","14:23:20",1284300
30050,-300,200,"bu","14:23:19",1284200
30050,-300,800,"bu","14:23:13",1284000
30050,-300,100,"bu","14:23:10",1283200
30000,-350,5300,"bu","14:23:08",1283100
30000,-350,100,"bu","14:22:51",1277800
30000,-350,100,"sd","14:22:50",1277700
30000,-350,100,"sd","14:22:50",1277600
30000,-350,100,"sd","14:22:50",1277500
30050,-300,100,"bu","14:22:41",1277400
30050,-300,400,"bu","14:22:32",1277300
30050,-300,100,"bu","14:22:32",1276900
30050,-300,100,"bu","14:22:24",1276800
30000,-350,3000,"sd","14:22:23",1276700
30100,-250,100,"bu","14:22:14",1273700
30100,-250,200,"bu","14:22:06",1273600
30000,-350,400,"sd","14:22:04",1273400
30000,-350,200,"sd","14:21:58",1273000
30000,-350,500,"sd","14:21:58",1272800
30100,-250,200,"bu","14:21:57",1272300
30100,-250,100,"bu","14:21:48",1272100
30100,-250,100,"bu","14:21:38",1272000
30100,-250,200,"bu","14:21:33",1271900
30100,-250,300,"bu","14:21:33",1271700
30100,-250,100,"bu","14:21:30",1271400
30100,-250,1800,"bu","14:21:27",1271300
30100,-250,800,"bu","14:21:27",1269500
30100,-250,1000,"bu","14:21:24",1268700
30100,-250,100,"bu","14:21:20",1267700
30100,-250,100,"bu","14:21:11",1267600
30100,-250,100,"bu","14:21:03",1267500
30000,-350,200,"sd","14:20:50",1267400
30000,-350,100,"sd","14:20:50",1267200
30100,-250,900,"bu","14:20:46",1267100
30100,-250,2100,"bu","14:20:46",1266200
30100,-250,100,"bu","14:20:43",1264100
30100,-250,100,"bu","14:20:43",1264000
29950,-400,400,"sd","14:20:37",1263900
30000,-350,300,"sd","14:20:37",1263500
30100,-250,200,"bu","14:20:34",1263200
30100,-250,200,"bu","14:20:33",1263000
30100,-250,100,"bu","14:20:33",1262800
30100,-250,2000,"bu","14:20:27",1262700
30100,-250,100,"bu","14:20:25",1260700
30100,-250,100,"bu","14:20:22",1260600
30100,-250,100,"bu","14:20:16",1260500
30100,-250,600,"bu","14:20:13",1260400
30100,-250,100,"sd","14:20:04",1259800
30100,-250,1300,"sd","14:20:04",1259700
30100,-250,3000,"sd","14:20:04",1258400
30150,-200,100,"bu","14:19:57",1255400
30100,-250,5500,"sd","14:19:51",1255300
30150,-200,100,"bu","14:19:48",1249800
30100,-250,3000,"bu","14:19:43",1249700
30100,-250,500,"bu","14:19:43",1246700
30100,-250,100,"bu","14:19:43",1246200
30100,-250,100,"bu","14:19:39",1246100
30100,-250,800,"bu","14:19:33",1246000
30100,-250,100,"bu","14:19:30",1245200
30100,-250,400,"bu","14:19:23",1245100
30100,-250,3000,"bu","14:19:23",1244700
30100,-250,300,"bu","14:19:23",1241700
30100,-250,1500,"bu","14:19:23",1241400
30100,-250,200,"bu","14:19:23",1239900
30100,-250,100,"bu","14:19:22",1239700
30100,-250,10000,"bu","14:19:22",1239600
30100,-250,300,"bu","14:19:22",1229600
30050,-300,7000,"bu","14:19:22",1229300
30050,-300,800,"bu","14:19:22",1222300
30050,-300,1000,"bu","14:19:22",1221500
30050,-300,1000,"bu","14:19:22",1220500
30050,-300,1000,"bu","14:19:22",1219500
30050,-300,2000,"bu","14:19:22",1218500
30050,-300,2000,"bu","14:19:22",1216500
30000,-350,1100,"bu","14:19:22",1214500
30000,-350,200,"bu","14:19:22",1213400
30000,-350,2200,"bu","14:19:22",1213200
30000,-350,100,"bu","14:19:22",1211000
30000,-350,2200,"bu","14:19:22",1210900
30000,-350,500,"bu","14:19:22",1208700
30000,-350,500,"bu","14:19:22",1208200
30000,-350,1000,"bu","14:19:22",1207700
30000,-350,2400,"bu","14:19:22",1206700
30000,-350,200,"bu","14:19:21",1204300
30000,-350,500,"bu","14:19:13",1204100
30000,-350,100,"bu","14:19:12",1203600
30000,-350,2000,"bu","14:19:10",1203500
30000,-350,100,"bu","14:19:03",1201500
30000,-350,1600,"bu","14:19:03",1201400
30000,-350,1100,"bu","14:19:01",1199800
30000,-350,900,"bu","14:19:01",1198700
30000,-350,2000,"bu","14:19:01",1197800
30000,-350,2000,"bu","14:19:01",1195800
30000,-350,500,"bu","14:19:01",1193800
30000,-350,2000,"bu","14:19:01",1193300
30000,-350,100,"bu","14:19:01",1191300
30000,-350,1400,"bu","14:19:01",1191200
30000,-350,100,"bu","14:18:54",1189800
30000,-350,1000,"bu","14:18:52",1189700
30000,-350,200,"bu","14:18:45",1188700
29950,-400,100,"bu","14:18:33",1188500
29950,-400,100,"sd","14:18:31",1188400
29950,-400,300,"sd","14:18:31",1188300
29950,-400,500,"sd","14:18:31",1188000
30000,-350,200,"bu","14:18:25",1187500
30000,-350,200,"bu","14:18:16",1187300
29950,-400,1500,"sd","14:18:11",1187100
29950,-400,500,"sd","14:18:11",1185600
30000,-350,100,"bu","14:18:07",1185100
30000,-350,100,"bu","14:17:58",1185000
29950,-400,2000,"sd","14:17:51",1184900
29950,-400,500,"sd","14:17:51",1182900
29950,-400,500,"sd","14:17:51",1182400
30000,-350,200,"bu","14:17:49",1181900
30000,-350,100,"bu","14:17:49",1181700
30000,-350,300,"bu","14:17:43",1181600
29950,-400,1200,"bu","14:17:38",1181300
29950,-400,1000,"bu","14:17:38",1180100
29950,-400,700,"bu","14:17:38",1179100
29950,-400,900,"bu","14:17:32",1178400
29950,-400,100,"bu","14:17:31",1177500
29950,-400,1300,"bu","14:17:29",1177400
29950,-400,500,"bu","14:17:29",1176100
29950,-400,1000,"bu","14:17:29",1175600
29950,-400,500,"bu","14:17:29",1174600
29950,-400,1000,"bu","14:17:29",1174100
29950,-400,1700,"bu","14:17:29",1173100
29950,-400,100,"bu","14:17:21",1171400
29950,-400,200,"bu","14:17:16",1171300
29950,-400,100,"bu","14:17:16",1171100
29950,-400,100,"bu","14:17:13",1171000
29950,-400,200,"bu","14:17:03",1170900
29950,-400,100,"bu","14:16:54",1170700
29950,-400,300,"bu","14:16:48",1170600
29950,-400,200,"bu","14:16:45",1170300
29950,-400,200,"bu","14:16:36",1170100
29900,-450,500,"sd","14:16:29",1169900
29950,-400,100,"bu","14:16:27",1169400
29950,-400,100,"bu","14:16:19",1169300
29950,-400,100,"bu","14:16:10",1169200
29900,-450,100,"bu","14:16:07",1169100
29900,-450,100,"bu","14:16:03",1169000
29900,-450,100,"bu","14:16:00",1168900
29900,-450,600,"bu","14:15:53",1168800
29900,-450,300,"bu","14:15:48",1168200
29900,-450,100,"sd","14:15:47",1167900
29900,-450,300,"sd","14:15:47",1167800
29900,-450,2000,"sd","14:15:47",1167500
29900,-450,1000,"sd","14:15:47",1165500
29900,-450,300,"sd","14:15:47",1164500
29950,-400,100,"bu","14:15:41",1164200
29950,-400,100,"bu","14:15:32",1164100
29950,-400,100,"bu","14:15:23",1164000
29950,-400,100,"bu","14:15:23",1163900
29950,-400,300,"bu","14:15:21",1163800
29950,-400,200,"bu","14:15:14",1163500
29900,-450,100,"bu","14:15:05",1163300
29900,-450,300,"bu","14:15:03",1163200
29900,-450,2000,"bu","14:15:00",1162900
29900,-450,100,"bu","14:14:57",1160900
29900,-450,300,"bu","14:14:54",1160800
29900,-450,100,"bu","14:14:48",1160500
29900,-450,100,"bu","14:14:44",1160400
29900,-450,200,"bu","14:14:38",1160300
29900,-450,300,"bu","14:14:33",1160100
29900,-450,500,"bu","14:14:29",1159800
29900,-450,1500,"bu","14:14:29",1159300
29900,-450,400,"bu","14:14:23",1157800
29900,-450,100,"sd","14:14:19",1157400
29900,-450,2000,"sd","14:14:19",1157300
29900,-450,100,"sd","14:14:19",1155300
29900,-450,900,"sd","14:14:19",1155200
29950,-400,100,"bu","14:14:19",1154300
29900,-450,200,"sd","14:14:11",1154200
29900,-450,2000,"sd","14:14:11",1154000
29900,-450,1400,"sd","14:14:11",1152000
29900,-450,2400,"sd","14:14:11",1150600
29950,-400,200,"bu","14:14:10",1148200
29950,-400,100,"bu","14:14:01",1148000
29950,-400,300,"bu","14:13:56",1147900
29950,-400,100,"bu","14:13:52",1147600
29950,-400,100,"bu","14:13:42",1147500
29950,-400,100,"bu","14:13:33",1147400
29950,-400,300,"bu","14:13:29",1147300
29950,-400,100,"bu","14:13:24",1147000
29950,-400,100,"bu","14:13:16",1146900
29900,-450,1800,"bu","14:13:10",1146800
29900,-450,1800,"bu","14:13:10",1145000
29900,-450,200,"bu","14:13:06",1143200
29900,-450,800,"bu","14:13:05",1143000
29900,-450,5200,"bu","14:13:05",1142200
29900,-450,300,"bu","14:13:02",1137000
29900,-450,100,"bu","14:12:58",1136700
29900,-450,200,"bu","14:12:48",1136600
29900,-450,100,"bu","14:12:39",1136400
29900,-450,200,"bu","14:12:33",1136300
29900,-450,1000,"sd","14:12:24",1136100
29900,-450,100,"sd","14:12:24",1135100
29900,-450,100,"sd","14:12:24",1135000
29900,-450,300,"sd","14:12:24",1134900
29900,-450,100,"sd","14:12:24",1134600
29900,-450,300,"sd","14:12:24",1134500
29950,-400,100,"bu","14:12:20",1134200
29950,-400,100,"bu","14:12:10",1134100
29950,-400,300,"bu","14:12:03",1134000
29950,-400,100,"bu","14:12:01",1133700
29950,-400,200,"bu","14:11:53",1133600
29950,-400,200,"bu","14:11:44",1133400
29950,-400,300,"bu","14:11:36",1133200
29950,-400,200,"bu","14:11:34",1132900
29900,-450,700,"bu","14:11:32",1132700
29900,-450,100,"bu","14:11:26",1132000
29900,-450,300,"bu","14:11:23",1131900
29900,-450,100,"bu","14:11:16",1131600
29900,-450,1800,"bu","14:11:16",1131500
29900,-450,200,"bu","14:11:16",1129700
29900,-450,300,"bu","14:11:09",1129500
29900,-450,200,"bu","14:11:07",1129200
29900,-450,100,"bu","14:10:59",1129000
29900,-450,100,"bu","14:10:49",1128900
29900,-450,100,"bu","14:10:42",1128800
29900,-450,200,"bu","14:10:42",1128700
29900,-450,100,"bu","14:10:40",1128500
29900,-450,100,"bu","14:10:34",1128400
29900,-450,100,"bu","14:10:31",1128300
29900,-450,100,"bu","14:10:31",1128200
29900,-450,400,"bu","14:10:23",1128100
29900,-450,200,"bu","14:10:22",1127700
29900,-450,2000,"bu","14:10:21",1127500
29900,-450,300,"bu","14:10:15",1125500
29900,-450,200,"bu","14:10:14",1125200
29850,-500,800,"sd","14:10:12",1125000
29900,-450,100,"bu","14:10:04",1124200
29900,-450,200,"bu","14:09:55",1124100
29900,-450,400,"bu","14:09:52",1123900
29900,-450,300,"bu","14:09:48",1123500
29900,-450,100,"bu","14:09:46",1123200
29900,-450,700,"bu","14:09:43",1123100
29900,-450,500,"bu","14:09:43",1122400
29900,-450,800,"bu","14:09:43",1121900
29850,-500,200,"sd","14:09:42",1121100
29850,-500,100,"sd","14:09:42",1120900
29850,-500,500,"sd","14:09:42",1120800
29900,-450,200,"bu","14:09:38",1120300
29900,-450,200,"bu","14:09:28",1120100
29900,-450,100,"bu","14:09:23",1119900
29900,-450,200,"bu","14:09:20",1119800
29900,-450,100,"bu","14:09:20",1119600
29900,-450,200,"bu","14:09:19",1119500
29850,-500,500,"sd","14:09:18",1119300
29850,-500,800,"sd","14:09:12",1118800
29900,-450,200,"bu","14:09:11",1118000
29900,-450,100,"bu","14:09:03",1117800
29900,-450,100,"bu","14:09:01",1117700
29900,-450,300,"bu","14:08:55",1117600
29900,-450,100,"bu","14:08:53",1117300
29900,-450,200,"bu","14:08:52",1117200
29900,-450,200,"bu","14:08:44",1117000
29850,-500,200,"sd","14:08:42",1116800
29850,-500,600,"sd","14:08:42",1116600
29900,-450,200,"bu","14:08:34",1116000
29850,-500,400,"sd","14:08:29",1115800
29850,-500,100,"sd","14:08:29",1115400
29900,-450,100,"bu","14:08:27",1115300
29900,-450,100,"bu","14:08:27",1115200
29900,-450,200,"bu","14:08:26",1115100
29900,-450,200,"bu","14:08:16",1114900
29850,-500,100,"sd","14:08:12",1114700
29850,-500,100,"sd","14:08:12",1114600
29850,-500,100,"sd","14:08:12",1114500
29850,-500,500,"sd","14:08:12",1114400
29900,-450,200,"bu","14:08:07",1113900
29900,-450,300,"bu","14:08:00",1113700
29900,-450,200,"bu","14:07:58",1113400
29900,-450,200,"bu","14:07:49",1113200
29850,-500,800,"sd","14:07:42",1113000
29900,-450,200,"bu","14:07:40",1112200
29900,-450,200,"bu","14:07:32",1112000
29900,-450,100,"bu","14:07:32",1111800
29900,-450,200,"bu","14:07:31",1111700
29900,-450,200,"bu","14:07:22",1111500
29900,-450,200,"bu","14:07:13",1111300
29850,-500,700,"sd","14:07:12",1111100
29850,-500,100,"sd","14:07:12",1110400
29900,-450,300,"bu","14:07:05",1110300
29900,-450,200,"bu","14:07:04",1110000
29900,-450,200,"bu","14:06:55",1109800
29900,-450,100,"bu","14:06:46",1109600
29850,-500,100,"sd","14:06:41",1109500
29850,-500,500,"sd","14:06:41",1109400
29850,-500,100,"sd","14:06:41",1108900
29850,-500,100,"sd","14:06:41",1108800
29900,-450,300,"bu","14:06:39",1108700
29900,-450,200,"bu","14:06:37",1108400
29900,-450,200,"bu","14:06:28",1108200
29900,-450,100,"bu","14:06:19",1108000
29900,-450,100,"bu","14:06:19",1107900
29850,-500,200,"sd","14:06:11",1107800
29850,-500,100,"sd","14:06:11",1107600
29850,-500,500,"sd","14:06:11",1107500
29900,-450,300,"bu","14:06:11",1107000
29900,-450,100,"bu","14:06:10",1106700
29900,-450,100,"bu","14:06:10",1106600
29900,-450,200,"bu","14:06:01",1106500
29900,-450,200,"bu","14:05:52",1106300
29850,-500,500,"sd","14:05:44",1106100
29850,-500,300,"sd","14:05:44",1105600
29850,-500,100,"sd","14:05:44",1105300
29850,-500,900,"sd","14:05:44",1105200
29900,-450,200,"bu","14:05:43",1104300
29850,-500,300,"sd","14:05:41",1104100
29850,-500,200,"sd","14:05:41",1103800
29850,-500,100,"sd","14:05:41",1103600
29850,-500,100,"sd","14:05:41",1103500
29850,-500,100,"sd","14:05:41",1103400
29900,-450,200,"bu","14:05:34",1103300
29900,-450,200,"bu","14:05:25",1103100
29900,-450,300,"bu","14:05:17",1102900
29900,-450,200,"bu","14:05:16",1102600
29850,-500,800,"sd","14:05:11",1102400
29900,-450,200,"bu","14:05:07",1101600
29900,-450,200,"bu","14:04:58",1101400
29950,-400,200,"bu","14:04:50",1101200
29950,-400,100,"bu","14:04:50",1101000
29850,-500,400,"sd","14:04:41",1100900
29900,-450,200,"sd","14:04:41",1100500
29900,-450,200,"sd","14:04:41",1100300
29950,-400,200,"bu","14:04:38",1100100
29950,-400,200,"bu","14:04:29",1099900
29900,-450,100,"bu","14:04:23",1099700
29900,-450,300,"bu","14:04:22",1099600
29900,-450,200,"bu","14:04:20",1099300
29850,-500,700,"sd","14:04:15",1099100
29850,-500,200,"sd","14:04:15",1098400
29850,-500,900,"sd","14:04:15",1098200
29850,-500,800,"sd","14:04:11",1097300
29900,-450,200,"bu","14:04:11",1096500
29900,-450,1000,"bu","14:04:06",1096300
29900,-450,200,"bu","14:04:02",1095300
29900,-450,200,"bu","14:03:53",1095100
29850,-500,300,"sd","14:03:43",1094900
29850,-500,100,"sd","14:03:43",1094600
29850,-500,100,"sd","14:03:43",1094500
29850,-500,1000,"sd","14:03:43",1094400
29850,-500,100,"sd","14:03:43",1093400
29850,-500,200,"sd","14:03:43",1093300
29850,-500,200,"sd","14:03:41",1093100
29850,-500,100,"sd","14:03:41",1092900
29850,-500,500,"sd","14:03:41",1092800
29900,-450,200,"sd","14:03:36",1092300
29900,-450,100,"sd","14:03:36",1092100
29950,-400,200,"bu","14:03:33",1092000
29900,-450,300,"sd","14:03:32",1091800
29900,-450,200,"sd","14:03:32",1091500
29950,-400,200,"bu","14:03:24",1091300
29950,-400,300,"bu","14:03:23",1091100
29950,-400,200,"bu","14:03:15",1090800
29850,-500,500,"sd","14:03:11",1090600
29850,-500,100,"sd","14:03:11",1090100
29850,-500,200,"sd","14:03:11",1090000
29950,-400,200,"bu","14:03:06",1089800
29950,-400,200,"bu","14:02:57",1089600
29950,-400,200,"bu","14:02:56",1089400
29950,-400,100,"bu","14:02:56",1089200
29950,-400,200,"bu","14:02:48",1089100
29850,-500,800,"sd","14:02:41",1088900
29950,-400,200,"bu","14:02:39",1088100
29950,-400,200,"bu","14:02:30",1087900
29950,-400,300,"bu","14:02:30",1087700
29950,-400,200,"bu","14:02:21",1087400
29950,-400,200,"bu","14:02:13",1087200
29850,-500,800,"sd","14:02:11",1087000
29900,-450,200,"bu","14:02:03",1086200
29900,-450,300,"bu","14:02:03",1086000
29900,-450,200,"bu","14:01:54",1085700
29900,-450,100,"bu","14:01:53",1085500
29900,-450,1000,"bu","14:01:48",1085400
29900,-450,200,"bu","14:01:45",1084400
29850,-500,200,"sd","14:01:41",1084200
29850,-500,600,"sd","14:01:41",1084000
29900,-450,500,"bu","14:01:38",1083400
29900,-450,500,"bu","14:01:38",1082900
29900,-450,900,"bu","14:01:38",1082400
29900,-450,200,"bu","14:01:36",1081500
29900,-450,300,"bu","14:01:36",1081300
29900,-450,200,"bu","14:01:27",1081000
29900,-450,200,"bu","14:01:18",1080800
29850,-500,400,"sd","14:01:10",1080600
29850,-500,100,"sd","14:01:10",1080200
29850,-500,300,"sd","14:01:10",1080100
29900,-450,200,"bu","14:01:09",1079800
29900,-450,300,"bu","14:01:09",1079600
29900,-450,200,"bu","14:01:00",1079300
29900,-450,200,"bu","14:00:53",1079100
29900,-450,200,"bu","14:00:51",1078900
29900,-450,1000,"bu","14:00:43",1078700
29900,-450,200,"bu","14:00:42",1077700
29900,-450,300,"bu","14:00:42",1077500
29850,-500,700,"sd","14:00:41",1077200
29850,-500,100,"sd","14:00:41",1076500
29900,-450,5500,"bu","14:00:40",1076400
29900,-450,200,"bu","14:00:33",1070900
29900,-450,200,"bu","14:00:24",1070700
29900,-450,200,"bu","14:00:15",1070500
29900,-450,200,"bu","14:00:14",1070300
29850,-500,100,"sd","14:00:10",1070100
29850,-500,700,"sd","14:00:10",1070000
29900,-450,200,"bu","14:00:06",1069300
29900,-450,200,"bu","13:59:57",1069100
29900,-450,200,"bu","13:59:48",1068900
29850,-500,300,"sd","13:59:40",1068700
29850,-500,200,"sd","13:59:40",1068400
29850,-500,300,"sd","13:59:40",1068200
29900,-450,200,"bu","13:59:39",1067900
29900,-450,200,"bu","13:59:30",1067700
29900,-450,200,"bu","13:59:20",1067500
29900,-450,100,"bu","13:59:17",1067300
29900,-450,100,"bu","13:59:13",1067200
29900,-450,200,"bu","13:59:12",1067100
29850,-500,200,"sd","13:59:10",1066900
29850,-500,600,"sd","13:59:10",1066700
29900,-450,200,"bu","13:59:03",1066100
29900,-450,100,"bu","13:58:53",1065900
29900,-450,100,"bu","13:58:53",1065800
29900,-450,300,"bu","13:58:50",1065700
29900,-450,200,"bu","13:58:44",1065400
29850,-500,1000,"bu","13:58:42",1065200
29800,-550,200,"sd","13:58:40",1064200
29800,-550,600,"sd","13:58:40",1064000
29850,-500,800,"bu","13:58:37",1063400
29850,-500,200,"bu","13:58:37",1062600
29850,-500,1000,"bu","13:58:36",1062400
29850,-500,200,"bu","13:58:36",1061400
29850,-500,400,"bu","13:58:33",1061200
29850,-500,100,"bu","13:58:33",1060800
29850,-500,100,"bu","13:58:23",1060700
29850,-500,100,"sd","13:58:16",1060600
29850,-500,200,"sd","13:58:16",1060500
29850,-500,300,"sd","13:58:16",1060300
29850,-500,100,"sd","13:58:16",1060000
29850,-500,100,"sd","13:58:16",1059900
29900,-450,200,"bu","13:58:16",1059800
29850,-500,100,"sd","13:58:10",1059600
29850,-500,800,"sd","13:58:10",1059500
29900,-450,200,"bu","13:58:07",1058700
29900,-450,200,"bu","13:57:58",1058500
29900,-450,200,"bu","13:57:49",1058300
29850,-500,300,"sd","13:57:40",1058100
29850,-500,500,"sd","13:57:40",1057800
29900,-450,200,"bu","13:57:40",1057300
29900,-450,200,"bu","13:57:31",1057100
29900,-450,100,"bu","13:57:24",1056900
29900,-450,200,"bu","13:57:22",1056800
29900,-450,300,"bu","13:57:19",1056600
29850,-500,500,"sd","13:57:17",1056300
29800,-550,300,"sd","13:57:10",1055800
29850,-500,200,"sd","13:57:10",1055500
29850,-500,300,"sd","13:57:10",1055300
29900,-450,200,"bu","13:57:03",1055000
29900,-450,200,"bu","13:57:02",1054800
29900,-450,200,"bu","13:56:54",1054600
29900,-450,600,"bu","13:56:53",1054400
29900,-450,900,"bu","13:56:53",1053800
29900,-450,900,"bu","13:56:50",1052900
29900,-450,500,"bu","13:56:50",1052000
29900,-450,6800,"bu","13:56:50",1051500
29900,-450,800,"bu","13:56:50",1044700
29850,-500,1300,"bu","13:56:50",1043900
29850,-500,200,"bu","13:56:44",1042600
29800,-550,100,"sd","13:56:40",1042400
29800,-550,700,"sd","13:56:40",1042300
29850,-500,3000,"bu","13:56:39",1041600
29850,-500,500,"bu","13:56:38",1038600
29850,-500,200,"bu","13:56:35",1038100
29850,-500,100,"bu","13:56:32",1037900
29850,-500,200,"bu","13:56:26",1037800
29850,-500,300,"bu","13:56:24",1037600
29850,-500,200,"bu","13:56:24",1037300
29850,-500,200,"bu","13:56:17",1037100
29850,-500,1000,"bu","13:56:17",1036900
29850,-500,500,"bu","13:56:15",1035900
29800,-550,300,"sd","13:56:10",1035400
29800,-550,100,"sd","13:56:10",1035100
29800,-550,100,"sd","13:56:10",1035000
29800,-550,100,"sd","13:56:10",1034900
29800,-550,200,"sd","13:56:10",1034800
29850,-500,100,"bu","13:56:09",1034600
29850,-500,100,"bu","13:56:09",1034500
29850,-500,100,"bu","13:56:03",1034400
29850,-500,100,"bu","13:56:03",1034300
29850,-500,200,"bu","13:55:59",1034200
29850,-500,300,"bu","13:55:57",1034000
29850,-500,1000,"bu","13:55:56",1033700
29850,-500,200,"bu","13:55:51",1032700
29850,-500,200,"bu","13:55:42",1032500
29800,-550,800,"sd","13:55:40",1032300
29850,-500,7000,"bu","13:55:36",1031500
29850,-500,200,"bu","13:55:32",1024500
29850,-500,100,"bu","13:55:32",1024300
29850,-500,300,"bu","13:55:30",1024200
29850,-500,200,"bu","13:55:24",1023900
29850,-500,200,"bu","13:55:15",1023700
29800,-550,100,"sd","13:55:10",1023500
29800,-550,700,"sd","13:55:10",1023400
29800,-550,1000,"sd","13:55:09",1022700
29850,-500,200,"bu","13:55:06",1021700
29850,-500,300,"bu","13:55:03",1021500
29850,-500,200,"bu","13:54:56",1021200
29850,-500,200,"bu","13:54:48",1021000
29800,-550,300,"sd","13:54:40",1020800
29800,-550,500,"sd","13:54:40",1020500
29850,-500,200,"bu","13:54:39",1020000
29850,-500,300,"bu","13:54:36",1019800
29850,-500,200,"bu","13:54:29",1019500
29850,-500,100,"bu","13:54:23",1019300
29850,-500,200,"bu","13:54:21",1019200
29850,-500,500,"bu","13:54:16",1019000
29850,-500,200,"bu","13:54:13",1018500
29850,-500,200,"bu","13:54:11",1018300
29800,-550,800,"sd","13:54:09",1018100
29850,-500,300,"bu","13:54:09",1017300
29850,-500,200,"bu","13:54:02",1017000
29850,-500,200,"bu","13:53:54",1016800
29850,-500,200,"bu","13:53:44",1016600
29850,-500,300,"bu","13:53:43",1016400
29800,-550,800,"sd","13:53:39",1016100
29850,-500,200,"bu","13:53:35",1015300
29800,-550,100,"sd","13:53:28",1015100
29850,-500,200,"bu","13:53:27",1015000
29850,-500,100,"bu","13:53:24",1014800
29850,-500,200,"bu","13:53:17",1014700
29850,-500,300,"bu","13:53:15",1014500
29800,-550,300,"sd","13:53:15",1014200
29800,-550,100,"sd","13:53:15",1013900
29800,-550,800,"sd","13:53:09",1013800
29850,-500,200,"bu","13:53:08",1013000
29850,-500,400,"bu","13:53:04",1012800
29800,-550,600,"sd","13:53:02",1012400
29800,-550,100,"sd","13:53:02",1011800
29800,-550,300,"sd","13:53:02",1011700
29800,-550,1000,"sd","13:53:02",1011400
29850,-500,200,"bu","13:53:00",1010400
29800,-550,100,"sd","13:52:56",1010200
29800,-550,1000,"sd","13:52:56",1010100
29800,-550,200,"sd","13:52:56",1009100
29800,-550,700,"sd","13:52:56",1008900
29850,-500,1000,"bu","13:52:56",1008200
29850,-500,200,"bu","13:52:50",1007200
29850,-500,300,"bu","13:52:48",1007000
29850,-500,100,"bu","13:52:43",1006700
29850,-500,200,"bu","13:52:41",1006600
29800,-550,300,"sd","13:52:39",1006400
29800,-550,100,"sd","13:52:39",1006100
29800,-550,100,"sd","13:52:39",1006000
29800,-550,300,"sd","13:52:39",1005900
29850,-500,200,"bu","13:52:32",1005600
29800,-550,1700,"sd","13:52:25",1005400
29800,-550,100,"sd","13:52:25",1003700
29800,-550,6500,"sd","13:52:25",1003600
29800,-550,700,"sd","13:52:25",997100
29800,-550,100,"sd","13:52:25",996400
29800,-550,100,"sd","13:52:25",996300
29800,-550,400,"sd","13:52:25",996200
29800,-550,400,"sd","13:52:25",995800
29850,-500,200,"bu","13:52:23",995400
29800,-550,500,"sd","13:52:09",995200
29800,-550,100,"sd","13:52:09",994700
29800,-550,100,"sd","13:52:09",994600
29800,-550,100,"sd","13:52:09",994500
29850,-500,1600,"bu","13:52:03",994400
29850,-500,200,"bu","13:52:02",992800
29850,-500,200,"sd","13:52:01",992600
29850,-500,300,"sd","13:52:01",992400
29850,-500,100,"sd","13:52:01",992100
29850,-500,100,"sd","13:52:01",992000
29850,-500,100,"sd","13:52:01",991900
29850,-500,400,"sd","13:52:01",991800
29850,-500,100,"sd","13:52:01",991400
29850,-500,2900,"sd","13:52:01",991300
29850,-500,1100,"sd","13:51:56",988400
29850,-500,100,"sd","13:51:56",987300
29850,-500,500,"sd","13:51:56",987200
29850,-500,500,"sd","13:51:56",986700
29850,-500,600,"sd","13:51:56",986200
29850,-500,200,"sd","13:51:56",985600
29850,-500,300,"sd","13:51:56",985400
29850,-500,1000,"sd","13:51:56",985100
29850,-500,700,"sd","13:51:56",984100
29900,-450,200,"bu","13:51:54",983400
29900,-450,800,"bu","13:51:53",983200
29900,-450,500,"bu","13:51:53",982400
29900,-450,200,"bu","13:51:53",981900
29900,-450,300,"bu","13:51:49",981700
29850,-500,10000,"sd","13:51:47",981400
29900,-450,200,"bu","13:51:44",971400
29850,-500,800,"sd","13:51:39",971200
29900,-450,200,"bu","13:51:35",970400
29900,-450,100,"bu","13:51:26",970200
29900,-450,100,"bu","13:51:26",970100
29900,-450,300,"bu","13:51:23",970000
29900,-450,200,"bu","13:51:17",969700
29850,-500,800,"sd","13:51:09",969500
29900,-450,200,"bu","13:51:08",968700
29900,-450,200,"bu","13:50:59",968500
29900,-450,300,"bu","13:50:56",968300
29900,-450,200,"bu","13:50:43",968000
29900,-450,200,"sd","13:50:41",967800
29900,-450,200,"sd","13:50:41",967600
29950,-400,200,"bu","13:50:40",967400
29900,-450,800,"sd","13:50:39",967200
29950,-400,200,"bu","13:50:30",966400
29950,-400,300,"bu","13:50:30",966200
29950,-400,200,"bu","13:50:21",965900
29950,-400,200,"bu","13:50:12",965700
29850,-500,800,"sd","13:50:09",965500
29950,-400,200,"bu","13:50:03",964700
29950,-400,300,"bu","13:50:02",964500
29950,-400,200,"bu","13:49:55",964200
29950,-400,200,"bu","13:49:45",964000
29850,-500,1800,"sd","13:49:40",963800
29850,-500,800,"sd","13:49:38",962000
29950,-400,200,"bu","13:49:36",961200
29950,-400,200,"bu","13:49:28",961000
29850,-500,300,"sd","13:49:09",960800
29900,-450,200,"sd","13:49:09",960500
29900,-450,300,"sd","13:49:09",960300
29950,-400,200,"bu","13:49:07",960000
30000,-350,300,"bu","13:49:02",959800
30000,-350,200,"bu","13:48:58",959500
30000,-350,300,"bu","13:48:52",959300
30000,-350,200,"bu","13:48:49",959000
29900,-450,500,"sd","13:48:45",958800
29900,-450,900,"sd","13:48:45",958300
29900,-450,100,"sd","13:48:45",957400
29900,-450,100,"sd","13:48:45",957300
29900,-450,100,"sd","13:48:45",957200
29900,-450,300,"sd","13:48:45",957100
30000,-350,100,"bu","13:48:43",956800
30000,-350,100,"bu","13:48:41",956700
30000,-350,100,"bu","13:48:41",956600
29900,-450,800,"sd","13:48:38",956500
30000,-350,100,"bu","13:48:36",955700
30000,-350,200,"bu","13:48:36",955600
30000,-350,200,"bu","13:48:31",955400
30000,-350,200,"bu","13:48:25",955200
30000,-350,200,"bu","13:48:22",955000
30000,-350,200,"bu","13:48:13",954800
29900,-450,300,"sd","13:48:08",954600
29900,-450,500,"sd","13:48:08",954300
30000,-350,200,"bu","13:48:05",953800
30000,-350,200,"bu","13:47:55",953600
29900,-450,400,"sd","13:47:38",953400
29950,-400,200,"sd","13:47:38",953000
29950,-400,200,"sd","13:47:38",952800
29950,-400,100,"sd","13:47:36",952600
30000,-350,200,"bu","13:47:35",952500
30000,-350,200,"bu","13:47:26",952300
30000,-350,200,"bu","13:47:17",952100
29900,-450,300,"sd","13:47:08",951900
29950,-400,300,"sd","13:47:08",951600
29950,-400,200,"sd","13:47:08",951300
30000,-350,300,"bu","13:47:06",951100
30000,-350,200,"bu","13:47:06",950800
30000,-350,300,"bu","13:47:04",950600
30000,-350,1000,"bu","13:47:02",950300
30000,-350,200,"bu","13:46:59",949300
30000,-350,2000,"bu","13:46:54",949100
30000,-350,200,"bu","13:46:50",947100
30000,-350,100,"bu","13:46:42",946900
30000,-350,200,"bu","13:46:42",946800
29950,-400,100,"bu","13:46:39",946600
29900,-450,800,"sd","13:46:38",946500
29950,-400,200,"bu","13:46:33",945700
29950,-400,100,"bu","13:46:24",945500
29950,-400,200,"bu","13:46:23",945400
29950,-400,400,"bu","13:46:17",945200
29950,-400,100,"bu","13:46:17",944800
29950,-400,200,"bu","13:46:15",944700
29950,-400,200,"bu","13:46:13",944500
29950,-400,200,"bu","13:46:12",944300
29950,-400,700,"bu","13:46:08",944100
29900,-450,100,"sd","13:46:08",943400
29900,-450,700,"sd","13:46:08",943300
29950,-400,200,"bu","13:46:06",942600
29950,-400,200,"bu","13:45:56",942400
29950,-400,100,"bu","13:45:53",942200
29950,-400,100,"bu","13:45:48",942100
29950,-400,100,"bu","13:45:48",942000
29950,-400,200,"bu","13:45:45",941900
29950,-400,100,"bu","13:45:45",941700
29950,-400,300,"bu","13:45:43",941600
29950,-400,1000,"bu","13:45:41",941300
29950,-400,200,"bu","13:45:39",940300
29900,-450,800,"sd","13:45:38",940100
29950,-400,200,"bu","13:45:29",939300
29950,-400,200,"bu","13:45:27",939100
29950,-400,100,"bu","13:45:27",938900
29950,-400,200,"bu","13:45:20",938800
29950,-400,300,"bu","13:45:18",938600
29950,-400,100,"bu","13:45:13",938300
29950,-400,200,"bu","13:45:12",938200
29850,-500,700,"sd","13:45:08",938000
29900,-450,100,"sd","13:45:08",937300
29950,-400,100,"bu","13:45:02",937200
29950,-400,100,"bu","13:45:02",937100
29950,-400,100,"bu","13:44:53",937000
29950,-400,100,"bu","13:44:53",936900
29950,-400,200,"bu","13:44:52",936800
29950,-400,300,"bu","13:44:51",936600
29950,-400,200,"bu","13:44:44",936300
29850,-500,300,"sd","13:44:38",936100
29850,-500,500,"sd","13:44:38",935800
29950,-400,200,"bu","13:44:35",935300
29950,-400,1000,"bu","13:44:34",935100
29950,-400,200,"bu","13:44:34",934100
29950,-400,500,"bu","13:44:34",933900
29950,-400,1300,"bu","13:44:34",933400
29950,-400,300,"bu","13:44:33",932100
29950,-400,400,"bu","13:44:31",931800
29950,-400,1000,"bu","13:44:31",931400
29950,-400,600,"bu","13:44:31",930400
29950,-400,200,"bu","13:44:26",929800
29950,-400,200,"bu","13:44:24",929600
29950,-400,100,"bu","13:44:24",929400
29950,-400,200,"bu","13:44:17",929300
29950,-400,100,"bu","13:44:14",929100
29950,-400,200,"bu","13:44:08",929000
29850,-500,600,"sd","13:44:07",928800
29850,-500,200,"sd","13:44:07",928200
29950,-400,200,"bu","13:44:04",928000
29950,-400,200,"bu","13:43:59",927800
29950,-400,100,"bu","13:43:51",927600
29950,-400,100,"bu","13:43:51",927500
29850,-500,200,"sd","13:43:38",927400
29900,-450,200,"sd","13:43:38",927200
29900,-450,100,"sd","13:43:38",927000
29900,-450,300,"sd","13:43:38",926900
29950,-400,200,"bu","13:43:37",926600
29950,-400,1500,"bu","13:43:37",926400
29950,-400,300,"bu","13:43:31",924900
29950,-400,200,"bu","13:43:25",924600
29900,-450,500,"bu","13:43:19",924400
29900,-450,200,"bu","13:43:13",923900
29900,-450,200,"sd","13:43:08",923700
29900,-450,400,"sd","13:43:08",923500
29900,-450,200,"sd","13:43:08",923100
29900,-450,100,"sd","13:43:07",922900
29900,-450,700,"sd","13:43:07",922800
29900,-450,100,"sd","13:42:56",922100
29950,-400,300,"bu","13:42:56",922000
29900,-450,200,"sd","13:42:55",921700
29900,-450,200,"sd","13:42:55",921500
29900,-450,700,"sd","13:42:55",921300
29900,-450,900,"sd","13:42:55",920600
29950,-400,200,"bu","13:42:53",919700
29950,-400,200,"bu","13:42:53",919500
29900,-450,2900,"sd","13:42:51",919300
29900,-450,1000,"bu","13:42:44",916400
29900,-450,200,"bu","13:42:44",915400
29900,-450,1200,"bu","13:42:42",915200
29900,-450,4600,"bu","13:42:38",914000
29900,-450,1800,"bu","13:42:38",909400
29900,-450,500,"bu","13:42:38",907600
29900,-450,100,"bu","13:42:38",907100
29850,-500,600,"sd","13:42:37",907000
29850,-500,200,"sd","13:42:37",906400
29900,-450,200,"bu","13:42:35",906200
29900,-450,200,"bu","13:42:34",906000
29900,-450,100,"bu","13:42:34",905800
29900,-450,300,"bu","13:42:29",905700
29900,-450,200,"bu","13:42:26",905400
29900,-450,400,"bu","13:42:26",905200
29900,-450,500,"bu","13:42:25",904800
29900,-450,600,"bu","13:42:25",904300
29900,-450,100,"bu","13:42:23",903700
29900,-450,1000,"bu","13:42:19",903600
29900,-450,200,"bu","13:42:17",902600
29900,-450,100,"bu","13:42:13",902400
29900,-450,200,"bu","13:42:08",902300
29850,-500,800,"sd","13:42:07",902100
29900,-450,300,"bu","13:42:04",901300
29900,-450,200,"bu","13:42:00",901000
29900,-450,200,"bu","13:41:50",900800
29900,-450,200,"bu","13:41:43",900600
29900,-450,200,"bu","13:41:41",900400
29900,-450,200,"bu","13:41:40",900200
29850,-500,200,"sd","13:41:37",900000
29850,-500,600,"sd","13:41:37",899800
29900,-450,300,"bu","13:41:34",899200
29900,-450,200,"bu","13:41:32",898900
29900,-450,200,"bu","13:41:23",898700
29850,-500,400,"bu","13:41:16",898500
29850,-500,200,"bu","13:41:14",898100
29800,-550,800,"sd","13:41:07",897900
29850,-500,200,"bu","13:41:05",897100
29850,-500,200,"bu","13:40:55",896900
29800,-550,900,"sd","13:40:37",896700
29850,-500,200,"sd","13:40:37",895800
29850,-500,300,"sd","13:40:37",895600
29850,-500,400,"sd","13:40:37",895300
29850,-500,2200,"sd","13:40:37",894900
29850,-500,800,"sd","13:40:37",892700
29900,-450,200,"bu","13:40:36",891900
29900,-450,300,"bu","13:40:36",891700
29900,-450,200,"bu","13:40:27",891400
29850,-500,1000,"bu","13:40:22",891200
29850,-500,2000,"bu","13:40:22",890200
29850,-500,200,"bu","13:40:18",888200
29850,-500,100,"bu","13:40:13",888000
29850,-500,200,"bu","13:40:09",887900
29850,-500,300,"bu","13:40:09",887700
29800,-550,800,"sd","13:40:07",887400
29850,-500,200,"bu","13:40:00",886600
29900,-450,100,"bu","13:39:51",886400
29900,-450,100,"bu","13:39:51",886300
29900,-450,100,"bu","13:39:43",886200
29900,-450,200,"bu","13:39:42",886100
29900,-450,200,"bu","13:39:42",885900
29900,-450,100,"bu","13:39:41",885700
29800,-550,800,"sd","13:39:37",885600
29900,-450,200,"bu","13:39:33",884800
29900,-450,100,"bu","13:39:24",884600
29900,-450,100,"bu","13:39:24",884500
29900,-450,300,"bu","13:39:14",884400
29800,-550,300,"sd","13:39:07",884100
29800,-550,300,"sd","13:39:07",883800
29850,-500,200,"sd","13:39:07",883500
29900,-450,200,"bu","13:39:05",883300
29900,-450,100,"bu","13:39:04",883100
29850,-500,100,"bu","13:38:55",883000
29850,-500,300,"bu","13:38:47",882900
29850,-500,200,"bu","13:38:46",882600
29850,-500,100,"bu","13:38:43",882400
29850,-500,200,"bu","13:38:38",882300
29800,-550,700,"sd","13:38:37",882100
29800,-550,100,"sd","13:38:37",881400
29850,-500,200,"bu","13:38:28",881300
29850,-500,200,"bu","13:38:13",881100
29850,-500,200,"sd","13:38:11",880900
29850,-500,500,"sd","13:38:11",880700
29900,-450,200,"bu","13:38:09",880200
29850,-500,300,"sd","13:38:06",880000
29850,-500,500,"sd","13:38:06",879700
29900,-450,200,"bu","13:38:00",879200
29900,-450,200,"bu","13:37:51",879000
29900,-450,100,"bu","13:37:43",878800
29900,-450,200,"bu","13:37:42",878700
29850,-500,200,"sd","13:37:36",878500
29850,-500,300,"sd","13:37:36",878300
29850,-500,300,"sd","13:37:36",878000
29900,-450,200,"bu","13:37:33",877700
29900,-450,200,"bu","13:37:24",877500
29900,-450,100,"bu","13:37:23",877300
29900,-450,300,"bu","13:37:19",877200
29850,-500,300,"bu","13:37:18",876900
29850,-500,200,"bu","13:37:15",876600
29800,-550,900,"sd","13:37:10",876400
29800,-550,900,"sd","13:37:10",875500
29800,-550,800,"sd","13:37:07",874600
29850,-500,200,"bu","13:37:06",873800
29850,-500,200,"bu","13:36:57",873600
29850,-500,300,"bu","13:36:52",873400
29850,-500,200,"bu","13:36:48",873100
29850,-500,100,"bu","13:36:43",872900
29850,-500,200,"bu","13:36:38",872800
29800,-550,800,"sd","13:36:36",872600
29850,-500,100,"bu","13:36:33",871800
29850,-500,200,"bu","13:36:30",871700
29850,-500,500,"bu","13:36:27",871500
29850,-500,300,"bu","13:36:25",871000
29850,-500,200,"bu","13:36:21",870700
29850,-500,100,"bu","13:36:13",870500
29850,-500,200,"bu","13:36:11",870400
29800,-550,800,"sd","13:36:06",870200
29850,-500,200,"bu","13:36:03",869400
29850,-500,300,"bu","13:35:58",869200
29850,-500,200,"bu","13:35:53",868900
29800,-550,500,"sd","13:35:47",868700
29850,-500,200,"bu","13:35:45",868200
29800,-550,800,"sd","13:35:36",868000
29850,-500,200,"bu","13:35:35",867200
29850,-500,200,"bu","13:35:34",867000
29850,-500,200,"bu","13:35:31",866800
29850,-500,100,"bu","13:35:31",866600
29850,-500,1000,"bu","13:35:28",866500
29850,-500,200,"bu","13:35:27",865500
29850,-500,200,"bu","13:35:18",865300
29850,-500,200,"bu","13:35:13",865100
29850,-500,200,"bu","13:35:09",864900
29850,-500,100,"bu","13:35:08",864700
29850,-500,100,"bu","13:35:08",864600
29800,-550,400,"sd","13:35:06",864500
29800,-550,400,"sd","13:35:06",864100
29850,-500,300,"bu","13:35:04",863700
29850,-500,200,"bu","13:34:59",863400
29850,-500,200,"bu","13:34:50",863200
29850,-500,100,"bu","13:34:43",863000
29850,-500,100,"bu","13:34:42",862900
29850,-500,100,"bu","13:34:42",862800
29850,-500,300,"bu","13:34:37",862700
29800,-550,600,"sd","13:34:36",862400
29800,-550,200,"sd","13:34:36",861800
29850,-500,200,"bu","13:34:33",861600
29850,-500,200,"bu","13:34:23",861400
29850,-500,200,"bu","13:34:15",861200
29850,-500,200,"bu","13:34:13",861000
29850,-500,300,"bu","13:34:10",860800
29800,-550,800,"sd","13:34:06",860500
29850,-500,200,"bu","13:34:06",859700
29850,-500,200,"bu","13:34:03",859500
29850,-500,200,"bu","13:33:47",859300
29850,-500,300,"bu","13:33:43",859100
29850,-500,100,"bu","13:33:42",858800
29850,-500,200,"bu","13:33:38",858700
29750,-600,800,"sd","13:33:36",858500
29850,-500,200,"bu","13:33:29",857700
29850,-500,100,"bu","13:33:20",857500
29850,-500,100,"bu","13:33:20",857400
29750,-600,300,"sd","13:33:06",857300
29800,-550,200,"sd","13:33:06",857000
29800,-550,300,"sd","13:33:06",856800
29850,-500,200,"bu","13:33:00",856500
29850,-500,100,"bu","13:32:51",856300
29800,-550,100,"sd","13:32:48",856200
29800,-550,400,"sd","13:32:48",856100
29750,-600,200,"sd","13:32:36",855700
29800,-550,200,"sd","13:32:36",855500
29800,-550,300,"sd","13:32:36",855300
29800,-550,100,"sd","13:32:36",855000
29850,-500,100,"bu","13:32:32",854900
29850,-500,100,"bu","13:32:32",854800
29850,-500,200,"bu","13:32:23",854700
29850,-500,300,"bu","13:32:15",854500
29850,-500,200,"bu","13:32:14",854200
29800,-550,800,"sd","13:32:06",854000
29850,-500,200,"bu","13:32:05",853200
29850,-500,200,"bu","13:31:56",853000
29850,-500,300,"bu","13:31:48",852800
29850,-500,200,"bu","13:31:47",852500
29800,-550,700,"bu","13:31:40",852300
29800,-550,500,"bu","13:31:40",851600
29800,-550,3300,"bu","13:31:40",851100
29800,-550,200,"bu","13:31:38",847800
29750,-600,800,"sd","13:31:35",847600
29800,-550,200,"bu","13:31:29",846800
29800,-550,200,"bu","13:31:20",846600
29800,-550,100,"bu","13:31:14",846400
29800,-550,200,"bu","13:31:11",846300
29750,-600,800,"sd","13:31:05",846100
29800,-550,200,"bu","13:31:02",845300
29800,-550,200,"bu","13:30:53",845100
29800,-550,300,"sd","13:30:47",844900
29800,-550,100,"sd","13:30:47",844600
29800,-550,200,"sd","13:30:35",844500
29800,-550,300,"sd","13:30:35",844300
29800,-550,100,"sd","13:30:35",844000
29800,-550,200,"sd","13:30:35",843900
29850,-500,200,"bu","13:30:33",843700
29850,-500,200,"bu","13:30:24",843500
29850,-500,300,"bu","13:30:18",843300
29850,-500,200,"bu","13:30:15",843000
29850,-500,100,"bu","13:30:13",842800
29850,-500,200,"bu","13:30:06",842700
29800,-550,800,"sd","13:30:05",842500
29850,-500,100,"bu","13:29:57",841700
29850,-500,100,"bu","13:29:57",841600
29850,-500,200,"bu","13:29:48",841500
29850,-500,300,"bu","13:29:43",841300
29850,-500,200,"bu","13:29:39",841000
29850,-500,200,"bu","13:29:36",840800
29850,-500,500,"bu","13:29:36",840600
29850,-500,300,"bu","13:29:36",840100
29800,-550,300,"sd","13:29:35",839800
29800,-550,100,"sd","13:29:35",839500
29800,-550,200,"sd","13:29:35",839400
29800,-550,200,"sd","13:29:35",839200
29850,-500,200,"bu","13:29:30",839000
29850,-500,100,"bu","13:29:23",838800
29850,-500,200,"bu","13:29:21",838700
29850,-500,300,"bu","13:29:19",838500
29850,-500,200,"bu","13:29:12",838200
29800,-550,800,"sd","13:29:05",838000
29850,-500,200,"bu","13:29:03",837200
29850,-500,200,"bu","13:28:54",837000
29850,-500,300,"bu","13:28:52",836800
29850,-500,200,"bu","13:28:45",836500
29850,-500,100,"bu","13:28:42",836300
29850,-500,200,"bu","13:28:37",836200
29750,-600,700,"sd","13:28:35",836000
29800,-550,100,"sd","13:28:35",835300
29800,-550,100,"bu","13:28:27",835200
29800,-550,100,"bu","13:28:23",835100
29800,-550,200,"bu","13:28:18",835000
29800,-550,200,"bu","13:28:13",834800
29800,-550,100,"sd","13:28:05",834600
29800,-550,100,"sd","13:28:05",834500
29800,-550,300,"sd","13:28:05",834400
29800,-550,100,"sd","13:28:05",834100
29800,-550,300,"sd","13:28:05",834000
29850,-500,500,"bu","13:28:02",833700
29850,-500,200,"bu","13:27:59",833200
29850,-500,300,"bu","13:27:55",833000
29850,-500,200,"bu","13:27:50",832700
29850,-500,100,"bu","13:27:42",832500
29850,-500,200,"bu","13:27:41",832400
29750,-600,200,"sd","13:27:35",832200
29800,-550,100,"sd","13:27:35",832000
29800,-550,500,"sd","13:27:35",831900
29800,-550,200,"bu","13:27:32",831400
29800,-550,300,"bu","13:27:28",831200
29850,-500,200,"bu","13:27:23",830900
29750,-600,100,"sd","13:27:05",830700
29800,-550,200,"sd","13:27:05",830600
29800,-550,500,"sd","13:27:05",830400
29850,-500,200,"bu","13:27:02",829900
29850,-500,400,"bu","13:27:01",829700
29850,-500,200,"bu","13:26:54",829300
29850,-500,200,"bu","13:26:45",829100
29850,-500,100,"bu","13:26:43",828900
29850,-500,200,"bu","13:26:36",828800
29750,-600,100,"sd","13:26:35",828600
29750,-600,600,"sd","13:26:35",828500
29750,-600,100,"sd","13:26:35",827900
29850,-500,300,"bu","13:26:34",827800
29850,-500,200,"bu","13:26:26",827500
29850,-500,100,"bu","13:26:17",827300
29850,-500,100,"bu","13:26:17",827200
29850,-500,100,"bu","13:26:12",827100
29850,-500,100,"bu","13:26:09",827000
29850,-500,100,"bu","13:26:09",826900
29850,-500,300,"bu","13:26:07",826800
29750,-600,800,"sd","13:26:05",826500
29850,-500,200,"bu","13:26:00",825700
29850,-500,200,"bu","13:25:50",825500
29850,-500,200,"bu","13:25:43",825300
29850,-500,200,"bu","13:25:41",825100
29850,-500,300,"bu","13:25:40",824900
29750,-600,800,"sd","13:25:34",824600
29850,-500,400,"bu","13:25:32",823800
29850,-500,200,"bu","13:25:32",823400
29850,-500,200,"bu","13:25:24",823200
29850,-500,700,"bu","13:25:24",823000
29850,-500,2000,"bu","13:25:24",822300
29850,-500,300,"bu","13:25:24",820300
29850,-500,200,"bu","13:25:15",820000
29850,-500,300,"bu","13:25:13",819800
29850,-500,100,"bu","13:25:13",819500
29850,-500,100,"bu","13:25:05",819400
29850,-500,100,"bu","13:25:05",819300
29750,-600,800,"sd","13:25:04",819200
29850,-500,100,"bu","13:24:58",818400
29850,-500,200,"bu","13:24:57",818300
29850,-500,200,"bu","13:24:47",818100
29850,-500,300,"bu","13:24:46",817900
29850,-500,100,"bu","13:24:43",817600
29850,-500,200,"bu","13:24:38",817500
29750,-600,800,"sd","13:24:34",817300
29850,-500,200,"bu","13:24:29",816500
29850,-500,200,"bu","13:24:20",816300
29800,-550,300,"bu","13:24:19",816100
29800,-550,100,"bu","13:24:12",815800
29800,-550,200,"bu","13:24:11",815700
29750,-600,800,"sd","13:24:04",815500
29800,-550,200,"bu","13:24:02",814700
29800,-550,200,"bu","13:23:53",814500
29800,-550,300,"bu","13:23:52",814300
29800,-550,200,"bu","13:23:45",814000
29800,-550,100,"bu","13:23:43",813800
29800,-550,200,"bu","13:23:36",813700
29750,-600,400,"sd","13:23:34",813500
29750,-600,100,"sd","13:23:34",813100
29750,-600,100,"sd","13:23:34",813000
29750,-600,200,"sd","13:23:34",812900
29800,-550,200,"bu","13:23:34",812700
29800,-550,200,"bu","13:23:30",812500
29800,-550,1000,"bu","13:23:26",812300
29800,-550,200,"bu","13:23:26",811300
29800,-550,300,"bu","13:23:25",811100
29800,-550,200,"bu","13:23:17",810800
29800,-550,100,"bu","13:23:12",810600
29800,-550,200,"bu","13:23:08",810500
29750,-600,200,"sd","13:23:04",810300
29750,-600,600,"sd","13:23:04",810100
29800,-550,200,"bu","13:22:59",809500
29800,-550,300,"bu","13:22:58",809300
29800,-550,200,"bu","13:22:50",809000
29800,-550,100,"bu","13:22:43",808800
29800,-550,200,"bu","13:22:42",808700
29750,-600,800,"sd","13:22:34",808500
29800,-550,200,"bu","13:22:32",807700
29800,-550,300,"bu","13:22:31",807500
29800,-550,200,"bu","13:22:23",807200
29750,-600,500,"sd","13:22:18",807000
29800,-550,200,"bu","13:22:14",806500
29750,-600,800,"sd","13:22:04",806300
29800,-550,100,"bu","13:22:02",805500
29800,-550,200,"sd","13:21:56",805400
29800,-550,100,"sd","13:21:56",805200
29800,-550,300,"sd","13:21:56",805100
29800,-550,200,"sd","13:21:55",804800
29800,-550,100,"sd","13:21:55",804600
29800,-550,100,"sd","13:21:55",804500
29850,-500,200,"bu","13:21:55",804400
29800,-550,500,"sd","13:21:50",804200
29850,-500,200,"bu","13:21:46",803700
29850,-500,100,"bu","13:21:43",803500
29850,-500,200,"bu","13:21:37",803400
29800,-550,800,"sd","13:21:34",803200
29800,-550,200,"sd","13:21:33",802400
29850,-500,200,"bu","13:21:28",802200
29850,-500,200,"bu","13:21:19",802000
29750,-600,600,"sd","13:21:03",801800
29800,-550,200,"sd","13:21:03",801200
29800,-550,100,"sd","13:21:03",801000
29800,-550,200,"sd","13:21:03",800900
29850,-500,300,"bu","13:21:01",800700
29850,-500,200,"bu","13:21:00",800400
29850,-500,100,"bu","13:21:00",800200
29800,-550,100,"bu","13:20:51",800100
29800,-550,200,"bu","13:20:43",800000
29800,-550,200,"bu","13:20:42",799800
29850,-500,300,"bu","13:20:35",799600
29750,-600,800,"sd","13:20:34",799300
29850,-500,200,"bu","13:20:33",798500
29850,-500,200,"bu","13:20:24",798300
29850,-500,200,"bu","13:20:15",798100
29850,-500,100,"bu","13:20:13",797900
29850,-500,300,"bu","13:20:07",797800
29850,-500,200,"bu","13:20:06",797500
29750,-600,800,"sd","13:20:03",797300
29850,-500,200,"bu","13:19:57",796500
29850,-500,400,"bu","13:19:52",796300
29850,-500,600,"bu","13:19:52",795900
29850,-500,400,"bu","13:19:52",795300
29850,-500,600,"bu","13:19:48",794900
29850,-500,900,"bu","13:19:48",794300
29850,-500,100,"bu","13:19:48",793400
29850,-500,100,"bu","13:19:48",793300
29850,-500,100,"bu","13:19:43",793200
29850,-500,300,"bu","13:19:41",793100
29850,-500,200,"bu","13:19:39",792800
29750,-600,100,"sd","13:19:33",792600
29750,-600,100,"sd","13:19:33",792500
29750,-600,100,"sd","13:19:33",792400
29750,-600,100,"sd","13:19:33",792300
29750,-600,100,"sd","13:19:33",792200
29750,-600,300,"sd","13:19:33",792100
29850,-500,200,"bu","13:19:29",791800
29850,-500,200,"bu","13:19:20",791600
29750,-600,300,"sd","13:19:03",791400
29800,-550,200,"sd","13:19:03",791100
29800,-550,300,"sd","13:19:03",790900
29850,-500,200,"bu","13:19:01",790600
29850,-500,200,"bu","13:18:52",790400
29850,-500,100,"bu","13:18:43",790200
29850,-500,200,"bu","13:18:43",790100
29850,-500,300,"bu","13:18:42",789900
29850,-500,200,"bu","13:18:34",789600
29800,-550,100,"sd","13:18:33",789400
29800,-550,700,"sd","13:18:33",789300
29850,-500,200,"bu","13:18:25",788600
29850,-500,200,"bu","13:18:16",788400
29850,-500,300,"bu","13:18:15",788200
29850,-500,100,"bu","13:18:13",787900
29850,-500,200,"bu","13:18:06",787800
29800,-550,800,"sd","13:18:03",787600
29850,-500,100,"bu","13:18:03",786800
29850,-500,200,"bu","13:17:57",786700
29850,-500,400,"bu","13:17:53",786500
29850,-500,100,"bu","13:17:53",786100
29850,-500,200,"bu","13:17:49",786000
29850,-500,300,"bu","13:17:48",785800
29800,-550,3000,"sd","13:17:47",785500
29850,-500,100,"bu","13:17:42",782500
29850,-500,200,"bu","13:17:39",782400
29800,-550,500,"sd","13:17:33",782200
29800,-550,300,"sd","13:17:33",781700
29850,-500,200,"bu","13:17:30",781400
29850,-500,100,"bu","13:17:23",781200
29850,-500,200,"bu","13:17:22",781100
29850,-500,300,"bu","13:17:21",780900
29850,-500,100,"bu","13:17:12",780600
29850,-500,200,"bu","13:17:12",780500
29900,-450,200,"bu","13:17:04",780300
29800,-550,800,"sd","13:17:03",780100
29900,-450,200,"bu","13:16:54",779300
29900,-450,200,"bu","13:16:45",779100
29800,-550,100,"sd","13:16:33",778900
29850,-500,200,"sd","13:16:33",778800
29850,-500,300,"sd","13:16:33",778600
29850,-500,200,"sd","13:16:33",778300
29900,-450,200,"bu","13:16:27",778100
29900,-450,300,"bu","13:16:23",777900
29900,-450,200,"bu","13:16:17",777600
29900,-450,100,"bu","13:16:13",777400
29900,-450,200,"bu","13:16:07",777300
29800,-550,800,"sd","13:16:03",777100
29850,-500,1200,"bu","13:15:59",776300
29850,-500,200,"bu","13:15:58",775100
29850,-500,400,"bu","13:15:52",774900
29850,-500,200,"bu","13:15:50",774500
29850,-500,500,"bu","13:15:49",774300
29850,-500,500,"bu","13:15:49",773800
29850,-500,500,"bu","13:15:44",773300
29850,-500,1000,"bu","13:15:44",772800
29850,-500,100,"bu","13:15:42",771800
29850,-500,100,"bu","13:15:33",771700
29750,-600,100,"sd","13:15:32",771600
29800,-550,200,"sd","13:15:32",771500
29800,-550,300,"sd","13:15:32",771300
29800,-550,200,"sd","13:15:32",771000
29850,-500,200,"bu","13:15:30",770800
29850,-500,300,"bu","13:15:25",770600
29850,-500,300,"bu","13:15:23",770300
29850,-500,200,"bu","13:15:21",770000
29800,-550,2000,"sd","13:15:13",769800
29850,-500,100,"bu","13:15:12",767800
29850,-500,200,"bu","13:15:12",767700
29850,-500,200,"bu","13:15:03",767500
29800,-550,800,"sd","13:15:02",767300
29850,-500,200,"bu","13:14:54",766500
29850,-500,200,"bu","13:14:45",766300
29750,-600,300,"sd","13:14:32",766100
29800,-550,300,"sd","13:14:32",765800
29800,-550,200,"sd","13:14:32",765500
29850,-500,200,"bu","13:14:28",765300
29850,-500,200,"bu","13:14:25",765100
29850,-500,200,"bu","13:14:16",764900
29850,-500,100,"bu","13:14:13",764700
29850,-500,200,"bu","13:14:07",764600
29800,-550,100,"sd","13:14:02",764400
29800,-550,100,"sd","13:14:02",764300
29800,-550,600,"sd","13:14:02",764200
29850,-500,200,"bu","13:13:58",763600
29850,-500,100,"bu","13:13:49",763400
29850,-500,100,"bu","13:13:49",763300
29800,-550,200,"sd","13:13:32",763200
29800,-550,300,"sd","13:13:32",763000
29800,-550,200,"sd","13:13:32",762700
29800,-550,100,"sd","13:13:32",762500
29850,-500,200,"bu","13:13:30",762400
29850,-500,300,"bu","13:13:28",762200
29800,-550,4000,"sd","13:13:27",761900
29850,-500,200,"bu","13:13:21",757900
29850,-500,200,"bu","13:13:12",757700
29850,-500,200,"bu","13:13:03",757500
29800,-550,800,"sd","13:13:02",757300
29850,-500,300,"bu","13:13:01",756500
29800,-550,100,"sd","13:12:59",756200
29850,-500,200,"bu","13:12:54",756100
29850,-500,200,"bu","13:12:45",755900
29850,-500,100,"bu","13:12:38",755700
29850,-500,200,"bu","13:12:36",755600
29850,-500,300,"bu","13:12:34",755400
29750,-600,800,"sd","13:12:32",755100
29850,-500,300,"bu","13:12:27",754300
29850,-500,300,"bu","13:12:07",754000
29750,-600,800,"sd","13:12:01",753700
29850,-500,300,"bu","13:11:40",752900
29750,-600,800,"sd","13:11:32",752600
29850,-500,300,"bu","13:11:13",751800
29750,-600,800,"sd","13:11:01",751500
29850,-500,300,"bu","13:10:47",750700
29750,-600,800,"sd","13:10:31",750400
29850,-500,300,"bu","13:10:19",749600
29700,-650,300,"sd","13:10:01",749300
29700,-650,500,"sd","13:10:01",749000
29850,-500,300,"bu","13:09:52",748500
29700,-650,800,"sd","13:09:31",748200
29850,-500,300,"bu","13:09:25",747400
29700,-650,700,"sd","13:09:01",747100
29800,-550,100,"sd","13:09:01",746400
29850,-500,300,"bu","13:08:59",746300
29800,-550,100,"bu","13:08:32",746000
29800,-550,100,"bu","13:08:32",745900
29800,-550,200,"bu","13:08:32",745800
29700,-650,100,"sd","13:08:31",745600
29700,-650,300,"sd","13:08:31",745500
29700,-650,400,"sd","13:08:31",745200
29800,-550,300,"bu","13:08:05",744800
29700,-650,800,"sd","13:08:01",744500
29800,-550,400,"bu","13:07:53",743700
29800,-550,100,"bu","13:07:43",743300
29800,-550,300,"bu","13:07:37",743200
29700,-650,800,"bu","13:07:33",742900
29700,-650,300,"sd","13:07:00",742100
29700,-650,100,"sd","13:07:00",741800
29700,-650,100,"sd","13:07:00",741700
29700,-650,100,"sd","13:06:59",741600
29800,-550,300,"bu","13:06:37",741500
29700,-650,500,"sd","13:06:30",741200
29700,-650,100,"sd","13:06:30",740700
29700,-650,200,"sd","13:06:30",740600
29850,-500,300,"bu","13:06:10",740400
29700,-650,800,"sd","13:05:59",740100
29850,-500,300,"bu","13:05:43",739300
29700,-650,100,"sd","13:05:29",739000
29700,-650,100,"sd","13:05:29",738900
29700,-650,100,"sd","13:05:29",738800
29700,-650,500,"sd","13:05:29",738700
29850,-500,300,"bu","13:05:16",738200
29850,-500,100,"bu","13:05:03",737900
29850,-500,400,"sd","13:05:00",737800
29850,-500,300,"sd","13:04:59",737400
29850,-500,500,"sd","13:04:59",737100
29850,-500,500,"bu","13:04:51",736600
29850,-500,1000,"bu","13:04:51",736100
29850,-500,300,"bu","13:04:49",735100
29700,-650,100,"sd","13:04:46",734800
29700,-650,100,"sd","13:04:46",734700
29700,-650,100,"sd","13:04:46",734600
29700,-650,200,"sd","13:04:46",734500
29700,-650,100,"sd","13:04:46",734300
29700,-650,2400,"sd","13:04:46",734200
29700,-650,800,"sd","13:04:29",731800
29850,-500,300,"bu","13:04:22",731000
29700,-650,700,"sd","13:03:59",730700
29850,-500,300,"bu","13:03:55",730000
29700,-650,700,"sd","13:03:29",729700
29850,-500,300,"bu","13:03:28",729000
29850,-500,100,"bu","13:03:03",728700
29850,-500,300,"bu","13:03:01",728600
29700,-650,400,"sd","13:02:59",728300
29700,-650,300,"sd","13:02:59",727900
29850,-500,300,"bu","13:02:34",727600
29700,-650,500,"sd","13:02:29",727300
29700,-650,200,"sd","13:02:29",726800
29700,-650,100,"sd","13:01:58",726600
29750,-600,300,"sd","13:01:58",726500
29750,-600,200,"sd","13:01:58",726200
29800,-550,100,"sd","13:01:58",726000
29800,-550,100,"sd","13:01:28",725900
29800,-550,400,"sd","13:01:28",725800
29800,-550,200,"sd","13:01:28",725400
29800,-550,100,"sd","13:01:13",725200
29800,-550,200,"sd","13:01:05",725100
29800,-550,300,"sd","13:01:05",724900
29800,-550,1500,"sd","13:01:05",724600
29800,-550,200,"sd","13:01:05",723100
29800,-550,800,"sd","13:01:05",722900
29800,-550,800,"sd","13:01:00",722100
29800,-550,800,"sd","13:00:58",721300
29800,-550,200,"sd","13:00:55",720500
29850,-500,100,"bu","13:00:53",720300
29850,-500,700,"sd","13:00:47",720200
29850,-500,300,"sd","13:00:47",719500
29850,-500,400,"sd","13:00:38",719200
29850,-500,100,"sd","13:00:25",718800
29850,-500,200,"bu","13:00:15",718700
29800,-550,300,"sd","13:00:11",718500
29800,-550,100,"sd","13:00:10",718200
29800,-550,300,"sd","13:00:07",718100
29900,-450,1000,"bu","13:00:01",717800
29900,-450,1000,"bu","13:00:01",716800
29800,-550,600,"sd","13:00:01",715800
29800,-550,900,"sd","13:00:01",715200
29900,-450,700,"bu","13:00:01",714300
29900,-450,400,"bu","13:00:01",713600
29800,-550,400,"bu","13:00:00",713200
29800,-550,100,"bu","13:00:00",712800
29800,-550,100,"sd","13:00:00",712700
29900,-450,200,"bu","11:29:53",712600
29700,-650,200,"sd","11:28:50",712400
29700,-650,300,"sd","11:28:50",712200
29700,-650,1600,"sd","11:28:50",711900
29900,-450,400,"bu","11:28:42",710300
29900,-450,400,"bu","11:28:41",709900
29900,-450,100,"bu","11:28:41",709500
29850,-500,300,"bu","11:28:41",709400
29850,-500,2000,"bu","11:28:41",709100
29850,-500,200,"bu","11:28:41",707100
29700,-650,100,"sd","11:28:39",706900
29700,-650,1300,"sd","11:28:20",706800
29700,-650,300,"sd","11:28:20",705500
29800,-550,500,"sd","11:28:20",705200
29850,-500,100,"bu","11:28:08",704700
29700,-650,1500,"sd","11:27:49",704600
29700,-650,600,"sd","11:27:49",703100
29700,-650,400,"bu","11:27:23",702500
29700,-650,1000,"sd","11:27:19",702100
29800,-550,100,"sd","11:27:19",701100
29800,-550,600,"sd","11:27:19",701000
29850,-500,700,"bu","11:27:15",700400
29850,-500,500,"bu","11:27:15",699700
29850,-500,500,"bu","11:27:15",699200
29850,-500,3300,"bu","11:27:15",698700
29800,-550,700,"bu","11:27:03",695400
29800,-550,300,"bu","11:27:02",694700
29800,-550,1000,"bu","11:27:02",694400
29800,-550,1000,"bu","11:27:02",693400
29800,-550,1700,"bu","11:27:02",692400
29750,-600,1000,"bu","11:26:55",690700
29750,-600,2900,"bu","11:26:55",689700
29700,-650,700,"bu","11:26:55",686800
29700,-650,100,"bu","11:26:53",686100
29700,-650,1000,"sd","11:26:49",686000
29700,-650,300,"sd","11:26:49",685000
29700,-650,500,"sd","11:26:32",684700
29700,-650,500,"sd","11:26:19",684200
29700,-650,300,"sd","11:26:19",683700
29700,-650,200,"sd","11:26:19",683400
29700,-650,200,"sd","11:26:19",683200
29700,-650,900,"sd","11:26:19",683000
29750,-600,100,"bu","11:25:57",682100
29700,-650,2000,"sd","11:25:49",682000
29700,-650,1100,"bu","11:25:28",680000
29700,-650,700,"bu","11:25:22",678900
29700,-650,500,"sd","11:25:19",678200
29700,-650,700,"bu","11:25:19",677700
29700,-650,2100,"bu","11:25:19",677000
29700,-650,1600,"bu","11:25:19",674900
29700,-650,100,"bu","11:25:19",673300
29700,-650,500,"bu","11:24:52",673200
29700,-650,100,"bu","11:24:35",672700
29700,-650,100,"bu","11:24:27",672600
29700,-650,500,"bu","11:24:13",672500
29700,-650,300,"sd","11:24:09",672000
29700,-650,200,"sd","11:24:09",671700
29700,-650,300,"sd","11:24:09",671500
29700,-650,200,"sd","11:24:09",671200
29700,-650,100,"sd","11:24:08",671000
29700,-650,200,"sd","11:24:08",670900
29700,-650,200,"sd","11:24:08",670700
29700,-650,100,"sd","11:24:08",670500
29700,-650,100,"sd","11:24:06",670400
29700,-650,200,"sd","11:24:06",670300
29700,-650,200,"sd","11:24:06",670100
29700,-650,1500,"sd","11:24:06",669900
29700,-650,200,"sd","11:23:55",668400
29700,-650,200,"sd","11:23:55",668200
29700,-650,100,"sd","11:23:55",668000
29700,-650,300,"sd","11:23:55",667900
29700,-650,1500,"sd","11:23:55",667600
29700,-650,200,"sd","11:23:55",666100
29700,-650,400,"sd","11:23:48",665900
29700,-650,100,"sd","11:23:48",665500
29700,-650,200,"sd","11:23:48",665400
29700,-650,200,"sd","11:23:48",665200
29700,-650,100,"sd","11:23:48",665000
29700,-650,200,"sd","11:23:48",664900
29700,-650,200,"sd","11:23:48",664700
29700,-650,200,"sd","11:23:48",664500
29700,-650,100,"sd","11:23:48",664300
29700,-650,200,"sd","11:23:48",664200
29700,-650,300,"sd","11:23:18",664000
29700,-650,400,"sd","11:23:18",663700
29700,-650,500,"sd","11:23:18",663300
29700,-650,100,"sd","11:23:18",662800
29700,-650,600,"sd","11:23:18",662700
29750,-600,100,"sd","11:23:16",662100
29700,-650,100,"sd","11:22:48",662000
29700,-650,900,"sd","11:22:48",661900
29700,-650,900,"sd","11:22:48",661000
29700,-650,1000,"sd","11:22:29",660100
29700,-650,1800,"sd","11:22:19",659100
29750,-600,100,"sd","11:22:19",657300
29700,-650,1800,"sd","11:21:48",657200
29750,-600,100,"sd","11:21:48",655400
29700,-650,1900,"sd","11:21:18",655300
29700,-650,1800,"sd","11:20:48",653400
29750,-600,100,"sd","11:20:48",651600
29700,-650,800,"sd","11:20:18",651500
29700,-650,100,"sd","11:20:18",650700
29700,-650,1000,"sd","11:20:18",650600
29750,-600,100,"sd","11:20:10",649600
29700,-650,100,"sd","11:19:48",649500
29700,-650,100,"sd","11:19:48",649400
29700,-650,100,"sd","11:19:48",649300
29700,-650,1500,"sd","11:19:48",649200
29750,-600,100,"sd","11:19:48",647700
29700,-650,1600,"sd","11:19:18",647600
29750,-600,200,"sd","11:19:18",646000
29750,-600,100,"sd","11:19:18",645800
29700,-650,1800,"sd","11:18:48",645700
29750,-600,100,"sd","11:18:48",643900
29800,-550,100,"bu","11:18:25",643800
29800,-550,200,"sd","11:18:24",643700
29800,-550,100,"sd","11:18:18",643500
29800,-550,500,"sd","11:18:18",643400
29800,-550,1300,"sd","11:18:18",642900
29800,-550,1000,"bu","11:17:56",641600
29800,-550,700,"bu","11:17:56",640600
29800,-550,1300,"bu","11:17:56",639900
29750,-600,200,"bu","11:17:56",638600
29800,-550,500,"bu","11:17:52",638400
29800,-550,500,"bu","11:17:50",637900
29800,-550,1000,"bu","11:17:50",637400
29700,-650,100,"sd","11:17:48",636400
29700,-650,100,"sd","11:17:48",636300
29700,-650,100,"sd","11:17:48",636200
29700,-650,200,"sd","11:17:48",636100
29700,-650,200,"sd","11:17:48",635900
29700,-650,100,"sd","11:17:48",635700
29700,-650,100,"sd","11:17:48",635600
29700,-650,500,"sd","11:17:48",635500
29700,-650,400,"sd","11:17:48",635000
29750,-600,100,"sd","11:17:48",634600
29700,-650,1600,"sd","11:17:18",634500
29750,-600,100,"sd","11:17:18",632900
29750,-600,200,"sd","11:17:18",632800
29750,-600,100,"sd","11:16:47",632600
29700,-650,1800,"sd","11:16:47",632500
29700,-650,300,"sd","11:16:18",630700
29750,-600,500,"sd","11:16:18",630400
29750,-600,1000,"sd","11:16:18",629900
29750,-600,100,"sd","11:16:18",628900
29700,-650,900,"sd","11:15:47",628800
29700,-650,100,"sd","11:15:47",627900
29700,-650,200,"sd","11:15:47",627800
29700,-650,100,"sd","11:15:47",627600
29700,-650,100,"sd","11:15:47",627500
29700,-650,100,"sd","11:15:47",627400
29700,-650,300,"sd","11:15:47",627300
29750,-600,100,"sd","11:15:47",627000
29700,-650,700,"sd","11:15:17",626900
29700,-650,100,"sd","11:15:17",626200
29700,-650,800,"sd","11:15:17",626100
29750,-600,200,"sd","11:15:17",625300
29750,-600,100,"sd","11:15:17",625100
29750,-600,300,"sd","11:14:56",625000
29750,-600,200,"sd","11:14:56",624700
29750,-600,100,"sd","11:14:56",624500
29750,-600,100,"sd","11:14:47",624400
29750,-600,300,"sd","11:14:47",624300
29750,-600,700,"sd","11:14:47",624000
29750,-600,100,"sd","11:14:47",623300
29750,-600,200,"sd","11:14:47",623200
29750,-600,100,"sd","11:14:47",623000
29750,-600,200,"sd","11:14:47",622900
29750,-600,200,"sd","11:14:47",622700
29750,-600,1900,"sd","11:14:17",622500
29750,-600,1900,"sd","11:13:47",620600
29750,-600,1100,"sd","11:13:32",618700
29750,-600,200,"sd","11:13:32",617600
29750,-600,100,"sd","11:13:32",617400
29750,-600,3600,"sd","11:13:32",617300
29750,-600,1400,"sd","11:13:17",613700
29750,-600,500,"sd","11:13:17",612300
29750,-600,600,"sd","11:12:47",611800
29750,-600,400,"sd","11:12:47",611200
29750,-600,100,"sd","11:12:47",610800
29750,-600,800,"sd","11:12:47",610700
29750,-600,1500,"sd","11:12:17",609900
29800,-550,100,"sd","11:12:17",608400
29750,-600,1400,"sd","11:11:47",608300
29800,-550,200,"sd","11:11:47",606900
29800,-550,100,"sd","11:11:27",606700
29800,-550,500,"sd","11:11:27",606600
29800,-550,100,"sd","11:11:27",606100
29800,-550,1200,"sd","11:11:27",606000
29800,-550,500,"sd","11:11:21",604800
29800,-550,100,"sd","11:11:21",604300
29800,-550,300,"sd","11:11:21",604200
29800,-550,500,"sd","11:10:12",603900
29800,-550,200,"bu","11:09:11",603400
29800,-550,100,"bu","11:09:10",603200
29800,-550,400,"bu","11:09:03",603100
29800,-550,700,"sd","11:08:59",602700
29800,-550,600,"sd","11:08:59",602000
29800,-550,800,"sd","11:08:58",601400
29800,-550,800,"sd","11:08:58",600600
29800,-550,5000,"sd","11:08:48",599800
29800,-550,1000,"bu","11:08:30",594800
29800,-550,1800,"bu","11:08:30",593800
29800,-550,300,"bu","11:08:30",592000
29800,-550,200,"bu","11:08:30",591700
29800,-550,900,"bu","11:08:30",591500
29800,-550,900,"bu","11:08:27",590600
29800,-550,1800,"bu","11:08:27",589700
29800,-550,1800,"bu","11:08:27",587900
29800,-550,900,"bu","11:08:27",586100
29750,-600,300,"sd","11:08:18",585200
29800,-550,100,"bu","11:07:07",584900
29750,-600,1000,"bu","11:06:38",584800
29700,-650,200,"sd","11:06:36",583800
29700,-650,300,"sd","11:06:36",583600
29700,-650,1000,"sd","11:06:36",583300
29700,-650,1400,"sd","11:06:36",582300
29750,-600,300,"bu","11:06:33",580900
29750,-600,2000,"bu","11:06:30",580600
29750,-600,100,"bu","11:05:48",578600
29700,-650,2500,"sd","11:05:39",578500
29750,-600,100,"bu","11:05:27",576000
29750,-600,100,"bu","11:05:13",575900
29750,-600,1000,"bu","11:05:05",575800
29750,-600,300,"bu","11:04:33",574800
29750,-600,1100,"bu","11:04:24",574500
29750,-600,900,"bu","11:04:24",573400
29750,-600,100,"bu","11:03:35",572500
29700,-650,100,"sd","11:03:12",572400
29750,-600,400,"sd","11:03:12",572300
29750,-600,500,"sd","11:03:12",571900
29750,-600,500,"sd","11:03:12",571400
29750,-600,1500,"sd","11:03:11",570900
29800,-550,100,"bu","11:03:07",569400
29750,-600,300,"sd","11:03:01",569300
29750,-600,100,"sd","11:03:01",569000
29750,-600,300,"sd","11:03:01",568900
29750,-600,500,"sd","11:03:01",568600
29750,-600,600,"sd","11:03:01",568100
29750,-600,100,"sd","11:02:55",567500
29750,-600,2900,"sd","11:02:55",567400
29800,-550,100,"bu","11:01:14",564500
29750,-600,2100,"sd","11:00:55",564400
29750,-600,400,"sd","11:00:55",562300
29750,-600,1000,"sd","11:00:45",561900
29800,-550,300,"bu","11:00:31",560900
29800,-550,100,"bu","11:00:18",560600
29750,-600,600,"sd","11:00:10",560500
29750,-600,100,"sd","11:00:10",559900
29750,-600,1100,"sd","11:00:10",559800
29750,-600,500,"sd","11:00:06",558700
29750,-600,300,"sd","10:59:59",558200
29800,-550,300,"bu","10:59:02",557900
29800,-550,100,"bu","10:58:57",557600
29750,-600,400,"sd","10:58:56",557500
29750,-600,600,"sd","10:58:56",557100
29750,-600,100,"sd","10:58:56",556500
29750,-600,1400,"sd","10:58:56",556400
29750,-600,600,"sd","10:58:05",555000
29750,-600,4800,"sd","10:57:18",554400
29800,-550,100,"sd","10:56:20",549600
29800,-550,100,"sd","10:56:06",549500
29800,-550,100,"sd","10:56:06",549400
29800,-550,1000,"sd","10:55:50",549300
29800,-550,900,"sd","10:55:20",548300
29850,-500,300,"bu","10:55:13",547400
29850,-500,400,"bu","10:55:11",547100
29850,-500,100,"bu","10:55:11",546700
29850,-500,100,"bu","10:55:11",546600
29850,-500,1400,"bu","10:55:11",546500
29800,-550,100,"bu","10:55:00",545100
29800,-550,100,"bu","10:54:52",545000
29800,-550,700,"bu","10:54:51",544900
29800,-550,100,"bu","10:53:53",544200
29800,-550,800,"bu","10:53:50",544100
29800,-550,300,"bu","10:52:53",543300
29800,-550,200,"bu","10:52:48",543000
29800,-550,2000,"bu","10:52:48",542800
29800,-550,100,"bu","10:52:48",540800
29750,-600,2300,"sd","10:51:39",540700
29750,-600,900,"sd","10:51:32",538400
29750,-600,200,"sd","10:51:32",537500
29750,-600,200,"sd","10:51:32",537300
29750,-600,1000,"sd","10:51:32",537100
29750,-600,300,"sd","10:51:06",536100
29750,-600,200,"sd","10:49:59",535800
29750,-600,200,"sd","10:49:59",535600
29750,-600,100,"sd","10:49:59",535400
29750,-600,500,"sd","10:49:56",535300
29750,-600,500,"sd","10:49:56",534800
29750,-600,2500,"sd","10:49:46",534300
29750,-600,2000,"sd","10:49:46",531800
29750,-600,200,"sd","10:49:46",529800
29750,-600,1000,"sd","10:49:46",529600
29750,-600,2500,"sd","10:49:46",528600
29750,-600,1800,"sd","10:49:46",526100
29800,-550,100,"bu","10:48:48",524300
29800,-550,200,"bu","10:48:12",524200
29800,-550,100,"sd","10:48:07",524000
29800,-550,300,"sd","10:48:07",523900
29800,-550,1000,"sd","10:48:07",523600
29800,-550,100,"sd","10:48:07",522600
29800,-550,400,"sd","10:48:07",522500
29800,-550,800,"sd","10:47:49",522100
29800,-550,800,"sd","10:47:19",521300
29800,-550,100,"bu","10:46:54",520500
29800,-550,300,"bu","10:46:52",520400
29800,-550,100,"sd","10:46:48",520100
29800,-550,100,"sd","10:46:48",520000
29800,-550,200,"sd","10:46:48",519900
29800,-550,800,"bu","10:46:22",519700
29800,-550,200,"bu","10:45:06",518900
29800,-550,100,"sd","10:44:48",518700
29800,-550,100,"bu","10:44:47",518600
29800,-550,700,"sd","10:44:18",518500
29800,-550,300,"bu","10:44:04",517800
29800,-550,500,"sd","10:43:48",517500
29800,-550,500,"bu","10:43:28",517000
29800,-550,300,"bu","10:43:18",516500
29800,-550,400,"bu","10:43:18",516200
29800,-550,300,"bu","10:43:18",515800
29800,-550,1500,"bu","10:42:33",515500
29800,-550,100,"bu","10:42:33",514000
29800,-550,900,"bu","10:42:33",513900
29800,-550,1000,"bu","10:42:33",513000
29800,-550,500,"bu","10:42:33",512000
29800,-550,1800,"bu","10:42:04",511500
29800,-550,100,"bu","10:41:52",509700
29750,-600,100,"sd","10:41:49",509600
29750,-600,500,"sd","10:41:44",509500
29750,-600,2600,"sd","10:41:36",509000
29750,-600,500,"sd","10:41:36",506400
29750,-600,100,"sd","10:41:36",505900
29750,-600,1800,"sd","10:41:36",505800
29750,-600,100,"sd","10:40:33",504000
29750,-600,100,"bu","10:40:14",503900
29750,-600,100,"sd","10:40:00",503800
29750,-600,100,"sd","10:40:00",503700
29750,-600,5000,"sd","10:40:00",503600
29750,-600,300,"sd","10:40:00",498600
29750,-600,100,"sd","10:40:00",498300
29750,-600,100,"sd","10:40:00",498200
29750,-600,100,"sd","10:40:00",498100
29750,-600,100,"sd","10:40:00",498000
29750,-600,300,"sd","10:40:00",497900
29750,-600,200,"sd","10:40:00",497600
29800,-550,100,"bu","10:39:36",497400
29800,-550,200,"bu","10:39:32",497300
29800,-550,700,"sd","10:37:47",497100
29800,-550,700,"bu","10:37:35",496400
29800,-550,600,"bu","10:37:35",495700
29800,-550,100,"bu","10:37:13",495100
29800,-550,200,"bu","10:36:50",495000
29800,-550,100,"bu","10:36:23",494800
29750,-600,200,"sd","10:35:56",494700
29750,-600,5000,"sd","10:35:45",494500
29800,-550,100,"sd","10:35:26",489500
29800,-550,200,"sd","10:35:26",489400
29800,-550,1500,"sd","10:35:26",489200
29800,-550,700,"sd","10:35:16",487700
29800,-550,1000,"sd","10:35:02",487000
29800,-550,700,"sd","10:34:46",486000
29850,-500,200,"bu","10:34:41",485300
29800,-550,700,"sd","10:34:16",485100
29850,-500,400,"bu","10:34:16",484400
29800,-550,400,"sd","10:33:46",484000
29800,-550,300,"sd","10:33:46",483600
29800,-550,700,"bu","10:33:18",483300
29800,-550,100,"bu","10:32:37",482600
29800,-550,100,"bu","10:32:34",482500
29800,-550,100,"bu","10:32:34",482400
29800,-550,500,"bu","10:32:31",482300
29800,-550,400,"bu","10:32:28",481800
29800,-550,1200,"bu","10:32:28",481400
29800,-550,100,"bu","10:32:10",480200
29750,-600,200,"sd","10:32:00",480100
29750,-600,2400,"sd","10:31:50",479900
29750,-600,1000,"sd","10:31:50",477500
29750,-600,1000,"sd","10:31:50",476500
29750,-600,100,"sd","10:31:50",475500
29750,-600,200,"sd","10:31:50",475400
29750,-600,300,"sd","10:31:50",475200
29800,-550,700,"bu","10:31:47",474900
29800,-550,6100,"bu","10:31:46",474200
29800,-550,400,"bu","10:31:30",468100
29800,-550,700,"bu","10:31:23",467700
29800,-550,400,"bu","10:31:21",467000
29800,-550,400,"bu","10:31:12",466600
29800,-550,100,"bu","10:30:55",466200
29750,-600,100,"sd","10:30:20",466100
29750,-600,300,"sd","10:30:20",466000
29750,-600,200,"sd","10:30:20",465700
29800,-550,100,"bu","10:30:20",465500
29800,-550,400,"sd","10:30:18",465400
29800,-550,500,"sd","10:30:18",465000
29800,-550,100,"sd","10:30:18",464500
29800,-550,2000,"sd","10:30:18",464400
29800,-550,1000,"sd","10:30:18",462400
29800,-550,300,"sd","10:30:18",461400
29800,-550,500,"sd","10:30:18",461100
29800,-550,500,"sd","10:30:18",460600
29800,-550,5000,"sd","10:30:18",460100
29800,-550,200,"sd","10:30:18",455100
29800,-550,1300,"sd","10:30:18",454900
29800,-550,700,"sd","10:30:15",453600
29800,-550,800,"sd","10:30:10",452900
29800,-550,1200,"sd","10:30:00",452100
29800,-550,200,"sd","10:30:00",450900
29800,-550,600,"sd","10:30:00",450700
29800,-550,100,"sd","10:30:00",450100
29800,-550,100,"sd","10:30:00",450000
29800,-550,300,"sd","10:30:00",449900
29800,-550,400,"sd","10:30:00",449600
29800,-550,200,"sd","10:30:00",449200
29800,-550,3600,"sd","10:30:00",449000
29800,-550,500,"sd","10:30:00",445400
29850,-500,2000,"sd","10:30:00",444900
29800,-550,500,"sd","10:30:00",442900
29850,-500,2000,"sd","10:30:00",442400
29800,-550,100,"sd","10:30:00",440400
29850,-500,1000,"sd","10:30:00",440300
29800,-550,100,"sd","10:30:00",439300
29850,-500,200,"sd","10:30:00",439200
29800,-550,100,"sd","10:30:00",439000
29850,-500,300,"sd","10:30:00",438900
29800,-550,600,"sd","10:30:00",438600
29800,-550,100,"sd","10:30:00",438000
29800,-550,100,"sd","10:30:00",437900
29800,-550,500,"sd","10:30:00",437800
29800,-550,300,"sd","10:30:00",437300
29800,-550,1500,"sd","10:30:00",437000
29800,-550,300,"sd","10:30:00",435500
29800,-550,100,"sd","10:30:00",435200
29850,-500,100,"sd","10:29:45",435100
29850,-500,600,"sd","10:29:45",435000
29900,-450,200,"bu","10:29:20",434400
29850,-500,700,"sd","10:29:15",434200
29850,-500,400,"sd","10:29:12",433500
29850,-500,400,"sd","10:29:02",433100
29850,-500,700,"sd","10:28:45",432700
29850,-500,700,"sd","10:28:15",432000
29800,-550,600,"sd","10:27:45",431300
29850,-500,100,"sd","10:27:45",430700
29800,-550,700,"sd","10:27:14",430600
29800,-550,200,"sd","10:26:50",429900
29800,-550,3600,"sd","10:26:47",429700
29850,-500,1400,"sd","10:26:47",426100
29850,-500,600,"sd","10:26:44",424700
29850,-500,100,"sd","10:26:44",424100
29800,-550,700,"sd","10:26:14",424000
29800,-550,700,"sd","10:25:44",423300
29850,-500,100,"bu","10:25:36",422600
29850,-500,700,"bu","10:25:19",422500
29800,-550,700,"sd","10:25:14",421800
29850,-500,100,"bu","10:25:02",421100
29850,-500,100,"bu","10:24:58",421000
29800,-550,100,"sd","10:24:44",420900
29800,-550,400,"sd","10:24:44",420800
29800,-550,200,"sd","10:24:44",420400
29800,-550,700,"sd","10:24:14",420200
29800,-550,700,"sd","10:23:44",419500
29800,-550,600,"sd","10:23:14",418800
29850,-500,100,"sd","10:23:14",418200
29800,-550,700,"sd","10:22:43",418100
29800,-550,300,"sd","10:22:13",417400
29800,-550,100,"sd","10:22:13",417100
29800,-550,200,"sd","10:22:13",417000
29850,-500,100,"sd","10:22:13",416800
29850,-500,200,"sd","10:21:43",416700
29850,-500,500,"sd","10:21:43",416500
29850,-500,700,"sd","10:21:13",416000
29850,-500,700,"sd","10:20:43",415300
29850,-500,100,"sd","10:20:30",414600
29800,-550,700,"sd","10:20:13",414500
29800,-550,100,"sd","10:19:43",413800
29800,-550,100,"sd","10:19:43",413700
29800,-550,200,"sd","10:19:43",413600
29800,-550,200,"sd","10:19:43",413400
29800,-550,100,"sd","10:19:43",413200
29850,-500,400,"bu","10:19:27",413100
29850,-500,100,"bu","10:19:19",412700
29800,-550,700,"sd","10:19:13",412600
29800,-550,100,"sd","10:18:50",411900
29800,-550,200,"sd","10:18:43",411800
29800,-550,100,"sd","10:18:43",411600
29800,-550,200,"sd","10:18:43",411500
29800,-550,100,"sd","10:18:43",411300
29800,-550,100,"sd","10:18:43",411200
29850,-500,100,"bu","10:18:28",411100
29850,-500,100,"bu","10:18:26",411000
29800,-550,200,"sd","10:18:20",410900
29850,-500,100,"sd","10:18:16",410700
29800,-550,5000,"sd","10:18:14",410600
29800,-550,400,"sd","10:18:13",405600
29850,-500,300,"sd","10:18:13",405200
29800,-550,100,"sd","10:17:43",404900
29850,-500,100,"sd","10:17:43",404800
29850,-500,500,"sd","10:17:43",404700
29850,-500,700,"sd","10:17:13",404200
29850,-500,100,"sd","10:17:09",403500
29850,-500,200,"bu","10:17:09",403400
29850,-500,500,"bu","10:17:06",403200
29850,-500,100,"bu","10:17:01",402700
29800,-550,200,"sd","10:17:00",402600
29850,-500,1000,"bu","10:16:59",402400
29850,-500,2200,"sd","10:16:54",401400
29850,-500,800,"bu","10:16:54",399200
29800,-550,200,"sd","10:16:50",398400
29850,-500,200,"bu","10:16:49",398200
29850,-500,1000,"bu","10:16:49",398000
29850,-500,800,"bu","10:16:49",397000
29850,-500,2000,"bu","10:16:47",396200
29800,-550,300,"sd","10:16:43",394200
29800,-550,100,"sd","10:16:43",393900
29800,-550,100,"sd","10:16:42",393800
29800,-550,200,"sd","10:16:42",393700
29800,-550,100,"sd","10:16:40",393500
29850,-500,2000,"bu","10:16:36",393400
29800,-550,100,"sd","10:16:20",391400
29850,-500,1000,"bu","10:16:19",391300
29800,-550,700,"sd","10:16:12",390300
29850,-500,600,"bu","10:16:11",389600
29850,-500,1000,"bu","10:16:04",389000
29800,-550,1000,"sd","10:15:57",388000
29800,-550,100,"sd","10:15:50",387000
29800,-550,2000,"sd","10:15:44",386900
29800,-550,700,"sd","10:15:42",384900
29800,-550,300,"sd","10:15:35",384200
29800,-550,100,"sd","10:15:35",383900
29800,-550,500,"sd","10:15:35",383800
29800,-550,100,"sd","10:15:35",383300
29800,-550,700,"sd","10:15:12",383200
29850,-500,100,"bu","10:14:56",382500
29800,-550,200,"sd","10:14:42",382400
29800,-550,100,"sd","10:14:42",382200
29800,-550,200,"sd","10:14:42",382100
29800,-550,100,"sd","10:14:42",381900
29800,-550,100,"sd","10:14:42",381800
29800,-550,100,"sd","10:14:31",381700
29800,-550,200,"sd","10:14:31",381600
29800,-550,300,"sd","10:14:31",381400
29800,-550,100,"sd","10:14:31",381100
29800,-550,300,"sd","10:14:31",381000
29800,-550,1000,"sd","10:14:24",380700
29800,-550,700,"sd","10:14:12",379700
29800,-550,200,"sd","10:13:50",379000
29850,-500,100,"sd","10:13:48",378800
29850,-500,2000,"sd","10:13:48",378700
29850,-500,100,"sd","10:13:48",376700
29850,-500,3000,"sd","10:13:48",376600
29850,-500,700,"sd","10:13:42",373600
29850,-500,700,"sd","10:13:12",372900
29850,-500,700,"sd","10:12:41",372200
29850,-500,300,"sd","10:12:40",371500
29850,-500,4600,"sd","10:12:32",371200
29850,-500,300,"sd","10:12:32",366600
29850,-500,500,"sd","10:12:32",366300
29850,-500,1200,"sd","10:12:32",365800
29850,-500,700,"sd","10:12:12",364600
29850,-500,500,"sd","10:12:00",363900
29850,-500,600,"sd","10:11:52",363400
29850,-500,600,"sd","10:11:52",362800
29850,-500,300,"sd","10:11:52",362200
29850,-500,100,"sd","10:11:52",361900
29850,-500,500,"sd","10:11:52",361800
29850,-500,2500,"sd","10:11:52",361300
29850,-500,800,"sd","10:11:52",358800
29850,-500,100,"sd","10:11:52",358000
29850,-500,100,"sd","10:11:51",357900
29850,-500,3000,"sd","10:11:51",357800
29850,-500,1400,"sd","10:11:51",354800
29850,-500,700,"sd","10:11:41",353400
29850,-500,200,"sd","10:11:23",352700
29850,-500,700,"sd","10:11:11",352500
29850,-500,200,"sd","10:11:08",351800
29850,-500,500,"sd","10:11:08",351600
29850,-500,500,"sd","10:11:08",351100
29850,-500,500,"sd","10:11:08",350600
29850,-500,100,"sd","10:11:08",350100
29850,-500,900,"sd","10:10:57",350000
29850,-500,100,"sd","10:10:57",349100
29850,-500,100,"sd","10:10:57",349000
29850,-500,100,"sd","10:10:57",348900
29850,-500,600,"sd","10:10:57",348800
29850,-500,400,"sd","10:10:40",348200
29850,-500,100,"sd","10:10:40",347800
29850,-500,200,"sd","10:10:40",347700
29850,-500,700,"sd","10:10:10",347500
29900,-450,200,"sd","10:09:50",346800
29900,-450,200,"sd","10:09:40",346600
29900,-450,100,"sd","10:09:40",346400
29900,-450,400,"sd","10:09:40",346300
29900,-450,2600,"sd","10:09:40",345900
29900,-450,100,"sd","10:09:40",343300
29900,-450,1000,"sd","10:09:40",343200
29900,-450,1300,"sd","10:09:40",342200
29900,-450,700,"sd","10:09:10",340900
29900,-450,700,"sd","10:08:40",340200
29900,-450,700,"sd","10:08:10",339500
29900,-450,1600,"sd","10:08:03",338800
29900,-450,200,"sd","10:08:03",337200
29900,-450,300,"sd","10:07:40",337000
29900,-450,100,"sd","10:07:40",336700
29900,-450,300,"sd","10:07:40",336600
29900,-450,700,"sd","10:07:10",336300
29900,-450,700,"sd","10:06:40",335600
29900,-450,300,"sd","10:06:10",334900
29900,-450,200,"sd","10:06:10",334600
29900,-450,400,"sd","10:06:10",334400
29900,-450,100,"sd","10:06:10",334000
29900,-450,100,"sd","10:06:09",333900
29900,-450,200,"sd","10:06:09",333800
29900,-450,1000,"sd","10:06:09",333600
29900,-450,2000,"sd","10:06:09",332600
29900,-450,1000,"sd","10:06:09",330600
29900,-450,500,"sd","10:06:09",329600
29900,-450,100,"sd","10:06:09",329100
29900,-450,100,"sd","10:06:09",329000
29900,-450,1100,"sd","10:06:07",328900
29900,-450,700,"sd","10:06:07",327800
29900,-450,100,"sd","10:05:50",327100
29900,-450,500,"sd","10:05:45",327000
29900,-450,900,"sd","10:05:45",326500
29900,-450,400,"sd","10:05:45",325600
29900,-450,100,"sd","10:05:40",325200
29900,-450,400,"sd","10:05:40",325100
29950,-400,100,"sd","10:05:40",324700
29950,-400,200,"sd","10:05:40",324600
29950,-400,500,"sd","10:05:38",324400
29950,-400,1800,"sd","10:05:37",323900
29950,-400,100,"sd","10:05:30",322100
29950,-400,1800,"sd","10:05:29",322000
29950,-400,600,"sd","10:05:20",320200
29950,-400,1200,"sd","10:05:20",319600
29950,-400,100,"sd","10:05:10",318400
29950,-400,700,"sd","10:05:10",318300
29950,-400,400,"bu","10:05:09",317600
29950,-400,100,"sd","10:05:04",317200
29950,-400,1500,"sd","10:05:04",317100
29950,-400,500,"sd","10:05:00",315600
29950,-400,500,"sd","10:04:55",315100
29950,-400,1200,"sd","10:04:55",314600
29950,-400,1000,"sd","10:04:55",313400
29950,-400,1200,"sd","10:04:55",312400
29950,-400,500,"sd","10:04:55",311200
29950,-400,100,"sd","10:04:55",310700
29950,-400,400,"sd","10:04:55",310600
29950,-400,2400,"sd","10:04:55",310200
29950,-400,2700,"sd","10:04:55",307800
30000,-350,500,"bu","10:04:55",305100
29950,-400,700,"sd","10:04:40",304600
30000,-350,100,"bu","10:04:34",303900
29950,-400,700,"sd","10:04:09",303800
30000,-350,1200,"bu","10:03:54",303100
29950,-400,700,"sd","10:03:39",301900
30000,-350,1200,"bu","10:03:17",301200
29950,-400,100,"sd","10:03:10",300000
29950,-400,100,"sd","10:03:09",299900
29950,-400,600,"sd","10:03:09",299800
30000,-350,1200,"sd","10:03:07",299200
30000,-350,800,"sd","10:03:07",298000
30000,-350,700,"sd","10:02:39",297200
30000,-350,500,"bu","10:02:37",296500
29950,-400,700,"sd","10:02:09",296000
29950,-400,700,"sd","10:01:39",295300
29950,-400,400,"sd","10:01:09",294600
29950,-400,100,"sd","10:01:09",294200
30000,-350,200,"sd","10:01:09",294100
30000,-350,100,"sd","10:01:00",293900
30000,-350,1700,"sd","10:00:59",293800
30000,-350,300,"sd","10:00:59",292100
30000,-350,200,"sd","10:00:38",291800
30000,-350,500,"sd","10:00:38",291600
30000,-350,500,"bu","10:00:26",291100
29950,-400,400,"sd","10:00:09",290600
30000,-350,300,"sd","10:00:09",290200
30000,-350,200,"bu","10:00:04",289900
30000,-350,800,"bu","09:59:59",289700
30000,-350,400,"bu","09:59:59",288900
30000,-350,100,"bu","09:59:57",288500
30000,-350,400,"bu","09:59:56",288400
29950,-400,700,"sd","09:59:39",288000
29900,-450,200,"sd","09:59:10",287300
29900,-450,100,"sd","09:59:09",287100
29950,-400,600,"sd","09:59:09",287000
29950,-400,2100,"bu","09:59:07",286400
29950,-400,1200,"sd","09:59:04",284300
29950,-400,1200,"sd","09:59:04",283100
29950,-400,500,"sd","09:59:04",281900
29950,-400,100,"sd","09:58:38",281400
29950,-400,600,"sd","09:58:38",281300
29950,-400,100,"sd","09:58:20",280700
29950,-400,500,"sd","09:58:08",280600
29950,-400,200,"sd","09:58:08",280100
30000,-350,100,"bu","09:57:58",279900
30000,-350,400,"bu","09:57:58",279800
30000,-350,500,"bu","09:57:50",279400
30000,-350,100,"bu","09:57:45",278900
29950,-400,700,"sd","09:57:38",278800
29950,-400,100,"sd","09:57:20",278100
30000,-350,500,"bu","09:57:18",278000
30000,-350,600,"bu","09:57:18",277500
30000,-350,100,"bu","09:57:18",276900
30000,-350,600,"bu","09:57:15",276800
30000,-350,500,"bu","09:57:15",276200
30000,-350,500,"bu","09:57:15",275700
29900,-450,200,"sd","09:57:10",275200
29950,-400,100,"sd","09:57:10",275000
29950,-400,100,"sd","09:57:08",274900
29950,-400,500,"sd","09:57:08",274800
29950,-400,100,"sd","09:57:08",274300
30000,-350,3000,"bu","09:57:07",274200
30000,-350,300,"bu","09:57:07",271200
30000,-350,1700,"bu","09:57:07",270900
30000,-350,1000,"bu","09:57:04",269200
30000,-350,300,"bu","09:57:04",268200
30000,-350,200,"bu","09:57:04",267900
30000,-350,200,"bu","09:56:49",267700
29950,-400,700,"sd","09:56:38",267500
30000,-350,200,"bu","09:56:37",266800
29950,-400,200,"bu","09:56:31",266600
29950,-400,100,"bu","09:56:27",266400
29950,-400,200,"bu","09:56:24",266300
29950,-400,300,"bu","09:56:24",266100
29900,-450,600,"sd","09:56:08",265800
29900,-450,100,"sd","09:56:08",265200
29900,-450,600,"sd","09:55:38",265100
29900,-450,100,"sd","09:55:38",264500
29950,-400,200,"bu","09:55:22",264400
29900,-450,700,"sd","09:55:08",264200
29950,-400,500,"bu","09:54:45",263500
29900,-450,700,"sd","09:54:37",263000
29950,-400,500,"bu","09:54:29",262300
29900,-450,500,"sd","09:54:07",261800
29900,-450,200,"sd","09:54:07",261300
29850,-500,200,"sd","09:53:38",261100
29900,-450,500,"sd","09:53:38",260900
29900,-450,700,"bu","09:53:36",260400
29900,-450,1500,"bu","09:53:29",259700
29900,-450,1200,"bu","09:53:18",258200
29850,-500,300,"sd","09:53:10",257000
29900,-450,1200,"bu","09:53:08",256700
29850,-500,600,"sd","09:53:07",255500
29850,-500,100,"sd","09:53:07",254900
29900,-450,1200,"bu","09:53:06",254800
29900,-450,1200,"bu","09:53:06",253600
29900,-450,100,"bu","09:53:03",252400
29900,-450,100,"sd","09:53:02",252300
29900,-450,1200,"sd","09:53:02",252200
29900,-450,1200,"sd","09:53:02",251000
29900,-450,400,"sd","09:53:02",249800
29950,-400,500,"bu","09:52:59",249400
29850,-500,300,"sd","09:52:37",248900
29900,-450,400,"sd","09:52:37",248600
29900,-450,100,"bu","09:52:25",248200
29900,-450,100,"bu","09:52:14",248100
29900,-450,300,"sd","09:52:12",248000
29900,-450,700,"sd","09:52:07",247700
29900,-450,200,"sd","09:52:04",247000
29900,-450,100,"sd","09:52:04",246800
29900,-450,100,"sd","09:52:04",246700
29900,-450,600,"sd","09:52:04",246600
29900,-450,200,"sd","09:52:00",246000
29900,-450,4000,"sd","09:51:59",245800
29900,-450,200,"sd","09:51:37",241800
29900,-450,500,"sd","09:51:37",241600
29900,-450,500,"bu","09:51:32",241100
29850,-500,600,"sd","09:51:28",240600
29850,-500,100,"sd","09:51:28",240000
29850,-500,300,"sd","09:51:28",239900
29850,-500,300,"sd","09:51:28",239600
29850,-500,100,"sd","09:51:28",239300
29850,-500,400,"sd","09:51:28",239200
29850,-500,200,"sd","09:51:10",238800
29850,-500,400,"sd","09:51:08",238600
29850,-500,200,"sd","09:51:08",238200
29850,-500,100,"sd","09:51:08",238000
29850,-500,100,"sd","09:51:08",237900
29850,-500,200,"sd","09:51:08",237800
29850,-500,100,"sd","09:51:08",237600
29900,-450,700,"bu","09:51:08",237500
29900,-450,500,"bu","09:51:07",236800
29900,-450,900,"bu","09:51:07",236300
29900,-450,1000,"bu","09:51:07",235400
29850,-500,700,"sd","09:51:07",234400
29850,-500,700,"sd","09:50:37",233700
29850,-500,100,"sd","09:50:30",233000
29900,-450,2500,"bu","09:50:24",232900
29850,-500,100,"sd","09:50:20",230400
29900,-450,100,"bu","09:50:15",230300
29900,-450,500,"sd","09:50:14",230200
29900,-450,500,"sd","09:50:14",229700
29900,-450,500,"sd","09:50:14",229200
29900,-450,100,"sd","09:50:14",228700
29900,-450,100,"sd","09:50:14",228600
29900,-450,500,"sd","09:50:14",228500
29900,-450,100,"sd","09:50:14",228000
29900,-450,200,"sd","09:50:14",227900
29900,-450,700,"sd","09:50:07",227700
29900,-450,700,"sd","09:49:37",227000
29900,-450,100,"sd","09:49:06",226300
29900,-450,100,"sd","09:49:06",226200
29900,-450,500,"sd","09:49:06",226100
29900,-450,100,"sd","09:48:36",225600
29900,-450,300,"sd","09:48:36",225500
29900,-450,100,"sd","09:48:36",225200
29900,-450,200,"sd","09:48:36",225100
29900,-450,500,"sd","09:48:34",224900
29900,-450,300,"sd","09:48:29",224400
29900,-450,500,"sd","09:48:29",224100
29900,-450,600,"sd","09:48:21",223600
29900,-450,700,"sd","09:48:06",223000
29900,-450,200,"sd","09:48:05",222300
29900,-450,700,"sd","09:47:36",222100
29900,-450,600,"sd","09:47:06",221400
29900,-450,600,"sd","09:46:36",220800
29900,-450,200,"sd","09:46:14",220200
29900,-450,900,"bu","09:46:12",220000
29850,-500,600,"sd","09:46:06",219100
29850,-500,300,"sd","09:45:36",218500
29850,-500,300,"sd","09:45:36",218200
29900,-450,200,"bu","09:45:25",217900
29900,-450,100,"bu","09:45:24",217700
29900,-450,1000,"sd","09:45:14",217600
29900,-450,100,"sd","09:45:14",216600
29900,-450,500,"sd","09:45:14",216500
29900,-450,2000,"sd","09:45:14",216000
29900,-450,100,"sd","09:45:14",214000
29900,-450,100,"sd","09:45:14",213900
29900,-450,600,"sd","09:45:06",213800
29900,-450,1000,"sd","09:44:50",213200
29900,-450,600,"sd","09:44:36",212200
29900,-450,200,"sd","09:44:06",211600
29900,-450,100,"sd","09:44:06",211400
29900,-450,100,"sd","09:44:05",211300
29900,-450,100,"sd","09:44:05",211200
29900,-450,100,"sd","09:44:05",211100
30000,-350,400,"bu","09:43:57",211000
30000,-350,1000,"bu","09:43:57",210600
30000,-350,2600,"bu","09:43:57",209600
29900,-450,600,"sd","09:43:36",207000
29900,-450,300,"sd","09:43:06",206400
29900,-450,100,"sd","09:43:06",206100
29900,-450,200,"sd","09:43:06",206000
29900,-450,400,"sd","09:42:45",205800
29900,-450,400,"sd","09:42:36",205400
29900,-450,100,"sd","09:42:35",205000
29900,-450,100,"sd","09:42:35",204900
29900,-450,200,"sd","09:42:05",204800
29950,-400,100,"sd","09:42:05",204600
29950,-400,300,"sd","09:42:05",204500
29950,-400,400,"sd","09:41:40",204200
29900,-450,100,"sd","09:41:35",203800
29950,-400,100,"sd","09:41:35",203700
29950,-400,400,"sd","09:41:35",203600
29950,-400,600,"sd","09:41:05",203200
30000,-350,200,"bu","09:40:56",202600
30000,-350,1200,"bu","09:40:40",202400
30000,-350,200,"bu","09:40:40",201200
30000,-350,500,"bu","09:40:40",201000
30000,-350,100,"bu","09:40:40",200500
29900,-450,400,"sd","09:40:35",200400
29900,-450,200,"sd","09:40:35",200000
29900,-450,600,"sd","09:40:05",199800
30000,-350,100,"bu","09:40:00",199200
30000,-350,400,"bu","09:40:00",199100
30000,-350,100,"bu","09:39:37",198700
29900,-450,200,"sd","09:39:35",198600
29900,-450,700,"sd","09:39:35",198400
30000,-350,700,"bu","09:39:35",197700
30000,-350,1300,"bu","09:39:35",197000
29900,-450,400,"sd","09:39:35",195700
29950,-400,200,"sd","09:39:35",195300
30000,-350,500,"bu","09:39:16",195100
29900,-450,600,"sd","09:39:05",194600
29900,-450,100,"sd","09:38:35",194000
29950,-400,500,"sd","09:38:35",193900
29900,-450,600,"sd","09:38:05",193400
29900,-450,600,"sd","09:37:54",192800
29900,-450,600,"sd","09:37:35",192200
29900,-450,100,"sd","09:37:32",191600
29900,-450,9700,"sd","09:37:16",191500
29950,-400,300,"sd","09:37:16",181800
29900,-450,300,"sd","09:37:04",181500
29950,-400,300,"sd","09:37:04",181200
29900,-450,900,"sd","09:36:58",180900
29900,-450,200,"sd","09:36:58",180000
29900,-450,800,"sd","09:36:58",179800
29900,-450,100,"sd","09:36:58",179000
29950,-400,400,"sd","09:36:49",178900
29950,-400,600,"sd","09:36:34",178500
29950,-400,100,"sd","09:36:04",177900
29950,-400,500,"sd","09:36:04",177800
29950,-400,500,"sd","09:35:42",177300
29950,-400,100,"sd","09:35:41",176800
29950,-400,400,"sd","09:35:41",176700
29950,-400,600,"sd","09:35:34",176300
29950,-400,300,"sd","09:35:18",175700
29950,-400,600,"sd","09:35:04",175400
29950,-400,100,"bu","09:34:55",174800
29900,-450,600,"sd","09:34:34",174700
29950,-400,100,"bu","09:34:19",174100
29900,-450,300,"sd","09:34:04",174000
29900,-450,200,"sd","09:34:04",173700
29900,-450,100,"sd","09:34:04",173500
29900,-450,300,"sd","09:33:55",173400
29900,-450,800,"sd","09:33:55",173100
29900,-450,200,"sd","09:33:34",172300
29900,-450,400,"sd","09:33:34",172100
29900,-450,4600,"bu","09:33:15",171700
29850,-500,600,"sd","09:33:04",167100
29900,-450,1000,"bu","09:32:55",166500
29900,-450,100,"unknown","09:32:55",165500
29900,-450,600,"sd","09:32:34",165400
29900,-450,100,"sd","09:32:04",164800
29900,-450,100,"sd","09:32:04",164700
29900,-450,100,"sd","09:32:04",164600
29900,-450,300,"sd","09:32:04",164500
29900,-450,600,"sd","09:31:34",164200
29950,-400,100,"bu","09:31:30",163600
29850,-500,600,"sd","09:31:03",163500
29950,-400,900,"bu","09:31:01",162900
29900,-450,100,"unknown","09:31:01",162000
29900,-450,300,"sd","09:30:58",161900
29900,-450,600,"sd","09:30:58",161600
29900,-450,400,"sd","09:30:33",161000
29900,-450,200,"sd","09:30:33",160600
29850,-500,200,"sd","09:30:03",160400
29900,-450,400,"sd","09:30:03",160200
29950,-400,500,"bu","09:29:50",159800
29900,-450,600,"bu","09:29:49",159300
29850,-500,1000,"sd","09:29:48",158700
29850,-500,2300,"bu","09:29:38",157700
29800,-550,1500,"sd","09:29:33",155400
29800,-550,300,"sd","09:29:33",153900
29800,-550,300,"sd","09:29:33",153600
29850,-500,1000,"sd","09:29:24",153300
29850,-500,100,"sd","09:29:24",152300
29850,-500,1600,"sd","09:29:24",152200
29850,-500,200,"sd","09:29:09",150600
29850,-500,200,"sd","09:29:03",150400
29850,-500,200,"sd","09:29:03",150200
29850,-500,200,"sd","09:29:03",150000
29900,-450,400,"sd","09:29:00",149800
29900,-450,500,"sd","09:28:38",149400
29900,-450,100,"sd","09:28:38",148900
29900,-450,200,"sd","09:28:38",148800
29900,-450,200,"sd","09:28:38",148600
29900,-450,200,"sd","09:28:38",148400
29900,-450,100,"sd","09:28:38",148200
29900,-450,500,"sd","09:28:38",148100
29900,-450,100,"sd","09:28:38",147600
29900,-450,100,"sd","09:28:38",147500
29900,-450,2000,"sd","09:28:38",147400
29900,-450,5000,"sd","09:28:38",145400
29900,-450,1000,"sd","09:28:38",140400
29900,-450,600,"sd","09:28:33",139400
29950,-400,1400,"sd","09:28:25",138800
29950,-400,600,"sd","09:28:23",137400
29950,-400,300,"sd","09:28:23",136800
29950,-400,700,"sd","09:28:18",136500
29950,-400,100,"sd","09:28:18",135800
29950,-400,1100,"sd","09:28:18",135700
29950,-400,300,"sd","09:28:03",134600
29950,-400,300,"sd","09:28:03",134300
30000,-350,1000,"sd","09:27:54",134000
30000,-350,200,"sd","09:27:54",133000
30000,-350,800,"bu","09:27:49",132800
29950,-400,1000,"sd","09:27:39",132000
29950,-400,600,"sd","09:27:33",131000
30000,-350,500,"bu","09:27:30",130400
30000,-350,1600,"bu","09:27:30",129900
30000,-350,5000,"bu","09:27:30",128300
30000,-350,900,"bu","09:27:30",123300
29950,-400,100,"bu","09:27:21",122400
29950,-400,100,"bu","09:27:20",122300
29950,-400,400,"sd","09:27:15",122200
29950,-400,600,"bu","09:27:14",121800
29950,-400,300,"bu","09:27:10",121200
29950,-400,900,"bu","09:27:06",120900
29950,-400,100,"bu","09:27:06",120000
29900,-450,600,"sd","09:27:02",119900
29950,-400,1000,"bu","09:27:00",119300
29950,-400,700,"sd","09:26:57",118300
29950,-400,1800,"bu","09:26:51",117600
29950,-400,1800,"bu","09:26:51",115800
29950,-400,2300,"bu","09:26:51",114000
29950,-400,200,"bu","09:26:49",111700
29950,-400,500,"bu","09:26:44",111500
29950,-400,1000,"bu","09:26:40",111000
29900,-450,200,"sd","09:26:33",110000
29900,-450,600,"sd","09:26:32",109800
29950,-400,800,"bu","09:26:29",109200
29950,-400,100,"sd","09:26:27",108400
29950,-400,200,"sd","09:26:27",108300
29950,-400,4900,"sd","09:26:27",108100
30000,-350,100,"bu","09:26:23",103200
30000,-350,100,"bu","09:26:19",103100
30000,-350,1000,"bu","09:26:12",103000
29950,-400,100,"sd","09:26:02",102000
30000,-350,500,"sd","09:26:02",101900
30000,-350,400,"sd","09:26:01",101400
30000,-350,700,"sd","09:26:01",101000
30000,-350,1100,"sd","09:25:57",100300
30000,-350,1800,"sd","09:25:52",99200
30000,-350,3100,"bu","09:25:49",97400
30000,-350,700,"bu","09:25:43",94300
30000,-350,600,"sd","09:25:42",93600
30000,-350,4000,"sd","09:25:42",93000
30000,-350,500,"sd","09:25:42",89000
30000,-350,2100,"sd","09:25:42",88500
30000,-350,100,"sd","09:25:42",86400
30000,-350,500,"sd","09:25:42",86300
30000,-350,10000,"sd","09:25:42",85800
30000,-350,200,"sd","09:25:42",75800
30000,-350,10000,"sd","09:25:42",75600
30000,-350,100,"sd","09:25:42",65600
30000,-350,200,"sd","09:25:42",65500
30000,-350,5000,"sd","09:25:42",65300
30000,-350,1000,"sd","09:25:42",60300
30000,-350,100,"sd","09:25:42",59300
30000,-350,500,"sd","09:25:42",59200
30000,-350,5000,"sd","09:25:42",58700
30000,-350,100,"sd","09:25:42",53700
30000,-350,100,"sd","09:25:42",53600
30000,-350,500,"sd","09:25:42",53500
30000,-350,100,"sd","09:25:42",53000
30000,-350,300,"sd","09:25:42",52900
30000,-350,300,"sd","09:25:42",52600
30000,-350,2900,"sd","09:25:42",52300
30000,-350,100,"sd","09:25:33",49400
30000,-350,300,"sd","09:25:33",49300
30000,-350,500,"sd","09:25:33",49000
30000,-350,200,"sd","09:25:32",48500
30000,-350,100,"sd","09:25:32",48000
30000,-350,300,"sd","09:25:32",48300
30050,-300,100,"sd","09:25:30",47900
30050,-300,100,"sd","09:25:30",47800
30050,-300,100,"sd","09:25:30",47700
30050,-300,200,"sd","09:25:30",47600
30050,-300,200,"sd","09:25:30",47400
30050,-300,100,"sd","09:25:30",47200
30050,-300,400,"sd","09:25:30",47100
30050,-300,1600,"sd","09:25:30",46700
30050,-300,200,"sd","09:25:30",45100
30050,-300,200,"sd","09:25:09",44900
30050,-300,100,"sd","09:25:09",44700
30050,-300,700,"sd","09:25:09",44600
30050,-300,600,"sd","09:25:02",43900
30050,-300,1700,"sd","09:24:55",43300
30100,-250,100,"sd","09:24:55",41600
30050,-300,600,"sd","09:24:32",41500
30050,-300,200,"sd","09:24:02",40900
30100,-250,300,"sd","09:24:02",40700
30100,-250,100,"sd","09:24:02",40400
30100,-250,400,"bu","09:23:55",40300
30050,-300,1200,"sd","09:23:55",39900
30050,-300,600,"sd","09:23:55",38700
30050,-300,800,"sd","09:23:33",38100
30050,-300,600,"sd","09:23:32",37300
30100,-250,400,"bu","09:23:09",36700
30100,-250,200,"sd","09:23:06",36300
30100,-250,1000,"sd","09:23:06",36100
30100,-250,200,"sd","09:23:06",35100
30100,-250,200,"sd","09:23:06",34900
30100,-250,700,"sd","09:23:06",34700
30100,-250,200,"sd","09:23:06",34000
30100,-250,500,"sd","09:23:02",33800
30100,-250,100,"sd","09:23:02",33300
30100,-250,100,"sd","09:22:32",33200
30100,-250,100,"sd","09:22:32",33100
30100,-250,400,"sd","09:22:32",33000
30100,-250,1600,"sd","09:22:22",32600
30100,-250,200,"sd","09:22:22",31000
30100,-250,500,"sd","09:22:13",30800
30100,-250,100,"sd","09:22:13",30300
30100,-250,1200,"sd","09:22:13",30200
30100,-250,600,"sd","09:22:02",29000
30100,-250,200,"sd","09:21:41",28400
30100,-250,1600,"sd","09:21:41",28200
30100,-250,600,"sd","09:21:32",26600
30150,-200,200,"sd","09:21:14",26000
30150,-200,100,"sd","09:21:02",25800
30150,-200,500,"sd","09:21:02",25700
30150,-200,600,"sd","09:20:32",25200
30150,-200,400,"bu","09:20:19",24600
30100,-250,200,"sd","09:20:06",24200
30150,-200,1000,"bu","09:20:04",24000
30100,-250,600,"sd","09:20:02",23000
30150,-200,300,"bu","09:19:40",22400
30150,-200,500,"bu","09:19:38",22100
30150,-200,1400,"sd","09:19:36",21600
30150,-200,600,"sd","09:19:31",20200
30200,-150,300,"bu","09:19:20",19600
30200,-150,300,"sd","09:19:11",19300
30200,-150,200,"sd","09:19:11",19000
30200,-150,200,"sd","09:19:11",18800
30200,-150,1000,"sd","09:19:11",18600
30200,-150,600,"sd","09:19:11",17600
30200,-150,100,"sd","09:19:01",17000
30250,-100,100,"sd","09:19:01",16900
30250,-100,400,"sd","09:19:01",16800
30250,-100,600,"sd","09:18:30",16400
30200,-150,300,"sd","09:18:02",15800
30200,-150,100,"sd","09:18:02",15500
30200,-150,1100,"sd","09:18:02",15400
30200,-150,300,"sd","09:18:00",14300
30300,-50,200,"sd","09:18:00",14000
30300,-50,100,"sd","09:18:00",13800
30300,-50,300,"bu","09:17:59",13700
30300,-50,1100,"bu","09:17:59",13400
30200,-150,600,"sd","09:17:29",12300
30300,-50,800,"bu","09:17:21",11700
30300,-50,200,"bu","09:17:09",10900
30300,-50,1000,"sd","09:17:09",10700
30300,-50,400,"sd","09:17:09",9700
30300,-50,600,"sd","09:16:59",9300
30350,0,100,"sd","09:16:34",8700
30350,0,200,"sd","09:16:34",8600
30350,0,600,"sd","09:16:29",8400
30350,0,200,"sd","09:16:12",7800
30350,0,500,"sd","09:16:12",7600
30350,0,500,"bu","09:15:45",7100
30350,0,1500,"bu","09:15:40",6600
30350,0,500,"bu","09:15:40",5100
30350,0,500,"bu","09:15:32",4600
30350,0,200,"bu","09:15:23",4100
30350,0,3900,"bu","09:15:01",3900
