"price","change","match_qtty","side","time","total_vol"
26300,0,1119100,"unknown","14:44:59",7631700
26000,-300,100,"sd","14:29:53",6512600
26000,-300,200,"sd","14:29:50",6512500
26000,-300,1000,"sd","14:29:49",6512300
26000,-300,400,"sd","14:29:49",6511300
26000,-300,300,"sd","14:29:48",6510900
26000,-300,2600,"sd","14:29:48",6510600
26000,-300,100,"sd","14:29:48",6508000
26000,-300,100,"sd","14:29:48",6507900
26000,-300,100,"sd","14:29:48",6507800
26000,-300,500,"sd","14:29:48",6507700
26000,-300,1400,"sd","14:29:48",6507200
26000,-300,100,"sd","14:29:48",6505800
26000,-300,800,"sd","14:29:48",6505700
26000,-300,100,"sd","14:29:48",6504900
26000,-300,300,"sd","14:29:48",6504800
26000,-300,100,"sd","14:29:48",6504500
26000,-300,500,"sd","14:29:48",6504400
26000,-300,500,"sd","14:29:48",6503900
26000,-300,1000,"sd","14:29:48",6503400
26000,-300,1000,"sd","14:29:48",6502400
26000,-300,100,"sd","14:29:48",6501400
26000,-300,200,"sd","14:29:48",6501300
26000,-300,200,"sd","14:29:48",6501100
26050,-250,2000,"bu","14:29:47",6500900
26000,-300,1000,"sd","14:29:47",6498900
26000,-300,100,"sd","14:29:45",6497900
26000,-300,1900,"sd","14:29:45",6497800
26000,-300,300,"sd","14:29:41",6495900
26050,-250,8400,"bu","14:29:41",6495600
26050,-250,300,"bu","14:29:41",6487200
26050,-250,100,"bu","14:29:41",6486900
26050,-250,100,"bu","14:29:41",6486800
26050,-250,1100,"bu","14:29:41",6486700
26050,-250,2100,"bu","14:29:41",6485600
26050,-250,1900,"bu","14:29:41",6483500
26050,-250,1000,"bu","14:29:41",6481600
26050,-250,200,"bu","14:29:38",6480600
26000,-300,800,"sd","14:29:37",6480400
26000,-300,700,"sd","14:29:37",6479600
26050,-250,500,"bu","14:29:37",6478900
26050,-250,2000,"bu","14:29:36",6478400
26050,-250,2200,"bu","14:29:34",6476400
26050,-250,2800,"bu","14:29:34",6474200
26000,-300,300,"sd","14:29:33",6471400
26000,-300,2000,"sd","14:29:31",6471100
26000,-300,200,"sd","14:29:31",6469100
26000,-300,2000,"sd","14:29:31",6468900
26000,-300,2000,"sd","14:29:31",6466900
26000,-300,200,"sd","14:29:31",6464900
26000,-300,2000,"sd","14:29:31",6464700
26000,-300,1500,"sd","14:29:31",6462700
26000,-300,2000,"sd","14:29:31",6461200
26000,-300,200,"sd","14:29:31",6459200
26000,-300,600,"sd","14:29:31",6459000
26000,-300,100,"sd","14:29:31",6458400
26000,-300,100,"sd","14:29:31",6458300
26000,-300,500,"sd","14:29:31",6458200
26000,-300,400,"sd","14:29:31",6457700
26000,-300,300,"sd","14:29:31",6457300
26000,-300,1000,"sd","14:29:31",6457000
26000,-300,300,"sd","14:29:31",6456000
26000,-300,1000,"sd","14:29:31",6455700
26000,-300,100,"sd","14:29:31",6454700
26000,-300,10000,"sd","14:29:31",6454600
26000,-300,500,"sd","14:29:31",6444600
26000,-300,100,"sd","14:29:31",6444100
26000,-300,100,"sd","14:29:31",6444000
26000,-300,1000,"sd","14:29:31",6443900
26000,-300,1000,"sd","14:29:31",6442900
26000,-300,1600,"sd","14:29:31",6441900
26000,-300,200,"sd","14:29:31",6440300
26000,-300,300,"sd","14:29:31",6440100
26000,-300,100,"sd","14:29:29",6439800
26000,-300,700,"sd","14:29:29",6439700
26000,-300,1100,"sd","14:29:25",6439000
26050,-250,100,"bu","14:29:21",6437900
26050,-250,3000,"bu","14:29:21",6437800
26000,-300,1200,"sd","14:29:19",6434800
26000,-300,500,"sd","14:29:19",6433600
26000,-300,200,"sd","14:29:19",6433100
26000,-300,10000,"sd","14:29:19",6432900
26000,-300,500,"sd","14:29:19",6422900
26000,-300,200,"sd","14:29:19",6422400
26000,-300,1000,"sd","14:29:19",6422200
26000,-300,100,"sd","14:29:19",6421200
26000,-300,1000,"sd","14:29:19",6421100
26000,-300,100,"sd","14:29:19",6420100
26000,-300,500,"sd","14:29:19",6420000
26000,-300,500,"sd","14:29:19",6419500
26000,-300,1000,"sd","14:29:19",6419000
26000,-300,100,"sd","14:29:19",6418000
26000,-300,100,"sd","14:29:19",6417900
26000,-300,5000,"sd","14:29:19",6417800
26000,-300,1100,"sd","14:29:19",6412800
26000,-300,3000,"sd","14:29:19",6411700
26000,-300,200,"sd","14:29:19",6408700
26000,-300,100,"sd","14:29:19",6408500
26000,-300,200,"sd","14:29:19",6408400
26000,-300,1000,"sd","14:29:19",6408200
26000,-300,600,"sd","14:29:19",6407200
26000,-300,800,"sd","14:29:19",6406600
26000,-300,1000,"sd","14:29:19",6405800
26000,-300,100,"sd","14:29:19",6404800
26000,-300,1000,"sd","14:29:19",6404700
26000,-300,500,"sd","14:29:19",6403700
26000,-300,200,"sd","14:29:19",6403200
26000,-300,100,"sd","14:29:19",6403000
26000,-300,100,"sd","14:29:19",6402900
26000,-300,500,"sd","14:29:19",6402800
26000,-300,10000,"sd","14:29:19",6402300
26000,-300,100,"sd","14:29:19",6392300
26000,-300,2000,"sd","14:29:19",6392200
26000,-300,5000,"sd","14:29:19",6390200
26000,-300,100,"sd","14:29:19",6385200
26000,-300,2000,"sd","14:29:19",6385100
26000,-300,8300,"sd","14:29:19",6383100
26050,-250,100,"bu","14:29:18",6374800
26050,-250,1000,"sd","14:29:18",6374700
26050,-250,5000,"sd","14:29:18",6373700
26050,-250,6000,"sd","14:29:18",6368700
26050,-250,2500,"bu","14:29:11",6362700
26050,-250,100,"bu","14:29:11",6360200
26050,-250,1300,"bu","14:29:11",6360100
26050,-250,100,"bu","14:29:11",6358800
26050,-250,100,"bu","14:29:11",6358700
26000,-300,100,"sd","14:29:11",6358600
26000,-300,1600,"sd","14:29:10",6358500
26000,-300,200,"sd","14:29:10",6356900
26000,-300,100,"sd","14:29:07",6356700
26050,-250,800,"bu","14:29:05",6356600
26050,-250,300,"bu","14:29:05",6355800
26050,-250,500,"bu","14:29:04",6355500
26000,-300,200,"sd","14:29:04",6355000
26050,-250,1000,"bu","14:29:01",6354800
26050,-250,500,"bu","14:28:59",6353800
26000,-300,100,"sd","14:28:58",6353300
26000,-300,300,"sd","14:28:58",6353200
26000,-300,600,"sd","14:28:58",6352900
26050,-250,100,"sd","14:28:58",6352300
26050,-250,300,"sd","14:28:58",6352200
26050,-250,200,"sd","14:28:58",6351900
26050,-250,400,"sd","14:28:58",6351700
26050,-250,400,"sd","14:28:55",6351300
26050,-250,700,"sd","14:28:54",6350900
26050,-250,100,"sd","14:28:54",6350200
26050,-250,200,"sd","14:28:54",6350100
26050,-250,300,"sd","14:28:52",6349900
26050,-250,300,"sd","14:28:52",6349600
26050,-250,100,"sd","14:28:52",6349300
26050,-250,100,"sd","14:28:52",6349200
26050,-250,100,"sd","14:28:52",6349100
26050,-250,400,"sd","14:28:48",6349000
26050,-250,500,"sd","14:28:48",6348600
26050,-250,500,"sd","14:28:48",6348100
26050,-250,1000,"sd","14:28:48",6347600
26050,-250,800,"sd","14:28:48",6346600
26050,-250,200,"sd","14:28:47",6345800
26050,-250,800,"sd","14:28:47",6345600
26050,-250,200,"sd","14:28:46",6344800
26050,-250,100,"sd","14:28:46",6344600
26050,-250,200,"sd","14:28:45",6344500
26050,-250,100,"sd","14:28:43",6344300
26050,-250,100,"sd","14:28:42",6344200
26050,-250,400,"sd","14:28:42",6344100
26050,-250,4200,"sd","14:28:41",6343700
26050,-250,100,"sd","14:28:41",6339500
26050,-250,300,"sd","14:28:39",6339400
26050,-250,100,"sd","14:28:38",6339100
26050,-250,800,"sd","14:28:36",6339000
26050,-250,100,"sd","14:28:36",6338200
26050,-250,500,"sd","14:28:36",6338100
26050,-250,100,"sd","14:28:36",6337600
26050,-250,100,"sd","14:28:36",6337500
26050,-250,1000,"sd","14:28:36",6337400
26050,-250,2000,"sd","14:28:36",6336400
26050,-250,100,"sd","14:28:36",6334400
26050,-250,1000,"sd","14:28:36",6334300
26050,-250,6100,"sd","14:28:36",6333300
26050,-250,200,"sd","14:28:35",6327200
26050,-250,3700,"sd","14:28:34",6327000
26050,-250,1400,"sd","14:28:34",6323300
26050,-250,1000,"sd","14:28:34",6321900
26050,-250,100,"sd","14:28:34",6320900
26050,-250,2500,"sd","14:28:33",6320800
26050,-250,200,"sd","14:28:33",6318300
26050,-250,900,"sd","14:28:33",6318100
26050,-250,100,"sd","14:28:32",6317200
26050,-250,1100,"sd","14:28:32",6317100
26050,-250,100,"sd","14:28:32",6316000
26050,-250,500,"sd","14:28:32",6315900
26050,-250,1000,"sd","14:28:32",6315400
26050,-250,4700,"sd","14:28:32",6314400
26050,-250,1000,"sd","14:28:32",6309700
26050,-250,1000,"sd","14:28:32",6308700
26050,-250,200,"sd","14:28:32",6307700
26050,-250,500,"sd","14:28:32",6307500
26050,-250,800,"sd","14:28:32",6307000
26050,-250,300,"sd","14:28:28",6306200
26050,-250,1200,"sd","14:28:28",6305900
26050,-250,2000,"sd","14:28:28",6304700
26050,-250,100,"sd","14:28:28",6302700
26050,-250,1000,"sd","14:28:28",6302600
26050,-250,8000,"sd","14:28:28",6301600
26050,-250,200,"sd","14:28:28",6293600
26050,-250,100,"sd","14:28:28",6293400
26050,-250,100,"sd","14:28:28",6293300
26050,-250,1000,"sd","14:28:28",6293200
26050,-250,1700,"sd","14:28:28",6292200
26050,-250,1000,"sd","14:28:28",6290500
26050,-250,500,"sd","14:28:28",6289500
26050,-250,100,"sd","14:28:28",6289000
26050,-250,100,"sd","14:28:28",6288900
26050,-250,100,"sd","14:28:28",6288800
26050,-250,600,"sd","14:28:28",6288700
26050,-250,500,"sd","14:28:28",6288100
26050,-250,500,"sd","14:28:28",6287600
26050,-250,100,"sd","14:28:28",6287100
26050,-250,1000,"sd","14:28:28",6287000
26050,-250,300,"sd","14:28:28",6286000
26050,-250,1000,"sd","14:28:28",6285700
26050,-250,300,"sd","14:28:28",6284700
26050,-250,100,"sd","14:28:28",6284400
26050,-250,100,"sd","14:28:28",6284300
26050,-250,500,"sd","14:28:28",6284200
26050,-250,1000,"sd","14:28:28",6283700
26050,-250,500,"sd","14:28:28",6282700
26050,-250,100,"sd","14:28:28",6282200
26050,-250,100,"sd","14:28:28",6282100
26050,-250,600,"sd","14:28:28",6282000
26050,-250,1000,"sd","14:28:28",6281400
26050,-250,2000,"sd","14:28:28",6280400
26050,-250,2000,"sd","14:28:27",6278400
26050,-250,300,"sd","14:28:27",6276400
26050,-250,100,"sd","14:28:27",6276100
26050,-250,1000,"sd","14:28:27",6276000
26050,-250,100,"sd","14:28:27",6275000
26050,-250,5000,"sd","14:28:27",6274900
26050,-250,100,"sd","14:28:27",6269900
26050,-250,1000,"sd","14:28:27",6269800
26050,-250,400,"sd","14:28:27",6268800
26050,-250,1000,"sd","14:28:26",6268400
26050,-250,4000,"sd","14:28:25",6267400
26050,-250,6000,"sd","14:28:25",6263400
26050,-250,200,"sd","14:28:23",6257400
26050,-250,10000,"sd","14:28:22",6257200
26050,-250,2600,"sd","14:28:21",6247200
26050,-250,1200,"sd","14:28:20",6244600
26050,-250,500,"sd","14:28:20",6243400
26050,-250,1000,"sd","14:28:20",6242900
26050,-250,1000,"sd","14:28:20",6241900
26050,-250,2000,"sd","14:28:20",6240900
26050,-250,1000,"sd","14:28:20",6238900
26050,-250,200,"sd","14:28:20",6237900
26050,-250,100,"sd","14:28:20",6237700
26050,-250,1000,"sd","14:28:20",6237600
26050,-250,1000,"sd","14:28:20",6236600
26050,-250,100,"sd","14:28:20",6235600
26050,-250,900,"sd","14:28:20",6235500
26050,-250,100,"sd","14:28:18",6234600
26050,-250,100,"sd","14:28:18",6234500
26050,-250,100,"sd","14:28:18",6234400
26050,-250,100,"sd","14:28:18",6234300
26050,-250,100,"sd","14:28:18",6234200
26050,-250,800,"sd","14:28:17",6234100
26050,-250,1500,"sd","14:28:17",6233300
26050,-250,2700,"sd","14:28:13",6231800
26050,-250,300,"sd","14:28:13",6229100
26050,-250,700,"sd","14:28:13",6228800
26050,-250,200,"sd","14:28:11",6228100
26050,-250,1100,"sd","14:28:10",6227900
26050,-250,3000,"sd","14:28:10",6226800
26050,-250,900,"sd","14:28:10",6223800
26050,-250,500,"sd","14:28:08",6222900
26050,-250,600,"sd","14:28:07",6222400
26050,-250,100,"sd","14:28:07",6221800
26050,-250,1300,"sd","14:28:07",6221700
26050,-250,2000,"sd","14:28:06",6220400
26050,-250,1000,"sd","14:28:01",6218400
26100,-200,100,"bu","14:28:01",6217400
26050,-250,1000,"sd","14:27:59",6217300
26050,-250,1000,"sd","14:27:58",6216300
26050,-250,13700,"sd","14:27:55",6215300
26050,-250,100,"sd","14:27:55",6201600
26050,-250,100,"sd","14:27:55",6201500
26050,-250,1000,"sd","14:27:55",6201400
26050,-250,200,"sd","14:27:55",6200400
26050,-250,100,"sd","14:27:55",6200200
26050,-250,1000,"sd","14:27:55",6200100
26050,-250,1800,"sd","14:27:55",6199100
26050,-250,1000,"sd","14:27:54",6197300
26100,-200,100,"bu","14:27:50",6196300
26050,-250,100,"sd","14:27:46",6196200
26100,-200,500,"bu","14:27:44",6196100
26050,-250,100,"sd","14:27:43",6195600
26050,-250,1400,"sd","14:27:43",6195500
26100,-200,200,"bu","14:27:42",6194100
26100,-200,100,"sd","14:27:37",6193900
26050,-250,1600,"sd","14:27:36",6193800
26050,-250,100,"sd","14:27:36",6192200
26050,-250,1000,"sd","14:27:36",6192100
26050,-250,200,"sd","14:27:36",6191100
26050,-250,200,"sd","14:27:36",6190900
26050,-250,5400,"sd","14:27:36",6190700
26050,-250,100,"sd","14:27:36",6185300
26050,-250,15300,"sd","14:27:36",6185200
26100,-200,100,"sd","14:27:36",6169900
26100,-200,2000,"sd","14:27:36",6169800
26100,-200,5100,"sd","14:27:36",6167800
26100,-200,500,"sd","14:27:36",6162700
26100,-200,700,"sd","14:27:36",6162200
26100,-200,600,"sd","14:27:36",6161500
26100,-200,1000,"sd","14:27:36",6160900
26100,-200,100,"sd","14:27:36",6159900
26100,-200,5000,"sd","14:27:36",6159800
26100,-200,1700,"sd","14:27:36",6154800
26100,-200,2000,"sd","14:27:36",6153100
26100,-200,200,"sd","14:27:36",6151100
26100,-200,1000,"sd","14:27:36",6150900
26100,-200,500,"sd","14:27:36",6149900
26100,-200,300,"sd","14:27:35",6149400
26100,-200,600,"sd","14:27:35",6149100
26100,-200,400,"sd","14:27:33",6148500
26100,-200,200,"sd","14:27:33",6148100
26100,-200,1400,"sd","14:27:33",6147900
26100,-200,1000,"sd","14:27:33",6146500
26100,-200,200,"sd","14:27:31",6145500
26100,-200,2400,"sd","14:27:31",6145300
26100,-200,500,"sd","14:27:31",6142900
26100,-200,1000,"sd","14:27:31",6142400
26100,-200,100,"sd","14:27:31",6141400
26100,-200,1900,"sd","14:27:28",6141300
26100,-200,500,"sd","14:27:28",6139400
26100,-200,100,"sd","14:27:28",6138900
26100,-200,100,"sd","14:27:27",6138800
26100,-200,200,"sd","14:27:27",6138700
26100,-200,100,"sd","14:27:27",6138500
26100,-200,2000,"sd","14:27:27",6138400
26100,-200,900,"sd","14:27:27",6136400
26100,-200,5000,"sd","14:27:26",6135500
26100,-200,100,"sd","14:27:26",6130500
26100,-200,300,"sd","14:27:26",6130400
26100,-200,5000,"sd","14:27:26",6130100
26100,-200,500,"sd","14:27:26",6125100
26100,-200,100,"sd","14:27:26",6124600
26100,-200,200,"sd","14:27:26",6124500
26100,-200,800,"sd","14:27:26",6124300
26100,-200,200,"sd","14:27:26",6123500
26100,-200,200,"sd","14:27:26",6123300
26100,-200,200,"sd","14:27:26",6123100
26100,-200,100,"sd","14:27:26",6122900
26100,-200,1000,"sd","14:27:26",6122800
26100,-200,500,"sd","14:27:26",6121800
26100,-200,100,"sd","14:27:26",6121300
26100,-200,1000,"sd","14:27:26",6121200
26100,-200,1400,"sd","14:27:26",6120200
26150,-150,1400,"bu","14:27:26",6118800
26100,-200,100,"sd","14:27:25",6117400
26100,-200,2800,"sd","14:27:25",6117300
26100,-200,600,"sd","14:27:25",6114500
26100,-200,300,"sd","14:27:25",6113900
26100,-200,100,"sd","14:27:25",6113600
26100,-200,1000,"sd","14:27:25",6113500
26100,-200,1000,"sd","14:27:25",6112500
26100,-200,100,"sd","14:27:25",6111500
26100,-200,800,"sd","14:27:20",6111400
26100,-200,100,"sd","14:27:20",6110600
26100,-200,700,"sd","14:27:20",6110500
26100,-200,300,"sd","14:27:20",6109800
26100,-200,100,"sd","14:27:19",6109500
26100,-200,400,"sd","14:27:08",6109400
26100,-200,400,"sd","14:27:08",6109000
26100,-200,100,"sd","14:27:08",6108600
26100,-200,100,"sd","14:27:08",6108500
26150,-150,2000,"bu","14:27:07",6108400
26100,-200,100,"sd","14:27:02",6106400
26100,-200,200,"sd","14:27:02",6106300
26100,-200,1400,"sd","14:27:02",6106100
26100,-200,500,"sd","14:27:02",6104700
26100,-200,100,"sd","14:27:00",6104200
26150,-150,100,"bu","14:26:59",6104100
26150,-150,400,"bu","14:26:56",6104000
26100,-200,1500,"sd","14:26:51",6103600
26100,-200,2400,"sd","14:26:51",6102100
26100,-200,100,"sd","14:26:51",6099700
26100,-200,100,"sd","14:26:51",6099600
26100,-200,2000,"sd","14:26:51",6099500
26100,-200,100,"sd","14:26:51",6097500
26100,-200,1000,"sd","14:26:51",6097400
26100,-200,100,"sd","14:26:51",6096400
26100,-200,2000,"sd","14:26:51",6096300
26100,-200,1000,"sd","14:26:51",6094300
26100,-200,1000,"sd","14:26:51",6093300
26100,-200,100,"sd","14:26:51",6092300
26100,-200,100,"sd","14:26:51",6092200
26100,-200,1000,"sd","14:26:50",6092100
26100,-200,5000,"sd","14:26:50",6091100
26100,-200,500,"sd","14:26:48",6086100
26100,-200,1000,"sd","14:26:46",6085600
26150,-150,500,"bu","14:26:46",6084600
26150,-150,100,"bu","14:26:46",6084100
26100,-200,1000,"sd","14:26:44",6084000
26100,-200,500,"sd","14:26:43",6083000
26100,-200,900,"sd","14:26:32",6082500
26100,-200,100,"sd","14:26:32",6081600
26100,-200,100,"sd","14:26:32",6081500
26100,-200,300,"sd","14:26:32",6081400
26100,-200,1000,"sd","14:26:32",6081100
26100,-200,100,"sd","14:26:32",6080100
26150,-150,300,"bu","14:26:31",6080000
26150,-150,500,"bu","14:26:31",6079700
26150,-150,100,"sd","14:26:30",6079200
26150,-150,200,"sd","14:26:30",6079100
26150,-150,100,"sd","14:26:30",6078900
26150,-150,1000,"sd","14:26:30",6078800
26150,-150,1000,"sd","14:26:30",6077800
26150,-150,100,"sd","14:26:30",6076800
26150,-150,500,"sd","14:26:30",6076700
26150,-150,200,"sd","14:26:30",6076200
26150,-150,100,"sd","14:26:30",6076000
26150,-150,300,"sd","14:26:30",6075900
26150,-150,500,"sd","14:26:30",6075600
26150,-150,1000,"sd","14:26:30",6075100
26150,-150,100,"sd","14:26:30",6074100
26150,-150,100,"sd","14:26:30",6074000
26150,-150,3000,"sd","14:26:30",6073900
26150,-150,1000,"sd","14:26:30",6070900
26150,-150,100,"sd","14:26:30",6069900
26150,-150,200,"sd","14:26:30",6069800
26150,-150,1500,"sd","14:26:30",6069600
26150,-150,500,"sd","14:26:27",6068100
26150,-150,1400,"sd","14:26:26",6067600
26150,-150,600,"sd","14:26:23",6066200
26150,-150,500,"sd","14:26:23",6065600
26150,-150,100,"sd","14:26:23",6065100
26150,-150,500,"sd","14:26:23",6065000
26150,-150,100,"sd","14:26:23",6064500
26150,-150,200,"sd","14:26:23",6064400
26200,-100,100,"bu","14:26:14",6064200
26150,-150,1400,"sd","14:26:13",6064100
26150,-150,100,"sd","14:26:12",6062700
26200,-100,500,"unknown","14:26:10",6062600
26250,-50,200,"bu","14:26:10",6062100
26250,-50,300,"bu","14:26:10",6061900
26200,-100,700,"bu","14:26:10",6061600
26200,-100,100,"bu","14:26:10",6060900
26200,-100,1500,"bu","14:26:10",6060800
26200,-100,500,"bu","14:26:10",6059300
26200,-100,100,"bu","14:26:08",6058800
26200,-100,1500,"bu","14:26:06",6058700
26150,-150,300,"sd","14:26:03",6057200
26150,-150,900,"sd","14:26:03",6056900
26150,-150,100,"sd","14:26:03",6056000
26150,-150,100,"sd","14:26:03",6055900
26200,-100,1000,"bu","14:26:00",6055800
26200,-100,2400,"bu","14:25:59",6054800
26200,-100,100,"bu","14:25:59",6052400
26200,-100,500,"bu","14:25:55",6052300
26200,-100,1000,"bu","14:25:55",6051800
26200,-100,1000,"bu","14:25:55",6050800
26200,-100,100,"bu","14:25:51",6049800
26200,-100,2000,"bu","14:25:51",6049700
26200,-100,400,"bu","14:25:50",6047700
26250,-50,2300,"bu","14:25:47",6047300
26250,-50,1100,"bu","14:25:43",6045000
26250,-50,600,"bu","14:25:43",6043900
26200,-100,100,"bu","14:25:43",6043300
26200,-100,400,"bu","14:25:43",6043200
26200,-100,600,"bu","14:25:39",6042800
26200,-100,1600,"bu","14:25:39",6042200
26200,-100,100,"sd","14:25:36",6040600
26200,-100,500,"sd","14:25:36",6040500
26200,-100,1000,"sd","14:25:36",6040000
26200,-100,1800,"sd","14:25:36",6039000
26200,-100,200,"sd","14:25:34",6037200
26200,-100,100,"sd","14:25:34",6037000
26200,-100,700,"sd","14:25:34",6036900
26200,-100,300,"sd","14:25:32",6036200
26200,-100,1000,"sd","14:25:32",6035900
26200,-100,500,"sd","14:25:32",6034900
26200,-100,200,"sd","14:25:32",6034400
26200,-100,100,"sd","14:25:32",6034200
26200,-100,3000,"sd","14:25:32",6034100
26200,-100,400,"sd","14:25:32",6031100
26200,-100,4500,"sd","14:25:32",6030700
26250,-50,800,"bu","14:25:31",6026200
26250,-50,100,"bu","14:25:31",6025400
26250,-50,400,"bu","14:25:31",6025300
26250,-50,700,"bu","14:25:31",6024900
26200,-100,500,"sd","14:25:28",6024200
26200,-100,500,"sd","14:25:28",6023700
26250,-50,1300,"bu","14:25:26",6023200
26250,-50,100,"bu","14:25:26",6021900
26250,-50,200,"bu","14:25:26",6021800
26250,-50,400,"bu","14:25:26",6021600
26250,-50,600,"bu","14:25:26",6021200
26250,-50,400,"bu","14:25:26",6020600
26200,-100,500,"sd","14:25:24",6020200
26200,-100,500,"sd","14:25:24",6019700
26250,-50,300,"bu","14:25:18",6019200
26250,-50,200,"bu","14:25:18",6018900
26250,-50,200,"bu","14:25:18",6018700
26250,-50,500,"bu","14:25:18",6018500
26250,-50,600,"bu","14:25:18",6018000
26200,-100,500,"sd","14:25:15",6017400
26250,-50,100,"bu","14:25:11",6016900
26250,-50,100,"bu","14:25:11",6016800
26250,-50,3700,"bu","14:25:10",6016700
26250,-50,700,"bu","14:25:10",6013000
26250,-50,1500,"bu","14:25:10",6012300
26250,-50,2500,"bu","14:25:04",6010800
26250,-50,1200,"bu","14:25:04",6008300
26250,-50,2100,"bu","14:25:00",6007100
26250,-50,400,"bu","14:25:00",6005000
26250,-50,200,"bu","14:25:00",6004600
26250,-50,400,"bu","14:24:57",6004400
26250,-50,100,"bu","14:24:57",6004000
26250,-50,100,"bu","14:24:57",6003900
26250,-50,900,"bu","14:24:50",6003800
26250,-50,500,"bu","14:24:50",6002900
26250,-50,2300,"bu","14:24:49",6002400
26250,-50,500,"sd","14:24:47",6000100
26250,-50,600,"sd","14:24:47",5999600
26250,-50,1000,"sd","14:24:46",5999000
26250,-50,2000,"sd","14:24:45",5998000
26250,-50,600,"sd","14:24:45",5996000
26250,-50,1900,"sd","14:24:44",5995400
26300,0,2200,"bu","14:24:42",5993500
26250,-50,2000,"sd","14:24:41",5991300
26300,0,100,"bu","14:24:40",5989300
26250,-50,1400,"sd","14:24:39",5989200
26300,0,100,"bu","14:24:36",5987800
26300,0,1000,"bu","14:24:36",5987700
26300,0,100,"bu","14:24:36",5986700
26300,0,500,"bu","14:24:36",5986600
26300,0,500,"bu","14:24:36",5986100
26300,0,400,"bu","14:24:35",5985600
26250,-50,400,"sd","14:24:35",5985200
26250,-50,100,"sd","14:24:33",5984800
26300,0,2000,"bu","14:24:28",5984700
26300,0,2000,"bu","14:24:25",5982700
26300,0,100,"bu","14:24:24",5980700
26300,0,4000,"bu","14:24:24",5980600
26300,0,1000,"bu","14:24:24",5976600
26300,0,1900,"bu","14:24:24",5975600
26250,-50,3000,"bu","14:24:24",5973700
26300,0,3100,"sd","14:24:22",5970700
26300,0,1000,"bu","14:24:21",5967600
26300,0,400,"bu","14:24:21",5966600
26300,0,500,"bu","14:24:21",5966200
26300,0,4500,"bu","14:24:21",5965700
26300,0,5000,"bu","14:24:21",5961200
26300,0,200,"bu","14:24:21",5956200
26250,-50,300,"bu","14:24:21",5956000
26250,-50,200,"bu","14:24:19",5955700
26250,-50,100,"bu","14:24:19",5955500
26250,-50,200,"sd","14:24:18",5955400
26250,-50,100,"sd","14:24:18",5955200
26250,-50,200,"sd","14:24:18",5955100
26250,-50,100,"sd","14:24:18",5954900
26250,-50,100,"sd","14:24:18",5954800
26250,-50,100,"sd","14:24:18",5954700
26300,0,1100,"bu","14:24:16",5954600
26300,0,100,"bu","14:24:16",5953500
26300,0,100,"bu","14:24:16",5953400
26300,0,100,"bu","14:24:15",5953300
26250,-50,200,"sd","14:24:13",5953200
26300,0,1200,"bu","14:24:11",5953000
26300,0,5000,"bu","14:24:11",5951800
26300,0,2000,"bu","14:24:11",5946800
26300,0,1500,"bu","14:24:11",5944800
26300,0,100,"bu","14:24:11",5943300
26300,0,2100,"bu","14:24:11",5943200
26300,0,3600,"bu","14:24:11",5941100
26300,0,3600,"bu","14:24:10",5937500
26300,0,800,"bu","14:24:10",5933900
26300,0,300,"bu","14:24:10",5933100
26300,0,5000,"bu","14:24:10",5932800
26300,0,1400,"bu","14:24:10",5927800
26300,0,100,"bu","14:24:10",5926400
26300,0,1400,"bu","14:24:10",5926300
26300,0,1000,"bu","14:24:10",5924900
26250,-50,600,"sd","14:24:09",5923900
26250,-50,2100,"sd","14:24:09",5923300
26250,-50,300,"sd","14:24:09",5921200
26250,-50,500,"sd","14:24:09",5920900
26250,-50,200,"sd","14:24:09",5920400
26250,-50,1000,"sd","14:24:09",5920200
26250,-50,300,"sd","14:24:09",5919200
26250,-50,100,"sd","14:24:09",5918900
26250,-50,100,"sd","14:24:09",5918800
26250,-50,400,"sd","14:24:09",5918700
26300,0,1700,"bu","14:24:07",5918300
26300,0,1900,"bu","14:24:07",5916600
26250,-50,600,"sd","14:24:07",5914700
26250,-50,400,"sd","14:24:07",5914100
26250,-50,100,"sd","14:24:06",5913700
26300,0,8100,"bu","14:24:06",5913600
26300,0,500,"bu","14:24:06",5905500
26300,0,100,"bu","14:24:06",5905000
26300,0,1300,"bu","14:24:06",5904900
26250,-50,300,"sd","14:24:05",5903600
26250,-50,700,"sd","14:24:03",5903300
26250,-50,100,"sd","14:24:02",5902600
26250,-50,3900,"sd","14:24:00",5902500
26250,-50,1100,"sd","14:24:00",5898600
26300,0,1400,"bu","14:23:58",5897500
26300,0,2300,"bu","14:23:58",5896100
26300,0,400,"bu","14:23:58",5893800
26300,0,100,"bu","14:23:58",5893400
26250,-50,1600,"sd","14:23:57",5893300
26300,0,800,"bu","14:23:55",5891700
26300,0,500,"bu","14:23:55",5890900
26300,0,1500,"bu","14:23:55",5890400
26300,0,500,"bu","14:23:55",5888900
26300,0,500,"bu","14:23:55",5888400
26300,0,2600,"bu","14:23:55",5887900
26300,0,4000,"bu","14:23:53",5885300
26250,-50,2400,"sd","14:23:53",5881300
26300,0,3600,"bu","14:23:50",5878900
26300,0,2000,"bu","14:23:50",5875300
26250,-50,1000,"sd","14:23:49",5873300
26250,-50,100,"sd","14:23:48",5872300
26250,-50,1000,"sd","14:23:48",5872200
26250,-50,300,"sd","14:23:48",5871200
26250,-50,600,"sd","14:23:48",5870900
26250,-50,400,"sd","14:23:48",5870300
26250,-50,100,"sd","14:23:48",5869900
26300,0,2000,"bu","14:23:47",5869800
26300,0,2800,"bu","14:23:45",5867800
26300,0,300,"bu","14:23:43",5865000
26300,0,2800,"bu","14:23:41",5864700
26300,0,3600,"bu","14:23:40",5861900
26300,0,7000,"bu","14:23:40",5858300
26250,-50,300,"sd","14:23:38",5851300
26300,0,100,"bu","14:23:36",5851000
26250,-50,100,"sd","14:23:36",5850900
26300,0,2800,"bu","14:23:35",5850800
26300,0,1000,"bu","14:23:35",5848000
26300,0,2000,"bu","14:23:34",5847000
26300,0,300,"bu","14:23:33",5845000
26300,0,2000,"bu","14:23:30",5844700
26300,0,1000,"bu","14:23:30",5842700
26300,0,1800,"bu","14:23:30",5841700
26300,0,1200,"bu","14:23:27",5839900
26300,0,500,"bu","14:23:27",5838700
26300,0,200,"bu","14:23:26",5838200
26300,0,3000,"bu","14:23:26",5838000
26300,0,400,"bu","14:23:26",5835000
26300,0,100,"bu","14:23:26",5834600
26300,0,500,"bu","14:23:24",5834500
26250,-50,1000,"sd","14:23:22",5834000
26300,0,100,"bu","14:23:21",5833000
26300,0,200,"bu","14:23:21",5832900
26300,0,100,"bu","14:23:21",5832700
26300,0,2000,"bu","14:23:21",5832600
26300,0,200,"bu","14:23:21",5830600
26300,0,300,"bu","14:23:21",5830400
26300,0,12100,"bu","14:23:21",5830100
26300,0,3600,"bu","14:23:21",5818000
26300,0,2000,"bu","14:23:21",5814400
26300,0,500,"bu","14:23:18",5812400
26300,0,1000,"bu","14:23:18",5811900
26300,0,2800,"bu","14:23:16",5810900
26300,0,2000,"bu","14:23:16",5808100
26300,0,300,"bu","14:23:15",5806100
26300,0,2800,"bu","14:23:13",5805800
26300,0,100,"bu","14:23:11",5803000
26300,0,500,"bu","14:23:09",5802900
26300,0,2000,"bu","14:23:08",5802400
26300,0,500,"bu","14:23:06",5800400
26300,0,2000,"bu","14:23:05",5799900
26300,0,1000,"bu","14:23:01",5797900
26300,0,4000,"bu","14:23:00",5796900
26250,-50,100,"sd","14:22:57",5792900
26300,0,10000,"bu","14:22:54",5792800
26300,0,2800,"bu","14:22:50",5782800
26300,0,900,"bu","14:22:50",5780000
26250,-50,1400,"bu","14:22:50",5779100
26250,-50,1000,"bu","14:22:50",5777700
26250,-50,100,"bu","14:22:50",5776700
26250,-50,1400,"bu","14:22:50",5776600
26250,-50,2400,"bu","14:22:50",5775200
26250,-50,500,"bu","14:22:41",5772800
26250,-50,1400,"bu","14:22:40",5772300
26250,-50,700,"bu","14:22:40",5770900
26250,-50,300,"bu","14:22:40",5770200
26250,-50,500,"bu","14:22:38",5769900
26250,-50,1000,"bu","14:22:33",5769400
26250,-50,1000,"bu","14:22:33",5768400
26250,-50,1500,"bu","14:22:32",5767400
26250,-50,1700,"bu","14:22:32",5765900
26250,-50,300,"bu","14:22:32",5764200
26250,-50,1400,"bu","14:22:32",5763900
26250,-50,100,"bu","14:22:32",5762500
26250,-50,100,"bu","14:22:32",5762400
26250,-50,1400,"bu","14:22:29",5762300
26250,-50,500,"bu","14:22:29",5760900
26250,-50,1400,"bu","14:22:29",5760400
26250,-50,6700,"bu","14:22:29",5759000
26250,-50,5000,"bu","14:22:28",5752300
26250,-50,200,"bu","14:22:28",5747300
26250,-50,3600,"bu","14:22:28",5747100
26250,-50,500,"bu","14:22:27",5743500
26250,-50,1000,"bu","14:22:26",5743000
26250,-50,3000,"bu","14:22:23",5742000
26250,-50,2800,"bu","14:22:22",5739000
26250,-50,200,"bu","14:22:20",5736200
26250,-50,2800,"bu","14:22:18",5736000
26250,-50,100,"bu","14:22:17",5733200
26250,-50,1000,"bu","14:22:16",5733100
26250,-50,2000,"bu","14:22:14",5732100
26250,-50,200,"bu","14:22:12",5730100
26250,-50,2000,"bu","14:22:11",5729900
26250,-50,2000,"bu","14:22:10",5727900
26250,-50,10000,"bu","14:22:09",5725900
26250,-50,300,"bu","14:22:06",5715900
26250,-50,1000,"bu","14:22:05",5715600
26250,-50,1500,"bu","14:22:04",5714600
26250,-50,3600,"bu","14:22:02",5713100
26250,-50,500,"bu","14:21:58",5709500
26250,-50,100,"bu","14:21:58",5709000
26250,-50,3000,"bu","14:21:58",5708900
26250,-50,1000,"bu","14:21:56",5705900
26250,-50,1000,"bu","14:21:51",5704900
26250,-50,500,"bu","14:21:51",5703900
26250,-50,500,"bu","14:21:51",5703400
26250,-50,800,"bu","14:21:51",5702900
26250,-50,2200,"bu","14:21:48",5702100
26250,-50,100,"bu","14:21:48",5699900
26250,-50,400,"bu","14:21:48",5699800
26250,-50,100,"bu","14:21:48",5699400
26250,-50,200,"bu","14:21:40",5699300
26250,-50,1800,"bu","14:21:40",5699100
26200,-100,600,"sd","14:21:40",5697300
26250,-50,100,"bu","14:21:35",5696700
26250,-50,2000,"bu","14:21:34",5696600
26250,-50,1000,"bu","14:21:25",5694600
26250,-50,100,"bu","14:21:10",5693600
26250,-50,100,"bu","14:21:10",5693500
26250,-50,100,"bu","14:21:10",5693400
26200,-100,700,"sd","14:21:10",5693300
26200,-100,100,"sd","14:21:10",5692600
26200,-100,200,"sd","14:21:10",5692500
26200,-100,800,"sd","14:21:07",5692300
26200,-100,200,"sd","14:21:07",5691500
26200,-100,100,"sd","14:21:06",5691300
26250,-50,400,"bu","14:20:56",5691200
26250,-50,100,"bu","14:20:56",5690800
26200,-100,300,"sd","14:20:53",5690700
26200,-100,1400,"bu","14:20:43",5690400
26200,-100,300,"bu","14:20:43",5689000
26200,-100,1400,"bu","14:20:43",5688700
26200,-100,1300,"bu","14:20:43",5687300
26200,-100,100,"bu","14:20:42",5686000
26200,-100,1400,"bu","14:20:42",5685900
26200,-100,500,"bu","14:20:41",5684500
26200,-100,500,"bu","14:20:41",5684000
26200,-100,100,"bu","14:20:40",5683500
26200,-100,900,"bu","14:20:40",5683400
26200,-100,100,"bu","14:20:40",5682500
26200,-100,400,"bu","14:20:37",5682400
26200,-100,700,"bu","14:20:37",5682000
26200,-100,900,"bu","14:20:37",5681300
26200,-100,100,"bu","14:20:33",5680400
26200,-100,100,"bu","14:20:33",5680300
26200,-100,300,"bu","14:20:33",5680200
26200,-100,1000,"bu","14:20:31",5679900
26200,-100,38200,"bu","14:20:30",5678900
26200,-100,2000,"bu","14:20:28",5640700
26200,-100,3400,"bu","14:20:27",5638700
26200,-100,10000,"bu","14:20:22",5635300
26200,-100,300,"bu","14:20:21",5625300
26200,-100,4000,"bu","14:20:19",5625000
26200,-100,600,"bu","14:20:19",5621000
26200,-100,600,"bu","14:20:18",5620400
26200,-100,1000,"bu","14:20:18",5619800
26200,-100,5000,"bu","14:20:18",5618800
26200,-100,32500,"bu","14:20:14",5613800
26200,-100,100,"bu","14:20:14",5581300
26200,-100,6700,"bu","14:20:14",5581200
26200,-100,3400,"bu","14:20:14",5574500
26200,-100,100,"bu","14:20:14",5571100
26200,-100,500,"bu","14:20:14",5571000
26200,-100,100,"bu","14:20:14",5570500
26200,-100,4000,"bu","14:20:14",5570400
26200,-100,500,"bu","14:20:14",5566400
26200,-100,900,"bu","14:20:14",5565900
26200,-100,500,"bu","14:20:14",5565000
26200,-100,700,"bu","14:20:14",5564500
26150,-150,200,"sd","14:20:03",5563800
26200,-100,100,"bu","14:19:51",5563600
26200,-100,700,"bu","14:19:49",5563500
26200,-100,300,"bu","14:19:49",5562800
26200,-100,200,"bu","14:19:47",5562500
26200,-100,100,"bu","14:19:47",5562300
26200,-100,100,"bu","14:19:45",5562200
26200,-100,100,"bu","14:19:43",5562100
26200,-100,200,"bu","14:19:43",5562000
26200,-100,500,"bu","14:19:43",5561800
26200,-100,200,"bu","14:19:43",5561300
26200,-100,800,"bu","14:19:21",5561100
26200,-100,1200,"bu","14:19:21",5560300
26200,-100,800,"bu","14:19:20",5559100
26200,-100,1000,"bu","14:19:20",5558300
26200,-100,100,"bu","14:19:20",5557300
26200,-100,100,"bu","14:19:20",5557200
26200,-100,100,"bu","14:19:19",5557100
26150,-150,1000,"sd","14:19:18",5557000
26150,-150,1000,"bu","14:18:56",5556000
26150,-150,400,"bu","14:18:56",5555000
26150,-150,1400,"bu","14:18:56",5554600
26150,-150,2000,"bu","14:18:56",5553200
26150,-150,200,"bu","14:18:56",5551200
26150,-150,1400,"bu","14:18:56",5551000
26150,-150,3000,"bu","14:18:56",5549600
26150,-150,300,"bu","14:18:56",5546600
26150,-150,900,"bu","14:18:56",5546300
26150,-150,1200,"bu","14:18:56",5545400
26150,-150,1500,"bu","14:18:56",5544200
26150,-150,1000,"bu","14:18:53",5542700
26150,-150,500,"bu","14:18:52",5541700
26150,-150,300,"bu","14:18:52",5541200
26150,-150,300,"bu","14:18:44",5540900
26100,-200,900,"sd","14:18:43",5540600
26100,-200,1000,"sd","14:18:43",5539700
26100,-200,300,"sd","14:18:43",5538700
26100,-200,4100,"sd","14:18:43",5538400
26150,-150,3000,"bu","14:18:40",5534300
26150,-150,500,"bu","14:18:35",5531300
26150,-150,5900,"bu","14:18:32",5530800
26150,-150,4100,"bu","14:18:32",5524900
26150,-150,5300,"bu","14:18:31",5520800
26100,-200,200,"sd","14:18:24",5515500
26100,-200,2000,"sd","14:18:16",5515300
26150,-150,600,"bu","14:18:12",5513300
26150,-150,4400,"bu","14:18:12",5512700
26150,-150,500,"bu","14:18:01",5508300
26150,-150,1000,"bu","14:18:01",5507800
26150,-150,100,"bu","14:17:52",5506800
26150,-150,2000,"bu","14:17:46",5506700
26150,-150,100,"sd","14:17:33",5504700
26150,-150,700,"sd","14:17:33",5504600
26150,-150,600,"sd","14:17:33",5503900
26150,-150,100,"sd","14:17:33",5503300
26150,-150,100,"sd","14:17:33",5503200
26150,-150,100,"sd","14:17:33",5503100
26150,-150,300,"sd","14:17:33",5503000
26150,-150,1700,"sd","14:17:32",5502700
26150,-150,100,"sd","14:17:32",5501000
26150,-150,500,"sd","14:17:32",5500900
26150,-150,200,"sd","14:17:32",5500400
26150,-150,600,"sd","14:17:31",5500200
26150,-150,900,"sd","14:17:31",5499600
26150,-150,100,"sd","14:17:31",5498700
26150,-150,3400,"sd","14:17:31",5498600
26200,-100,100,"bu","14:17:30",5495200
26200,-100,200,"bu","14:17:30",5495100
26150,-150,100,"sd","14:17:28",5494900
26150,-150,500,"sd","14:17:23",5494800
26150,-150,100,"sd","14:17:18",5494300
26150,-150,900,"sd","14:17:12",5494200
26150,-150,100,"sd","14:17:12",5493300
26150,-150,500,"sd","14:17:12",5493200
26150,-150,900,"sd","14:17:12",5492700
26150,-150,600,"sd","14:17:12",5491800
26150,-150,100,"sd","14:17:11",5491200
26200,-100,800,"bu","14:17:10",5491100
26200,-100,300,"bu","14:17:10",5490300
26200,-100,2400,"bu","14:17:10",5490000
26200,-100,200,"bu","14:17:03",5487600
26150,-150,12300,"sd","14:17:01",5487400
26150,-150,2000,"sd","14:17:01",5475100
26150,-150,900,"sd","14:17:01",5473100
26150,-150,5000,"sd","14:17:01",5472200
26150,-150,100,"sd","14:17:01",5467200
26150,-150,100,"sd","14:17:01",5467100
26150,-150,50000,"sd","14:17:01",5467000
26150,-150,9600,"sd","14:17:01",5417000
26200,-100,1000,"bu","14:16:52",5407400
26200,-100,1000,"bu","14:16:43",5406400
26200,-100,600,"bu","14:16:26",5405400
26200,-100,500,"bu","14:16:24",5404800
26200,-100,200,"bu","14:16:16",5404300
26200,-100,1000,"bu","14:15:52",5404100
26150,-150,100,"sd","14:15:48",5403100
26200,-100,2500,"bu","14:15:44",5403000
26200,-100,1000,"bu","14:15:44",5400500
26150,-150,300,"sd","14:15:32",5399500
26150,-150,100,"sd","14:15:32",5399200
26150,-150,200,"sd","14:15:32",5399100
26150,-150,100,"sd","14:15:32",5398900
26150,-150,100,"sd","14:15:32",5398800
26150,-150,9200,"sd","14:15:32",5398700
26150,-150,200,"sd","14:15:25",5389500
26150,-150,300,"sd","14:15:11",5389300
26150,-150,2300,"sd","14:14:58",5389000
26150,-150,500,"sd","14:14:58",5386700
26150,-150,1200,"sd","14:14:58",5386200
26150,-150,1500,"sd","14:14:58",5385000
26150,-150,200,"sd","14:14:54",5383500
26150,-150,5100,"sd","14:14:26",5383300
26150,-150,500,"sd","14:14:26",5378200
26150,-150,7400,"sd","14:14:26",5377700
26150,-150,400,"sd","14:14:15",5370300
26150,-150,400,"sd","14:13:57",5369900
26200,-100,3500,"bu","14:13:57",5369500
26150,-150,1000,"sd","14:13:56",5366000
26150,-150,800,"sd","14:13:50",5365000
26150,-150,100,"sd","14:13:50",5364200
26150,-150,600,"sd","14:13:50",5364100
26150,-150,1000,"sd","14:13:43",5363500
26150,-150,100,"sd","14:13:30",5362500
26200,-100,100,"bu","14:13:03",5362400
26200,-100,100,"bu","14:12:52",5362300
26200,-100,1000,"bu","14:12:51",5362200
26200,-100,500,"bu","14:12:50",5361200
26200,-100,100,"bu","14:12:50",5360700
26200,-100,100,"bu","14:12:43",5360600
26200,-100,200,"bu","14:12:35",5360500
26200,-100,100,"bu","14:12:22",5360300
26200,-100,400,"bu","14:12:22",5360200
26150,-150,200,"sd","14:12:18",5359800
26150,-150,5000,"sd","14:11:56",5359600
26150,-150,100,"sd","14:11:56",5354600
26150,-150,2500,"bu","14:11:37",5354500
26150,-150,100,"bu","14:11:37",5352000
26150,-150,100,"bu","14:11:37",5351900
26150,-150,1000,"bu","14:11:37",5351800
26150,-150,400,"bu","14:11:37",5350800
26150,-150,900,"bu","14:11:37",5350400
26150,-150,800,"bu","14:11:36",5349500
26150,-150,2200,"bu","14:11:36",5348700
26150,-150,500,"bu","14:11:35",5346500
26150,-150,400,"bu","14:11:35",5346000
26150,-150,300,"bu","14:11:35",5345600
26150,-150,200,"bu","14:11:35",5345300
26150,-150,100,"bu","14:11:35",5345100
26150,-150,3400,"bu","14:11:35",5345000
26150,-150,2000,"bu","14:11:35",5341600
26150,-150,1600,"bu","14:11:35",5339600
26150,-150,300,"bu","14:11:34",5338000
26150,-150,300,"bu","14:11:32",5337700
26150,-150,1300,"bu","14:11:25",5337400
26150,-150,1500,"bu","14:11:21",5336100
26150,-150,12500,"bu","14:11:21",5334600
26150,-150,2500,"bu","14:11:04",5322100
26100,-200,2000,"sd","14:10:50",5319600
26100,-200,2000,"sd","14:10:36",5317600
26100,-200,100,"sd","14:10:18",5315600
26100,-200,600,"sd","14:10:16",5315500
26100,-200,100,"sd","14:10:16",5314900
26100,-200,500,"sd","14:10:16",5314800
26100,-200,800,"sd","14:10:16",5314300
26150,-150,2000,"bu","14:10:11",5313500
26150,-150,1400,"bu","14:10:11",5311500
26150,-150,1000,"bu","14:10:11",5310100
26150,-150,800,"bu","14:10:11",5309100
26150,-150,1800,"bu","14:10:11",5308300
26150,-150,500,"bu","14:09:51",5306500
26100,-200,100,"sd","14:09:45",5306000
26100,-200,2000,"sd","14:09:40",5305900
26100,-200,100,"sd","14:09:14",5303900
26100,-200,2000,"sd","14:09:08",5303800
26100,-200,1900,"sd","14:08:44",5301800
26100,-200,100,"sd","14:08:44",5299900
26100,-200,1000,"sd","14:08:44",5299800
26100,-200,2000,"sd","14:08:44",5298800
26100,-200,300,"sd","14:08:34",5296800
26100,-200,500,"sd","14:08:34",5296500
26100,-200,1000,"sd","14:08:34",5296000
26100,-200,100,"sd","14:08:34",5295000
26150,-150,3000,"bu","14:08:33",5294900
26150,-150,300,"bu","14:08:13",5291900
26150,-150,1000,"bu","14:08:06",5291600
26150,-150,500,"bu","14:08:01",5290600
26100,-200,400,"sd","14:08:01",5290100
26100,-200,1500,"sd","14:08:01",5289700
26100,-200,200,"sd","14:07:44",5288200
26100,-200,300,"sd","14:07:28",5288000
26100,-200,1000,"sd","14:07:28",5287700
26100,-200,500,"sd","14:07:28",5286700
26150,-150,300,"bu","14:07:22",5286200
26150,-150,2000,"sd","14:07:20",5285900
26150,-150,1000,"sd","14:07:20",5283900
26150,-150,1000,"sd","14:07:20",5282900
26150,-150,500,"sd","14:07:20",5281900
26150,-150,100,"sd","14:07:20",5281400
26150,-150,500,"sd","14:07:20",5281300
26150,-150,800,"sd","14:07:20",5280800
26150,-150,500,"sd","14:07:20",5280000
26150,-150,5000,"sd","14:07:20",5279500
26150,-150,500,"sd","14:07:20",5274500
26150,-150,500,"sd","14:07:20",5274000
26150,-150,6200,"sd","14:07:20",5273500
26150,-150,10000,"sd","14:07:18",5267300
26150,-150,100,"sd","14:07:06",5257300
26150,-150,3700,"sd","14:07:02",5257200
26150,-150,100,"sd","14:07:02",5253500
26150,-150,2100,"sd","14:07:02",5253400
26150,-150,1800,"sd","14:06:55",5251300
26150,-150,900,"sd","14:06:52",5249500
26200,-100,1000,"bu","14:06:33",5248600
26150,-150,1000,"sd","14:06:26",5247600
26150,-150,1000,"sd","14:06:23",5246600
26150,-150,1800,"sd","14:06:21",5245600
26200,-100,500,"bu","14:06:20",5243800
26150,-150,900,"sd","14:06:13",5243300
26150,-150,10500,"sd","14:06:03",5242400
26150,-150,100,"sd","14:06:03",5231900
26150,-150,100,"sd","14:06:03",5231800
26150,-150,400,"sd","14:06:03",5231700
26150,-150,500,"sd","14:06:03",5231300
26150,-150,2000,"sd","14:06:03",5230800
26150,-150,2000,"sd","14:06:03",5228800
26150,-150,1000,"sd","14:06:03",5226800
26150,-150,1000,"sd","14:06:03",5225800
26150,-150,100,"sd","14:06:03",5224800
26150,-150,100,"sd","14:06:03",5224700
26150,-150,1000,"sd","14:06:02",5224600
26150,-150,500,"sd","14:06:02",5223600
26150,-150,700,"sd","14:06:02",5223100
26150,-150,300,"sd","14:05:57",5222400
26150,-150,200,"sd","14:05:57",5222100
26150,-150,1700,"sd","14:05:48",5221900
26150,-150,100,"sd","14:05:48",5220200
26150,-150,500,"sd","14:05:35",5220100
26150,-150,400,"sd","14:05:15",5219600
26150,-150,100,"sd","14:05:15",5219200
26150,-150,100,"sd","14:05:15",5219100
26150,-150,200,"sd","14:05:15",5219000
26150,-150,500,"sd","14:05:15",5218800
26150,-150,200,"sd","14:05:15",5218300
26150,-150,300,"sd","14:05:15",5218100
26200,-100,100,"bu","14:05:13",5217800
26200,-100,100,"bu","14:05:10",5217700
26200,-100,1900,"bu","14:05:10",5217600
26150,-150,100,"sd","14:05:03",5215700
26150,-150,900,"sd","14:05:03",5215600
26200,-100,300,"bu","14:04:53",5214700
26150,-150,100,"sd","14:04:42",5214400
26150,-150,1000,"sd","14:04:42",5214300
26150,-150,700,"sd","14:04:42",5213300
26200,-100,600,"bu","14:04:42",5212600
26200,-100,400,"bu","14:04:42",5212000
26200,-100,1600,"bu","14:04:38",5211600
26200,-100,400,"bu","14:04:38",5210000
26200,-100,600,"bu","14:04:34",5209600
26200,-100,1000,"bu","14:04:34",5209000
26200,-100,200,"bu","14:04:34",5208000
26200,-100,100,"bu","14:04:34",5207800
26200,-100,1100,"bu","14:04:34",5207700
26150,-150,2200,"sd","14:04:29",5206600
26150,-150,200,"sd","14:04:25",5204400
26200,-100,1900,"bu","14:04:21",5204200
26200,-100,100,"bu","14:04:21",5202300
26200,-100,5000,"bu","14:04:21",5202200
26200,-100,200,"bu","14:04:21",5197200
26200,-100,2800,"bu","14:04:21",5197000
26200,-100,600,"bu","14:04:11",5194200
26150,-150,1800,"sd","14:04:09",5193600
26200,-100,100,"bu","14:03:43",5191800
26150,-150,1800,"sd","14:03:38",5191700
26200,-100,2000,"bu","14:03:33",5189900
26150,-150,500,"sd","14:03:16",5187900
26150,-150,800,"sd","14:03:09",5187400
26150,-150,1800,"sd","14:03:03",5186600
26150,-150,200,"bu","14:02:59",5184800
26150,-150,100,"bu","14:02:55",5184600
26150,-150,1700,"bu","14:02:39",5184500
26150,-150,1200,"bu","14:02:39",5182800
26150,-150,100,"sd","14:02:33",5181600
26150,-150,100,"sd","14:02:33",5181500
26150,-150,100,"sd","14:02:33",5181400
26150,-150,400,"sd","14:02:33",5181300
26150,-150,100,"sd","14:02:33",5180900
26150,-150,800,"sd","14:02:30",5180800
26150,-150,100,"sd","14:02:30",5180000
26150,-150,500,"sd","14:02:30",5179900
26150,-150,300,"sd","14:02:30",5179400
26150,-150,700,"sd","14:02:01",5179100
26150,-150,300,"sd","14:02:01",5178400
26150,-150,100,"bu","14:01:58",5178100
26150,-150,100,"bu","14:01:58",5178000
26150,-150,900,"bu","14:01:57",5177900
26100,-200,1700,"sd","14:01:57",5177000
26100,-200,7800,"sd","14:01:55",5175300
26100,-200,200,"sd","14:01:55",5167500
26100,-200,100,"sd","14:01:55",5167300
26100,-200,500,"sd","14:01:55",5167200
26100,-200,1500,"sd","14:01:55",5166700
26100,-200,1000,"sd","14:01:55",5165200
26100,-200,500,"sd","14:01:55",5164200
26100,-200,500,"sd","14:01:55",5163700
26100,-200,300,"sd","14:01:55",5163200
26100,-200,200,"sd","14:01:55",5162900
26100,-200,1000,"sd","14:01:55",5162700
26100,-200,2000,"sd","14:01:55",5161700
26100,-200,200,"sd","14:01:55",5159700
26100,-200,1000,"sd","14:01:55",5159500
26100,-200,500,"sd","14:01:55",5158500
26100,-200,2000,"sd","14:01:55",5158000
26100,-200,5000,"sd","14:01:55",5156000
26100,-200,400,"sd","14:01:55",5151000
26100,-200,5000,"sd","14:01:55",5150600
26100,-200,300,"sd","14:01:55",5145600
26150,-150,100,"bu","14:01:54",5145300
26150,-150,1000,"bu","14:01:54",5145200
26150,-150,900,"bu","14:01:54",5144200
26150,-150,5000,"bu","14:01:54",5143300
26150,-150,400,"bu","14:01:53",5138300
26150,-150,100,"bu","14:01:52",5137900
26150,-150,500,"bu","14:01:51",5137800
26150,-150,100,"bu","14:01:48",5137300
26150,-150,100,"bu","14:01:48",5137200
26150,-150,500,"bu","14:01:47",5137100
26150,-150,100,"bu","14:01:47",5136600
26150,-150,1000,"bu","14:01:42",5136500
26150,-150,300,"bu","14:01:41",5135500
26150,-150,500,"bu","14:01:41",5135200
26150,-150,100,"bu","14:01:41",5134700
26150,-150,100,"bu","14:01:41",5134600
26150,-150,300,"bu","14:01:40",5134500
26150,-150,700,"bu","14:01:40",5134200
26150,-150,1000,"bu","14:01:40",5133500
26150,-150,2000,"bu","14:01:39",5132500
26150,-150,400,"bu","14:01:38",5130500
26150,-150,3900,"bu","14:01:32",5130100
26150,-150,100,"bu","14:01:32",5126200
26150,-150,300,"bu","14:01:27",5126100
26100,-200,1700,"sd","14:01:26",5125800
26150,-150,300,"bu","14:01:22",5124100
26150,-150,3000,"bu","14:01:21",5123800
26150,-150,800,"bu","14:01:18",5120800
26150,-150,400,"bu","14:01:14",5120000
26150,-150,100,"bu","14:01:03",5119600
26150,-150,200,"bu","14:00:57",5119500
26100,-200,100,"sd","14:00:49",5119300
26100,-200,1000,"sd","14:00:49",5119200
26100,-200,200,"sd","14:00:49",5118200
26100,-200,400,"sd","14:00:49",5118000
26150,-150,4500,"bu","14:00:45",5117600
26150,-150,500,"bu","14:00:45",5113100
26150,-150,200,"bu","14:00:43",5112600
26100,-200,1000,"sd","14:00:35",5112400
26150,-150,200,"bu","14:00:26",5111400
26150,-150,5000,"bu","14:00:26",5111200
26100,-200,1700,"sd","14:00:16",5106200
26150,-150,300,"bu","14:00:15",5104500
26100,-200,300,"sd","14:00:06",5104200
26100,-200,600,"sd","13:59:43",5103900
26100,-200,800,"sd","13:59:43",5103300
26100,-200,300,"sd","13:59:43",5102500
26150,-150,800,"bu","13:59:39",5102200
26150,-150,3500,"bu","13:59:39",5101400
26100,-200,2000,"sd","13:59:37",5097900
26100,-200,500,"sd","13:59:30",5095900
26100,-200,1700,"sd","13:59:10",5095400
26100,-200,500,"sd","13:58:37",5093700
26100,-200,1000,"sd","13:58:37",5093200
26100,-200,200,"sd","13:58:37",5092200
26150,-150,200,"bu","13:58:14",5092000
26100,-200,100,"bu","13:58:09",5091800
26100,-200,300,"bu","13:58:08",5091700
26100,-200,5000,"bu","13:58:06",5091400
26100,-200,500,"bu","13:58:06",5086400
26100,-200,200,"bu","13:58:06",5085900
26100,-200,500,"bu","13:58:04",5085700
26100,-200,5000,"bu","13:58:04",5085200
26050,-250,1700,"sd","13:58:03",5080200
26100,-200,1000,"bu","13:58:03",5078500
26100,-200,1000,"bu","13:58:03",5077500
26100,-200,1000,"bu","13:58:03",5076500
26100,-200,5000,"bu","13:58:01",5075500
26100,-200,900,"bu","13:58:00",5070500
26100,-200,200,"bu","13:57:59",5069600
26100,-200,800,"bu","13:57:57",5069400
26100,-200,100,"bu","13:57:54",5068600
26100,-200,100,"bu","13:57:53",5068500
26100,-200,1000,"bu","13:57:53",5068400
26100,-200,3300,"bu","13:57:49",5067400
26100,-200,16700,"bu","13:57:49",5064100
26100,-200,1000,"bu","13:57:49",5047400
26100,-200,2000,"bu","13:57:49",5046400
26100,-200,300,"bu","13:57:49",5044400
26100,-200,100,"bu","13:57:48",5044100
26100,-200,1000,"bu","13:57:44",5044000
26100,-200,1000,"bu","13:57:42",5043000
26100,-200,2000,"bu","13:57:42",5042000
26100,-200,100,"bu","13:57:41",5040000
26100,-200,100,"bu","13:57:38",5039900
26100,-200,500,"bu","13:57:36",5039800
26100,-200,500,"bu","13:57:32",5039300
26100,-200,200,"bu","13:57:31",5038800
26050,-250,1600,"sd","13:57:30",5038600
26100,-200,1600,"bu","13:57:29",5037000
26100,-200,100,"bu","13:57:21",5035400
26100,-200,1000,"bu","13:57:16",5035300
26100,-200,1000,"bu","13:57:12",5034300
26100,-200,1000,"bu","13:57:06",5033300
26100,-200,100,"bu","13:57:04",5032300
26050,-250,1600,"sd","13:56:58",5032200
26100,-200,100,"bu","13:56:57",5030600
26100,-200,100,"bu","13:56:53",5030500
26100,-200,100,"bu","13:56:49",5030400
26100,-200,2000,"bu","13:56:47",5030300
26100,-200,200,"bu","13:56:44",5028300
26100,-200,1000,"bu","13:56:41",5028100
26050,-250,1600,"sd","13:56:24",5027100
26100,-200,100,"bu","13:56:23",5025500
26100,-200,1000,"bu","13:56:21",5025400
26100,-200,1000,"bu","13:56:20",5024400
26100,-200,1000,"bu","13:56:11",5023400
26100,-200,1000,"bu","13:56:08",5022400
26100,-200,500,"bu","13:56:06",5021400
26100,-200,1000,"bu","13:56:01",5020900
26100,-200,200,"bu","13:55:52",5019900
26050,-250,1600,"sd","13:55:51",5019700
26100,-200,2000,"bu","13:55:50",5018100
26100,-200,1000,"sd","13:55:47",5016100
26100,-200,100,"sd","13:55:47",5015100
26100,-200,100,"sd","13:55:47",5015000
26100,-200,5000,"sd","13:55:47",5014900
26100,-200,1000,"sd","13:55:47",5009900
26100,-200,5000,"sd","13:55:47",5008900
26100,-200,100,"sd","13:55:47",5003900
26100,-200,2000,"sd","13:55:47",5003800
26100,-200,500,"sd","13:55:47",5001800
26100,-200,5000,"sd","13:55:47",5001300
26100,-200,10500,"sd","13:55:47",4996300
26100,-200,500,"sd","13:55:47",4985800
26100,-200,2000,"sd","13:55:47",4985300
26100,-200,1000,"sd","13:55:47",4983300
26100,-200,1000,"sd","13:55:47",4982300
26100,-200,200,"sd","13:55:47",4981300
26100,-200,100,"sd","13:55:47",4981100
26100,-200,1800,"sd","13:55:47",4981000
26100,-200,200,"sd","13:55:47",4979200
26100,-200,1000,"sd","13:55:47",4979000
26100,-200,5500,"sd","13:55:47",4978000
26100,-200,100,"sd","13:55:47",4972500
26100,-200,100,"sd","13:55:47",4972400
26100,-200,1000,"sd","13:55:47",4972300
26100,-200,3000,"sd","13:55:47",4971300
26100,-200,200,"sd","13:55:47",4968300
26100,-200,500,"sd","13:55:47",4968100
26100,-200,300,"sd","13:55:47",4967600
26100,-200,1000,"sd","13:55:47",4967300
26100,-200,1200,"sd","13:55:47",4966300
26100,-200,1000,"sd","13:55:47",4965100
26100,-200,2500,"sd","13:55:47",4964100
26100,-200,200,"sd","13:55:47",4961600
26100,-200,200,"sd","13:55:47",4961400
26100,-200,900,"sd","13:55:47",4961200
26100,-200,500,"sd","13:55:47",4960300
26100,-200,1000,"sd","13:55:47",4959800
26100,-200,1000,"sd","13:55:47",4958800
26100,-200,100,"sd","13:55:47",4957800
26150,-150,500,"bu","13:55:44",4957700
26150,-150,200,"bu","13:55:44",4957200
26150,-150,5000,"bu","13:55:23",4957000
26150,-150,100,"bu","13:55:18",4952000
26150,-150,200,"bu","13:55:18",4951900
26100,-200,1600,"sd","13:55:18",4951700
26150,-150,100,"bu","13:55:07",4950100
26150,-150,100,"bu","13:54:46",4950000
26150,-150,100,"bu","13:54:46",4949900
26150,-150,4800,"bu","13:54:46",4949800
26100,-200,1600,"sd","13:54:44",4945000
26150,-150,200,"bu","13:54:41",4943400
26150,-150,4000,"bu","13:54:33",4943200
26150,-150,1000,"bu","13:54:33",4939200
26150,-150,2000,"bu","13:54:27",4938200
26150,-150,1200,"bu","13:54:17",4936200
26100,-200,1600,"sd","13:54:11",4935000
26150,-150,200,"bu","13:53:56",4933400
26150,-150,3400,"bu","13:53:56",4933200
26150,-150,5600,"bu","13:53:56",4929800
26150,-150,900,"sd","13:53:46",4924200
26150,-150,500,"sd","13:53:46",4923300
26150,-150,500,"bu","13:53:39",4922800
26100,-200,1600,"sd","13:53:38",4922300
26100,-200,3500,"sd","13:53:34",4920700
26100,-200,500,"sd","13:53:34",4917200
26150,-150,1500,"bu","13:53:32",4916700
26150,-150,500,"bu","13:53:32",4915200
26100,-200,1000,"sd","13:53:25",4914700
26150,-150,100,"bu","13:53:20",4913700
26150,-150,3000,"bu","13:53:18",4913600
26150,-150,4400,"bu","13:53:17",4910600
26150,-150,5600,"bu","13:53:17",4906200
26150,-150,100,"bu","13:53:13",4900600
26150,-150,300,"bu","13:53:06",4900500
26150,-150,2000,"bu","13:53:06",4900200
26150,-150,600,"bu","13:53:06",4898200
26150,-150,500,"bu","13:53:06",4897600
26100,-200,100,"sd","13:53:06",4897100
26100,-200,1000,"sd","13:53:05",4897000
26100,-200,600,"sd","13:53:05",4896000
26150,-150,2000,"bu","13:52:58",4895400
26150,-150,5000,"bu","13:52:51",4893400
26100,-200,100,"sd","13:52:48",4888400
26100,-200,300,"sd","13:52:32",4888300
26100,-200,1300,"sd","13:52:31",4888000
26150,-150,12500,"bu","13:52:31",4886700
26150,-150,1000,"bu","13:52:31",4874200
26150,-150,6500,"bu","13:52:31",4873200
26100,-200,1600,"sd","13:51:58",4866700
26100,-200,300,"sd","13:51:47",4865100
26150,-150,2000,"bu","13:51:38",4864800
26100,-200,700,"sd","13:51:37",4862800
26100,-200,200,"sd","13:51:37",4862100
26100,-200,900,"sd","13:51:35",4861900
26100,-200,200,"sd","13:51:35",4861000
26100,-200,100,"sd","13:51:35",4860800
26100,-200,1000,"sd","13:51:35",4860700
26100,-200,300,"sd","13:51:35",4859700
26100,-200,200,"sd","13:51:35",4859400
26100,-200,500,"sd","13:51:35",4859200
26100,-200,500,"sd","13:51:35",4858700
26100,-200,500,"sd","13:51:35",4858200
26100,-200,1600,"sd","13:51:25",4857700
26100,-200,900,"sd","13:51:22",4856100
26100,-200,1000,"sd","13:51:22",4855200
26100,-200,500,"sd","13:51:22",4854200
26100,-200,300,"sd","13:51:22",4853700
26100,-200,1000,"sd","13:51:22",4853400
26100,-200,100,"sd","13:51:22",4852400
26100,-200,100,"sd","13:51:22",4852300
26100,-200,4100,"sd","13:51:22",4852200
26100,-200,900,"sd","13:51:13",4848100
26100,-200,300,"sd","13:51:13",4847200
26100,-200,1000,"sd","13:51:13",4846900
26100,-200,600,"sd","13:51:13",4845900
26150,-150,100,"bu","13:51:07",4845300
26100,-200,1600,"sd","13:50:50",4845200
26100,-200,2800,"sd","13:50:41",4843600
26100,-200,500,"sd","13:50:41",4840800
26100,-200,1700,"sd","13:50:41",4840300
26100,-200,300,"sd","13:50:17",4838600
26100,-200,500,"sd","13:50:17",4838300
26100,-200,100,"sd","13:50:17",4837800
26100,-200,700,"sd","13:50:17",4837700
26100,-200,2300,"sd","13:50:15",4837000
26100,-200,400,"sd","13:50:15",4834700
26100,-200,100,"sd","13:50:15",4834300
26100,-200,100,"sd","13:50:15",4834200
26100,-200,100,"sd","13:50:15",4834100
26100,-200,500,"sd","13:50:15",4834000
26100,-200,100,"sd","13:50:15",4833500
26100,-200,200,"sd","13:50:15",4833400
26100,-200,500,"sd","13:50:15",4833200
26100,-200,200,"sd","13:50:15",4832700
26100,-200,200,"sd","13:50:15",4832500
26100,-200,1000,"sd","13:50:15",4832300
26100,-200,5000,"sd","13:50:05",4831300
26100,-200,200,"sd","13:50:05",4826300
26100,-200,2500,"sd","13:50:05",4826100
26100,-200,1000,"sd","13:49:53",4823600
26100,-200,300,"sd","13:49:53",4822600
26100,-200,3000,"sd","13:49:53",4822300
26100,-200,500,"sd","13:49:53",4819300
26100,-200,1000,"sd","13:49:53",4818800
26100,-200,1800,"sd","13:49:53",4817800
26100,-200,900,"sd","13:49:53",4816000
26100,-200,500,"sd","13:49:53",4815100
26100,-200,100,"sd","13:49:53",4814600
26100,-200,500,"sd","13:49:53",4814500
26100,-200,100,"sd","13:49:53",4814000
26100,-200,200,"sd","13:49:53",4813900
26100,-200,3000,"sd","13:49:53",4813700
26100,-200,2000,"sd","13:49:53",4810700
26100,-200,100,"sd","13:49:53",4808700
26100,-200,400,"sd","13:49:44",4808600
26100,-200,100,"sd","13:49:44",4808200
26100,-200,500,"sd","13:49:44",4808100
26100,-200,600,"sd","13:49:44",4807600
26100,-200,2300,"sd","13:49:43",4807000
26100,-200,300,"sd","13:49:43",4804700
26100,-200,2500,"sd","13:49:43",4804400
26100,-200,200,"sd","13:49:43",4801900
26100,-200,1400,"sd","13:49:43",4801700
26100,-200,1000,"sd","13:49:43",4800300
26100,-200,1000,"sd","13:49:43",4799300
26100,-200,1000,"sd","13:49:43",4798300
26100,-200,5000,"sd","13:49:43",4797300
26100,-200,100,"sd","13:49:43",4792300
26100,-200,200,"sd","13:49:43",4792200
26150,-150,1900,"bu","13:49:42",4792000
26150,-150,100,"bu","13:49:42",4790100
26150,-150,200,"bu","13:49:41",4790000
26100,-200,200,"sd","13:49:32",4789800
26100,-200,100,"sd","13:49:32",4789600
26100,-200,1000,"sd","13:49:32",4789500
26100,-200,3000,"sd","13:49:32",4788500
26100,-200,3000,"sd","13:49:32",4785500
26100,-200,2000,"sd","13:49:32",4782500
26100,-200,200,"sd","13:49:32",4780500
26100,-200,3000,"sd","13:49:32",4780300
26100,-200,500,"sd","13:49:32",4777300
26100,-200,100,"sd","13:49:32",4776800
26100,-200,1900,"sd","13:49:32",4776700
26150,-150,1000,"bu","13:49:31",4774800
26100,-200,100,"sd","13:49:31",4773800
26150,-150,700,"bu","13:49:29",4773700
26150,-150,300,"bu","13:49:29",4773000
26150,-150,100,"bu","13:49:26",4772700
26150,-150,400,"bu","13:49:24",4772600
26150,-150,200,"sd","13:49:22",4772200
26150,-150,200,"sd","13:49:20",4772000
26150,-150,100,"sd","13:49:20",4771800
26150,-150,500,"sd","13:49:20",4771700
26150,-150,400,"sd","13:49:20",4771200
26150,-150,10000,"sd","13:49:19",4770800
26150,-150,4600,"sd","13:49:17",4760800
26150,-150,200,"sd","13:49:17",4756200
26150,-150,200,"sd","13:49:17",4756000
26150,-150,100,"sd","13:49:12",4755800
26150,-150,1600,"sd","13:49:10",4755700
26150,-150,1100,"sd","13:49:09",4754100
26150,-150,500,"sd","13:49:09",4753000
26150,-150,300,"sd","13:49:09",4752500
26150,-150,300,"sd","13:49:09",4752200
26150,-150,1000,"sd","13:49:09",4751900
26150,-150,2000,"sd","13:49:09",4750900
26150,-150,200,"sd","13:49:09",4748900
26150,-150,100,"sd","13:49:09",4748700
26150,-150,300,"sd","13:49:09",4748600
26150,-150,1000,"sd","13:49:09",4748300
26150,-150,500,"sd","13:49:09",4747300
26150,-150,500,"sd","13:49:09",4746800
26150,-150,100,"sd","13:49:09",4746300
26150,-150,11800,"sd","13:49:09",4746200
26150,-150,100,"sd","13:49:09",4734400
26150,-150,100,"sd","13:49:09",4734300
26150,-150,1000,"sd","13:49:09",4734200
26150,-150,300,"sd","13:49:09",4733200
26150,-150,1000,"sd","13:49:09",4732900
26150,-150,7800,"sd","13:49:09",4731900
26200,-100,1500,"bu","13:49:07",4724100
26150,-150,2200,"sd","13:48:56",4722600
26150,-150,200,"sd","13:48:56",4720400
26150,-150,400,"sd","13:48:56",4720200
26200,-100,400,"bu","13:48:54",4719800
26200,-100,1000,"bu","13:48:52",4719400
26200,-100,100,"bu","13:48:50",4718400
26200,-100,100,"bu","13:48:49",4718300
26150,-150,1600,"sd","13:48:38",4718200
26200,-100,2000,"bu","13:48:33",4716600
26200,-100,100,"bu","13:48:33",4714600
26200,-100,1000,"sd","13:48:32",4714500
26200,-100,500,"sd","13:48:32",4713500
26200,-100,200,"sd","13:48:32",4713000
26200,-100,400,"sd","13:48:32",4712800
26250,-50,500,"bu","13:48:31",4712400
26200,-100,4600,"sd","13:48:29",4711900
26200,-100,1300,"sd","13:48:29",4707300
26200,-100,6000,"sd","13:48:29",4706000
26200,-100,100,"sd","13:48:29",4700000
26200,-100,5000,"sd","13:48:24",4699900
26200,-100,46100,"sd","13:48:22",4694900
26200,-100,500,"sd","13:48:22",4648800
26200,-100,300,"sd","13:48:22",4648300
26200,-100,100,"sd","13:48:22",4648000
26200,-100,500,"sd","13:48:22",4647900
26200,-100,1000,"sd","13:48:22",4647400
26200,-100,500,"sd","13:48:22",4646400
26200,-100,200,"sd","13:48:22",4645900
26200,-100,500,"sd","13:48:22",4645700
26200,-100,300,"sd","13:48:22",4645200
26250,-50,500,"bu","13:48:21",4644900
26250,-50,1000,"sd","13:48:18",4644400
26250,-50,1000,"sd","13:48:18",4643400
26250,-50,500,"sd","13:48:18",4642400
26250,-50,500,"sd","13:48:18",4641900
26250,-50,200,"sd","13:48:16",4641400
26250,-50,300,"sd","13:48:16",4641200
26250,-50,300,"sd","13:48:15",4640900
26250,-50,200,"sd","13:48:09",4640600
26250,-50,200,"bu","13:48:06",4640400
26200,-100,4700,"sd","13:48:06",4640200
26200,-100,5000,"sd","13:48:06",4635500
26200,-100,100,"sd","13:48:06",4630500
26200,-100,500,"sd","13:48:06",4630400
26200,-100,500,"sd","13:48:06",4629900
26200,-100,300,"sd","13:48:06",4629400
26200,-100,500,"sd","13:48:06",4629100
26200,-100,5000,"sd","13:48:06",4628600
26200,-100,5000,"sd","13:48:06",4623600
26200,-100,3400,"sd","13:48:06",4618600
26250,-50,100,"bu","13:48:05",4615200
26250,-50,800,"bu","13:48:05",4615100
26250,-50,100,"bu","13:48:04",4614300
26200,-100,1600,"sd","13:48:04",4614200
26250,-50,200,"bu","13:48:04",4612600
26250,-50,500,"bu","13:48:02",4612400
26250,-50,1700,"bu","13:48:01",4611900
26250,-50,100,"bu","13:48:00",4610200
26250,-50,3000,"bu","13:48:00",4610100
26250,-50,2000,"sd","13:47:59",4607100
26250,-50,5000,"sd","13:47:59",4605100
26250,-50,100,"sd","13:47:59",4600100
26250,-50,3000,"sd","13:47:59",4600000
26250,-50,3500,"sd","13:47:59",4597000
26300,0,1000,"bu","13:47:58",4593500
26300,0,100,"bu","13:47:58",4592500
26300,0,500,"bu","13:47:58",4592400
26300,0,1000,"bu","13:47:58",4591900
26250,-50,100,"sd","13:47:58",4590900
26300,0,8000,"bu","13:47:53",4590800
26300,0,7000,"bu","13:47:53",4582800
26250,-50,1000,"sd","13:47:52",4575800
26250,-50,500,"sd","13:47:52",4574800
26250,-50,5000,"sd","13:47:52",4574300
26250,-50,300,"sd","13:47:52",4569300
26250,-50,8200,"sd","13:47:52",4569000
26300,0,1000,"bu","13:47:48",4560800
26300,0,1000,"bu","13:47:41",4559800
26250,-50,11800,"sd","13:47:39",4558800
26250,-50,100,"sd","13:47:39",4547000
26250,-50,2000,"sd","13:47:39",4546900
26250,-50,100,"sd","13:47:39",4544900
26300,0,500,"sd","13:47:39",4544800
26300,0,500,"sd","13:47:39",4544300
26300,0,100,"bu","13:47:37",4543800
26300,0,100,"bu","13:47:35",4543700
26300,0,300,"bu","13:47:34",4543600
26300,0,100,"bu","13:47:34",4543300
26300,0,600,"bu","13:47:34",4543200
26300,0,400,"bu","13:47:34",4542600
26300,0,1000,"bu","13:47:34",4542200
26300,0,600,"bu","13:47:34",4541200
26300,0,100,"bu","13:47:33",4540600
26300,0,100,"bu","13:47:32",4540500
26250,-50,1000,"sd","13:47:31",4540400
26250,-50,400,"sd","13:47:31",4539400
26250,-50,100,"sd","13:47:31",4539000
26300,0,800,"bu","13:47:29",4538900
26300,0,400,"bu","13:47:28",4538100
26300,0,100,"bu","13:47:28",4537700
26300,0,300,"bu","13:47:28",4537600
26300,0,100,"bu","13:47:28",4537300
26300,0,200,"bu","13:47:28",4537200
26300,0,500,"bu","13:47:28",4537000
26300,0,1000,"bu","13:47:28",4536500
26300,0,2000,"bu","13:47:28",4535500
26300,0,100,"bu","13:47:28",4533500
26300,0,100,"bu","13:47:28",4533400
26300,0,1000,"bu","13:47:28",4533300
26300,0,200,"bu","13:47:28",4532300
26300,0,100,"bu","13:47:28",4532100
26300,0,500,"bu","13:47:28",4532000
26300,0,300,"bu","13:47:28",4531500
26300,0,600,"bu","13:47:28",4531200
26300,0,2500,"bu","13:47:28",4530600
26300,0,400,"bu","13:47:26",4528100
26300,0,200,"bu","13:47:24",4527700
26300,0,300,"bu","13:47:19",4527500
26300,0,1000,"bu","13:47:19",4527200
26300,0,500,"bu","13:47:19",4526200
26300,0,500,"bu","13:47:19",4525700
26300,0,100,"bu","13:47:19",4525200
26300,0,300,"bu","13:47:19",4525100
26250,-50,200,"sd","13:47:16",4524800
26300,0,100,"bu","13:47:10",4524600
26300,0,600,"bu","13:47:10",4524500
26300,0,300,"bu","13:47:10",4523900
26300,0,4700,"bu","13:47:09",4523600
26300,0,300,"bu","13:47:09",4518900
26300,0,100,"bu","13:47:08",4518600
26300,0,100,"bu","13:47:03",4518500
26300,0,200,"bu","13:47:03",4518400
26300,0,300,"bu","13:47:03",4518200
26300,0,100,"bu","13:47:03",4517900
26300,0,1000,"bu","13:47:03",4517800
26300,0,100,"bu","13:47:03",4516800
26300,0,100,"bu","13:47:03",4516700
26300,0,600,"bu","13:47:02",4516600
26300,0,300,"bu","13:47:02",4516000
26300,0,200,"bu","13:46:58",4515700
26250,-50,400,"sd","13:46:57",4515500
26250,-50,300,"sd","13:46:57",4515100
26250,-50,200,"sd","13:46:57",4514800
26250,-50,100,"sd","13:46:57",4514600
26250,-50,100,"sd","13:46:57",4514500
26250,-50,300,"sd","13:46:57",4514400
26250,-50,100,"sd","13:46:57",4514100
26300,0,300,"bu","13:46:57",4514000
26300,0,1000,"bu","13:46:57",4513700
26250,-50,100,"sd","13:46:55",4512700
26300,0,500,"bu","13:46:47",4512600
26250,-50,100,"sd","13:46:44",4512100
26300,0,1500,"bu","13:46:41",4512000
26300,0,4800,"bu","13:46:35",4510500
26250,-50,5000,"bu","13:46:35",4505700
26250,-50,200,"bu","13:46:35",4500700
26250,-50,100,"bu","13:46:35",4500500
26250,-50,4700,"bu","13:46:32",4500400
26250,-50,300,"bu","13:46:32",4495700
26250,-50,100,"bu","13:46:32",4495400
26250,-50,500,"bu","13:46:31",4495300
26250,-50,100,"bu","13:46:31",4494800
26250,-50,500,"bu","13:46:27",4494700
26250,-50,1300,"sd","13:46:25",4494200
26250,-50,200,"sd","13:46:25",4492900
26250,-50,200,"sd","13:46:25",4492700
26250,-50,1000,"sd","13:46:25",4492500
26250,-50,500,"sd","13:46:25",4491500
26250,-50,300,"sd","13:46:25",4491000
26250,-50,1700,"sd","13:46:25",4490700
26250,-50,100,"sd","13:46:25",4489000
26250,-50,100,"sd","13:46:25",4488900
26250,-50,300,"sd","13:46:25",4488800
26250,-50,300,"sd","13:46:25",4488500
26250,-50,5000,"sd","13:46:25",4488200
26250,-50,100,"sd","13:46:25",4483200
26250,-50,1900,"sd","13:46:25",4483100
26250,-50,500,"sd","13:46:25",4481200
26250,-50,1400,"sd","13:46:25",4480700
26250,-50,100,"sd","13:46:25",4479300
26250,-50,2000,"sd","13:46:25",4479200
26250,-50,200,"sd","13:46:25",4477200
26250,-50,1300,"sd","13:46:25",4477000
26300,0,1000,"bu","13:46:25",4475700
26250,-50,1500,"sd","13:46:25",4474700
26250,-50,100,"sd","13:46:24",4473200
26300,0,100,"bu","13:46:23",4473100
26300,0,100,"bu","13:46:21",4473000
26300,0,100,"bu","13:46:20",4472900
26300,0,1000,"bu","13:46:15",4472800
26300,0,300,"bu","13:46:13",4471800
26300,0,100,"bu","13:46:13",4471500
26300,0,900,"bu","13:46:13",4471400
26300,0,1000,"bu","13:46:08",4470500
26250,-50,100,"sd","13:46:07",4469500
26300,0,2000,"bu","13:46:07",4469400
26300,0,500,"bu","13:46:07",4467400
26300,0,3600,"bu","13:46:07",4466900
26300,0,1000,"bu","13:46:07",4463300
26300,0,400,"bu","13:46:07",4462300
26300,0,800,"bu","13:46:06",4461900
26300,0,400,"bu","13:46:06",4461100
26250,-50,100,"sd","13:46:04",4460700
26300,0,100,"bu","13:46:01",4460600
26300,0,100,"bu","13:45:55",4460500
26250,-50,200,"sd","13:45:54",4460400
26250,-50,1500,"sd","13:45:51",4460200
26250,-50,200,"bu","13:45:45",4458700
26250,-50,2000,"bu","13:45:45",4458500
26250,-50,300,"bu","13:45:45",4456500
26250,-50,500,"bu","13:45:45",4456200
26250,-50,2000,"bu","13:45:45",4455700
26250,-50,1500,"bu","13:45:45",4453700
26250,-50,300,"bu","13:45:42",4452200
26250,-50,200,"bu","13:45:40",4451900
26250,-50,1800,"bu","13:45:40",4451700
26250,-50,1200,"bu","13:45:40",4449900
26250,-50,200,"bu","13:45:40",4448700
26250,-50,300,"bu","13:45:40",4448500
26250,-50,100,"bu","13:45:40",4448200
26250,-50,100,"bu","13:45:40",4448100
26250,-50,100,"bu","13:45:40",4448000
26200,-100,1000,"bu","13:45:33",4447900
26200,-100,1100,"bu","13:45:33",4446900
26200,-100,1500,"bu","13:45:33",4445800
26200,-100,600,"bu","13:45:33",4444300
26200,-100,9000,"bu","13:45:32",4443700
26200,-100,100,"bu","13:45:29",4434700
26200,-100,200,"bu","13:45:28",4434600
26200,-100,100,"bu","13:45:25",4434400
26200,-100,200,"bu","13:45:25",4434300
26200,-100,100,"bu","13:45:25",4434100
26200,-100,1000,"bu","13:45:25",4434000
26200,-100,100,"bu","13:45:25",4433000
26200,-100,800,"bu","13:45:25",4432900
26200,-100,1000,"bu","13:45:25",4432100
26200,-100,200,"bu","13:45:25",4431100
26200,-100,1000,"bu","13:45:25",4430900
26200,-100,500,"bu","13:45:25",4429900
26200,-100,1900,"bu","13:45:23",4429400
26200,-100,100,"bu","13:45:23",4427500
26200,-100,100,"bu","13:45:22",4427400
26200,-100,200,"bu","13:45:20",4427300
26200,-100,400,"bu","13:45:19",4427100
26150,-150,1600,"sd","13:45:18",4426700
26200,-100,200,"bu","13:45:16",4425100
26200,-100,1500,"bu","13:45:16",4424900
26200,-100,8500,"bu","13:45:16",4423400
26150,-150,200,"sd","13:45:16",4414900
26200,-100,1000,"bu","13:45:15",4414700
26200,-100,10000,"bu","13:45:13",4413700
26200,-100,500,"bu","13:45:12",4403700
26200,-100,200,"bu","13:45:10",4403200
26200,-100,100,"bu","13:45:10",4403000
26200,-100,1200,"bu","13:45:10",4402900
26150,-150,15000,"sd","13:45:08",4401700
26200,-100,100,"bu","13:45:07",4386700
26200,-100,600,"bu","13:45:04",4386600
26150,-150,1600,"sd","13:45:02",4386000
26200,-100,1100,"bu","13:45:00",4384400
26200,-100,3000,"bu","13:45:00",4383300
26200,-100,300,"bu","13:45:00",4380300
26150,-150,7000,"sd","13:44:59",4380000
26150,-150,600,"sd","13:44:59",4373000
26150,-150,500,"sd","13:44:59",4372400
26150,-150,100,"sd","13:44:59",4371900
26150,-150,700,"sd","13:44:59",4371800
26150,-150,100,"sd","13:44:59",4371100
26150,-150,100,"sd","13:44:59",4371000
26150,-150,100,"sd","13:44:59",4370900
26150,-150,800,"sd","13:44:59",4370800
26200,-100,100,"bu","13:44:58",4370000
26200,-100,600,"bu","13:44:51",4369900
26200,-100,300,"bu","13:44:51",4369300
26200,-100,3000,"bu","13:44:51",4369000
26200,-100,100,"bu","13:44:51",4366000
26200,-100,1000,"bu","13:44:51",4365900
26150,-150,1600,"sd","13:44:46",4364900
26150,-150,500,"bu","13:44:45",4363300
26150,-150,100,"bu","13:44:45",4362800
26150,-150,400,"bu","13:44:44",4362700
26150,-150,3000,"bu","13:44:44",4362300
26150,-150,600,"bu","13:44:44",4359300
26150,-150,500,"bu","13:44:44",4358700
26150,-150,100,"bu","13:44:44",4358200
26150,-150,100,"bu","13:44:43",4358100
26150,-150,100,"bu","13:44:41",4358000
26150,-150,300,"bu","13:44:41",4357900
26150,-150,200,"bu","13:44:41",4357600
26150,-150,4800,"bu","13:44:41",4357400
26150,-150,200,"bu","13:44:40",4352600
26150,-150,100,"bu","13:44:40",4352400
26150,-150,300,"bu","13:44:40",4352300
26150,-150,1700,"bu","13:44:40",4352000
26150,-150,1000,"bu","13:44:39",4350300
26150,-150,500,"bu","13:44:39",4349300
26150,-150,1800,"bu","13:44:39",4348800
26150,-150,3200,"bu","13:44:39",4347000
26150,-150,5000,"bu","13:44:36",4343800
26150,-150,3000,"bu","13:44:35",4338800
26100,-200,1600,"sd","13:44:33",4335800
26150,-150,5800,"bu","13:44:31",4334200
26150,-150,1000,"bu","13:44:31",4328400
26150,-150,500,"bu","13:44:31",4327400
26150,-150,700,"bu","13:44:31",4326900
26100,-200,1000,"sd","13:44:26",4326200
26100,-200,1000,"sd","13:44:26",4325200
26100,-200,1000,"sd","13:44:26",4324200
26100,-200,100,"sd","13:44:26",4323200
26100,-200,5000,"sd","13:44:26",4323100
26100,-200,1000,"sd","13:44:26",4318100
26100,-200,400,"sd","13:44:26",4317100
26100,-200,1000,"sd","13:44:26",4316700
26100,-200,100,"sd","13:44:26",4315700
26100,-200,1000,"sd","13:44:26",4315600
26100,-200,1000,"sd","13:44:26",4314600
26100,-200,600,"sd","13:44:26",4313600
26100,-200,400,"sd","13:44:26",4313000
26100,-200,1400,"sd","13:44:26",4312600
26150,-150,100,"bu","13:44:21",4311200
26100,-200,600,"sd","13:44:17",4311100
26100,-200,1000,"sd","13:44:17",4310500
26100,-200,400,"sd","13:44:10",4309500
26100,-200,100,"sd","13:44:09",4309100
26100,-200,1400,"sd","13:44:06",4309000
26100,-200,200,"sd","13:44:06",4307600
26100,-200,3900,"sd","13:44:05",4307400
26100,-200,8100,"sd","13:44:05",4303500
26150,-150,2000,"bu","13:44:03",4295400
26100,-200,1900,"bu","13:44:00",4293400
26100,-200,100,"bu","13:43:59",4291500
26100,-200,500,"bu","13:43:58",4291400
26100,-200,200,"bu","13:43:58",4290900
26100,-200,100,"bu","13:43:57",4290700
26100,-200,10000,"bu","13:43:57",4290600
26100,-200,100,"bu","13:43:55",4280600
26100,-200,100,"bu","13:43:55",4280500
26100,-200,200,"bu","13:43:55",4280400
26100,-200,100,"sd","13:43:51",4280200
26100,-200,1000,"sd","13:43:51",4280100
26100,-200,500,"sd","13:43:51",4279100
26100,-200,500,"sd","13:43:51",4278600
26100,-200,500,"sd","13:43:51",4278100
26100,-200,500,"sd","13:43:51",4277600
26100,-200,2700,"sd","13:43:51",4277100
26100,-200,1600,"sd","13:43:47",4274400
26100,-200,700,"bu","13:43:45",4272800
26100,-200,200,"bu","13:43:44",4272100
26100,-200,500,"bu","13:43:41",4271900
26100,-200,300,"bu","13:43:41",4271400
26100,-200,500,"bu","13:43:39",4271100
26100,-200,200,"bu","13:43:37",4270600
26050,-250,300,"sd","13:43:36",4270400
26100,-200,600,"bu","13:43:35",4270100
26100,-200,1000,"bu","13:43:35",4269500
26100,-200,1000,"bu","13:43:35",4268500
26100,-200,5000,"bu","13:43:35",4267500
26050,-250,300,"sd","13:43:29",4262500
26100,-200,1200,"sd","13:43:29",4262200
26100,-200,1000,"bu","13:43:29",4261000
26100,-200,800,"bu","13:43:29",4260000
26100,-200,500,"bu","13:43:29",4259200
26100,-200,2000,"bu","13:43:26",4258700
26100,-200,1200,"bu","13:43:25",4256700
26100,-200,3800,"bu","13:43:25",4255500
26100,-200,1000,"bu","13:43:24",4251700
26100,-200,1000,"bu","13:43:24",4250700
26100,-200,100,"bu","13:43:23",4249700
26100,-200,200,"bu","13:43:23",4249600
26100,-200,500,"bu","13:43:22",4249400
26100,-200,100,"bu","13:43:20",4248900
26100,-200,100,"bu","13:43:19",4248800
26100,-200,100,"sd","13:43:18",4248700
26100,-200,3000,"sd","13:43:18",4248600
26100,-200,6100,"sd","13:43:18",4245600
26150,-150,100,"bu","13:43:17",4239500
26150,-150,100,"bu","13:43:17",4239400
26100,-200,3900,"bu","13:43:17",4239300
26100,-200,3000,"bu","13:43:15",4235400
26100,-200,100,"bu","13:43:14",4232400
26050,-250,1400,"sd","13:43:14",4232300
26100,-200,100,"bu","13:43:14",4230900
26100,-200,3000,"bu","13:43:14",4230800
26100,-200,1000,"bu","13:43:13",4227800
26100,-200,100,"bu","13:43:05",4226800
26100,-200,5000,"bu","13:43:04",4226700
26100,-200,1300,"sd","13:43:02",4221700
26100,-200,100,"sd","13:43:02",4220400
26100,-200,400,"sd","13:43:02",4220300
26100,-200,700,"bu","13:42:58",4219900
26100,-200,100,"bu","13:42:56",4219200
26100,-200,1800,"bu","13:42:56",4219100
26100,-200,100,"bu","13:42:55",4217300
26100,-200,100,"sd","13:42:52",4217200
26100,-200,2000,"sd","13:42:52",4217100
26100,-200,1100,"sd","13:42:52",4215100
26100,-200,400,"sd","13:42:52",4214000
26100,-200,500,"sd","13:42:52",4213600
26100,-200,2000,"sd","13:42:52",4213100
26100,-200,500,"sd","13:42:52",4211100
26100,-200,700,"sd","13:42:52",4210600
26100,-200,300,"sd","13:42:48",4209900
26100,-200,100,"sd","13:42:48",4209600
26100,-200,300,"sd","13:42:48",4209500
26100,-200,1000,"sd","13:42:48",4209200
26100,-200,1000,"sd","13:42:48",4208200
26100,-200,6900,"sd","13:42:48",4207200
26100,-200,2100,"sd","13:42:45",4200300
26100,-200,10900,"sd","13:42:45",4198200
26150,-150,200,"bu","13:42:44",4187300
26100,-200,1400,"sd","13:42:42",4187100
26150,-150,500,"bu","13:42:42",4185700
26100,-200,7700,"bu","13:42:38",4185200
26100,-200,1000,"bu","13:42:38",4177500
26100,-200,2000,"bu","13:42:36",4176500
26100,-200,1300,"bu","13:42:36",4174500
26100,-200,200,"bu","13:42:36",4173200
26100,-200,1900,"bu","13:42:36",4173000
26100,-200,100,"bu","13:42:36",4171100
26100,-200,300,"bu","13:42:36",4171000
26100,-200,500,"bu","13:42:35",4170700
26100,-200,300,"bu","13:42:34",4170200
26100,-200,2000,"bu","13:42:34",4169900
26100,-200,100,"bu","13:42:34",4167900
26100,-200,1000,"bu","13:42:34",4167800
26100,-200,2000,"bu","13:42:34",4166800
26100,-200,1200,"bu","13:42:34",4164800
26100,-200,100,"bu","13:42:34",4163600
26100,-200,500,"bu","13:42:34",4163500
26100,-200,200,"bu","13:42:34",4163000
26100,-200,7900,"bu","13:42:34",4162800
26100,-200,800,"bu","13:42:33",4154900
26100,-200,1000,"bu","13:42:33",4154100
26100,-200,100,"bu","13:42:33",4153100
26100,-200,1100,"bu","13:42:33",4153000
26100,-200,3000,"bu","13:42:33",4151900
26100,-200,10000,"bu","13:42:32",4148900
26100,-200,100,"bu","13:42:28",4138900
26100,-200,1000,"bu","13:42:26",4138800
26100,-200,1000,"bu","13:42:24",4137800
26100,-200,100,"bu","13:42:24",4136800
26100,-200,300,"bu","13:42:23",4136700
26100,-200,200,"bu","13:42:23",4136400
26050,-250,400,"sd","13:42:22",4136200
26100,-200,200,"bu","13:42:22",4135800
26100,-200,100,"bu","13:42:22",4135600
26100,-200,1000,"bu","13:42:22",4135500
26100,-200,1000,"bu","13:42:22",4134500
26100,-200,2300,"bu","13:42:22",4133500
26100,-200,500,"bu","13:42:20",4131200
26100,-200,4500,"bu","13:42:10",4130700
26050,-250,1400,"sd","13:42:08",4126200
26050,-250,100,"sd","13:42:08",4124800
26100,-200,1000,"bu","13:42:07",4124700
26050,-250,1000,"sd","13:41:49",4123700
26050,-250,1700,"sd","13:41:38",4122700
26050,-250,300,"sd","13:41:37",4121000
26050,-250,1400,"sd","13:41:37",4120700
26050,-250,300,"sd","13:41:37",4119300
26100,-200,200,"bu","13:41:37",4119000
26050,-250,800,"sd","13:41:36",4118800
26050,-250,100,"sd","13:41:36",4118000
26050,-250,100,"sd","13:41:36",4117900
26050,-250,1000,"sd","13:41:36",4117800
26050,-250,2000,"sd","13:41:29",4116800
26050,-250,4400,"sd","13:41:29",4114800
26050,-250,100,"sd","13:41:25",4110400
26050,-250,1400,"sd","13:41:01",4110300
26100,-200,1900,"bu","13:41:01",4108900
26050,-250,1700,"sd","13:40:47",4107000
26050,-250,2400,"sd","13:40:42",4105300
26050,-250,500,"sd","13:40:42",4102900
26050,-250,600,"sd","13:40:42",4102400
26050,-250,600,"bu","13:40:30",4101800
26050,-250,3000,"bu","13:40:30",4101200
26050,-250,800,"bu","13:40:30",4098200
26000,-300,1400,"sd","13:40:30",4097400
26050,-250,600,"bu","13:40:29",4096000
26050,-250,500,"bu","13:40:27",4095400
26000,-300,200,"sd","13:40:20",4094900
26050,-250,600,"bu","13:40:19",4094700
26050,-250,500,"sd","13:40:14",4094100
26050,-250,1000,"sd","13:40:12",4093600
26050,-250,100,"sd","13:40:12",4092600
26050,-250,1000,"sd","13:40:12",4092500
26050,-250,2900,"sd","13:40:12",4091500
26050,-250,300,"sd","13:40:10",4088600
26050,-250,500,"sd","13:40:07",4088300
26050,-250,1200,"bu","13:40:01",4087800
26050,-250,400,"bu","13:40:01",4086600
26050,-250,4700,"bu","13:40:01",4086200
26050,-250,100,"bu","13:40:01",4081500
26050,-250,3200,"bu","13:39:56",4081400
26050,-250,1500,"bu","13:39:56",4078200
26050,-250,300,"bu","13:39:56",4076700
26000,-300,1400,"sd","13:39:56",4076400
26050,-250,100,"bu","13:39:53",4075000
26050,-250,400,"bu","13:39:45",4074900
26050,-250,1000,"bu","13:39:42",4074500
26000,-300,10000,"sd","13:39:41",4073500
26050,-250,2000,"bu","13:39:33",4063500
26000,-300,1400,"sd","13:39:23",4061500
26050,-250,1200,"bu","13:39:22",4060100
26050,-250,800,"bu","13:39:22",4058900
26050,-250,2000,"bu","13:39:16",4058100
26050,-250,200,"bu","13:39:15",4056100
26050,-250,100,"bu","13:39:14",4055900
26050,-250,2000,"bu","13:39:12",4055800
26050,-250,4900,"sd","13:39:07",4053800
26050,-250,3300,"bu","13:39:05",4048900
26050,-250,3200,"bu","13:39:05",4045600
26050,-250,2000,"bu","13:39:03",4042400
26050,-250,4000,"sd","13:39:01",4040400
26050,-250,300,"sd","13:39:01",4036400
26050,-250,100,"sd","13:39:01",4036100
26050,-250,400,"sd","13:39:01",4036000
26050,-250,100,"sd","13:39:00",4035600
26050,-250,1700,"sd","13:39:00",4035500
26050,-250,1000,"sd","13:38:58",4033800
26050,-250,300,"sd","13:38:49",4032800
26050,-250,500,"sd","13:38:49",4032500
26050,-250,100,"sd","13:38:49",4032000
26050,-250,100,"sd","13:38:49",4031900
26050,-250,1400,"sd","13:38:49",4031800
26050,-250,500,"sd","13:38:39",4030400
26050,-250,100,"sd","13:38:39",4029900
26050,-250,400,"sd","13:38:39",4029800
26050,-250,600,"sd","13:38:31",4029400
26050,-250,500,"sd","13:38:31",4028800
26050,-250,2900,"sd","13:38:31",4028300
26050,-250,1000,"sd","13:38:31",4025400
26050,-250,1700,"sd","13:38:31",4024400
26050,-250,300,"sd","13:38:31",4022700
26050,-250,600,"sd","13:38:31",4022400
26050,-250,1000,"sd","13:38:31",4021800
26050,-250,100,"sd","13:38:31",4020800
26050,-250,100,"sd","13:38:31",4020700
26050,-250,2600,"sd","13:38:31",4020600
26050,-250,100,"sd","13:38:31",4018000
26050,-250,500,"sd","13:38:31",4017900
26050,-250,500,"sd","13:38:31",4017400
26050,-250,1000,"sd","13:38:31",4016900
26050,-250,2000,"sd","13:38:31",4015900
26050,-250,100,"sd","13:38:31",4013900
26050,-250,100,"sd","13:38:31",4013800
26050,-250,2400,"sd","13:38:31",4013700
26050,-250,500,"sd","13:38:31",4011300
26050,-250,5000,"sd","13:38:31",4010800
26050,-250,500,"sd","13:38:31",4005800
26050,-250,2000,"sd","13:38:31",4005300
26050,-250,1000,"sd","13:38:31",4003300
26050,-250,100,"sd","13:38:31",4002300
26050,-250,7600,"sd","13:38:31",4002200
26050,-250,1000,"sd","13:38:31",3994600
26050,-250,1000,"sd","13:38:31",3993600
26050,-250,200,"sd","13:38:31",3992600
26050,-250,300,"sd","13:38:31",3992400
26050,-250,400,"sd","13:38:31",3992100
26050,-250,500,"sd","13:38:31",3991700
26050,-250,200,"sd","13:38:31",3991200
26050,-250,500,"sd","13:38:31",3991000
26050,-250,500,"sd","13:38:31",3990500
26050,-250,200,"sd","13:38:31",3990000
26050,-250,2300,"sd","13:38:31",3989800
26050,-250,2000,"sd","13:38:31",3987500
26050,-250,500,"sd","13:38:31",3985500
26050,-250,200,"sd","13:38:31",3985000
26050,-250,600,"sd","13:38:31",3984800
26050,-250,300,"sd","13:38:31",3984200
26050,-250,5000,"sd","13:38:31",3983900
26050,-250,3000,"sd","13:38:31",3978900
26050,-250,100,"sd","13:38:31",3975900
26050,-250,500,"sd","13:38:31",3975800
26050,-250,100,"sd","13:38:31",3975300
26050,-250,5000,"sd","13:38:31",3975200
26050,-250,200,"sd","13:38:31",3970200
26050,-250,600,"sd","13:38:31",3970000
26050,-250,2000,"sd","13:38:31",3969400
26050,-250,100,"sd","13:38:31",3967400
26050,-250,15000,"sd","13:38:31",3967300
26050,-250,500,"sd","13:38:31",3952300
26050,-250,3000,"sd","13:38:31",3951800
26050,-250,5000,"sd","13:38:31",3948800
26050,-250,100,"sd","13:38:31",3943800
26050,-250,300,"sd","13:38:31",3943700
26050,-250,200,"sd","13:38:26",3943400
26050,-250,400,"sd","13:38:22",3943200
26050,-250,1100,"sd","13:38:17",3942800
26050,-250,300,"sd","13:38:17",3941700
26050,-250,100,"sd","13:38:12",3941400
26050,-250,500,"sd","13:38:12",3941300
26050,-250,300,"sd","13:38:12",3940800
26050,-250,100,"sd","13:38:12",3940500
26100,-200,100,"bu","13:38:09",3940400
26050,-250,300,"sd","13:37:43",3940300
26050,-250,100,"sd","13:37:43",3940000
26050,-250,500,"sd","13:37:43",3939900
26050,-250,500,"sd","13:37:43",3939400
26050,-250,1000,"sd","13:37:34",3938900
26050,-250,1000,"sd","13:37:34",3937900
26050,-250,1000,"sd","13:37:28",3936900
26050,-250,100,"sd","13:37:28",3935900
26050,-250,100,"sd","13:37:28",3935800
26050,-250,400,"sd","13:37:28",3935700
26050,-250,300,"sd","13:37:28",3935300
26050,-250,100,"sd","13:37:28",3935000
26050,-250,1000,"sd","13:37:28",3934900
26050,-250,2000,"sd","13:37:28",3933900
26100,-200,200,"bu","13:37:25",3931900
26050,-250,500,"sd","13:37:13",3931700
26100,-200,100,"bu","13:37:12",3931200
26050,-250,1400,"sd","13:37:11",3931100
26100,-200,100,"bu","13:36:56",3929700
26050,-250,300,"sd","13:36:43",3929600
26050,-250,800,"sd","13:36:38",3929300
26050,-250,300,"sd","13:36:37",3928500
26050,-250,200,"sd","13:36:37",3928200
26050,-250,100,"sd","13:36:37",3928000
26050,-250,100,"sd","13:36:36",3927900
26050,-250,100,"sd","13:36:36",3927800
26050,-250,200,"sd","13:36:21",3927700
26050,-250,400,"sd","13:36:21",3927500
26050,-250,2000,"sd","13:36:21",3927100
26050,-250,100,"sd","13:36:21",3925100
26050,-250,100,"sd","13:36:21",3925000
26050,-250,100,"sd","13:36:21",3924900
26050,-250,100,"sd","13:36:05",3924800
26050,-250,100,"sd","13:36:05",3924700
26050,-250,300,"sd","13:36:05",3924600
26050,-250,300,"sd","13:36:05",3924300
26050,-250,600,"sd","13:36:05",3924000
26100,-200,200,"bu","13:35:57",3923400
26050,-250,3000,"sd","13:35:57",3923200
26050,-250,1000,"sd","13:35:56",3920200
26050,-250,200,"sd","13:35:33",3919200
26050,-250,600,"sd","13:35:32",3919000
26050,-250,800,"sd","13:35:32",3918400
26050,-250,500,"sd","13:35:20",3917600
26050,-250,1400,"sd","13:34:59",3917100
26100,-200,1000,"bu","13:34:57",3915700
26050,-250,1000,"sd","13:34:32",3914700
26100,-200,100,"bu","13:34:28",3913700
26050,-250,1400,"sd","13:34:27",3913600
26050,-250,1400,"sd","13:33:54",3912200
26100,-200,400,"bu","13:33:48",3910800
26100,-200,100,"bu","13:33:45",3910400
26100,-200,300,"bu","13:33:44",3910300
26100,-200,2000,"bu","13:33:34",3910000
26100,-200,500,"bu","13:33:34",3908000
26100,-200,800,"bu","13:33:33",3907500
26100,-200,200,"bu","13:33:22",3906700
26050,-250,1400,"sd","13:33:22",3906500
26100,-200,100,"bu","13:33:14",3905100
26100,-200,1000,"bu","13:33:14",3905000
26100,-200,1500,"bu","13:33:04",3904000
26050,-250,1000,"sd","13:32:52",3902500
26100,-200,2000,"sd","13:32:51",3901500
26100,-200,200,"sd","13:32:51",3899500
26100,-200,4000,"sd","13:32:51",3899300
26100,-200,3700,"sd","13:32:51",3895300
26100,-200,400,"sd","13:32:49",3891600
26100,-200,1400,"sd","13:32:48",3891200
26100,-200,9500,"bu","13:32:41",3889800
26100,-200,500,"sd","13:32:41",3880300
26100,-200,5000,"sd","13:32:41",3879800
26100,-200,100,"sd","13:32:41",3874800
26100,-200,900,"sd","13:32:41",3874700
26100,-200,600,"bu","13:32:30",3873800
26100,-200,500,"bu","13:32:30",3873200
26100,-200,3000,"bu","13:32:30",3872700
26100,-200,2000,"bu","13:32:23",3869700
26100,-200,2500,"bu","13:32:23",3867700
26100,-200,100,"bu","13:32:23",3865200
26100,-200,1000,"bu","13:32:23",3865100
26100,-200,500,"bu","13:32:23",3864100
26100,-200,500,"bu","13:32:23",3863600
26100,-200,5000,"bu","13:32:23",3863100
26100,-200,8400,"bu","13:32:23",3858100
26050,-250,1400,"sd","13:32:15",3849700
26100,-200,100,"bu","13:32:11",3848300
26050,-250,1700,"sd","13:32:09",3848200
26050,-250,18000,"sd","13:32:03",3846500
26050,-250,1000,"sd","13:32:03",3828500
26050,-250,5000,"sd","13:32:03",3827500
26050,-250,5000,"sd","13:32:03",3822500
26050,-250,1000,"sd","13:32:03",3817500
26100,-200,500,"bu","13:32:02",3816500
26100,-200,200,"bu","13:32:02",3816000
26100,-200,300,"bu","13:32:02",3815800
26100,-200,2000,"bu","13:31:57",3815500
26100,-200,500,"bu","13:31:48",3813500
26050,-250,5000,"sd","13:31:47",3813000
26050,-250,1400,"sd","13:31:42",3808000
26100,-200,200,"bu","13:31:40",3806600
26050,-250,100,"sd","13:31:40",3806400
26100,-200,100,"bu","13:31:39",3806300
26100,-200,1000,"bu","13:31:38",3806200
26100,-200,500,"bu","13:31:37",3805200
26100,-200,5000,"bu","13:31:27",3804700
26100,-200,5000,"bu","13:31:26",3799700
26100,-200,200,"bu","13:31:23",3794700
26100,-200,200,"bu","13:31:19",3794500
26100,-200,2500,"bu","13:31:14",3794300
26050,-250,1400,"sd","13:31:10",3791800
26050,-250,3000,"sd","13:31:00",3790400
26100,-200,4200,"bu","13:30:46",3787400
26100,-200,4000,"bu","13:30:46",3783200
26100,-200,200,"bu","13:30:46",3779200
26100,-200,100,"bu","13:30:46",3779000
26100,-200,300,"bu","13:30:46",3778900
26100,-200,900,"bu","13:30:46",3778600
26100,-200,100,"bu","13:30:46",3777700
26100,-200,200,"bu","13:30:46",3777600
26050,-250,7100,"sd","13:30:40",3777400
26050,-250,2900,"sd","13:30:40",3770300
26050,-250,1400,"sd","13:30:37",3767400
26100,-200,100,"bu","13:30:30",3766000
26100,-200,1200,"bu","13:30:30",3765900
26100,-200,2000,"bu","13:30:30",3764700
26100,-200,1700,"bu","13:30:30",3762700
26050,-250,400,"sd","13:30:26",3761000
26050,-250,500,"sd","13:30:10",3760600
26050,-250,1400,"sd","13:30:04",3760100
26100,-200,500,"bu","13:30:02",3758700
26100,-200,600,"bu","13:29:56",3758200
26100,-200,200,"bu","13:29:56",3757600
26100,-200,200,"bu","13:29:56",3757400
26100,-200,200,"bu","13:29:56",3757200
26050,-250,1000,"sd","13:29:53",3757000
26050,-250,700,"sd","13:29:39",3756000
26050,-250,1400,"sd","13:29:31",3755300
26050,-250,500,"sd","13:29:22",3753900
26050,-250,300,"sd","13:29:13",3753400
26050,-250,1000,"sd","13:29:01",3753100
26050,-250,1400,"sd","13:28:58",3752100
26050,-250,7000,"sd","13:28:54",3750700
26050,-250,100,"bu","13:28:43",3743700
26050,-250,100,"bu","13:28:41",3743600
26050,-250,2400,"bu","13:28:41",3743500
26050,-250,1000,"bu","13:28:41",3741100
26050,-250,1000,"bu","13:28:41",3740100
26050,-250,600,"bu","13:28:37",3739100
26050,-250,3000,"bu","13:28:37",3738500
26050,-250,10000,"bu","13:28:37",3735500
26050,-250,2000,"bu","13:28:37",3725500
26050,-250,4400,"bu","13:28:37",3723500
26050,-250,2000,"bu","13:28:35",3719100
26050,-250,1000,"bu","13:28:34",3717100
26000,-300,1400,"sd","13:28:25",3716100
26050,-250,2000,"bu","13:28:25",3714700
26050,-250,1300,"bu","13:28:23",3712700
26050,-250,300,"bu","13:28:18",3711400
26050,-250,2700,"bu","13:28:18",3711100
26050,-250,5000,"bu","13:28:12",3708400
26050,-250,500,"bu","13:28:10",3703400
26050,-250,100,"bu","13:28:04",3702900
26050,-250,100,"bu","13:28:03",3702800
26050,-250,500,"bu","13:28:03",3702700
26050,-250,100,"bu","13:28:01",3702200
26050,-250,100,"bu","13:28:00",3702100
26000,-300,300,"sd","13:28:00",3702000
26050,-250,100,"bu","13:27:58",3701700
26050,-250,3800,"bu","13:27:56",3701600
26050,-250,1200,"bu","13:27:56",3697800
26000,-300,1400,"sd","13:27:52",3696600
26050,-250,100,"bu","13:27:52",3695200
26050,-250,200,"bu","13:27:48",3695100
26050,-250,100,"bu","13:27:47",3694900
26050,-250,3000,"bu","13:27:45",3694800
26050,-250,100,"bu","13:27:44",3691800
26050,-250,2500,"bu","13:27:40",3691700
26000,-300,200,"sd","13:27:36",3689200
26050,-250,500,"bu","13:27:30",3689000
26000,-300,1400,"sd","13:27:19",3688500
26050,-250,100,"bu","13:27:16",3687100
26050,-250,6000,"bu","13:27:14",3687000
26050,-250,300,"bu","13:27:12",3681000
26050,-250,900,"bu","13:27:10",3680700
26050,-250,4100,"bu","13:27:10",3679800
26050,-250,100,"bu","13:27:09",3675700
26050,-250,700,"bu","13:27:07",3675600
26050,-250,200,"bu","13:27:06",3674900
26050,-250,500,"bu","13:27:04",3674700
26050,-250,100,"bu","13:27:04",3674200
26050,-250,100,"bu","13:26:59",3674100
26050,-250,100,"sd","13:26:58",3674000
26050,-250,100,"sd","13:26:58",3673900
26050,-250,5000,"sd","13:26:58",3673800
26050,-250,300,"sd","13:26:58",3668800
26050,-250,500,"sd","13:26:58",3668500
26050,-250,500,"sd","13:26:58",3668000
26050,-250,100,"sd","13:26:58",3667500
26050,-250,100,"sd","13:26:58",3667400
26050,-250,500,"sd","13:26:58",3667300
26050,-250,100,"sd","13:26:58",3666800
26050,-250,600,"sd","13:26:58",3666700
26050,-250,100,"sd","13:26:58",3666100
26050,-250,1000,"sd","13:26:58",3666000
26050,-250,100,"sd","13:26:58",3665000
26050,-250,1000,"sd","13:26:58",3664900
26050,-250,1100,"sd","13:26:58",3663900
26100,-200,200,"bu","13:26:55",3662800
26100,-200,300,"bu","13:26:55",3662600
26100,-200,200,"bu","13:26:54",3662300
26050,-250,2400,"sd","13:26:54",3662100
26050,-250,700,"sd","13:26:54",3659700
26050,-250,100,"sd","13:26:54",3659000
26050,-250,2200,"sd","13:26:54",3658900
26050,-250,1000,"sd","13:26:54",3656700
26050,-250,500,"sd","13:26:54",3655700
26050,-250,8000,"sd","13:26:54",3655200
26050,-250,5100,"sd","13:26:54",3647200
26050,-250,1400,"sd","13:26:46",3642100
26100,-200,500,"bu","13:26:41",3640700
26100,-200,9000,"bu","13:26:41",3640200
26100,-200,5500,"bu","13:26:41",3631200
26100,-200,1500,"bu","13:26:39",3625700
26100,-200,500,"bu","13:26:39",3624200
26100,-200,100,"bu","13:26:38",3623700
26100,-200,100,"bu","13:26:33",3623600
26050,-250,3500,"sd","13:26:32",3623500
26050,-250,500,"sd","13:26:32",3620000
26050,-250,6000,"sd","13:26:32",3619500
26050,-250,10000,"sd","13:26:32",3613500
26100,-200,100,"bu","13:26:31",3603500
26100,-200,4200,"bu","13:26:21",3603400
26100,-200,800,"bu","13:26:21",3599200
26050,-250,500,"sd","13:26:16",3598400
26050,-250,100,"sd","13:26:16",3597900
26050,-250,500,"sd","13:26:16",3597800
26050,-250,100,"sd","13:26:16",3597300
26050,-250,1200,"sd","13:26:16",3597200
26050,-250,200,"sd","13:26:16",3596000
26050,-250,300,"sd","13:26:16",3595800
26050,-250,100,"sd","13:26:16",3595500
26050,-250,400,"sd","13:26:14",3595400
26050,-250,100,"sd","13:26:14",3595000
26050,-250,900,"sd","13:26:14",3594900
26100,-200,100,"bu","13:26:09",3594000
26050,-250,4100,"sd","13:26:08",3593900
26050,-250,200,"sd","13:26:08",3589800
26050,-250,1200,"sd","13:26:08",3589600
26050,-250,500,"sd","13:26:07",3588400
26050,-250,1000,"sd","13:26:07",3587900
26050,-250,300,"sd","13:26:07",3586900
26050,-250,100,"sd","13:26:07",3586600
26050,-250,100,"sd","13:26:07",3586500
26050,-250,3500,"sd","13:26:07",3586400
26100,-200,1000,"bu","13:26:06",3582900
26100,-200,100,"bu","13:26:04",3581900
26050,-250,6500,"sd","13:26:01",3581800
26050,-250,5000,"sd","13:26:01",3575300
26050,-250,100,"sd","13:26:01",3570300
26050,-250,300,"sd","13:26:01",3570200
26050,-250,100,"sd","13:26:01",3569900
26050,-250,100,"sd","13:26:01",3569800
26050,-250,500,"sd","13:26:01",3569700
26050,-250,400,"sd","13:26:01",3569200
26100,-200,100,"bu","13:26:01",3568800
26100,-200,100,"bu","13:25:59",3568700
26100,-200,200,"bu","13:25:50",3568600
26100,-200,600,"bu","13:25:46",3568400
26100,-200,100,"bu","13:25:46",3567800
26100,-200,100,"bu","13:25:46",3567700
26100,-200,200,"bu","13:25:46",3567600
26100,-200,1000,"bu","13:25:43",3567400
26050,-250,100,"sd","13:25:41",3566400
26050,-250,1400,"sd","13:25:40",3566300
26050,-250,100,"sd","13:25:24",3564900
26050,-250,500,"sd","13:25:07",3564800
26050,-250,900,"sd","13:25:07",3564300
26050,-250,100,"sd","13:25:02",3563400
26050,-250,100,"sd","13:25:02",3563300
26050,-250,100,"sd","13:24:50",3563200
26050,-250,100,"bu","13:24:48",3563100
26050,-250,5000,"bu","13:24:47",3563000
26050,-250,200,"bu","13:24:46",3558000
26050,-250,1000,"bu","13:24:45",3557800
26050,-250,100,"bu","13:24:43",3556800
26050,-250,100,"bu","13:24:43",3556700
26050,-250,100,"bu","13:24:42",3556600
26050,-250,8400,"bu","13:24:39",3556500
26050,-250,20000,"bu","13:24:39",3548100
26050,-250,1000,"bu","13:24:39",3528100
26050,-250,200,"bu","13:24:39",3527100
26050,-250,200,"bu","13:24:39",3526900
26050,-250,500,"bu","13:24:39",3526700
26050,-250,100,"bu","13:24:39",3526200
26050,-250,4000,"bu","13:24:39",3526100
26050,-250,100,"bu","13:24:39",3522100
26050,-250,500,"bu","13:24:39",3522000
26050,-250,5000,"bu","13:24:39",3521500
26000,-300,10000,"sd","13:24:38",3516500
26000,-300,1500,"sd","13:24:34",3506500
26000,-300,22800,"sd","13:24:34",3505000
26000,-300,5000,"sd","13:24:34",3482200
26000,-300,100,"sd","13:24:34",3477200
26000,-300,200,"sd","13:24:34",3477100
26000,-300,100,"sd","13:24:34",3476900
26000,-300,200,"sd","13:24:34",3476800
26000,-300,1000,"sd","13:24:34",3476600
26000,-300,5000,"sd","13:24:34",3475600
26000,-300,100,"sd","13:24:34",3470600
26000,-300,1100,"sd","13:24:34",3470500
26000,-300,100,"sd","13:24:34",3469400
26000,-300,2000,"sd","13:24:34",3469300
26000,-300,1000,"sd","13:24:34",3467300
26000,-300,100,"sd","13:24:34",3466300
26000,-300,100,"sd","13:24:34",3466200
26000,-300,500,"sd","13:24:34",3466100
26000,-300,900,"sd","13:24:34",3465600
26000,-300,200,"sd","13:24:34",3464700
26000,-300,1000,"sd","13:24:34",3464500
26000,-300,1000,"sd","13:24:34",3463500
26000,-300,1500,"sd","13:24:34",3462500
26000,-300,2800,"sd","13:24:34",3461000
26000,-300,100,"sd","13:24:34",3458200
26000,-300,200,"sd","13:24:34",3458100
26000,-300,1000,"sd","13:24:34",3457900
26000,-300,500,"sd","13:24:34",3456900
26000,-300,100,"sd","13:24:34",3456400
26000,-300,100,"sd","13:24:34",3456300
26000,-300,1000,"sd","13:24:34",3456200
26000,-300,200,"sd","13:24:34",3455200
26000,-300,800,"sd","13:24:27",3455000
26000,-300,100,"sd","13:24:27",3454200
26000,-300,500,"sd","13:24:27",3454100
26000,-300,300,"sd","13:24:27",3453600
26000,-300,300,"sd","13:24:27",3453300
26000,-300,1700,"sd","13:24:26",3453000
26000,-300,300,"sd","13:24:26",3451300
26000,-300,200,"sd","13:24:14",3451000
26000,-300,200,"sd","13:24:14",3450800
26000,-300,200,"sd","13:24:14",3450600
26000,-300,500,"sd","13:24:14",3450400
26050,-250,100,"bu","13:24:08",3449900
26000,-300,300,"sd","13:24:01",3449800
26000,-300,1300,"sd","13:23:55",3449500
26000,-300,100,"sd","13:23:55",3448200
26050,-250,1000,"bu","13:23:52",3448100
26050,-250,200,"bu","13:23:49",3447100
26050,-250,100,"bu","13:23:48",3446900
26050,-250,100,"bu","13:23:47",3446800
26050,-250,1000,"bu","13:23:45",3446700
26000,-300,300,"sd","13:23:44",3445700
26050,-250,500,"bu","13:23:33",3445400
26050,-250,1000,"bu","13:23:25",3444900
26000,-300,100,"sd","13:23:25",3443900
26000,-300,500,"sd","13:23:23",3443800
26000,-300,1400,"sd","13:23:23",3443300
26050,-250,500,"bu","13:23:22",3441900
26050,-250,7500,"bu","13:23:17",3441400
26050,-250,7500,"bu","13:23:17",3433900
26050,-250,100,"bu","13:23:14",3426400
26000,-300,700,"sd","13:23:12",3426300
26000,-300,300,"sd","13:23:12",3425600
26050,-250,300,"bu","13:23:11",3425300
26050,-250,1000,"bu","13:23:03",3425000
26050,-250,500,"bu","13:22:57",3424000
26050,-250,200,"bu","13:22:53",3423500
26000,-300,200,"sd","13:22:50",3423300
26000,-300,500,"sd","13:22:50",3423100
26000,-300,700,"sd","13:22:50",3422600
26050,-250,1000,"sd","13:22:49",3421900
26050,-250,1200,"sd","13:22:49",3420900
26050,-250,1000,"sd","13:22:49",3419700
26050,-250,100,"sd","13:22:49",3418700
26050,-250,1000,"sd","13:22:49",3418600
26050,-250,100,"sd","13:22:49",3417600
26050,-250,9900,"sd","13:22:49",3417500
26050,-250,100,"sd","13:22:47",3407600
26050,-250,5000,"sd","13:22:42",3407500
26050,-250,3400,"sd","13:22:39",3402500
26050,-250,100,"sd","13:22:37",3399100
26050,-250,5000,"sd","13:22:35",3399000
26050,-250,200,"sd","13:22:29",3394000
26050,-250,1300,"sd","13:22:17",3393800
26050,-250,500,"sd","13:22:13",3392500
26050,-250,400,"sd","13:22:07",3392000
26100,-200,3000,"bu","13:22:00",3391600
26050,-250,1000,"sd","13:21:59",3388600
26050,-250,6000,"sd","13:21:57",3387600
26050,-250,200,"bu","13:21:54",3381600
26050,-250,2000,"bu","13:21:54",3381400
26050,-250,2000,"bu","13:21:54",3379400
26050,-250,1000,"bu","13:21:54",3377400
26050,-250,2700,"bu","13:21:54",3376400
26050,-250,500,"bu","13:21:54",3373700
26050,-250,200,"bu","13:21:54",3373200
26050,-250,5000,"bu","13:21:54",3373000
26050,-250,200,"bu","13:21:54",3368000
26050,-250,400,"bu","13:21:54",3367800
26050,-250,800,"bu","13:21:54",3367400
26050,-250,200,"bu","13:21:54",3366600
26050,-250,100,"bu","13:21:54",3366400
26050,-250,1700,"bu","13:21:54",3366300
26050,-250,300,"bu","13:21:51",3364600
26000,-300,300,"sd","13:21:49",3364300
26000,-300,100,"sd","13:21:49",3364000
26000,-300,500,"sd","13:21:49",3363900
26000,-300,100,"sd","13:21:49",3363400
26000,-300,800,"sd","13:21:49",3363300
26000,-300,1200,"sd","13:21:44",3362500
26000,-300,100,"sd","13:21:44",3361300
26050,-250,100,"bu","13:21:43",3361200
26000,-300,6000,"sd","13:21:37",3361100
26050,-250,100,"bu","13:21:20",3355100
26050,-250,100,"bu","13:21:18",3355000
26000,-300,1300,"sd","13:21:12",3354900
26050,-250,700,"sd","13:21:11",3353600
26050,-250,600,"sd","13:21:09",3352900
26050,-250,400,"sd","13:21:09",3352300
26050,-250,800,"sd","13:21:09",3351900
26050,-250,300,"sd","13:21:09",3351100
26050,-250,100,"sd","13:21:09",3350800
26050,-250,100,"sd","13:21:00",3350700
26050,-250,1900,"sd","13:21:00",3350600
26050,-250,100,"sd","13:20:50",3348700
26000,-300,900,"sd","13:20:39",3348600
26050,-250,300,"sd","13:20:39",3347700
26050,-250,100,"sd","13:20:39",3347400
26050,-250,900,"bu","13:20:36",3347300
26050,-250,200,"bu","13:20:32",3346400
26050,-250,1000,"bu","13:20:24",3346200
26050,-250,100,"bu","13:20:23",3345200
26050,-250,500,"bu","13:20:21",3345100
26050,-250,200,"sd","13:20:16",3344600
26050,-250,1000,"sd","13:20:16",3344400
26050,-250,200,"sd","13:20:16",3343400
26050,-250,1000,"sd","13:20:16",3343200
26050,-250,100,"sd","13:20:16",3342200
26050,-250,200,"sd","13:20:16",3342100
26050,-250,1000,"sd","13:20:16",3341900
26050,-250,2000,"sd","13:20:16",3340900
26050,-250,1000,"sd","13:20:16",3338900
26050,-250,600,"sd","13:20:16",3337900
26050,-250,100,"sd","13:20:16",3337300
26050,-250,3900,"sd","13:20:16",3337200
26050,-250,1300,"sd","13:20:06",3333300
26050,-250,2600,"sd","13:20:05",3332000
26050,-250,2000,"sd","13:20:05",3329400
26050,-250,5000,"sd","13:20:02",3327400
26050,-250,1000,"sd","13:19:58",3322400
26050,-250,500,"sd","13:19:54",3321400
26050,-250,2000,"sd","13:19:51",3320900
26050,-250,200,"sd","13:19:38",3318900
26050,-250,1000,"sd","13:19:38",3318700
26050,-250,1300,"sd","13:19:33",3317700
26050,-250,2000,"sd","13:19:17",3316400
26050,-250,1200,"sd","13:19:06",3314400
26050,-250,1300,"sd","13:19:00",3313200
26050,-250,300,"sd","13:18:53",3311900
26050,-250,8400,"sd","13:18:48",3311600
26050,-250,100,"sd","13:18:48",3303200
26050,-250,2000,"sd","13:18:47",3303100
26050,-250,100,"sd","13:18:42",3301100
26050,-250,1300,"sd","13:18:28",3301000
26050,-250,1300,"bu","13:18:26",3299700
26050,-250,1500,"bu","13:18:26",3298400
26050,-250,600,"bu","13:18:26",3296900
26050,-250,2000,"bu","13:18:26",3296300
26050,-250,300,"bu","13:18:26",3294300
26050,-250,1000,"bu","13:18:26",3294000
26050,-250,800,"bu","13:18:26",3293000
26050,-250,1000,"bu","13:18:26",3292200
26050,-250,2000,"bu","13:18:26",3291200
26050,-250,300,"bu","13:18:26",3289200
26050,-250,1700,"bu","13:18:25",3288900
26050,-250,500,"bu","13:18:04",3287200
26000,-300,1300,"sd","13:17:56",3286700
26050,-250,100,"bu","13:17:47",3285400
26000,-300,100,"sd","13:17:42",3285300
26000,-300,1000,"sd","13:17:42",3285200
26000,-300,500,"sd","13:17:42",3284200
26000,-300,200,"sd","13:17:42",3283700
26000,-300,5500,"sd","13:17:42",3283500
26000,-300,100,"sd","13:17:42",3278000
26000,-300,100,"sd","13:17:42",3277900
26000,-300,100,"sd","13:17:42",3277800
26000,-300,1500,"sd","13:17:42",3277700
26000,-300,1000,"sd","13:17:42",3276200
26000,-300,200,"sd","13:17:42",3275200
26000,-300,5000,"sd","13:17:42",3275000
26000,-300,1000,"sd","13:17:42",3270000
26000,-300,100,"sd","13:17:42",3269000
26000,-300,1000,"sd","13:17:42",3268900
26000,-300,1000,"sd","13:17:42",3267900
26000,-300,100,"sd","13:17:42",3266900
26000,-300,500,"sd","13:17:42",3266800
26000,-300,100,"sd","13:17:42",3266300
26000,-300,500,"sd","13:17:42",3266200
26000,-300,400,"sd","13:17:42",3265700
26000,-300,100,"sd","13:17:30",3265300
26000,-300,1000,"sd","13:17:30",3265200
26000,-300,100,"sd","13:17:30",3264200
26000,-300,500,"sd","13:17:30",3264100
26000,-300,1000,"sd","13:17:30",3263600
26000,-300,500,"sd","13:17:30",3262600
26000,-300,100,"sd","13:17:30",3262100
26000,-300,1000,"sd","13:17:30",3262000
26000,-300,100,"sd","13:17:30",3261000
26000,-300,500,"sd","13:17:30",3260900
26000,-300,500,"sd","13:17:30",3260400
26000,-300,200,"sd","13:17:30",3259900
26000,-300,8400,"sd","13:17:30",3259700
26000,-300,100,"sd","13:17:25",3251300
26000,-300,1300,"sd","13:17:23",3251200
26000,-300,200,"sd","13:17:17",3249900
26000,-300,200,"sd","13:17:17",3249700
26000,-300,1900,"sd","13:17:17",3249500
26000,-300,1000,"sd","13:17:17",3247600
26000,-300,200,"sd","13:17:17",3246600
26000,-300,100,"sd","13:17:17",3246400
26000,-300,100,"sd","13:17:17",3246300
26000,-300,100,"sd","13:17:17",3246200
26000,-300,500,"sd","13:17:17",3246100
