"price","change","match_qtty","side","time","total_vol"
40950,450,155900,"bu","14:45:01",3032100
40850,350,400,"bu","14:29:57",2876200
40800,300,1000,"sd","14:29:56",2875800
40800,300,200,"sd","14:29:56",2874800
40800,300,1000,"sd","14:29:56",2874600
40800,300,500,"sd","14:29:56",2873600
40800,300,1000,"sd","14:29:56",2873100
40800,300,2000,"sd","14:29:56",2872100
40800,300,800,"sd","14:29:56",2870100
40800,300,100,"sd","14:29:56",2869300
40800,300,100,"sd","14:29:56",2869200
40800,300,100,"sd","14:29:56",2869100
40800,300,300,"sd","14:29:56",2869000
40800,300,1000,"sd","14:29:56",2868700
40800,300,500,"sd","14:29:56",2867700
40800,300,200,"sd","14:29:56",2867200
40850,350,100,"bu","14:29:55",2867000
40850,350,200,"bu","14:29:55",2866900
40850,350,1000,"bu","14:29:55",2866700
40850,350,1700,"bu","14:29:55",2865700
40850,350,100,"bu","14:29:54",2864000
40850,350,1000,"bu","14:29:53",2863900
40800,300,1000,"sd","14:29:53",2862900
40850,350,1000,"bu","14:29:51",2861900
40850,350,500,"bu","14:29:51",2860900
40850,350,100,"bu","14:29:50",2860400
40850,350,500,"bu","14:29:44",2860300
40850,350,2000,"sd","14:29:43",2859800
40850,350,2000,"sd","14:29:43",2857800
40850,350,1000,"sd","14:29:43",2855800
40850,350,100,"sd","14:29:43",2854800
40850,350,4900,"sd","14:29:42",2854700
40850,350,100,"sd","14:29:42",2849800
40850,350,200,"sd","14:29:37",2849700
40900,400,2800,"bu","14:29:30",2849500
40850,350,1200,"bu","14:29:30",2846700
40850,350,100,"sd","14:29:29",2845500
40850,350,2000,"sd","14:29:29",2845400
40850,350,100,"sd","14:29:29",2843400
40850,350,500,"sd","14:29:29",2843300
40850,350,400,"sd","14:29:29",2842800
40850,350,700,"sd","14:29:29",2842400
40900,400,300,"bu","14:29:29",2841700
40850,350,1000,"sd","14:29:25",2841400
40850,350,300,"sd","14:29:18",2840400
40850,350,700,"sd","14:29:18",2840100
40850,350,1300,"sd","14:29:18",2839400
40850,350,200,"sd","14:29:18",2838100
40850,350,500,"sd","14:29:18",2837900
40850,350,4300,"sd","14:29:17",2837400
40850,350,1000,"sd","14:29:17",2833100
40850,350,1000,"sd","14:29:17",2832100
40850,350,1200,"sd","14:29:17",2831100
40850,350,200,"sd","14:29:17",2829900
40900,400,1000,"bu","14:29:11",2829700
40900,400,4000,"bu","14:29:10",2828700
40850,350,4800,"sd","14:29:08",2824700
40900,400,300,"sd","14:29:08",2819900
40900,400,500,"sd","14:29:08",2819600
40900,400,100,"sd","14:29:08",2819100
40900,400,4900,"sd","14:29:05",2819000
40900,400,3000,"sd","14:29:05",2814100
40900,400,2000,"sd","14:29:05",2811100
40900,400,100,"sd","14:29:05",2809100
40950,450,300,"bu","14:29:04",2809000
40950,450,300,"bu","14:29:04",2808700
40950,450,10000,"bu","14:28:50",2808400
40950,450,500,"bu","14:28:42",2798400
40950,450,1000,"sd","14:28:42",2797900
40950,450,500,"sd","14:28:42",2796900
40950,450,200,"sd","14:28:42",2796400
40950,450,500,"sd","14:28:42",2796200
40950,450,2700,"sd","14:28:42",2795700
40950,450,2000,"sd","14:28:41",2793000
40950,450,100,"sd","14:28:39",2791000
41000,500,300,"bu","14:28:38",2790900
40950,450,300,"sd","14:28:38",2790600
40950,450,3500,"sd","14:28:34",2790300
40950,450,1000,"sd","14:28:30",2786800
40950,450,100,"sd","14:28:29",2785800
40950,450,1000,"sd","14:28:27",2785700
40950,450,1000,"sd","14:28:27",2784700
40950,450,100,"sd","14:28:27",2783700
40950,450,1400,"sd","14:28:21",2783600
40950,450,1500,"sd","14:28:12",2782200
40950,450,300,"sd","14:28:12",2780700
40950,450,2000,"sd","14:28:05",2780400
40950,450,300,"bu","14:27:59",2778400
40950,450,2400,"bu","14:27:59",2778100
40950,450,1000,"bu","14:27:59",2775700
40950,450,200,"bu","14:27:53",2774700
40950,450,200,"sd","14:27:51",2774500
40950,450,200,"sd","14:27:51",2774300
40950,450,800,"bu","14:27:49",2774100
40950,450,800,"sd","14:27:47",2773300
40950,450,200,"bu","14:27:46",2772500
40950,450,100,"bu","14:27:45",2772300
40950,450,700,"bu","14:27:43",2772200
40950,450,300,"bu","14:27:43",2771500
40950,450,100,"bu","14:27:32",2771200
40800,300,100,"sd","14:27:03",2771100
40800,300,3800,"sd","14:27:03",2771000
40800,300,3000,"sd","14:27:03",2767200
40800,300,400,"sd","14:27:03",2764200
40800,300,2600,"sd","14:27:03",2763800
40850,350,100,"unknown","14:27:03",2761200
40850,350,2000,"unknown","14:27:03",2761100
40850,350,300,"unknown","14:27:03",2759100
40850,350,500,"unknown","14:27:03",2758800
40850,350,100,"sd","14:27:03",2758300
40850,350,4300,"sd","14:27:03",2758200
40900,400,1000,"sd","14:27:03",2753900
40900,400,100,"sd","14:27:03",2752900
40900,400,100,"sd","14:27:03",2752800
40900,400,2000,"sd","14:27:03",2752700
40900,400,1000,"sd","14:27:03",2750700
40900,400,2000,"sd","14:27:03",2749700
40900,400,200,"sd","14:27:03",2747700
40900,400,500,"sd","14:27:03",2747500
40900,400,100,"sd","14:27:03",2747000
40950,450,100,"sd","14:27:03",2746900
40950,450,500,"sd","14:27:03",2746800
40950,450,500,"sd","14:26:54",2746300
41000,500,100,"sd","14:26:54",2745800
41000,500,100,"sd","14:26:54",2745700
41000,500,1900,"sd","14:26:54",2745600
41000,500,1000,"sd","14:26:53",2743700
41000,500,500,"sd","14:26:53",2742700
41000,500,600,"sd","14:26:53",2742200
41000,500,500,"sd","14:26:53",2741600
41000,500,100,"sd","14:26:53",2741100
41000,500,300,"sd","14:26:53",2741000
41000,500,100,"sd","14:26:53",2740700
41000,500,100,"sd","14:26:53",2740600
41000,500,100,"sd","14:26:53",2740500
41000,500,400,"sd","14:26:53",2740400
41000,500,400,"sd","14:26:50",2740000
41000,500,1000,"sd","14:26:50",2739600
41000,500,100,"sd","14:26:50",2738600
41000,500,200,"sd","14:26:49",2738500
41000,500,200,"sd","14:26:49",2738300
41000,500,200,"sd","14:26:49",2738100
41000,500,400,"sd","14:26:49",2737900
41000,500,300,"sd","14:26:47",2737500
41050,550,2000,"sd","14:26:40",2737200
41050,550,1000,"sd","14:26:40",2735200
41050,550,3000,"sd","14:26:40",2734200
41050,550,3000,"sd","14:26:40",2731200
41050,550,2000,"sd","14:26:38",2728200
41100,600,500,"sd","14:26:31",2726200
41100,600,300,"sd","14:26:31",2725700
41100,600,1000,"sd","14:26:29",2725400
41100,600,3700,"sd","14:26:29",2724400
41100,600,900,"sd","14:26:29",2720700
41100,600,100,"sd","14:26:29",2719800
41100,600,300,"sd","14:26:29",2719700
41100,600,200,"sd","14:26:26",2719400
41100,600,1200,"sd","14:26:26",2719200
41150,650,100,"bu","14:26:25",2718000
41150,650,200,"bu","14:26:25",2717900
41150,650,700,"bu","14:26:25",2717700
41100,600,2000,"sd","14:26:23",2717000
41150,650,100,"bu","14:26:20",2715000
41150,650,600,"sd","14:26:13",2714900
41150,650,200,"sd","14:26:06",2714300
41150,650,1400,"sd","14:26:03",2714100
41100,600,1000,"sd","14:25:58",2712700
41200,700,100,"sd","14:25:51",2711700
41200,700,1400,"sd","14:25:51",2711600
41200,700,1400,"sd","14:25:50",2710200
41200,700,2000,"bu","14:25:41",2708800
41200,700,100,"bu","14:25:41",2706800
41150,650,1600,"bu","14:25:41",2706700
41150,650,600,"sd","14:25:40",2705100
41150,650,500,"sd","14:25:40",2704500
41150,650,300,"sd","14:25:40",2704000
41150,650,1000,"sd","14:25:33",2703700
41150,650,1400,"sd","14:25:18",2702700
41150,650,100,"bu","14:25:17",2701300
41150,650,600,"bu","14:25:17",2701200
41150,650,1400,"bu","14:25:17",2700600
41150,650,100,"bu","14:25:17",2699200
41150,650,1200,"bu","14:25:17",2699100
41100,600,5000,"sd","14:25:15",2697900
41150,650,100,"bu","14:25:13",2692900
41150,650,500,"bu","14:25:12",2692800
41150,650,100,"bu","14:25:08",2692300
41100,600,100,"sd","14:25:02",2692200
41150,650,5000,"bu","14:24:55",2692100
41150,650,10000,"bu","14:24:36",2687100
41100,600,700,"sd","14:24:33",2677100
41100,600,1000,"sd","14:24:33",2676400
41100,600,100,"sd","14:24:33",2675400
41150,650,1000,"sd","14:24:31",2675300
41150,650,1100,"sd","14:24:31",2674300
41250,750,1000,"sd","14:24:31",2673200
41250,750,2000,"sd","14:24:31",2672200
41150,650,10000,"sd","14:24:19",2670200
41200,700,1100,"sd","14:24:19",2660200
41150,650,8900,"sd","14:24:19",2659100
41200,700,1900,"sd","14:24:18",2650200
41200,700,500,"sd","14:24:18",2648300
41200,700,200,"sd","14:24:18",2647800
41250,750,2000,"sd","14:24:18",2647600
41250,750,7500,"sd","14:24:18",2645600
41250,750,800,"sd","14:24:18",2638100
41300,800,1100,"sd","14:24:18",2637300
41300,800,1400,"sd","14:24:18",2636200
41300,800,500,"sd","14:24:17",2634800
41300,800,1100,"sd","14:24:17",2634300
41300,800,6400,"sd","14:24:17",2633200
41300,800,500,"sd","14:24:16",2626800
41300,800,300,"sd","14:24:15",2626300
41300,800,2800,"sd","14:24:14",2626000
41300,800,300,"sd","14:24:14",2623200
41300,800,1000,"sd","14:24:14",2622900
41300,800,900,"sd","14:24:14",2621900
41300,800,500,"sd","14:24:14",2621000
41300,800,1000,"sd","14:24:14",2620500
41300,800,100,"sd","14:24:09",2619500
41300,800,2500,"sd","14:24:06",2619400
41350,850,400,"sd","14:23:56",2616900
41350,850,1300,"sd","14:23:56",2616500
41350,850,100,"sd","14:23:52",2615200
41350,850,1600,"sd","14:23:52",2615100
41350,850,300,"sd","14:23:52",2613500
41350,850,200,"sd","14:23:50",2613200
41350,850,500,"sd","14:23:50",2613000
41350,850,200,"sd","14:23:49",2612500
41350,850,1800,"sd","14:23:48",2612300
41350,850,200,"sd","14:23:48",2610500
41350,850,200,"sd","14:23:45",2610300
41350,850,300,"sd","14:23:43",2610100
41350,850,200,"sd","14:23:40",2609800
41350,850,400,"sd","14:23:39",2609600
41350,850,200,"sd","14:23:38",2609200
41350,850,800,"sd","14:23:38",2609000
41350,850,200,"sd","14:23:32",2608200
41400,900,400,"bu","14:23:27",2608000
41350,850,100,"sd","14:23:25",2607600
41400,900,1300,"bu","14:23:22",2607500
41400,900,100,"bu","14:23:22",2606200
41400,900,500,"bu","14:23:22",2606100
41400,900,100,"bu","14:23:22",2605600
41400,900,1400,"bu","14:22:53",2605500
41400,900,100,"bu","14:22:53",2604100
41400,900,500,"bu","14:22:53",2604000
41400,900,1000,"bu","14:22:48",2603500
41400,900,1000,"bu","14:22:44",2602500
41450,950,700,"bu","14:22:39",2601500
41450,950,200,"bu","14:22:39",2600800
41450,950,100,"bu","14:22:39",2600600
41450,950,500,"bu","14:22:39",2600500
41450,950,300,"bu","14:22:39",2600000
41450,950,300,"bu","14:22:39",2599700
41450,950,500,"bu","14:22:39",2599400
41450,950,500,"bu","14:22:39",2598900
41450,950,1000,"bu","14:22:39",2598400
41450,950,400,"bu","14:22:39",2597400
41400,900,4800,"bu","14:22:39",2597000
41400,900,5000,"sd","14:22:36",2592200
41400,900,200,"sd","14:22:36",2587200
41400,900,200,"sd","14:22:28",2587000
41450,950,100,"bu","14:22:11",2586800
41400,900,100,"sd","14:22:11",2586700
41400,900,400,"sd","14:22:11",2586600
41450,950,500,"bu","14:22:09",2586200
41450,950,100,"bu","14:22:09",2585700
41450,950,200,"bu","14:22:09",2585600
41450,950,1000,"bu","14:22:09",2585400
41450,950,200,"bu","14:22:09",2584400
41400,900,100,"bu","14:22:05",2584200
41400,900,500,"bu","14:22:05",2584100
41400,900,2000,"bu","14:22:02",2583600
41400,900,1000,"bu","14:22:01",2581600
41400,900,3100,"bu","14:21:56",2580600
41400,900,100,"bu","14:21:53",2577500
41400,900,500,"bu","14:21:52",2577400
41400,900,2800,"bu","14:21:51",2576900
41400,900,1400,"bu","14:21:51",2574100
41400,900,2000,"bu","14:21:51",2572700
41400,900,1000,"bu","14:21:51",2570700
41400,900,300,"bu","14:21:51",2569700
41400,900,1500,"bu","14:21:51",2569400
41400,900,300,"bu","14:21:47",2567900
41400,900,3200,"bu","14:21:45",2567600
41400,900,1000,"bu","14:21:45",2564400
41400,900,5000,"bu","14:21:45",2563400
41400,900,800,"bu","14:21:45",2558400
41400,900,4200,"bu","14:21:32",2557600
41400,900,10000,"bu","14:21:32",2553400
41400,900,500,"bu","14:21:32",2543400
41400,900,500,"bu","14:21:32",2542900
41400,900,200,"bu","14:21:32",2542400
41400,900,500,"bu","14:21:32",2542200
41400,900,200,"bu","14:21:32",2541700
41400,900,1600,"bu","14:21:32",2541500
41400,900,500,"bu","14:21:32",2539900
41400,900,16800,"bu","14:21:32",2539400
41350,850,100,"sd","14:21:18",2522600
41350,850,1400,"bu","14:21:17",2522500
41350,850,200,"bu","14:21:17",2521100
41350,850,100,"bu","14:21:14",2520900
41350,850,9900,"bu","14:21:14",2520800
41350,850,100,"bu","14:21:05",2510900
41300,800,1400,"bu","14:20:50",2510800
41300,800,1400,"bu","14:20:50",2509400
41300,800,100,"bu","14:20:50",2508000
41300,800,1400,"bu","14:20:50",2507900
41300,800,1400,"bu","14:20:50",2506500
41300,800,100,"bu","14:20:48",2505100
41300,800,900,"bu","14:20:48",2505000
41300,800,1100,"bu","14:20:46",2504100
41300,800,700,"bu","14:20:46",2503000
41300,800,100,"bu","14:20:46",2502300
41300,800,100,"bu","14:20:46",2502200
41300,800,9900,"bu","14:20:43",2502100
41300,800,100,"bu","14:20:43",2492200
41300,800,3000,"bu","14:20:43",2492100
41300,800,10000,"bu","14:20:43",2489100
41300,800,2900,"bu","14:20:22",2479100
41300,800,500,"bu","14:20:02",2476200
41250,750,200,"sd","14:19:58",2475700
41300,800,700,"bu","14:19:55",2475500
41300,800,900,"bu","14:19:44",2474800
41300,800,100,"bu","14:19:44",2473900
41300,800,200,"bu","14:19:35",2473800
41300,800,1800,"bu","14:19:35",2473600
41300,800,500,"bu","14:18:54",2471800
41250,750,500,"bu","14:18:54",2471300
41250,750,1000,"bu","14:18:52",2470800
41250,750,500,"sd","14:18:51",2469800
41300,800,5000,"bu","14:18:50",2469300
41250,750,1400,"bu","14:18:46",2464300
41250,750,200,"bu","14:18:46",2462900
41250,750,900,"bu","14:18:46",2462700
41200,700,300,"sd","14:18:40",2461800
41200,700,500,"sd","14:18:40",2461500
41250,750,500,"bu","14:18:40",2461000
41250,750,200,"bu","14:18:40",2460500
41250,750,100,"bu","14:18:40",2460300
41250,750,200,"bu","14:18:40",2460200
41250,750,100,"bu","14:18:21",2460000
41250,750,2000,"bu","14:18:00",2459900
41250,750,10000,"bu","14:17:54",2457900
41200,700,500,"sd","14:17:51",2447900
41250,750,800,"bu","14:17:46",2447400
41200,700,200,"sd","14:17:46",2446600
41200,700,100,"sd","14:17:45",2446400
41200,700,3200,"sd","14:17:34",2446300
41200,700,300,"sd","14:17:34",2443100
41200,700,100,"sd","14:17:34",2442800
41200,700,100,"sd","14:17:34",2442700
41200,700,400,"sd","14:17:34",2442600
41200,700,1000,"sd","14:17:34",2442200
41200,700,1300,"sd","14:17:34",2441200
41200,700,3600,"sd","14:17:34",2439900
41250,750,700,"sd","14:17:26",2436300
41250,750,500,"sd","14:17:26",2435600
41250,750,900,"sd","14:17:26",2435100
41250,750,2500,"sd","14:17:26",2434200
41250,750,500,"sd","14:17:19",2431700
41300,800,100,"bu","14:16:49",2431200
41250,750,200,"sd","14:16:40",2431100
41300,800,2000,"bu","14:16:39",2430900
41300,800,500,"sd","14:16:36",2428900
41300,800,100,"sd","14:16:36",2428400
41300,800,900,"sd","14:16:30",2428300
41300,800,100,"bu","14:16:30",2427400
41300,800,300,"bu","14:16:30",2427300
41300,800,5000,"bu","14:16:30",2427000
41300,800,3600,"bu","14:16:30",2422000
41300,800,100,"bu","14:16:24",2418400
41250,750,600,"sd","14:16:10",2418300
41300,800,500,"sd","14:16:10",2417700
41300,800,1500,"sd","14:16:10",2417200
41300,800,4300,"sd","14:16:10",2415700
41300,800,100,"sd","14:16:03",2411400
41300,800,1000,"sd","14:16:02",2411300
41400,900,10000,"bu","14:16:01",2410300
41300,800,200,"sd","14:15:48",2400300
41300,800,1300,"sd","14:15:47",2400100
41300,800,1000,"sd","14:15:46",2398800
41400,900,3200,"sd","14:15:45",2397800
41400,900,2000,"sd","14:15:45",2394600
41400,900,8000,"sd","14:15:45",2392600
41450,950,100,"bu","14:15:40",2384600
41400,900,100,"sd","14:15:40",2384500
41450,950,100,"bu","14:15:39",2384400
41400,900,100,"sd","14:15:36",2384300
41400,900,100,"sd","14:15:34",2384200
41400,900,1000,"sd","14:15:33",2384100
41400,900,300,"sd","14:15:28",2383100
41400,900,900,"sd","14:15:27",2382800
41400,900,5000,"bu","14:15:26",2381900
41400,900,500,"bu","14:15:26",2376900
41400,900,100,"bu","14:15:26",2376400
41400,900,100,"bu","14:15:26",2376300
41400,900,2000,"bu","14:15:26",2376200
41400,900,500,"bu","14:15:26",2374200
41400,900,100,"bu","14:15:26",2373700
41400,900,100,"bu","14:15:26",2373600
41400,900,1000,"bu","14:15:26",2373500
41350,850,100,"bu","14:15:26",2372500
41300,800,500,"sd","14:15:23",2372400
41300,800,5000,"sd","14:15:21",2371900
41300,800,500,"sd","14:15:18",2366900
41350,850,200,"bu","14:15:17",2366400
41300,800,300,"sd","14:15:16",2366200
41300,800,3000,"sd","14:15:14",2365900
41300,800,500,"sd","14:15:03",2362900
41300,800,4700,"sd","14:15:02",2362400
41350,850,300,"sd","14:15:02",2357700
41350,850,100,"sd","14:15:02",2357400
41350,850,100,"bu","14:15:01",2357300
41350,850,500,"bu","14:15:01",2357200
41350,850,100,"bu","14:15:01",2356700
41350,850,900,"bu","14:15:01",2356600
41300,800,200,"sd","14:14:59",2355700
41300,800,500,"sd","14:14:56",2355500
41300,800,100,"sd","14:14:50",2355000
41300,800,1800,"bu","14:14:49",2354900
41300,800,100,"bu","14:14:45",2353100
41250,750,100,"sd","14:14:38",2353000
41250,750,1000,"sd","14:14:37",2352900
41300,800,100,"bu","14:14:22",2351900
41200,700,600,"sd","14:14:03",2351800
41200,700,5800,"sd","14:14:02",2351200
41200,700,200,"sd","14:14:02",2345400
41400,900,1000,"bu","14:14:01",2345200
41400,900,600,"bu","14:14:01",2344200
41400,900,100,"bu","14:14:01",2343600
41400,900,100,"bu","14:14:01",2343500
41400,900,100,"bu","14:14:01",2343400
41400,900,2500,"bu","14:14:01",2343300
41400,900,10000,"bu","14:14:01",2340800
41400,900,500,"bu","14:14:01",2330800
41400,900,1000,"bu","14:14:01",2330300
41400,900,5000,"bu","14:14:01",2329300
41400,900,5000,"bu","14:14:01",2324300
41400,900,500,"bu","14:14:01",2319300
41400,900,100,"bu","14:14:01",2318800
41400,900,100,"bu","14:14:01",2318700
41400,900,100,"bu","14:14:01",2318600
41400,900,300,"bu","14:14:01",2318500
41400,900,100,"bu","14:14:01",2318200
41400,900,1000,"bu","14:14:01",2318100
41400,900,200,"bu","14:14:01",2317100
41400,900,1000,"bu","14:14:01",2316900
41400,900,500,"bu","14:14:01",2315900
41400,900,500,"bu","14:14:01",2315400
41400,900,4000,"bu","14:14:01",2314900
41400,900,1200,"bu","14:14:01",2310900
41400,900,100,"bu","14:14:01",2309700
41400,900,200,"bu","14:14:01",2309600
41400,900,1000,"bu","14:14:01",2309400
41400,900,300,"bu","14:14:01",2308400
41400,900,100,"bu","14:14:01",2308100
41400,900,1200,"bu","14:14:01",2308000
41400,900,3000,"bu","14:14:01",2306800
41400,900,500,"bu","14:14:01",2303800
41400,900,300,"bu","14:14:01",2303300
41400,900,200,"bu","14:14:01",2303000
41400,900,500,"bu","14:14:01",2302800
41400,900,500,"bu","14:14:01",2302300
41400,900,3000,"bu","14:14:01",2301800
41350,850,3000,"bu","14:14:01",2298800
41350,850,100,"bu","14:14:01",2295800
41350,850,300,"bu","14:14:01",2295700
41350,850,2500,"bu","14:14:01",2295400
41350,850,500,"bu","14:14:01",2292900
41350,850,400,"bu","14:14:01",2292400
41350,850,100,"bu","14:14:01",2292000
41350,850,1100,"bu","14:14:01",2291900
41350,850,100,"bu","14:14:01",2290800
41300,800,100,"bu","14:14:01",2290700
41350,850,100,"bu","14:14:01",2290600
41300,800,5000,"bu","14:14:01",2290500
41300,800,100,"bu","14:14:01",2285500
41300,800,200,"bu","14:14:01",2285400
41300,800,300,"bu","14:13:39",2285200
41200,700,400,"sd","14:13:28",2284900
41200,700,400,"sd","14:13:21",2284500
41200,700,200,"sd","14:13:21",2284100
41200,700,200,"sd","14:13:21",2283900
41200,700,8000,"sd","14:13:20",2283700
41350,850,48900,"bu","14:13:18",2275700
41350,850,5000,"bu","14:13:18",2226800
41350,850,100,"bu","14:13:18",2221800
41350,850,5000,"bu","14:13:18",2221700
41350,850,1000,"bu","14:13:18",2216700
41350,850,400,"bu","14:13:18",2215700
41350,850,100,"bu","14:13:18",2215300
41300,800,500,"bu","14:13:18",2215200
41350,850,200,"bu","14:13:18",2214700
41350,850,6000,"bu","14:13:18",2214500
41350,850,5000,"bu","14:13:18",2208500
41350,850,1900,"bu","14:13:18",2203500
41350,850,100,"bu","14:13:18",2201600
41300,800,500,"bu","14:13:18",2201500
41300,800,1000,"bu","14:13:18",2201000
41300,800,2000,"bu","14:13:18",2200000
41300,800,2300,"bu","14:13:18",2198000
41200,700,700,"sd","14:13:12",2195700
41200,700,300,"sd","14:13:01",2195000
41300,800,100,"bu","14:13:00",2194700
41300,800,200,"bu","14:13:00",2194600
41300,800,100,"bu","14:13:00",2194400
41300,800,2000,"bu","14:13:00",2194300
41300,800,200,"bu","14:13:00",2192300
41300,800,200,"bu","14:13:00",2192100
41300,800,100,"bu","14:13:00",2191900
41300,800,100,"bu","14:13:00",2191800
41200,700,300,"sd","14:12:59",2191700
41200,700,300,"sd","14:12:54",2191400
41200,700,200,"sd","14:12:53",2191100
41300,800,2900,"bu","14:12:53",2190900
41300,800,100,"bu","14:12:53",2188000
41200,700,700,"sd","14:12:51",2187900
41250,750,1300,"sd","14:12:51",2187200
41250,750,600,"sd","14:12:48",2185900
41250,750,100,"bu","14:12:46",2185300
41250,750,6000,"bu","14:12:46",2185200
41200,700,100,"sd","14:12:21",2179200
41300,800,100,"sd","14:12:01",2179100
41300,800,100,"sd","14:12:00",2179000
41300,800,500,"sd","14:11:53",2178900
41300,800,1000,"bu","14:11:52",2178400
41300,800,1000,"bu","14:11:52",2177400
41300,800,200,"bu","14:11:52",2176400
41300,800,200,"bu","14:11:52",2176200
41300,800,100,"bu","14:11:52",2176000
41300,800,700,"bu","14:11:52",2175900
41300,800,300,"bu","14:11:52",2175200
41300,800,1000,"bu","14:11:52",2174900
41300,800,600,"bu","14:11:52",2173900
41150,650,300,"sd","14:11:46",2173300
41150,650,200,"sd","14:11:45",2173000
41150,650,300,"sd","14:11:44",2172800
41150,650,3000,"sd","14:11:43",2172500
41300,800,1400,"bu","14:11:41",2169500
41300,800,1000,"bu","14:11:41",2168100
41300,800,5000,"bu","14:11:41",2167100
41300,800,1000,"bu","14:11:41",2162100
41300,800,200,"bu","14:11:41",2161100
41300,800,100,"bu","14:11:41",2160900
41300,800,200,"bu","14:11:41",2160800
41300,800,2800,"bu","14:11:41",2160600
41300,800,6000,"bu","14:11:41",2157800
41300,800,500,"bu","14:11:41",2151800
41300,800,1000,"bu","14:11:41",2151300
41300,800,800,"bu","14:11:41",2150300
41250,750,10000,"bu","14:11:41",2149500
41300,800,700,"sd","14:10:35",2139500
41300,800,200,"sd","14:10:29",2138800
41300,800,100,"sd","14:10:28",2138600
41300,800,1300,"sd","14:10:27",2138500
41300,800,100,"bu","14:10:26",2137200
41300,800,5000,"bu","14:10:26",2137100
41300,800,300,"bu","14:10:26",2132100
41300,800,5000,"bu","14:10:26",2131800
41300,800,100,"bu","14:10:26",2126800
41300,800,100,"bu","14:10:26",2126700
41300,800,300,"bu","14:10:26",2126600
41300,800,400,"bu","14:10:26",2126300
41200,700,500,"bu","14:10:26",2125900
41200,700,900,"bu","14:10:26",2125400
41150,650,800,"sd","14:10:26",2124500
41200,700,100,"bu","14:10:04",2123700
41150,650,500,"sd","14:09:51",2123600
41150,650,100,"sd","14:09:41",2123100
41150,650,200,"sd","14:09:24",2123000
41300,800,700,"sd","14:09:23",2122800
41300,800,1300,"sd","14:09:23",2122100
41300,800,2000,"bu","14:09:22",2120800
41300,800,2000,"bu","14:09:22",2118800
41250,750,4000,"bu","14:09:22",2116800
41250,750,5000,"bu","14:09:22",2112800
41150,650,100,"sd","14:09:20",2107800
41150,650,400,"sd","14:09:20",2107700
41150,650,300,"sd","14:09:14",2107300
41150,650,500,"sd","14:09:09",2107000
41150,650,300,"unknown","14:08:57",2106500
41100,600,1000,"sd","14:08:55",2106200
41100,600,2000,"sd","14:08:55",2105200
41300,800,2000,"bu","14:08:54",2103200
41300,800,5000,"bu","14:08:54",2101200
41300,800,2000,"bu","14:08:54",2096200
41300,800,200,"bu","14:08:54",2094200
41300,800,10000,"bu","14:08:54",2094000
41250,750,2000,"bu","14:08:54",2084000
41250,750,200,"bu","14:08:54",2082000
41250,750,100,"bu","14:08:54",2081800
41250,750,200,"bu","14:08:54",2081700
41250,750,200,"bu","14:08:54",2081500
41250,750,200,"bu","14:08:54",2081300
41250,750,800,"bu","14:08:54",2081100
41200,700,5000,"bu","14:08:54",2080300
41200,700,100,"bu","14:08:54",2075300
41200,700,1000,"bu","14:08:54",2075200
41200,700,200,"bu","14:08:54",2074200
41150,650,500,"bu","14:08:54",2074000
41150,650,300,"bu","14:08:54",2073500
41150,650,200,"sd","14:08:33",2073200
41150,650,300,"sd","14:08:30",2073000
41150,650,200,"sd","14:08:30",2072700
41100,600,500,"sd","14:08:13",2072500
41100,600,5000,"sd","14:08:12",2072000
41100,600,300,"sd","14:07:59",2067000
41100,600,100,"sd","14:07:54",2066700
41100,600,1100,"sd","14:07:53",2066600
41100,600,3000,"bu","14:07:52",2065500
41100,600,8000,"bu","14:07:52",2062500
41050,550,200,"sd","14:07:24",2054500
41100,600,100,"sd","14:07:22",2054300
41100,600,1000,"sd","14:07:22",2054200
41100,600,900,"sd","14:07:22",2053200
41100,600,300,"sd","14:07:14",2052300
41100,600,3100,"sd","14:07:13",2052000
41100,600,15700,"sd","14:07:12",2048900
41100,600,500,"sd","14:07:12",2033200
41100,600,1200,"sd","14:07:12",2032700
41100,600,100,"sd","14:07:12",2031500
41100,600,300,"sd","14:07:12",2031400
41100,600,2000,"sd","14:07:12",2031100
41100,600,3000,"sd","14:07:12",2029100
41100,600,6100,"sd","14:07:12",2026100
41100,600,2900,"sd","14:07:12",2020000
41100,600,700,"sd","14:07:04",2017100
41100,600,2200,"sd","14:07:03",2016400
41150,650,4800,"sd","14:07:03",2014200
41150,650,200,"sd","14:06:54",2009400
41100,600,300,"sd","14:06:44",2009200
41100,600,100,"sd","14:06:32",2008900
41100,600,800,"sd","14:06:00",2008800
41100,600,3000,"sd","14:05:59",2008000
41100,600,1400,"sd","14:05:59",2005000
41100,600,400,"sd","14:05:59",2003600
41100,600,3200,"sd","14:05:59",2003200
41100,600,100,"sd","14:05:47",2000000
41100,600,900,"sd","14:05:46",1999900
41150,650,100,"sd","14:05:46",1999000
41150,650,300,"sd","14:05:29",1998900
41150,650,200,"bu","14:05:22",1998600
41150,650,200,"bu","14:05:22",1998400
41150,650,200,"bu","14:05:22",1998200
41150,650,100,"bu","14:05:04",1998000
41100,600,100,"sd","14:04:50",1997900
41150,650,1000,"bu","14:04:49",1997800
41150,650,100,"bu","14:04:48",1996800
41100,600,100,"sd","14:04:48",1996700
41150,650,500,"bu","14:04:47",1996600
41150,650,1000,"bu","14:04:47",1996100
41150,650,100,"bu","14:04:30",1995100
41150,650,400,"bu","14:04:28",1995000
41150,650,100,"bu","14:04:28",1994600
41150,650,100,"bu","14:04:17",1994500
41150,650,100,"sd","14:04:16",1994400
41150,650,200,"sd","14:04:15",1994300
41150,650,200,"sd","14:04:15",1994100
41150,650,100,"sd","14:03:50",1993900
41150,650,500,"sd","14:03:36",1993800
41150,650,200,"sd","14:03:33",1993300
41150,650,100,"sd","14:03:32",1993100
41150,650,2400,"sd","14:03:32",1993000
41150,650,300,"sd","14:03:11",1990600
41150,650,3000,"sd","14:03:09",1990300
41150,650,200,"sd","14:03:01",1987300
41150,650,200,"sd","14:02:58",1987100
41150,650,900,"sd","14:02:57",1986900
41150,650,1800,"sd","14:02:57",1986000
41150,650,800,"sd","14:02:55",1984200
41150,650,100,"sd","14:02:52",1983400
41300,800,5000,"bu","14:02:51",1983300
41300,800,500,"bu","14:02:51",1978300
41300,800,300,"bu","14:02:51",1977800
41300,800,2600,"bu","14:02:51",1977500
41300,800,100,"bu","14:02:51",1974900
41300,800,200,"bu","14:02:51",1974800
41300,800,300,"bu","14:02:51",1974600
41300,800,100,"bu","14:02:51",1974300
41300,800,500,"bu","14:02:51",1974200
41300,800,400,"bu","14:02:51",1973700
41300,800,100,"bu","14:02:42",1973300
41150,650,300,"sd","14:02:16",1973200
41150,650,200,"sd","14:01:46",1972900
41100,600,200,"sd","14:01:14",1972700
41100,600,1300,"sd","14:01:13",1972500
41150,650,500,"sd","14:01:13",1971200
41200,700,100,"sd","14:01:13",1970700
41200,700,100,"sd","14:01:13",1970600
41200,700,1000,"sd","14:01:12",1970500
41200,700,19000,"sd","14:01:12",1969500
41200,700,300,"sd","14:01:00",1950500
41300,800,200,"sd","14:01:00",1950200
41350,850,100,"bu","14:00:50",1950000
41350,850,300,"bu","14:00:50",1949900
41300,800,100,"sd","14:00:35",1949600
41300,800,600,"sd","14:00:34",1949500
41350,850,100,"bu","14:00:23",1948900
41300,800,100,"sd","14:00:19",1948800
41300,800,1700,"sd","14:00:18",1948700
41300,800,100,"bu","14:00:17",1947000
41300,800,5000,"bu","14:00:17",1946900
41300,800,100,"bu","14:00:17",1941900
41300,800,1000,"bu","14:00:17",1941800
41300,800,900,"bu","14:00:17",1940800
41300,800,1000,"bu","14:00:17",1939900
41300,800,2000,"bu","14:00:17",1938900
41300,800,100,"bu","14:00:17",1936900
41300,800,1200,"bu","14:00:17",1936800
41250,750,1000,"bu","14:00:17",1935600
41250,750,3500,"bu","14:00:17",1934600
41250,750,1000,"bu","14:00:17",1931100
41250,750,100,"bu","14:00:17",1930100
41250,750,300,"bu","14:00:17",1930000
41200,700,100,"bu","14:00:15",1929700
41200,700,500,"bu","14:00:15",1929600
41200,700,100,"bu","14:00:15",1929100
41200,700,100,"bu","13:59:55",1929000
41100,600,100,"sd","13:59:30",1928900
41200,700,900,"bu","13:59:29",1928800
41150,650,100,"bu","13:59:29",1927900
41150,650,100,"sd","13:59:16",1927800
41150,650,900,"bu","13:59:11",1927700
41150,650,100,"bu","13:59:06",1926800
41150,650,800,"sd","13:58:35",1926700
41200,700,500,"sd","13:58:34",1925900
41200,700,1100,"sd","13:58:34",1925400
41200,700,2000,"sd","13:58:34",1924300
41200,700,5300,"sd","13:58:34",1922300
41250,750,100,"sd","13:58:01",1917000
41250,750,200,"sd","13:58:01",1916900
41250,750,100,"sd","13:58:01",1916700
41250,750,600,"sd","13:58:00",1916600
41250,750,200,"sd","13:58:00",1916000
41250,750,200,"sd","13:58:00",1915800
41250,750,300,"sd","13:57:47",1915600
41250,750,500,"sd","13:57:46",1915300
41250,750,700,"sd","13:57:46",1914800
41250,750,2300,"sd","13:57:46",1914100
41250,750,400,"sd","13:57:38",1911800
41250,750,500,"sd","13:57:15",1911400
41300,800,2800,"bu","13:57:14",1910900
41300,800,2200,"bu","13:57:14",1908100
41250,750,500,"sd","13:57:06",1905900
41300,800,2800,"bu","13:57:05",1905400
41300,800,200,"bu","13:57:05",1902600
41300,800,2000,"bu","13:57:05",1902400
41250,750,500,"sd","13:57:00",1900400
41250,750,500,"sd","13:56:54",1899900
41300,800,1000,"bu","13:56:53",1899400
41300,800,500,"bu","13:56:53",1898400
41300,800,300,"bu","13:56:53",1897900
41300,800,1000,"bu","13:56:53",1897600
41300,800,200,"bu","13:56:53",1896600
41300,800,500,"bu","13:56:53",1896400
41300,800,200,"bu","13:56:53",1895900
41300,800,1000,"bu","13:56:53",1895700
41300,800,300,"bu","13:56:53",1894700
41250,750,200,"unknown","13:56:49",1894400
41200,700,1400,"sd","13:56:49",1894200
41250,750,800,"sd","13:56:49",1892800
41250,750,300,"sd","13:56:49",1892000
41250,750,300,"sd","13:56:46",1891700
41250,750,100,"sd","13:56:43",1891400
41250,750,100,"sd","13:56:39",1891300
41300,800,200,"bu","13:56:39",1891200
41300,800,100,"bu","13:56:39",1891000
41300,800,100,"bu","13:56:39",1890900
41300,800,100,"bu","13:56:39",1890800
41300,800,900,"bu","13:56:39",1890700
41250,750,200,"sd","13:56:37",1889800
41250,750,200,"sd","13:56:33",1889600
41250,750,100,"sd","13:56:04",1889400
41250,750,200,"bu","13:56:03",1889300
41250,750,300,"bu","13:56:03",1889100
41250,750,100,"bu","13:56:03",1888800
41250,750,1000,"bu","13:56:03",1888700
41250,750,100,"bu","13:56:03",1887700
41200,700,100,"sd","13:55:49",1887600
41200,700,1000,"sd","13:55:49",1887500
41250,750,100,"bu","13:55:48",1886500
41200,700,200,"sd","13:55:47",1886400
41200,700,2000,"sd","13:55:47",1886200
41150,650,200,"sd","13:55:31",1884200
41150,650,300,"sd","13:55:28",1884000
41200,700,1000,"bu","13:55:26",1883700
41200,700,200,"bu","13:55:26",1882700
41200,700,100,"bu","13:55:26",1882500
41200,700,2000,"bu","13:55:26",1882400
41200,700,500,"bu","13:55:23",1880400
41100,600,300,"sd","13:55:21",1879900
41200,700,3000,"bu","13:55:20",1879600
41100,600,100,"sd","13:55:10",1876600
41200,700,1000,"bu","13:55:09",1876500
41100,600,100,"sd","13:55:00",1875500
41200,700,1400,"bu","13:54:59",1875400
41100,600,200,"sd","13:54:54",1874000
41200,700,700,"bu","13:54:53",1873800
41200,700,100,"bu","13:54:53",1873100
41200,700,1000,"bu","13:54:53",1873000
41200,700,200,"bu","13:54:53",1872000
41200,700,100,"bu","13:54:53",1871800
41200,700,600,"bu","13:54:53",1871700
41100,600,200,"sd","13:54:51",1871100
41200,700,1000,"bu","13:54:49",1870900
41200,700,100,"bu","13:54:49",1869900
41200,700,900,"bu","13:54:49",1869800
41200,700,100,"bu","13:54:36",1868900
41200,700,400,"bu","13:54:36",1868800
41200,700,100,"bu","13:54:34",1868400
41100,600,100,"sd","13:54:27",1868300
41150,650,1000,"bu","13:54:26",1868200
41200,700,500,"bu","13:54:11",1867200
41200,700,200,"bu","13:54:10",1866700
41200,700,100,"bu","13:54:10",1866500
41200,700,800,"bu","13:54:00",1866400
41000,500,200,"sd","13:53:51",1865600
41000,500,600,"sd","13:53:50",1865400
41000,500,400,"sd","13:53:50",1864800
41050,550,1000,"sd","13:53:50",1864400
41200,700,2100,"bu","13:53:49",1863400
41200,700,200,"bu","13:53:49",1861300
41200,700,100,"bu","13:53:49",1861100
41200,700,600,"bu","13:53:49",1861000
41200,700,100,"bu","13:53:49",1860400
41200,700,5000,"bu","13:53:49",1860300
41200,700,1000,"bu","13:53:49",1855300
41200,700,5000,"bu","13:53:49",1854300
41200,700,200,"bu","13:53:49",1849300
41200,700,200,"bu","13:53:49",1849100
41200,700,1000,"bu","13:53:49",1848900
41200,700,1000,"bu","13:53:49",1847900
41200,700,100,"bu","13:53:49",1846900
41150,650,1000,"bu","13:53:49",1846800
41150,650,100,"bu","13:53:49",1845800
41150,650,200,"bu","13:53:49",1845700
41150,650,200,"bu","13:53:49",1845500
41100,600,1000,"bu","13:53:49",1845300
41100,600,500,"bu","13:53:49",1844300
41100,600,200,"bu","13:53:49",1843800
41100,600,200,"bu","13:53:49",1843600
41050,550,200,"bu","13:53:44",1843400
41100,600,100,"bu","13:53:36",1843200
41050,550,100,"sd","13:53:29",1843100
41050,550,200,"sd","13:53:26",1843000
41050,550,200,"sd","13:53:22",1842800
41050,550,100,"sd","13:53:22",1842600
41050,550,100,"sd","13:53:22",1842500
41100,600,2000,"bu","13:53:20",1842400
41100,600,2100,"bu","13:53:20",1840400
41050,550,300,"bu","13:53:13",1838300
41000,500,500,"sd","13:53:07",1838000
41100,600,300,"bu","13:53:05",1837500
41050,550,200,"bu","13:53:05",1837200
41000,500,700,"sd","13:53:04",1837000
41050,550,100,"bu","13:53:02",1836300
41050,550,200,"bu","13:53:02",1836200
41050,550,500,"bu","13:53:02",1836000
41050,550,6200,"bu","13:53:02",1835500
41000,500,300,"sd","13:53:01",1829300
41000,500,300,"sd","13:52:53",1829000
41000,500,200,"sd","13:52:47",1828700
41050,550,100,"bu","13:52:46",1828500
41050,550,200,"bu","13:52:46",1828400
41050,550,100,"bu","13:52:46",1828200
41050,550,200,"bu","13:52:46",1828100
41050,550,1400,"bu","13:52:46",1827900
41050,550,100,"bu","13:52:44",1826500
41050,550,100,"bu","13:52:41",1826400
41000,500,500,"sd","13:52:40",1826300
41000,500,100,"sd","13:52:34",1825800
41050,550,1000,"bu","13:52:33",1825700
41050,550,400,"bu","13:52:18",1824700
41000,500,300,"sd","13:52:17",1824300
41000,500,100,"sd","13:52:13",1824000
41000,500,1100,"sd","13:52:12",1823900
41050,550,100,"bu","13:52:12",1822800
41000,500,100,"sd","13:52:12",1822700
41000,500,400,"sd","13:52:11",1822600
41000,500,600,"sd","13:52:11",1822200
41050,550,100,"bu","13:52:09",1821600
41000,500,500,"sd","13:52:01",1821500
41000,500,3900,"sd","13:52:00",1821000
41000,500,100,"sd","13:52:00",1817100
41000,500,1000,"sd","13:52:00",1817000
41050,550,500,"bu","13:51:41",1816000
41050,550,300,"sd","13:51:08",1815500
41050,550,100,"sd","13:50:53",1815200
41050,550,100,"sd","13:50:50",1815100
41050,550,500,"sd","13:50:49",1815000
41050,550,500,"sd","13:50:49",1814500
41050,550,100,"sd","13:50:40",1814000
41050,550,200,"sd","13:50:32",1813900
41050,550,200,"sd","13:50:19",1813700
41050,550,300,"sd","13:50:19",1813500
41050,550,100,"sd","13:50:11",1813200
41100,600,200,"bu","13:50:10",1813100
41100,600,100,"bu","13:50:10",1812900
41100,600,700,"bu","13:50:10",1812800
41050,550,100,"sd","13:50:03",1812100
41050,550,400,"sd","13:50:03",1812000
41050,550,100,"sd","13:49:50",1811600
41100,600,300,"sd","13:49:28",1811500
41100,600,100,"sd","13:49:20",1811200
41100,600,100,"sd","13:49:20",1811100
41100,600,200,"sd","13:49:19",1811000
41100,600,300,"sd","13:49:17",1810800
41100,600,100,"sd","13:49:11",1810500
41100,600,300,"sd","13:49:09",1810400
41100,600,700,"sd","13:49:09",1810100
41100,600,200,"sd","13:48:54",1809400
41200,700,500,"bu","13:48:48",1809200
41100,600,100,"sd","13:48:47",1808700
41100,600,100,"sd","13:48:46",1808600
41100,600,1000,"sd","13:48:46",1808500
41100,600,1000,"sd","13:48:45",1807500
41100,600,200,"sd","13:48:42",1806500
41100,600,300,"sd","13:48:34",1806300
41200,700,1000,"sd","13:48:33",1806000
41200,700,500,"sd","13:48:33",1805000
41200,700,1900,"sd","13:48:33",1804500
41200,700,300,"sd","13:48:29",1802600
41200,700,1000,"sd","13:48:28",1802300
41200,700,2000,"sd","13:48:28",1801300
41200,700,500,"sd","13:48:25",1799300
41200,700,200,"sd","13:48:21",1798800
41200,700,2000,"sd","13:48:20",1798600
41200,700,300,"sd","13:48:17",1796600
41200,700,3000,"sd","13:48:15",1796300
41200,700,200,"sd","13:48:08",1793300
41250,750,400,"bu","13:48:08",1793100
41250,750,1000,"bu","13:48:08",1792700
41250,750,600,"bu","13:48:08",1791700
41200,700,100,"sd","13:48:07",1791100
41200,700,1000,"sd","13:48:07",1791000
41200,700,200,"sd","13:48:02",1790000
41200,700,700,"sd","13:47:48",1789800
41200,700,4900,"sd","13:47:47",1789100
41200,700,600,"sd","13:47:47",1784200
41200,700,1500,"sd","13:47:47",1783600
41200,700,100,"sd","13:47:44",1782100
41200,700,600,"sd","13:47:43",1782000
41200,700,400,"sd","13:47:43",1781400
41250,750,100,"bu","13:47:40",1781000
41200,700,100,"sd","13:47:35",1780900
41200,700,1000,"sd","13:47:34",1780800
41250,750,6200,"sd","13:47:33",1779800
41250,750,200,"sd","13:47:33",1773600
41250,750,2500,"sd","13:47:33",1773400
41250,750,100,"sd","13:47:33",1770900
41250,750,300,"sd","13:47:33",1770800
41300,800,1000,"bu","13:47:33",1770500
41250,750,100,"sd","13:47:31",1769500
41250,750,1000,"sd","13:47:29",1769400
41250,750,100,"sd","13:47:20",1768400
41250,750,500,"sd","13:47:19",1768300
41250,750,800,"sd","13:47:19",1767800
41300,800,13000,"bu","13:47:17",1767000
41250,750,500,"sd","13:47:01",1754000
41250,750,500,"sd","13:47:00",1753500
41300,800,5100,"sd","13:47:00",1753000
41350,850,300,"sd","13:46:59",1747900
41350,850,5000,"sd","13:46:59",1747600
41350,850,500,"sd","13:46:58",1742600
41350,850,500,"sd","13:46:55",1742100
41350,850,500,"sd","13:46:54",1741600
41350,850,5000,"sd","13:46:53",1741100
41350,850,200,"sd","13:46:51",1736100
41350,850,200,"sd","13:46:51",1735900
41350,850,2000,"bu","13:46:49",1735700
41350,850,500,"bu","13:46:49",1733700
41350,850,300,"bu","13:46:49",1733200
41300,800,200,"sd","13:46:49",1732900
41300,800,500,"sd","13:46:47",1732700
41300,800,200,"sd","13:46:47",1732200
41300,800,100,"sd","13:46:43",1732000
41350,850,1000,"bu","13:46:42",1731900
41300,800,100,"sd","13:46:25",1730900
41300,800,1200,"sd","13:46:24",1730800
41250,750,200,"sd","13:46:11",1729600
41400,900,700,"bu","13:46:09",1729400
41400,900,400,"bu","13:46:09",1728700
41300,800,900,"bu","13:46:09",1728300
41300,800,100,"sd","13:46:08",1727400
41400,900,100,"sd","13:46:00",1727300
41400,900,200,"bu","13:45:58",1727200
41350,850,100,"sd","13:45:57",1727000
41350,850,100,"sd","13:45:57",1726900
41400,900,200,"sd","13:45:57",1726800
41400,900,100,"bu","13:45:56",1726600
41400,900,300,"bu","13:45:56",1726500
41400,900,2000,"bu","13:45:56",1726200
41400,900,100,"bu","13:45:56",1724200
41400,900,500,"bu","13:45:56",1724100
41400,900,800,"bu","13:45:56",1723600
41350,850,500,"sd","13:45:55",1722800
41350,850,700,"sd","13:45:54",1722300
41350,850,7000,"sd","13:45:53",1721600
41350,850,600,"sd","13:45:53",1714600
41350,850,6000,"sd","13:45:51",1714000
41400,900,500,"bu","13:45:51",1708000
41400,900,200,"bu","13:45:45",1707500
41400,900,500,"bu","13:45:42",1707300
41400,900,300,"sd","13:45:41",1706800
41400,900,200,"sd","13:45:40",1706500
41400,900,100,"sd","13:45:40",1706300
41400,900,100,"sd","13:45:40",1706200
41450,950,2500,"bu","13:45:40",1706100
41450,950,100,"bu","13:45:40",1703600
41450,950,500,"bu","13:45:40",1703500
41400,900,100,"sd","13:45:40",1703000
41400,900,500,"sd","13:45:40",1702900
41400,900,1000,"sd","13:45:38",1702400
41400,900,500,"sd","13:45:38",1701400
41400,900,500,"sd","13:45:37",1700900
41450,950,1500,"bu","13:45:35",1700400
41450,950,3500,"bu","13:45:35",1698900
41400,900,100,"sd","13:45:35",1695400
41450,950,1000,"bu","13:45:33",1695300
41400,900,100,"sd","13:45:33",1694300
41400,900,200,"sd","13:45:32",1694200
41400,900,100,"sd","13:45:32",1694000
41400,900,500,"sd","13:45:21",1693900
41400,900,5000,"sd","13:45:20",1693400
41400,900,400,"sd","13:45:20",1688400
41400,900,500,"bu","13:45:18",1688000
41400,900,500,"bu","13:45:18",1687500
41400,900,3000,"bu","13:45:18",1687000
41400,900,200,"sd","13:45:07",1684000
41400,900,200,"sd","13:45:07",1683800
41400,900,2200,"sd","13:45:06",1683600
41400,900,100,"bu","13:45:05",1681400
41400,900,200,"bu","13:45:05",1681300
41400,900,1000,"bu","13:45:05",1681100
41400,900,100,"bu","13:45:05",1680100
41400,900,100,"bu","13:45:05",1680000
41400,900,100,"bu","13:45:05",1679900
41400,900,1000,"bu","13:45:05",1679800
41400,900,4500,"bu","13:45:05",1678800
41400,900,500,"bu","13:45:05",1674300
41400,900,5000,"bu","13:45:05",1673800
41400,900,100,"bu","13:45:05",1668800
41400,900,5000,"bu","13:45:05",1668700
41400,900,100,"bu","13:45:05",1663700
41400,900,200,"bu","13:45:05",1663600
41400,900,4400,"bu","13:45:05",1663400
41350,850,200,"sd","13:45:05",1659000
41350,850,200,"sd","13:45:05",1658800
41350,850,100,"sd","13:45:03",1658600
41400,900,600,"bu","13:45:03",1658500
41400,900,200,"bu","13:45:03",1657900
41400,900,600,"bu","13:45:03",1657700
41400,900,1100,"bu","13:45:03",1657100
41350,850,1900,"sd","13:45:03",1656000
41350,850,100,"sd","13:44:59",1654100
41350,850,1500,"sd","13:44:58",1654000
41350,850,900,"sd","13:44:56",1652500
41350,850,200,"sd","13:44:52",1651600
41350,850,2000,"sd","13:44:51",1651400
41350,850,100,"sd","13:44:50",1649400
41350,850,200,"sd","13:44:49",1649300
41350,850,1600,"sd","13:44:49",1649100
41350,850,200,"sd","13:44:48",1647500
41350,850,200,"bu","13:44:47",1647300
41350,850,300,"bu","13:44:47",1647100
41350,850,100,"bu","13:44:47",1646800
41350,850,100,"bu","13:44:47",1646700
41350,850,100,"bu","13:44:47",1646600
41350,850,1000,"bu","13:44:47",1646500
41350,850,100,"bu","13:44:47",1645500
41350,850,1800,"bu","13:44:47",1645400
41300,800,200,"bu","13:44:47",1643600
41300,800,500,"bu","13:44:47",1643400
41300,800,5000,"bu","13:44:47",1642900
41300,800,5000,"bu","13:44:47",1637900
41300,800,100,"bu","13:44:47",1632900
41300,800,1400,"bu","13:44:47",1632800
41250,750,100,"sd","13:44:42",1631400
41300,800,1600,"sd","13:44:41",1631300
41300,800,100,"sd","13:44:40",1629700
41300,800,300,"sd","13:44:37",1629600
41300,800,600,"bu","13:44:36",1629300
41300,800,2000,"bu","13:44:35",1628700
41300,800,200,"bu","13:44:35",1626700
41300,800,200,"bu","13:44:35",1626500
41250,750,300,"sd","13:44:17",1626300
41250,750,200,"sd","13:44:12",1626000
41350,850,1000,"bu","13:44:11",1625800
41250,750,400,"sd","13:44:11",1624800
41350,850,700,"bu","13:44:10",1624400
41350,850,1500,"bu","13:44:10",1623700
41350,850,500,"bu","13:44:10",1622200
41350,850,100,"bu","13:44:10",1621700
41300,800,400,"bu","13:44:10",1621600
41300,800,1600,"sd","13:44:09",1621200
41300,800,800,"bu","13:44:00",1619600
41300,800,200,"sd","13:43:59",1618800
41300,800,400,"sd","13:43:57",1618600
41300,800,2000,"bu","13:43:56",1618200
41300,800,2000,"bu","13:43:56",1616200
41250,750,100,"sd","13:43:56",1614200
41250,750,1600,"sd","13:43:55",1614100
41250,750,300,"sd","13:43:54",1612500
41300,800,100,"bu","13:43:53",1612200
41300,800,100,"bu","13:43:53",1612100
41300,800,500,"bu","13:43:53",1612000
41300,800,1000,"bu","13:43:53",1611500
41300,800,1200,"bu","13:43:53",1610500
41300,800,1000,"bu","13:43:53",1609300
41300,800,1000,"bu","13:43:53",1608300
41300,800,5000,"bu","13:43:53",1607300
41300,800,5000,"bu","13:43:53",1602300
41300,800,100,"bu","13:43:53",1597300
41300,800,1000,"bu","13:43:53",1597200
41250,750,3000,"sd","13:43:53",1596200
41250,750,100,"sd","13:43:44",1593200
41300,800,300,"bu","13:43:43",1593100
41300,800,700,"bu","13:43:43",1592800
41250,750,100,"sd","13:43:35",1592100
41300,800,500,"bu","13:43:35",1592000
41250,750,600,"sd","13:43:33",1591500
41300,800,3800,"bu","13:43:31",1590900
41300,800,100,"bu","13:43:31",1587100
41300,800,2700,"bu","13:43:31",1587000
41250,750,100,"sd","13:43:21",1584300
41250,750,300,"sd","13:43:18",1584200
41300,800,100,"bu","13:43:15",1583900
41300,800,100,"bu","13:43:13",1583800
41300,800,100,"bu","13:43:12",1583700
41250,750,800,"bu","13:43:11",1583600
41250,750,100,"bu","13:43:09",1582800
41250,750,100,"bu","13:43:05",1582700
41200,700,700,"sd","13:43:04",1582600
41200,700,100,"sd","13:43:03",1581900
41200,700,200,"bu","13:43:02",1581800
41200,700,1000,"bu","13:43:02",1581600
41200,700,5000,"bu","13:43:02",1580600
41200,700,100,"bu","13:43:02",1575600
41200,700,100,"bu","13:43:02",1575500
41200,700,100,"bu","13:43:02",1575400
41200,700,500,"bu","13:43:02",1575300
41200,700,200,"bu","13:43:02",1574800
41200,700,600,"bu","13:43:02",1574600
41200,700,500,"bu","13:43:02",1574000
41200,700,400,"bu","13:43:02",1573500
41200,700,300,"bu","13:42:55",1573100
41200,700,500,"bu","13:42:52",1572800
41150,650,400,"sd","13:42:50",1572300
41200,700,800,"bu","13:42:49",1571900
41200,700,100,"bu","13:42:49",1571100
41200,700,300,"bu","13:42:49",1571000
41200,700,2400,"bu","13:42:49",1570700
41200,700,200,"bu","13:42:49",1568300
41200,700,200,"bu","13:42:49",1568100
41150,650,500,"sd","13:42:45",1567900
41200,700,800,"bu","13:42:45",1567400
41200,700,200,"bu","13:42:45",1566600
41200,700,4000,"bu","13:42:45",1566400
41200,700,100,"bu","13:42:42",1562400
41150,650,100,"sd","13:42:41",1562300
41200,700,900,"bu","13:42:40",1562200
41200,700,100,"bu","13:42:40",1561300
41150,650,500,"sd","13:42:38",1561200
41150,650,200,"bu","13:42:37",1560700
41150,650,1000,"bu","13:42:37",1560500
41150,650,2000,"bu","13:42:37",1559500
41150,650,200,"bu","13:42:37",1557500
41150,650,2000,"bu","13:42:37",1557300
41150,650,200,"bu","13:42:37",1555300
41150,650,300,"bu","13:42:37",1555100
41100,600,100,"sd","13:42:32",1554800
41100,600,1000,"sd","13:42:31",1554700
41100,600,100,"sd","13:42:30",1553700
41150,650,100,"bu","13:42:30",1553600
41100,600,100,"sd","13:42:30",1553500
41100,600,100,"bu","13:42:29",1553400
41100,600,100,"bu","13:42:29",1553300
41050,550,1700,"sd","13:42:29",1553200
41100,600,4800,"sd","13:42:28",1551500
41100,600,200,"bu","13:42:27",1546700
41100,600,4000,"bu","13:42:27",1546500
41100,600,1200,"bu","13:42:27",1542500
41100,600,200,"bu","13:42:27",1541300
41100,600,1000,"bu","13:42:27",1541100
41100,600,2000,"bu","13:42:27",1540100
41100,600,2000,"bu","13:42:27",1538100
41100,600,100,"bu","13:42:27",1536100
41100,600,1500,"bu","13:42:27",1536000
41050,550,300,"sd","13:42:27",1534500
41100,600,100,"bu","13:42:27",1534200
41100,600,100,"bu","13:42:27",1534100
41100,600,200,"bu","13:42:26",1534000
41050,550,300,"sd","13:42:26",1533800
41100,600,3000,"bu","13:42:25",1533500
41100,600,100,"bu","13:42:25",1530500
41100,600,100,"bu","13:42:25",1530400
41100,600,100,"bu","13:42:25",1530300
41100,600,100,"bu","13:42:20",1530200
41100,600,200,"bu","13:42:20",1530100
41050,550,300,"sd","13:42:18",1529900
41050,550,500,"sd","13:42:13",1529600
41050,550,200,"bu","13:42:12",1529100
41050,550,100,"bu","13:42:12",1528900
41050,550,200,"bu","13:42:12",1528800
41050,550,2000,"bu","13:42:12",1528600
41050,550,100,"bu","13:42:12",1526600
41050,550,3100,"bu","13:42:12",1526500
41000,500,500,"sd","13:42:09",1523400
41050,550,5000,"bu","13:42:08",1522900
41050,550,500,"bu","13:42:08",1517900
41000,500,100,"sd","13:42:04",1517400
41050,550,1000,"bu","13:42:02",1517300
41000,500,500,"sd","13:41:49",1516300
41000,500,5000,"bu","13:41:48",1515800
41050,550,400,"bu","13:41:47",1510800
41050,550,100,"bu","13:41:45",1510400
40950,450,400,"sd","13:41:45",1510300
40950,450,2800,"sd","13:41:44",1509900
41000,500,2000,"sd","13:41:44",1507100
41000,500,200,"bu","13:41:43",1505100
41000,500,1000,"bu","13:41:43",1504900
41000,500,500,"bu","13:41:43",1503900
41000,500,100,"bu","13:41:43",1503400
41000,500,100,"bu","13:41:43",1503300
41000,500,200,"bu","13:41:43",1503200
41000,500,100,"bu","13:41:43",1503000
41000,500,700,"bu","13:41:43",1502900
41000,500,4000,"bu","13:41:43",1502200
41000,500,200,"bu","13:41:43",1498200
41000,500,100,"bu","13:41:43",1498000
41000,500,5100,"bu","13:41:43",1497900
41000,500,2000,"bu","13:41:43",1492800
41000,500,1500,"bu","13:41:43",1490800
41000,500,300,"bu","13:41:43",1489300
41000,500,2000,"bu","13:41:43",1489000
41000,500,1000,"bu","13:41:43",1487000
41000,500,1000,"bu","13:41:43",1486000
41000,500,400,"bu","13:41:43",1485000
41000,500,100,"bu","13:41:43",1484600
41000,500,19000,"bu","13:41:43",1484500
41000,500,200,"bu","13:41:43",1465500
41000,500,1000,"bu","13:41:43",1465300
41000,500,500,"bu","13:41:43",1464300
41000,500,200,"bu","13:41:43",1463800
41000,500,200,"bu","13:41:43",1463600
41000,500,100,"bu","13:41:43",1463400
41000,500,100,"bu","13:41:43",1463300
41000,500,4800,"bu","13:41:43",1463200
41000,500,100,"bu","13:41:43",1458400
41000,500,1000,"bu","13:41:43",1458300
41000,500,200,"bu","13:41:43",1457300
40950,450,200,"sd","13:41:43",1457100
41000,500,500,"bu","13:41:42",1456900
41000,500,500,"bu","13:41:42",1456400
41000,500,200,"bu","13:41:42",1455900
41000,500,200,"bu","13:41:42",1455700
41000,500,200,"bu","13:41:42",1455500
41000,500,900,"bu","13:41:42",1455300
41000,500,100,"bu","13:41:41",1454400
41000,500,500,"bu","13:41:41",1454300
41000,500,100,"bu","13:41:39",1453800
40950,450,600,"sd","13:41:37",1453700
41000,500,4400,"bu","13:41:35",1453100
41000,500,1600,"bu","13:41:35",1448700
40950,450,100,"sd","13:41:33",1447100
41000,500,1000,"bu","13:41:32",1447000
40950,450,100,"sd","13:41:32",1446000
41000,500,400,"bu","13:41:31",1445900
41000,500,200,"bu","13:41:31",1445500
41000,500,100,"bu","13:41:31",1445300
41000,500,300,"bu","13:41:31",1445200
40950,450,600,"sd","13:41:31",1444900
41000,500,1000,"bu","13:41:30",1444300
41000,500,700,"bu","13:41:30",1443300
41000,500,100,"bu","13:41:30",1442600
41000,500,300,"bu","13:41:30",1442500
41000,500,500,"bu","13:41:30",1442200
41000,500,200,"bu","13:41:30",1441700
41000,500,600,"bu","13:41:30",1441500
41000,500,1300,"bu","13:41:30",1440900
41000,500,200,"bu","13:41:30",1439600
41000,500,1000,"bu","13:41:30",1439400
41000,500,800,"bu","13:41:30",1438400
41000,500,100,"bu","13:41:23",1437600
41000,500,100,"bu","13:41:19",1437500
41000,500,100,"bu","13:41:17",1437400
41000,500,100,"bu","13:41:13",1437300
41000,500,100,"bu","13:41:08",1437200
40950,450,100,"sd","13:41:04",1437100
40950,450,1800,"sd","13:41:03",1437000
40950,450,200,"bu","13:41:02",1435200
40950,450,300,"bu","13:41:02",1435000
40950,450,100,"bu","13:41:02",1434700
40950,450,100,"bu","13:41:02",1434600
40950,450,200,"bu","13:41:02",1434500
40950,450,100,"bu","13:41:02",1434300
40950,450,100,"bu","13:41:02",1434200
40950,450,3000,"bu","13:41:02",1434100
40950,450,100,"bu","13:41:02",1431100
40950,450,5000,"bu","13:41:02",1431000
40950,450,1000,"bu","13:41:02",1426000
40950,450,500,"bu","13:41:02",1425000
40950,450,200,"bu","13:41:02",1424500
40950,450,200,"bu","13:41:02",1424300
40950,450,100,"bu","13:41:02",1424100
40950,450,300,"bu","13:41:02",1424000
40950,450,300,"bu","13:41:02",1423700
40950,450,100,"bu","13:41:02",1423400
40950,450,500,"bu","13:41:02",1423300
40950,450,1000,"bu","13:41:02",1422800
40950,450,1000,"bu","13:41:02",1421800
40950,450,200,"bu","13:41:02",1420800
40950,450,300,"bu","13:41:02",1420600
40950,450,800,"bu","13:41:02",1420300
40950,450,1000,"bu","13:41:01",1419500
40950,450,500,"bu","13:41:01",1418500
40950,450,200,"bu","13:41:01",1418000
40950,450,200,"bu","13:41:01",1417800
40950,450,1300,"bu","13:41:01",1417600
40950,450,100,"bu","13:40:49",1416300
40950,450,100,"bu","13:40:01",1416200
40900,400,200,"sd","13:39:54",1416100
40900,400,2000,"sd","13:39:53",1415900
40900,400,100,"sd","13:39:43",1413900
40950,450,1000,"bu","13:39:41",1413800
40950,450,100,"bu","13:39:33",1412800
40900,400,200,"sd","13:39:31",1412700
40900,400,600,"sd","13:39:28",1412500
40900,400,200,"sd","13:39:17",1411900
40900,400,900,"sd","13:39:16",1411700
40900,400,100,"sd","13:39:06",1410800
40900,400,1100,"sd","13:39:05",1410700
40900,400,1000,"bu","13:39:04",1409600
40900,400,300,"bu","13:39:04",1408600
40900,400,7000,"bu","13:39:04",1408300
40900,400,200,"bu","13:39:04",1401300
40900,400,2000,"bu","13:39:04",1401100
40900,400,1400,"bu","13:39:04",1399100
40850,350,200,"sd","13:38:37",1397700
40900,400,2000,"bu","13:38:36",1397500
40850,350,500,"sd","13:38:35",1395500
40850,350,100,"sd","13:38:35",1395000
40900,400,500,"sd","13:38:34",1394900
40900,400,3000,"sd","13:38:34",1394400
40900,400,3100,"sd","13:38:34",1391400
40900,400,100,"sd","13:38:28",1388300
40900,400,200,"sd","13:38:02",1388200
40900,400,300,"sd","13:37:53",1388000
40900,400,100,"sd","13:37:46",1387700
40900,400,1400,"sd","13:37:44",1387600
40900,400,300,"bu","13:37:44",1386200
40900,400,1000,"bu","13:37:44",1385900
40900,400,5000,"bu","13:37:44",1384900
40900,400,3000,"bu","13:37:44",1379900
40900,400,1500,"bu","13:37:44",1376900
40900,400,1000,"bu","13:37:44",1375400
40900,400,2000,"bu","13:37:44",1374400
40900,400,1000,"bu","13:37:44",1372400
40850,350,100,"sd","13:37:37",1371400
40850,350,800,"sd","13:37:36",1371300
40850,350,200,"sd","13:37:36",1370500
40850,350,300,"sd","13:37:35",1370300
40850,350,200,"sd","13:37:35",1370000
40850,350,400,"sd","13:37:35",1369800
40850,350,500,"sd","13:37:35",1369400
40850,350,3000,"sd","13:37:35",1368900
40850,350,5600,"sd","13:37:35",1365900
40850,350,300,"sd","13:36:48",1360300
40850,350,100,"sd","13:36:35",1360000
40900,400,100,"sd","13:36:35",1359900
40900,400,500,"sd","13:36:34",1359800
40900,400,400,"sd","13:36:34",1359300
40900,400,1600,"sd","13:36:34",1358900
40900,400,200,"sd","13:36:34",1357300
40900,400,2500,"sd","13:36:32",1357100
40900,400,200,"sd","13:36:29",1354600
40900,400,200,"sd","13:36:28",1354400
40900,400,500,"sd","13:36:26",1354200
40900,400,2000,"sd","13:36:26",1353700
40900,400,200,"sd","13:36:21",1351700
40900,400,500,"sd","13:36:20",1351500
40900,400,2500,"sd","13:36:19",1351000
40900,400,5000,"sd","13:36:18",1348500
40950,450,100,"bu","13:36:18",1343500
40900,400,100,"sd","13:36:09",1343400
40900,400,100,"sd","13:35:40",1343300
40900,400,200,"sd","13:35:33",1343200
40900,400,300,"sd","13:35:25",1343000
40900,400,3900,"bu","13:35:23",1342700
40900,400,100,"bu","13:35:15",1338800
40850,350,200,"sd","13:34:31",1338700
40800,300,2400,"sd","13:34:29",1338500
40800,300,200,"sd","13:34:29",1336100
40800,300,100,"sd","13:34:29",1335900
40800,300,300,"sd","13:34:29",1335800
40800,300,9600,"sd","13:34:28",1335500
40850,350,3200,"sd","13:34:28",1325900
40900,400,700,"sd","13:34:28",1322700
40900,400,2000,"sd","13:34:28",1322000
40900,400,2000,"sd","13:34:28",1320000
40900,400,9200,"sd","13:34:28",1318000
40900,400,3300,"sd","13:34:28",1308800
40900,400,600,"sd","13:34:19",1305500
40900,400,6000,"sd","13:34:18",1304900
40900,400,200,"sd","13:34:18",1298900
40900,400,100,"sd","13:34:05",1298700
40900,400,800,"sd","13:34:03",1298600
40900,400,1000,"sd","13:34:03",1297800
40900,400,1000,"bu","13:34:03",1296800
40900,400,5000,"bu","13:34:03",1295800
40850,350,2000,"bu","13:34:03",1290800
40850,350,500,"bu","13:34:02",1288800
40800,300,100,"sd","13:33:54",1288300
40850,350,1500,"bu","13:33:52",1288200
40850,350,200,"bu","13:33:45",1286700
40900,400,800,"sd","13:33:41",1286500
40900,400,600,"sd","13:33:40",1285700
40900,400,1200,"sd","13:33:39",1285100
40900,400,5000,"bu","13:33:38",1283900
40900,400,200,"bu","13:33:38",1278900
40900,400,5000,"bu","13:33:38",1278700
40900,400,200,"bu","13:33:38",1273700
40900,400,2000,"bu","13:33:38",1273500
40900,400,100,"bu","13:33:38",1271500
40900,400,500,"bu","13:33:38",1271400
40900,400,500,"bu","13:33:38",1270900
40900,400,500,"bu","13:33:38",1270400
40900,400,500,"bu","13:33:38",1269900
40900,400,200,"bu","13:33:38",1269400
40900,400,200,"bu","13:33:38",1269200
40900,400,500,"bu","13:33:38",1269000
40900,400,300,"bu","13:33:38",1268500
40850,350,300,"bu","13:33:38",1268200
40850,350,1400,"bu","13:33:38",1267900
40800,300,100,"sd","13:33:37",1266500
40850,350,1000,"bu","13:33:35",1266400
40850,350,300,"bu","13:33:02",1265400
40850,350,300,"sd","13:32:57",1265100
40850,350,200,"bu","13:32:47",1264800
40800,300,100,"sd","13:32:36",1264600
40850,350,1000,"bu","13:32:35",1264500
40800,300,400,"sd","13:32:23",1263500
40850,350,4700,"bu","13:32:21",1263100
40800,300,300,"sd","13:31:53",1258400
40800,300,2000,"sd","13:31:52",1258100
40800,300,1000,"sd","13:31:52",1256100
40800,300,200,"sd","13:31:48",1255100
40800,300,100,"sd","13:31:15",1254900
40800,300,1200,"sd","13:31:13",1254800
40850,350,100,"bu","13:31:10",1253600
40800,300,200,"sd","13:31:04",1253500
40800,300,300,"sd","13:31:03",1253300
40800,300,100,"sd","13:31:03",1253000
40800,300,500,"sd","13:31:03",1252900
40800,300,100,"sd","13:31:03",1252400
40800,300,500,"sd","13:31:03",1252300
40800,300,500,"sd","13:31:03",1251800
40800,300,100,"sd","13:30:48",1251300
40800,300,400,"sd","13:30:46",1251200
40850,350,500,"sd","13:30:46",1250800
40850,350,100,"sd","13:30:46",1250300
40850,350,600,"sd","13:30:45",1250200
40850,350,1000,"sd","13:30:45",1249600
40850,350,500,"sd","13:30:45",1248600
40850,350,1000,"sd","13:30:45",1248100
40850,350,300,"sd","13:30:45",1247100
40850,350,6600,"sd","13:30:45",1246800
40850,350,200,"sd","13:30:42",1240200
40850,350,200,"sd","13:30:33",1240000
40850,350,200,"sd","13:29:57",1239800
40850,350,2000,"sd","13:29:57",1239600
40900,400,100,"bu","13:29:47",1237600
40850,350,100,"sd","13:29:29",1237500
40900,400,100,"bu","13:29:28",1237400
40900,400,900,"bu","13:29:28",1237300
40900,400,100,"bu","13:29:11",1236400
40900,400,400,"bu","13:29:11",1236300
40900,400,100,"bu","13:28:39",1235900
40850,350,300,"sd","13:28:04",1235800
40850,350,100,"sd","13:28:00",1235500
40900,400,500,"sd","13:27:59",1235400
40900,400,500,"sd","13:27:59",1234900
40900,400,100,"bu","13:27:53",1234400
40900,400,300,"bu","13:27:53",1234300
40900,400,100,"bu","13:27:53",1234000
40850,350,500,"sd","13:27:52",1233900
40900,400,100,"bu","13:27:51",1233400
40900,400,2900,"bu","13:27:51",1233300
40900,400,300,"bu","13:27:51",1230400
40900,400,400,"bu","13:27:51",1230100
40900,400,1300,"bu","13:27:51",1229700
40850,350,500,"sd","13:27:46",1228400
40850,350,5000,"sd","13:27:45",1227900
40900,400,100,"bu","13:27:43",1222900
40850,350,200,"sd","13:27:24",1222800
40900,400,2700,"bu","13:27:23",1222600
40850,350,300,"sd","13:27:10",1219900
40900,400,300,"bu","13:27:08",1219600
40900,400,400,"bu","13:27:02",1219300
40900,400,100,"bu","13:26:57",1218900
40850,350,200,"sd","13:26:48",1218800
40850,350,100,"sd","13:26:45",1218600
40900,400,100,"bu","13:26:44",1218500
40900,400,100,"bu","13:26:44",1218400
40900,400,200,"bu","13:26:44",1218300
40900,400,400,"bu","13:26:44",1218100
40900,400,1200,"bu","13:26:43",1217700
40900,400,100,"bu","13:26:32",1216500
40850,350,100,"sd","13:26:27",1216400
40900,400,1000,"bu","13:26:25",1216300
40850,350,300,"sd","13:26:22",1215300
40900,400,300,"bu","13:26:22",1215000
40900,400,300,"bu","13:26:22",1214700
40900,400,400,"bu","13:26:22",1214400
40900,400,100,"bu","13:26:22",1214000
40900,400,1000,"bu","13:26:22",1213900
40900,400,500,"bu","13:26:22",1212900
40900,400,200,"bu","13:26:22",1212400
40900,400,100,"bu","13:26:22",1212200
40900,400,100,"bu","13:26:22",1212100
40900,400,200,"bu","13:26:19",1212000
40900,400,300,"bu","13:26:19",1211800
40850,350,500,"sd","13:26:06",1211500
40850,350,1000,"bu","13:26:05",1211000
40850,350,200,"bu","13:26:05",1210000
40850,350,2000,"bu","13:26:05",1209800
40850,350,600,"bu","13:26:05",1207800
40850,350,1400,"bu","13:26:05",1207200
40850,350,100,"bu","13:26:05",1205800
40800,300,100,"sd","13:26:04",1205700
40850,350,1400,"bu","13:26:03",1205600
40850,350,200,"bu","13:25:50",1204200
40850,350,400,"bu","13:25:50",1204000
40850,350,100,"bu","13:25:50",1203600
40850,350,800,"bu","13:25:32",1203500
40800,300,900,"sd","13:25:18",1202700
40800,300,300,"sd","13:25:14",1201800
40850,350,800,"bu","13:25:12",1201500
40850,350,500,"bu","13:25:12",1200700
40850,350,2300,"bu","13:25:12",1200200
40800,300,500,"sd","13:25:10",1197900
40850,350,5000,"bu","13:25:09",1197400
40800,300,200,"sd","13:25:02",1192400
40850,350,100,"bu","13:25:01",1192200
40850,350,2000,"bu","13:25:01",1192100
40800,300,100,"sd","13:24:56",1190100
40850,350,1000,"bu","13:24:55",1190000
40800,300,300,"sd","13:24:35",1189000
40800,300,200,"sd","13:24:34",1188700
40800,300,300,"bu","13:24:34",1188500
40800,300,100,"bu","13:24:34",1188200
40800,300,300,"bu","13:24:33",1188100
40800,300,700,"bu","13:24:33",1187800
40800,300,200,"bu","13:24:33",1187100
40800,300,200,"bu","13:24:33",1186900
40800,300,300,"bu","13:24:33",1186700
40800,300,1200,"bu","13:24:33",1186400
40750,250,200,"sd","13:24:33",1185200
40800,300,800,"bu","13:24:33",1185000
40800,300,200,"bu","13:24:33",1184200
40800,300,900,"bu","13:24:33",1184000
40750,250,2500,"sd","13:24:32",1183100
40800,300,4100,"bu","13:24:31",1180600
40800,300,20900,"bu","13:24:31",1176500
40750,250,100,"sd","13:24:29",1155600
40800,300,500,"bu","13:24:22",1155500
40750,250,100,"sd","13:24:22",1155000
40800,300,1000,"bu","13:24:20",1154900
40800,300,500,"bu","13:24:17",1153900
40800,300,400,"bu","13:23:35",1153400
40800,300,100,"bu","13:23:25",1153000
40800,300,100,"bu","13:23:16",1152900
40750,250,400,"unknown","13:23:09",1152800
40700,200,1000,"sd","13:23:09",1152400
40800,300,100,"bu","13:23:08",1151400
40700,200,400,"sd","13:23:08",1151300
40700,200,100,"sd","13:23:08",1150900
40700,200,1000,"sd","13:23:08",1150800
40700,200,1400,"sd","13:23:08",1149800
40700,200,200,"sd","13:23:03",1148400
40800,300,500,"bu","13:22:59",1148200
40700,200,200,"sd","13:22:17",1147700
40700,200,200,"bu","13:22:16",1147500
40700,200,1900,"bu","13:22:16",1147300
40700,200,200,"bu","13:22:14",1145400
40650,150,100,"sd","13:22:10",1145200
40700,200,900,"bu","13:22:09",1145100
40700,200,200,"bu","13:22:08",1144200
40650,150,200,"sd","13:22:06",1144000
40650,150,200,"sd","13:21:49",1143800
40650,150,100,"sd","13:21:41",1143600
40700,200,1000,"bu","13:21:40",1143500
40700,200,100,"sd","13:21:33",1142500
40700,200,700,"sd","13:21:33",1142400
40700,200,300,"sd","13:21:15",1141700
40700,200,100,"sd","13:21:15",1141400
40700,200,400,"bu","13:20:48",1141300
40700,200,200,"bu","13:20:43",1140900
40650,150,300,"sd","13:20:34",1140700
40650,150,300,"sd","13:20:08",1140400
40650,150,200,"sd","13:20:08",1140100
40650,150,1500,"sd","13:20:08",1139900
40700,200,3500,"sd","13:20:08",1138400
40700,200,100,"sd","13:20:07",1134900
40700,200,1400,"bu","13:20:07",1134800
40650,150,100,"sd","13:20:02",1133400
40750,250,1400,"sd","13:20:01",1133300
40750,250,300,"sd","13:19:56",1131900
40750,250,3000,"bu","13:19:55",1131600
40750,250,200,"bu","13:19:55",1128600
40700,200,100,"bu","13:19:55",1128400
40650,150,300,"sd","13:19:47",1128300
40650,150,500,"sd","13:19:39",1128000
40650,150,2600,"sd","13:19:38",1127500
40650,150,1100,"sd","13:19:38",1124900
40700,200,2000,"sd","13:19:38",1123800
40650,150,100,"sd","13:19:21",1121800
40650,150,200,"sd","13:19:19",1121700
40600,100,200,"sd","13:19:13",1121500
40600,100,2000,"sd","13:19:12",1121300
40600,100,500,"sd","13:18:42",1119300
40600,100,100,"sd","13:18:41",1118800
40600,100,3000,"sd","13:18:41",1118700
40650,150,2000,"sd","13:18:41",1115700
40600,100,200,"sd","13:18:35",1113700
40600,100,600,"sd","13:18:35",1113500
40600,100,100,"sd","13:18:35",1112900
40600,100,100,"sd","13:18:35",1112800
40600,100,1200,"sd","13:18:35",1112700
40600,100,500,"sd","13:18:17",1111500
40600,100,2300,"sd","13:18:16",1111000
40600,100,200,"sd","13:18:16",1108700
40600,100,200,"sd","13:18:16",1108500
40600,100,100,"sd","13:18:16",1108300
40600,100,100,"sd","13:18:16",1108200
40600,100,1000,"sd","13:18:16",1108100
40600,100,600,"sd","13:18:16",1107100
40600,100,200,"sd","13:18:16",1106500
40600,100,300,"sd","13:18:16",1106300
40650,150,10000,"sd","13:18:15",1106000
40650,150,400,"sd","13:18:15",1096000
40650,150,5000,"sd","13:18:15",1095600
40650,150,200,"sd","13:18:15",1090600
40650,150,500,"sd","13:18:15",1090400
40650,150,1000,"sd","13:18:15",1089900
40600,100,200,"sd","13:18:15",1088900
40650,150,100,"sd","13:18:15",1088700
40650,150,400,"sd","13:18:15",1088600
40650,150,200,"sd","13:18:15",1088200
40600,100,3600,"sd","13:18:15",1088000
40650,150,300,"sd","13:18:15",1084400
40650,150,1000,"sd","13:18:15",1084100
40650,150,500,"sd","13:18:15",1083100
40700,200,500,"sd","13:18:15",1082600
40650,150,200,"sd","13:18:15",1082100
40700,200,500,"sd","13:18:15",1081900
40700,200,500,"sd","13:18:15",1081400
40700,200,2000,"sd","13:18:15",1080900
40700,200,3000,"sd","13:18:15",1078900
40700,200,5000,"sd","13:18:15",1075900
40700,200,100,"sd","13:18:15",1070900
40700,200,2100,"sd","13:18:15",1070800
40700,200,100,"sd","13:18:15",1068700
40700,200,100,"sd","13:18:15",1068600
40750,250,100,"sd","13:18:15",1068500
40700,200,2800,"sd","13:18:15",1068400
40750,250,3600,"sd","13:18:15",1065600
40700,200,1000,"sd","13:18:15",1062000
40700,200,5000,"sd","13:18:15",1061000
40750,250,200,"sd","13:18:12",1056000
40750,250,100,"sd","13:18:10",1055800
40750,250,800,"sd","13:18:10",1055700
40750,250,200,"sd","13:18:10",1054900
40750,250,800,"sd","13:18:09",1054700
40750,250,2000,"sd","13:18:09",1053900
40750,250,2000,"sd","13:18:09",1051900
40750,250,100,"sd","13:18:09",1049900
40750,250,1000,"sd","13:18:09",1049800
40750,250,4100,"sd","13:18:09",1048800
40750,250,200,"sd","13:18:04",1044700
40750,250,800,"sd","13:18:01",1044500
40750,250,300,"sd","13:17:57",1043700
40750,250,500,"sd","13:17:32",1043400
40800,300,5000,"unknown","13:17:31",1042900
40800,300,200,"sd","13:17:31",1037900
40800,300,300,"sd","13:17:29",1037700
40800,300,500,"sd","13:17:19",1037400
40800,300,100,"sd","13:17:14",1036900
40800,300,400,"sd","13:17:13",1036800
40800,300,100,"sd","13:17:13",1036400
40800,300,100,"sd","13:17:13",1036300
40800,300,600,"sd","13:17:13",1036200
40800,300,8100,"sd","13:17:12",1035600
40800,300,2000,"sd","13:17:12",1027500
40800,300,100,"sd","13:17:12",1025500
40800,300,100,"sd","13:17:12",1025400
40800,300,1700,"sd","13:17:12",1025300
40800,300,300,"sd","13:17:00",1023600
40800,300,600,"sd","13:17:00",1023300
40850,350,500,"sd","13:16:59",1022700
40850,350,2000,"sd","13:16:58",1022200
40850,350,500,"sd","13:16:58",1020200
40850,350,4000,"sd","13:16:58",1019700
40850,350,300,"sd","13:16:58",1015700
40850,350,2000,"sd","13:16:58",1015400
40850,350,200,"sd","13:16:58",1013400
40850,350,100,"sd","13:16:58",1013200
40850,350,100,"sd","13:16:54",1013100
40850,350,100,"sd","13:16:54",1013000
40850,350,2000,"sd","13:16:53",1012900
40850,350,100,"sd","13:16:50",1010900
40900,400,1000,"bu","13:16:49",1010800
40850,350,300,"sd","13:16:49",1009800
40850,350,400,"sd","13:16:46",1009500
40850,350,2100,"sd","13:16:45",1009100
40850,350,1900,"sd","13:16:45",1007000
40850,350,300,"sd","13:16:22",1005100
40850,350,3500,"sd","13:16:22",1004800
40850,350,100,"sd","13:15:46",1001300
40900,400,1000,"bu","13:15:45",1001200
40850,350,100,"sd","13:15:36",1000200
40850,350,1000,"sd","13:15:35",1000100
40850,350,200,"sd","13:15:34",999100
40850,350,100,"sd","13:14:56",998900
40900,400,1000,"bu","13:14:55",998800
40850,350,200,"sd","13:14:53",997800
40900,400,1300,"bu","13:14:51",997600
40900,400,700,"bu","13:14:51",996300
40850,350,200,"sd","13:14:47",995600
40900,400,1300,"bu","13:14:46",995400
40900,400,100,"bu","13:14:46",994100
40900,400,500,"bu","13:14:46",994000
40900,400,100,"bu","13:14:46",993500
40850,350,100,"sd","13:14:33",993400
40850,350,1000,"sd","13:14:31",993300
40850,350,200,"sd","13:14:19",992300
40850,350,200,"sd","13:14:10",992100
40850,350,100,"sd","13:13:07",991900
40900,400,200,"sd","13:13:06",991800
40900,400,1000,"sd","13:13:06",991600
40900,400,700,"sd","13:13:06",990600
40900,400,200,"sd","13:13:04",989900
40900,400,200,"sd","13:12:57",989700
40900,400,200,"sd","13:12:25",989500
40900,400,500,"sd","13:12:25",989300
40900,400,200,"bu","13:12:24",988800
40850,350,100,"sd","13:12:22",988600
40900,400,1000,"sd","13:12:21",988500
40900,400,200,"sd","13:12:21",987500
40900,400,600,"sd","13:12:21",987300
40900,400,500,"sd","13:12:15",986700
40900,400,100,"sd","13:12:04",986200
40900,400,100,"sd","13:11:57",986100
40900,400,500,"sd","13:11:56",986000
40900,400,200,"sd","13:11:55",985500
40900,400,100,"sd","13:11:55",985300
40900,400,200,"sd","13:11:55",985200
40900,400,300,"sd","13:11:54",985000
40900,400,1200,"sd","13:11:54",984700
40900,400,3500,"sd","13:11:54",983500
40900,400,300,"sd","13:11:49",980000
40900,400,500,"sd","13:11:49",979700
40900,400,500,"sd","13:11:32",979200
40900,400,5000,"sd","13:11:31",978700
40900,400,300,"sd","13:10:52",973700
40950,450,2300,"bu","13:10:50",973400
40950,450,100,"bu","13:10:50",971100
40950,450,600,"bu","13:10:50",971000
40950,450,200,"bu","13:10:33",970400
40950,450,200,"bu","13:10:01",970200
40900,400,200,"sd","13:09:52",970000
40900,400,1800,"sd","13:09:51",969800
40950,450,600,"sd","13:09:51",968000
40950,450,1000,"bu","13:09:50",967400
40950,450,500,"bu","13:09:50",966400
40950,450,1000,"bu","13:09:50",965900
40950,450,300,"bu","13:09:50",964900
40950,450,100,"bu","13:09:50",964600
40950,450,200,"bu","13:09:50",964500
40950,450,100,"bu","13:09:50",964300
40950,450,200,"bu","13:09:50",964200
40950,450,200,"bu","13:09:50",964000
40950,450,2000,"bu","13:09:49",963800
40950,450,2000,"bu","13:09:49",961800
40950,450,2000,"bu","13:09:49",959800
40950,450,500,"bu","13:09:49",957800
40950,450,1000,"bu","13:09:49",957300
40950,450,800,"bu","13:09:49",956300
40950,450,1000,"bu","13:09:49",955500
40950,450,1000,"bu","13:09:49",954500
40950,450,5000,"bu","13:09:49",953500
40950,450,500,"bu","13:09:49",948500
40900,400,5000,"sd","13:09:49",948000
40900,400,500,"sd","13:09:43",943000
40900,400,5000,"sd","13:09:42",942500
40900,400,500,"sd","13:09:33",937500
40900,400,5000,"sd","13:09:33",937000
40900,400,500,"sd","13:09:29",932000
40900,400,500,"sd","13:09:26",931500
40900,400,5000,"sd","13:09:24",931000
40900,400,200,"sd","13:09:20",926000
40900,400,500,"sd","13:09:19",925800
40900,400,100,"sd","13:09:05",925300
40900,400,1300,"sd","13:09:03",925200
40900,400,1000,"bu","13:09:02",923900
40900,400,300,"bu","13:09:02",922900
40900,400,500,"bu","13:09:02",922600
40900,400,1000,"bu","13:09:02",922100
40900,400,1000,"bu","13:09:02",921100
40900,400,500,"bu","13:09:02",920100
40900,400,300,"bu","13:09:02",919600
40900,400,5000,"bu","13:09:02",919300
40900,400,100,"bu","13:09:02",914300
40900,400,4100,"bu","13:09:02",914200
40900,400,100,"bu","13:08:18",910100
40850,350,300,"bu","13:08:11",910000
40850,350,100,"bu","13:08:11",909700
40800,300,200,"sd","13:08:10",909600
40800,300,1200,"sd","13:08:08",909400
40800,300,800,"sd","13:08:08",908200
40800,300,100,"sd","13:08:05",907400
40850,350,700,"bu","13:08:04",907300
40850,350,300,"bu","13:08:03",906600
40800,300,100,"sd","13:07:58",906300
40850,350,500,"sd","13:07:57",906200
40850,350,900,"sd","13:07:57",905700
40900,400,100,"bu","13:07:52",904800
40850,350,100,"sd","13:07:41",904700
40850,350,100,"sd","13:07:37",904600
40850,350,100,"sd","13:07:37",904500
40850,350,300,"sd","13:07:37",904400
40850,350,200,"sd","13:07:26",904100
40850,350,1500,"sd","13:07:25",903900
40850,350,500,"sd","13:07:25",902400
40850,350,200,"sd","13:07:16",901900
40850,350,500,"sd","13:07:16",901700
40850,350,200,"sd","13:06:49",901200
40850,350,300,"sd","13:06:47",901000
40850,350,100,"sd","13:06:47",900700
40850,350,100,"sd","13:06:26",900600
40850,350,200,"sd","13:05:50",900500
40850,350,2600,"sd","13:05:49",900300
40850,350,200,"sd","13:05:35",897700
40850,350,500,"sd","13:05:29",897500
40850,350,100,"sd","13:05:12",897000
40850,350,100,"sd","13:05:08",896900
40900,400,700,"sd","13:04:08",896800
40900,400,200,"sd","13:04:08",896100
40900,400,2100,"bu","13:04:06",895900
40850,350,100,"sd","13:04:04",893800
40900,400,1400,"sd","13:04:02",893700
40900,400,500,"sd","13:03:59",892300
40900,400,5000,"sd","13:03:58",891800
40900,400,200,"sd","13:03:56",886800
40900,400,200,"sd","13:03:44",886600
40900,400,800,"sd","13:03:42",886400
40900,400,200,"bu","13:03:42",885600
40900,400,1000,"bu","13:03:42",885400
40900,400,5000,"bu","13:03:42",884400
40900,400,100,"bu","13:03:42",879400
40900,400,200,"bu","13:03:42",879300
40900,400,1900,"bu","13:03:42",879100
40900,400,100,"sd","13:03:02",877200
40900,400,300,"sd","13:02:50",877100
40900,400,200,"bu","13:02:49",876800
40900,400,200,"bu","13:02:49",876600
40900,400,500,"bu","13:02:49",876400
40900,400,1000,"bu","13:02:49",875900
40900,400,1000,"bu","13:02:49",874900
40900,400,200,"bu","13:02:49",873900
40900,400,200,"bu","13:02:49",873700
40900,400,100,"bu","13:02:49",873500
40800,300,100,"sd","13:02:44",873400
40850,350,200,"sd","13:02:44",873300
40900,400,100,"bu","13:02:43",873100
40900,400,1000,"bu","13:02:43",873000
40900,400,200,"bu","13:02:43",872000
40900,400,1700,"bu","13:02:43",871800
40850,350,100,"sd","13:02:41",870100
40850,350,100,"sd","13:02:39",870000
40850,350,100,"bu","13:02:38",869900
40850,350,1000,"bu","13:02:38",869800
40850,350,500,"bu","13:02:38",868800
40850,350,200,"bu","13:02:24",868300
40850,350,300,"bu","13:02:22",868100
40850,350,200,"bu","13:02:22",867800
40850,350,100,"bu","13:02:22",867600
40850,350,500,"bu","13:01:55",867500
40800,300,200,"sd","13:01:50",867000
40800,300,500,"sd","13:01:37",866800
40800,300,200,"sd","13:01:35",866300
40800,300,500,"sd","13:01:21",866100
40800,300,500,"sd","13:01:15",865600
40800,300,300,"sd","13:00:35",865100
40800,300,200,"sd","13:00:19",864800
40800,300,2400,"sd","13:00:17",864600
40800,300,400,"sd","13:00:17",862200
40800,300,24200,"sd","13:00:16",861800
40800,300,1000,"bu","13:00:16",837600
40800,300,2000,"bu","13:00:16",836600
40800,300,1000,"bu","13:00:16",834600
40750,250,100,"sd","13:00:10",833600
40750,250,1000,"sd","13:00:08",833500
40750,250,2200,"sd","13:00:07",832500
40800,300,100,"sd","13:00:07",830300
40800,300,5000,"sd","13:00:07",830200
40800,300,2000,"sd","13:00:07",825200
40800,300,100,"sd","13:00:07",823200
40800,300,600,"sd","13:00:07",823100
40800,300,100,"sd","13:00:07",822500
40800,300,100,"sd","13:00:05",822400
40800,300,500,"sd","13:00:05",822300
40800,300,200,"sd","13:00:05",821800
40850,350,400,"bu","13:00:04",821600
40850,350,800,"bu","13:00:04",821200
40850,350,200,"bu","13:00:04",820400
40850,350,3600,"bu","13:00:04",820200
40800,300,1000,"sd","13:00:02",816600
40800,300,100,"sd","13:00:01",815600
40800,300,100,"sd","13:00:01",815500
40800,300,100,"sd","13:00:00",815400
40800,300,600,"sd","13:00:00",815300
40800,300,200,"sd","13:00:00",814700
40800,300,500,"sd","13:00:00",814500
40800,300,1000,"sd","13:00:00",814000
40850,350,100,"bu","13:00:00",813000
40800,300,200,"sd","11:29:52",812900
40800,300,2000,"sd","11:29:50",812700
40800,300,200,"sd","11:29:46",810700
40800,300,600,"bu","11:29:45",810500
40800,300,200,"bu","11:29:45",809900
40800,300,1700,"bu","11:29:45",809700
40750,250,200,"sd","11:29:38",808000
40750,250,500,"sd","11:29:23",807800
40800,300,5000,"bu","11:29:21",807300
40800,300,500,"bu","11:28:51",802300
40750,250,100,"sd","11:28:40",801800
40750,250,100,"sd","11:28:40",801700
40800,300,2000,"sd","11:28:39",801600
40800,300,800,"sd","11:28:39",799600
40800,300,200,"sd","11:28:32",798800
40800,300,200,"sd","11:28:32",798600
40850,350,100,"bu","11:28:28",798400
40800,300,100,"sd","11:28:05",798300
40800,300,100,"sd","11:28:05",798200
40800,300,100,"sd","11:27:41",798100
40800,300,400,"sd","11:27:41",798000
40800,300,200,"sd","11:27:15",797600
40800,300,100,"sd","11:27:10",797400
40800,300,1400,"sd","11:27:08",797300
40800,300,200,"sd","11:26:50",795900
40800,300,500,"sd","11:26:41",795700
40800,300,200,"sd","11:26:40",795200
40800,300,100,"sd","11:26:40",795000
40800,300,2200,"sd","11:26:40",794900
40800,300,2500,"sd","11:26:40",792700
40800,300,100,"sd","11:26:07",790200
40800,300,1000,"sd","11:26:06",790100
40800,300,500,"sd","11:25:45",789100
40800,300,5000,"sd","11:25:44",788600
40800,300,300,"sd","11:25:35",783600
40800,300,500,"sd","11:25:05",783300
40800,300,100,"sd","11:24:58",782800
40850,350,1000,"bu","11:24:57",782700
40800,300,100,"sd","11:24:43",781700
40800,300,900,"sd","11:24:41",781600
40800,300,100,"sd","11:24:41",780700
40800,300,100,"sd","11:24:21",780600
40800,300,100,"sd","11:24:21",780500
40800,300,200,"sd","11:24:05",780400
40800,300,100,"sd","11:23:49",780200
40800,300,500,"sd","11:23:48",780100
40800,300,500,"sd","11:23:48",779600
40800,300,500,"sd","11:23:48",779100
40850,350,100,"bu","11:23:19",778600
40800,300,300,"sd","11:23:15",778500
40800,300,200,"sd","11:23:06",778200
40800,300,100,"sd","11:23:05",778000
40850,350,100,"sd","11:22:48",777900
40850,350,200,"sd","11:22:00",777800
40850,350,1000,"sd","11:21:59",777600
40850,350,1000,"sd","11:21:59",776600
40850,350,300,"sd","11:21:51",775600
40850,350,400,"sd","11:20:47",775300
40850,350,100,"sd","11:20:47",774900
40850,350,200,"sd","11:20:36",774800
40850,350,100,"sd","11:20:36",774600
40850,350,100,"sd","11:19:20",774500
40850,350,200,"sd","11:19:20",774400
40850,350,200,"sd","11:18:28",774200
40900,400,1000,"bu","11:18:27",774000
40900,400,200,"bu","11:18:27",773000
40900,400,300,"bu","11:18:27",772800
40900,400,500,"bu","11:18:27",772500
40850,350,100,"sd","11:18:17",772000
40850,350,400,"sd","11:18:17",771900
40850,350,200,"sd","11:18:06",771500
40850,350,300,"sd","11:18:02",771300
40850,350,100,"sd","11:18:00",771000
40850,350,300,"sd","11:18:00",770900
40850,350,100,"sd","11:18:00",770600
40900,400,4500,"bu","11:17:58",770500
40900,400,500,"bu","11:17:58",766000
40850,350,200,"sd","11:16:54",765500
40900,400,500,"bu","11:16:53",765300
40900,400,200,"bu","11:16:53",764800
40900,400,1000,"bu","11:16:53",764600
40900,400,300,"bu","11:16:53",763600
40850,350,300,"sd","11:16:51",763300
40850,350,100,"sd","11:16:38",763000
40850,350,1300,"bu","11:16:36",762900
40800,300,100,"sd","11:16:30",761600
40850,350,1000,"bu","11:16:29",761500
40800,300,200,"sd","11:15:48",760500
40850,350,500,"sd","11:15:47",760300
40850,350,100,"sd","11:15:47",759800
40850,350,100,"sd","11:15:47",759700
40850,350,100,"sd","11:15:47",759600
40850,350,1900,"sd","11:15:47",759500
40850,350,400,"sd","11:15:40",757600
40850,350,200,"sd","11:15:36",757200
40850,350,200,"sd","11:15:16",757000
40850,350,2000,"sd","11:15:15",756800
40850,350,100,"sd","11:14:41",754800
40900,400,700,"bu","11:14:39",754700
40900,400,200,"bu","11:14:39",754000
40900,400,100,"bu","11:14:39",753800
40850,350,300,"sd","11:14:36",753700
40850,350,100,"sd","11:14:30",753400
40850,350,200,"sd","11:14:21",753300
40850,350,100,"sd","11:13:58",753100
40850,350,500,"sd","11:13:12",753000
40900,400,100,"bu","11:13:11",752500
40900,400,200,"bu","11:13:11",752400
40900,400,3000,"bu","11:13:11",752200
40900,400,300,"bu","11:13:11",749200
40900,400,100,"bu","11:13:11",748900
40900,400,100,"bu","11:13:11",748800
40900,400,1200,"bu","11:13:11",748700
40850,350,100,"sd","11:13:07",747500
40850,350,1000,"sd","11:13:06",747400
40900,400,500,"bu","11:12:21",746400
40900,400,200,"bu","11:12:14",745900
40850,350,200,"sd","11:11:51",745700
40850,350,800,"sd","11:11:18",745500
40900,400,100,"bu","11:11:08",744700
40900,400,100,"bu","11:10:58",744600
40850,350,200,"sd","11:10:53",744500
40850,350,2000,"sd","11:10:52",744300
40850,350,19700,"sd","11:10:50",742300
40850,350,300,"sd","11:10:50",722600
40850,350,300,"sd","11:10:37",722300
40850,350,200,"sd","11:10:34",722000
40850,350,200,"bu","11:10:33",721800
40850,350,1000,"bu","11:10:33",721600
40850,350,1000,"bu","11:10:32",720600
40850,350,100,"bu","11:09:26",719600
40750,250,100,"sd","11:09:23",719500
40800,300,100,"bu","11:09:22",719400
40800,300,200,"bu","11:09:22",719300
40800,300,200,"bu","11:09:22",719100
40800,300,500,"bu","11:09:22",718900
40750,250,100,"sd","11:09:22",718400
40750,250,100,"sd","11:09:22",718300
40750,250,100,"sd","11:09:22",718200
40750,250,400,"sd","11:09:14",718100
40800,300,500,"bu","11:09:13",717700
40800,300,4400,"bu","11:09:13",717200
40800,300,100,"bu","11:08:43",712800
40750,250,100,"sd","11:08:33",712700
40800,300,500,"bu","11:08:32",712600
40800,300,500,"bu","11:08:32",712100
40800,300,800,"bu","11:08:29",711600
40800,300,100,"bu","11:08:25",710800
40700,200,100,"sd","11:08:21",710700
40800,300,100,"bu","11:08:20",710600
40700,200,200,"sd","11:08:06",710500
40700,200,300,"sd","11:07:14",710300
40700,200,1000,"bu","11:07:13",710000
40700,200,300,"bu","11:07:13",709000
40700,200,100,"bu","11:07:13",708700
40700,200,200,"bu","11:07:13",708600
40700,200,100,"bu","11:07:13",708400
40700,200,500,"bu","11:07:13",708300
40700,200,1500,"bu","11:07:13",707800
40650,150,100,"sd","11:07:07",706300
40650,150,100,"sd","11:07:06",706200
40650,150,100,"sd","11:07:06",706100
40650,150,1200,"sd","11:07:06",706000
40700,200,500,"bu","11:07:06",704800
40650,150,300,"sd","11:06:52",704300
40650,150,100,"sd","11:06:40",704000
40700,200,1800,"bu","11:06:39",703900
40650,150,200,"sd","11:06:36",702100
40650,150,2000,"sd","11:06:35",701900
40650,150,200,"sd","11:06:34",699900
40650,150,100,"sd","11:06:28",699700
40700,200,700,"bu","11:06:27",699600
40700,200,300,"bu","11:06:27",698900
40700,200,100,"bu","11:06:20",698600
40650,150,300,"sd","11:06:17",698500
40650,150,400,"sd","11:06:03",698200
40650,150,100,"sd","11:06:03",697800
40650,150,500,"sd","11:06:02",697700
40650,150,100,"sd","11:06:02",697200
40650,150,200,"sd","11:06:02",697100
40650,150,4200,"sd","11:06:02",696900
40650,150,500,"sd","11:05:51",692700
40650,150,200,"sd","11:05:37",692200
40650,150,100,"sd","11:05:32",692000
40650,150,1000,"sd","11:05:31",691900
40650,150,10000,"sd","11:05:31",690900
40650,150,200,"sd","11:05:20",680900
40650,150,2000,"sd","11:05:20",680700
40650,150,300,"sd","11:05:17",678700
40650,150,3000,"sd","11:05:15",678400
40650,150,200,"sd","11:05:10",675400
40700,200,2000,"bu","11:05:09",675200
40700,200,300,"bu","11:05:08",673200
40650,150,100,"sd","11:04:40",672900
40650,150,1500,"sd","11:04:39",672800
40650,150,100,"sd","11:04:39",671300
40650,150,300,"sd","11:04:25",671200
40650,150,200,"sd","11:04:25",670900
40650,150,300,"sd","11:04:22",670700
40650,150,400,"sd","11:04:15",670400
40650,150,4800,"sd","11:04:14",670000
40650,150,600,"bu","11:04:13",665200
40600,100,100,"sd","11:04:12",664600
40650,150,1400,"sd","11:04:10",664500
40650,150,100,"sd","11:03:50",663100
40650,150,100,"sd","11:03:39",663000
40650,150,100,"sd","11:03:37",662900
40650,150,100,"sd","11:03:36",662800
40650,150,500,"bu","11:03:35",662700
40650,150,700,"bu","11:03:35",662200
40600,100,200,"sd","11:03:32",661500
40650,150,200,"bu","11:03:31",661300
40650,150,1800,"bu","11:03:31",661100
40600,100,100,"sd","11:03:21",659300
40600,100,100,"sd","11:03:21",659200
40600,100,100,"sd","11:03:20",659100
40600,100,200,"sd","11:03:20",659000
40600,100,200,"sd","11:03:20",658800
40600,100,200,"sd","11:03:20",658600
40600,100,1000,"sd","11:03:20",658400
40600,100,100,"sd","11:03:20",657400
40600,100,200,"sd","11:03:20",657300
40600,100,100,"sd","11:03:09",657100
40600,100,100,"sd","11:03:09",657000
40600,100,100,"sd","11:03:09",656900
40650,150,200,"sd","11:03:07",656800
40650,150,100,"sd","11:03:07",656600
40650,150,100,"sd","11:03:07",656500
40650,150,1000,"sd","11:03:07",656400
40650,150,200,"sd","11:03:07",655400
40650,150,1000,"sd","11:03:07",655200
40650,150,100,"sd","11:03:07",654200
40650,150,100,"sd","11:03:07",654100
40650,150,400,"sd","11:03:07",654000
40650,150,300,"sd","11:03:05",653600
40650,150,3000,"sd","11:03:04",653300
40650,150,500,"sd","11:02:42",650300
40650,150,800,"sd","11:02:41",649800
40650,150,3800,"sd","11:02:41",649000
40650,150,300,"sd","11:02:41",645200
40650,150,100,"sd","11:02:41",644900
40650,150,400,"sd","11:01:37",644800
40650,150,100,"sd","11:01:36",644400
40650,150,100,"sd","11:01:34",644300
40700,200,1000,"bu","11:01:33",644200
40650,150,100,"sd","11:01:26",643200
40700,200,1000,"bu","11:01:25",643100
40650,150,500,"sd","11:01:21",642100
40650,150,5000,"sd","11:01:20",641600
40700,200,100,"bu","11:01:12",636600
40650,150,100,"sd","11:00:48",636500
40650,150,1200,"sd","11:00:47",636400
40650,150,1000,"sd","11:00:45",635200
40650,150,11000,"sd","11:00:45",634200
40700,200,200,"bu","10:59:48",623200
40650,150,200,"sd","10:59:32",623000
40700,200,200,"bu","10:59:22",622800
40650,150,100,"sd","10:59:18",622600
40700,200,1000,"bu","10:59:17",622500
40650,150,100,"sd","10:59:12",621500
40700,200,1000,"bu","10:59:10",621400
40650,150,500,"sd","10:58:33",620400
40650,150,600,"sd","10:58:31",619900
40650,150,6800,"sd","10:58:29",619300
40700,200,300,"bu","10:58:26",612500
40700,200,300,"sd","10:58:08",612200
40750,250,200,"bu","10:57:22",611900
40650,150,100,"sd","10:56:43",611700
40700,200,1700,"bu","10:56:43",611600
40650,150,600,"bu","10:56:37",609900
40650,150,200,"bu","10:56:36",609300
40650,150,300,"bu","10:56:36",609100
40600,100,300,"sd","10:56:34",608800
40650,150,500,"sd","10:56:32",608500
40650,150,2000,"sd","10:56:32",608000
40650,150,200,"sd","10:56:32",606000
40650,150,1200,"sd","10:56:32",605800
40650,150,100,"sd","10:56:25",604600
40650,150,1700,"bu","10:56:23",604500
40600,100,500,"sd","10:56:12",602800
40600,100,100,"sd","10:56:10",602300
40600,100,100,"sd","10:56:10",602200
40650,150,100,"bu","10:56:04",602100
40600,100,300,"sd","10:55:54",602000
40650,150,3900,"bu","10:55:53",601700
40600,100,100,"sd","10:55:51",597800
40650,150,100,"sd","10:55:50",597700
40650,150,400,"sd","10:55:50",597600
40650,150,100,"sd","10:55:50",597200
40650,150,700,"sd","10:55:50",597100
40650,150,300,"sd","10:55:48",596400
40650,150,400,"sd","10:55:48",596100
40650,150,100,"sd","10:55:47",595700
40650,150,500,"sd","10:55:47",595600
40650,150,500,"sd","10:55:47",595100
40650,150,500,"sd","10:55:47",594600
40650,150,200,"sd","10:55:47",594100
40650,150,500,"sd","10:55:47",593900
40650,150,200,"sd","10:55:47",593400
40650,150,100,"sd","10:55:47",593200
40650,150,4400,"sd","10:55:47",593100
40650,150,100,"sd","10:55:33",588700
40650,150,500,"sd","10:55:32",588600
40650,150,100,"sd","10:55:32",588100
40650,150,1100,"sd","10:55:31",588000
40700,200,300,"sd","10:55:31",586900
40700,200,1000,"sd","10:55:31",586600
40700,200,300,"sd","10:55:31",585600
40700,200,200,"sd","10:55:31",585300
40700,200,100,"sd","10:55:31",585100
40700,200,500,"sd","10:55:31",585000
40700,200,200,"sd","10:55:31",584500
40700,200,4000,"sd","10:55:31",584300
40700,200,100,"sd","10:55:31",580300
40700,200,1000,"sd","10:55:31",580200
40700,200,300,"sd","10:55:31",579200
40700,200,300,"sd","10:55:31",578900
40700,200,1000,"sd","10:55:31",578600
40700,200,5000,"sd","10:55:31",577600
40700,200,500,"sd","10:55:31",572600
40700,200,1000,"sd","10:55:31",572100
40700,200,100,"sd","10:55:31",571100
40700,200,200,"sd","10:55:31",571000
40700,200,1200,"sd","10:55:31",570800
40700,200,300,"sd","10:55:02",569600
40750,250,300,"sd","10:55:01",569300
40750,250,1000,"sd","10:55:01",569000
40750,250,500,"sd","10:55:01",568000
40750,250,300,"sd","10:55:01",567500
40750,250,500,"sd","10:55:01",567200
40750,250,100,"sd","10:55:01",566700
40750,250,300,"sd","10:55:01",566600
40800,300,100,"bu","10:54:35",566300
40800,300,100,"bu","10:54:27",566200
40750,250,500,"sd","10:54:04",566100
40750,250,100,"sd","10:53:49",565600
40750,250,1000,"sd","10:53:48",565500
40750,250,100,"sd","10:53:31",564500
40800,300,100,"sd","10:53:31",564400
40800,300,600,"sd","10:53:30",564300
40800,300,100,"sd","10:53:30",563700
40800,300,1300,"sd","10:53:30",563600
40800,300,200,"sd","10:53:24",562300
40800,300,2000,"sd","10:53:22",562100
40800,300,500,"sd","10:53:18",560100
40800,300,200,"sd","10:53:07",559600
40800,300,2000,"sd","10:53:07",559400
40800,300,200,"sd","10:52:53",557400
40800,300,100,"sd","10:52:48",557200
40800,300,100,"sd","10:52:47",557100
40800,300,500,"sd","10:52:47",557000
40800,300,900,"sd","10:52:47",556500
40800,300,100,"sd","10:51:37",555600
40800,300,1000,"sd","10:51:36",555500
40800,300,500,"sd","10:51:23",554500
40800,300,100,"sd","10:51:03",554000
40800,300,500,"sd","10:51:02",553900
40800,300,100,"sd","10:51:02",553400
40800,300,900,"sd","10:51:02",553300
40800,300,100,"sd","10:50:48",552400
40800,300,200,"sd","10:50:38",552300
40800,300,500,"sd","10:50:36",552100
40800,300,100,"sd","10:50:20",551600
40800,300,1000,"sd","10:50:19",551500
40800,300,500,"sd","10:50:05",550500
40800,300,300,"sd","10:49:59",550000
40850,350,200,"sd","10:49:57",549700
40850,350,100,"sd","10:49:57",549500
40850,350,3000,"sd","10:49:57",549400
40850,350,300,"sd","10:49:57",546400
40900,400,100,"bu","10:47:16",546100
40850,350,200,"sd","10:47:13",546000
40850,350,500,"sd","10:46:43",545800
40850,350,100,"sd","10:45:24",545300
40900,400,1000,"bu","10:45:23",545200
40850,350,100,"sd","10:45:21",544200
40850,350,100,"sd","10:45:21",544100
40850,350,1000,"sd","10:45:20",544000
40850,350,500,"sd","10:44:42",543000
40850,350,200,"sd","10:44:31",542500
40850,350,2000,"bu","10:44:30",542300
40850,350,100,"sd","10:43:39",540300
40850,350,100,"sd","10:43:15",540200
40850,350,300,"sd","10:43:15",540100
40850,350,100,"sd","10:43:08",539800
40900,400,1000,"bu","10:43:07",539700
40850,350,100,"sd","10:41:44",538700
40900,400,100,"bu","10:41:11",538600
40900,400,100,"bu","10:41:11",538500
40900,400,100,"bu","10:40:02",538400
40800,300,100,"sd","10:40:01",538300
40850,350,100,"sd","10:40:01",538200
40850,350,2300,"sd","10:40:00",538100
40900,400,100,"bu","10:39:59",535800
40850,350,100,"sd","10:39:54",535700
40900,400,200,"bu","10:39:53",535600
40900,400,500,"bu","10:39:53",535400
40900,400,300,"bu","10:39:53",534900
40900,400,100,"bu","10:39:33",534600
40850,350,100,"sd","10:39:15",534500
40850,350,1000,"sd","10:39:13",534400
40900,400,100,"bu","10:39:11",533400
40850,350,500,"sd","10:38:54",533300
40850,350,5000,"bu","10:38:52",532800
40850,350,900,"bu","10:38:52",527800
40850,350,100,"bu","10:38:51",526900
40800,300,100,"sd","10:38:15",526800
40800,300,1600,"bu","10:38:15",526700
40750,250,500,"sd","10:38:14",525100
40800,300,5000,"bu","10:38:13",524600
40800,300,200,"bu","10:37:43",519600
40750,250,400,"sd","10:37:41",519400
40800,300,4000,"bu","10:37:41",519000
40800,300,100,"bu","10:37:16",515000
40750,250,900,"sd","10:36:57",514900
40800,300,100,"sd","10:36:57",514000
40800,300,7500,"sd","10:36:57",513900
40800,300,1500,"sd","10:36:57",506400
40800,300,100,"sd","10:36:48",504900
40800,300,400,"sd","10:35:48",504800
40800,300,4200,"sd","10:35:48",504400
40900,400,100,"bu","10:35:40",500200
40800,300,200,"sd","10:35:02",500100
40800,300,100,"sd","10:34:50",499900
40900,400,200,"sd","10:34:48",499800
40900,400,100,"sd","10:34:48",499600
40900,400,700,"sd","10:34:48",499500
40900,400,200,"sd","10:34:46",498800
40900,400,100,"sd","10:34:46",498600
40900,400,500,"sd","10:34:46",498500
40900,400,300,"sd","10:34:46",498000
40900,400,3000,"sd","10:34:45",497700
40900,400,500,"sd","10:34:38",494700
40900,400,5000,"sd","10:34:38",494200
40900,400,400,"sd","10:34:36",489200
40900,400,100,"sd","10:34:11",488800
40900,400,1000,"sd","10:34:09",488700
40900,400,300,"sd","10:34:05",487700
40900,400,3000,"sd","10:34:04",487400
40900,400,200,"sd","10:34:02",484400
40900,400,100,"sd","10:33:54",484200
40900,400,1700,"sd","10:33:54",484100
40900,400,100,"sd","10:33:33",482400
40900,400,1000,"sd","10:33:32",482300
40900,400,200,"sd","10:33:31",481300
40900,400,300,"sd","10:33:05",481100
40900,400,3000,"sd","10:33:03",480800
40900,400,200,"sd","10:32:58",477800
40900,400,2100,"sd","10:32:56",477600
40950,450,200,"bu","10:32:37",475500
40950,450,200,"bu","10:32:06",475300
40950,450,100,"bu","10:31:45",475100
40950,450,300,"bu","10:31:45",475000
40950,450,100,"bu","10:31:37",474700
40950,450,600,"sd","10:31:23",474600
40950,450,200,"sd","10:31:23",474000
40950,450,1500,"sd","10:31:21",473800
40950,450,500,"sd","10:31:21",472300
40950,450,200,"sd","10:31:06",471800
40950,450,300,"sd","10:31:06",471600
40950,450,3000,"sd","10:31:05",471300
40950,450,500,"sd","10:31:03",468300
40900,400,100,"sd","10:30:55",467800
40950,450,1000,"sd","10:30:53",467700
40950,450,100,"sd","10:30:37",466700
41000,500,700,"bu","10:30:36",466600
41000,500,200,"bu","10:30:36",465900
41000,500,100,"bu","10:30:36",465700
41000,500,200,"bu","10:30:32",465600
41000,500,300,"bu","10:30:32",465400
41000,500,200,"bu","10:30:15",465100
41000,500,100,"bu","10:30:03",464900
40950,450,300,"sd","10:30:00",464800
40950,450,300,"bu","10:29:59",464500
40950,450,400,"bu","10:29:59",464200
40950,450,100,"bu","10:29:59",463800
40950,450,200,"bu","10:29:59",463700
40950,450,2600,"bu","10:29:59",463500
40950,450,400,"sd","10:28:34",460900
40950,450,200,"bu","10:28:24",460500
40950,450,700,"sd","10:28:21",460300
40950,450,100,"sd","10:28:21",459600
40950,450,500,"sd","10:28:18",459500
40950,450,300,"sd","10:28:06",459000
40950,450,300,"sd","10:27:47",458700
40950,450,300,"bu","10:27:46",458400
40950,450,2000,"bu","10:27:46",458100
40950,450,300,"bu","10:27:46",456100
40950,450,1000,"bu","10:27:46",455800
40950,450,100,"bu","10:27:46",454800
40950,450,400,"bu","10:27:39",454700
40900,400,300,"sd","10:27:33",454300
40950,450,100,"bu","10:27:32",454000
40950,450,100,"bu","10:27:32",453900
40950,450,100,"bu","10:27:32",453800
40950,450,1000,"bu","10:27:32",453700
40950,450,300,"bu","10:27:32",452700
40950,450,200,"bu","10:27:32",452400
40950,450,1000,"bu","10:27:32",452200
40950,450,200,"bu","10:27:32",451200
40950,450,100,"bu","10:27:25",451000
40950,450,100,"bu","10:27:17",450900
40900,400,500,"sd","10:27:17",450800
40900,400,5000,"sd","10:27:15",450300
40900,400,200,"sd","10:27:09",445300
40900,400,800,"sd","10:27:08",445100
40900,400,1200,"sd","10:27:08",444300
40900,400,100,"sd","10:26:47",443100
40900,400,300,"bu","10:26:45",443000
40900,400,500,"bu","10:26:45",442700
40900,400,400,"bu","10:26:45",442200
40900,400,100,"bu","10:26:09",441800
40900,400,100,"bu","10:26:07",441700
40900,400,100,"bu","10:25:58",441600
40850,350,300,"bu","10:25:50",441500
40850,350,400,"bu","10:25:50",441200
40800,300,200,"sd","10:25:44",440800
40850,350,1600,"bu","10:25:43",440600
40850,350,100,"bu","10:25:43",439000
40850,350,300,"bu","10:25:43",438900
40800,300,100,"sd","10:25:32",438600
40800,300,400,"sd","10:25:32",438500
40850,350,100,"bu","10:25:09",438100
40800,300,100,"sd","10:25:08",438000
40800,300,1000,"bu","10:25:06",437900
40800,300,500,"bu","10:25:06",436900
40750,250,100,"sd","10:25:05",436400
40800,300,1000,"bu","10:25:04",436300
40750,250,100,"sd","10:25:02",435300
40800,300,1000,"bu","10:25:01",435200
40750,250,100,"sd","10:24:58",434200
40800,300,1000,"bu","10:24:57",434100
40750,250,100,"sd","10:24:55",433100
40800,300,1000,"bu","10:24:54",433000
40800,300,300,"bu","10:24:43",432000
40800,300,200,"sd","10:24:41",431700
40800,300,300,"bu","10:24:29",431500
40800,300,100,"bu","10:24:05",431200
40800,300,100,"bu","10:24:05",431100
40750,250,200,"sd","10:23:49",431000
40750,250,300,"sd","10:23:49",430800
40800,300,5000,"bu","10:23:48",430500
40750,250,100,"sd","10:23:19",425500
40750,250,100,"sd","10:22:41",425400
40750,250,500,"sd","10:22:40",425300
40750,250,200,"sd","10:22:40",424800
40750,250,800,"sd","10:22:40",424600
40750,250,100,"sd","10:22:30",423800
40750,250,100,"bu","10:22:29",423700
40750,250,500,"sd","10:22:29",423600
40750,250,100,"sd","10:22:29",423100
40750,250,300,"sd","10:22:29",423000
40750,250,100,"sd","10:22:10",422700
40750,250,800,"bu","10:22:10",422600
40750,250,300,"bu","10:22:10",421800
40700,200,500,"sd","10:21:59",421500
40750,250,2700,"bu","10:21:58",421000
40750,250,1000,"bu","10:21:58",418300
40750,250,1300,"bu","10:21:58",417300
40700,200,100,"sd","10:21:21",416000
40700,200,100,"sd","10:21:21",415900
40700,200,2000,"sd","10:21:20",415800
40750,250,100,"bu","10:21:11",413800
40750,250,400,"bu","10:21:03",413700
40700,200,300,"sd","10:20:54",413300
40700,200,100,"sd","10:20:27",413000
40750,250,1000,"bu","10:20:27",412900
40750,250,100,"bu","10:19:28",411900
40750,250,200,"bu","10:19:20",411800
40700,200,300,"sd","10:18:46",411600
40750,250,100,"bu","10:18:40",411300
40750,250,100,"bu","10:18:37",411200
40700,200,100,"sd","10:18:21",411100
40700,200,200,"sd","10:18:12",411000
40750,250,2000,"bu","10:18:11",410800
40700,200,300,"sd","10:17:42",408800
40750,250,3800,"bu","10:17:40",408500
40700,200,500,"sd","10:17:39",404700
40750,250,300,"bu","10:17:28",404200
40750,250,500,"bu","10:17:26",403900
40700,200,100,"sd","10:17:23",403400
40700,200,1000,"bu","10:17:22",403300
40750,250,100,"bu","10:17:00",402300
40650,150,100,"sd","10:16:48",402200
40700,200,1000,"bu","10:16:47",402100
40650,150,400,"sd","10:16:38",401100
40650,150,100,"sd","10:16:18",400700
40650,150,1000,"sd","10:16:17",400600
40750,250,300,"bu","10:16:05",399600
40750,250,100,"bu","10:15:44",399300
40700,200,100,"bu","10:15:37",399200
40650,150,300,"sd","10:15:35",399100
40650,150,200,"sd","10:15:35",398800
40700,200,100,"bu","10:15:33",398600
40650,150,700,"bu","10:15:16",398500
40600,100,200,"sd","10:14:52",397800
40600,100,100,"sd","10:14:43",397600
40650,150,1000,"bu","10:14:43",397500
40600,100,300,"sd","10:14:42",396500
40650,150,100,"sd","10:14:41",396200
40650,150,200,"sd","10:14:41",396100
40650,150,100,"sd","10:14:41",395900
40650,150,100,"sd","10:14:41",395800
40650,150,100,"sd","10:14:41",395700
40650,150,1500,"sd","10:14:41",395600
40650,150,500,"sd","10:14:41",394100
40650,150,100,"sd","10:14:41",393600
40650,150,600,"sd","10:14:41",393500
40700,200,500,"bu","10:14:29",392900
40650,150,300,"sd","10:14:28",392400
40700,200,1000,"sd","10:14:27",392100
40700,200,1800,"sd","10:14:27",391100
40700,200,100,"sd","10:14:27",389300
40700,200,400,"sd","10:14:27",389200
40700,200,100,"sd","10:14:26",388800
40700,200,500,"sd","10:14:26",388700
40700,200,100,"sd","10:13:57",388200
40700,200,500,"sd","10:13:56",388100
40700,200,100,"sd","10:13:56",387600
40700,200,400,"sd","10:13:56",387500
40700,200,100,"sd","10:13:55",387100
40700,200,9900,"sd","10:13:55",387000
40700,200,100,"sd","10:13:41",377100
40750,250,1000,"sd","10:13:40",377000
40750,250,600,"sd","10:13:40",376000
40750,250,100,"sd","10:13:36",375400
40750,250,1000,"sd","10:13:34",375300
40750,250,1300,"sd","10:13:34",374300
40750,250,1000,"sd","10:13:34",373000
40750,250,300,"sd","10:13:34",372000
40750,250,200,"sd","10:13:34",371700
40750,250,500,"sd","10:13:34",371500
40750,250,200,"sd","10:13:34",371000
40750,250,6500,"sd","10:13:34",370800
40750,250,300,"sd","10:13:26",364300
40750,250,3000,"sd","10:13:26",364000
40800,300,100,"bu","10:13:19",361000
40750,250,200,"sd","10:13:01",360900
40750,250,100,"sd","10:12:42",360700
40800,300,200,"bu","10:12:41",360600
40800,300,500,"bu","10:12:41",360400
40800,300,200,"bu","10:12:41",359900
40800,300,100,"bu","10:12:41",359700
40800,300,100,"bu","10:12:29",359600
40800,300,100,"sd","10:11:25",359500
40800,300,700,"sd","10:11:25",359400
40800,300,100,"bu","10:10:43",358700
40800,300,200,"bu","10:10:43",358600
40800,300,200,"sd","10:10:30",358400
40800,300,100,"bu","10:09:18",358200
40750,250,100,"sd","10:09:02",358100
40750,250,400,"sd","10:09:01",358000
40800,300,600,"sd","10:09:01",357600
40800,300,1100,"sd","10:09:00",357000
40800,300,100,"sd","10:09:00",355900
40800,300,1000,"sd","10:09:00",355800
40800,300,500,"sd","10:09:00",354800
40800,300,500,"sd","10:09:00",354300
40800,300,100,"sd","10:09:00",353800
40800,300,200,"sd","10:09:00",353700
40800,300,5000,"sd","10:09:00",353500
40800,300,500,"sd","10:09:00",348500
40800,300,900,"sd","10:09:00",348000
40800,300,100,"sd","10:09:00",347100
40800,300,200,"sd","10:08:35",347000
40800,300,300,"sd","10:08:34",346800
40800,300,1700,"sd","10:08:34",346500
40800,300,200,"sd","10:08:26",344800
40850,350,700,"bu","10:07:59",344600
40800,300,200,"sd","10:07:51",343900
40850,350,300,"bu","10:07:50",343700
40850,350,800,"bu","10:07:50",343400
40850,350,900,"bu","10:07:50",342600
40800,300,200,"sd","10:07:42",341700
40800,300,200,"sd","10:07:27",341500
40800,300,200,"sd","10:07:10",341300
40800,300,1300,"sd","10:07:08",341100
40800,300,700,"sd","10:07:08",339800
40800,300,500,"sd","10:07:05",339100
40800,300,3800,"sd","10:07:04",338600
40800,300,1200,"sd","10:07:04",334800
40800,300,400,"sd","10:06:52",333600
40850,350,200,"sd","10:06:51",333200
40850,350,1400,"sd","10:06:51",333000
40850,350,100,"sd","10:06:51",331600
40850,350,1000,"sd","10:06:51",331500
40850,350,1000,"sd","10:06:51",330500
40850,350,500,"sd","10:06:51",329500
40850,350,100,"sd","10:06:51",329000
40900,400,100,"sd","10:06:30",328900
40900,400,700,"sd","10:06:21",328800
40950,450,100,"bu","10:05:50",328100
40900,400,100,"sd","10:05:50",328000
40950,450,1500,"bu","10:05:49",327900
40950,450,100,"sd","10:05:46",326400
40950,450,100,"sd","10:05:43",326300
40950,450,1000,"sd","10:05:42",326200
40950,450,1300,"sd","10:05:41",325200
40950,450,8800,"sd","10:05:41",323900
40950,450,500,"sd","10:05:41",315100
40950,450,100,"sd","10:05:15",314600
41000,500,400,"bu","10:05:13",314500
41000,500,100,"bu","10:05:13",314100
41000,500,100,"bu","10:05:13",314000
