"price","change","match_qtty","side","time","total_vol"
15150,650,77700,"unknown","14:45:01",3766000
15150,650,100,"bu","14:29:52",3688300
15150,650,1000,"bu","14:29:52",3688200
15100,600,1000,"sd","14:29:46",3687200
15150,650,1000,"bu","14:29:38",3686200
15150,650,200,"sd","14:29:27",3685200
15150,650,500,"sd","14:29:27",3685000
15150,650,500,"sd","14:29:24",3684500
15150,650,2000,"sd","14:29:23",3684000
15200,700,1400,"bu","14:29:22",3682000
15200,700,300,"bu","14:29:22",3680600
15150,650,400,"sd","14:29:21",3680300
15150,650,3500,"sd","14:29:21",3679900
15150,650,100,"sd","14:29:21",3676400
15150,650,1000,"sd","14:29:21",3676300
15150,650,400,"sd","14:29:19",3675300
15150,650,100,"sd","14:29:19",3674900
15150,650,6000,"sd","14:29:19",3674800
15150,650,3900,"sd","14:29:15",3668800
15150,650,100,"sd","14:29:15",3664900
15150,650,200,"sd","14:29:15",3664800
15150,650,800,"sd","14:29:15",3664600
15150,650,1000,"sd","14:29:13",3663800
15200,700,3000,"bu","14:29:12",3662800
15150,650,100,"sd","14:29:11",3659800
15150,650,4700,"sd","14:29:10",3659700
15150,650,500,"sd","14:29:09",3655000
15200,700,3000,"bu","14:29:08",3654500
15150,650,500,"sd","14:29:04",3651500
15200,700,2000,"bu","14:29:03",3651000
15200,700,700,"bu","14:28:57",3649000
15150,650,500,"sd","14:28:54",3648300
15150,650,1000,"sd","14:28:52",3647800
15150,650,100,"sd","14:28:48",3646800
15150,650,800,"sd","14:28:43",3646700
15150,650,200,"sd","14:28:43",3645900
15150,650,2000,"sd","14:28:40",3645700
15150,650,1200,"sd","14:28:40",3643700
15150,650,100,"sd","14:28:40",3642500
15150,650,500,"sd","14:28:40",3642400
15150,650,500,"sd","14:28:40",3641900
15150,650,11000,"sd","14:28:40",3641400
15150,650,3000,"sd","14:28:40",3630400
15150,650,200,"sd","14:28:40",3627400
15150,650,10500,"sd","14:28:40",3627200
15150,650,5000,"sd","14:28:40",3616700
15150,650,300,"sd","14:28:40",3611700
15150,650,400,"sd","14:28:40",3611400
15150,650,9900,"sd","14:28:40",3611000
15200,700,500,"bu","14:28:37",3601100
15200,700,200,"bu","14:28:36",3600600
15200,700,1000,"bu","14:28:36",3600400
15200,700,2600,"bu","14:28:32",3599400
15200,700,400,"bu","14:28:32",3596800
15200,700,100,"bu","14:28:25",3596400
15200,700,400,"bu","14:28:25",3596300
15200,700,2500,"bu","14:28:25",3595900
15200,700,500,"bu","14:28:24",3593400
15200,700,2500,"bu","14:28:24",3592900
15200,700,1000,"bu","14:28:19",3590400
15200,700,200,"bu","14:28:16",3589400
15200,700,1800,"bu","14:28:16",3589200
15150,650,500,"sd","14:28:15",3587400
15200,700,4000,"bu","14:28:12",3586900
15200,700,3400,"bu","14:28:10",3582900
15200,700,3600,"bu","14:28:10",3579500
15200,700,100,"bu","14:28:08",3575900
15200,700,100,"bu","14:27:53",3575800
15150,650,100,"sd","14:27:51",3575700
15150,650,1000,"sd","14:27:49",3575600
15200,700,1200,"bu","14:27:46",3574600
15200,700,1800,"bu","14:27:46",3573400
15200,700,1400,"bu","14:27:41",3571600
15200,700,1600,"bu","14:27:41",3570200
15200,700,900,"bu","14:27:11",3568600
15150,650,1000,"sd","14:27:05",3567700
15150,650,4000,"sd","14:26:55",3566700
15200,700,200,"bu","14:26:49",3562700
15200,700,100,"bu","14:26:39",3562500
15200,700,300,"bu","14:26:31",3562400
15200,700,200,"bu","14:26:02",3562100
15200,700,100,"bu","14:25:46",3561900
15200,700,2000,"bu","14:25:37",3561800
15200,700,100,"sd","14:25:29",3559800
15200,700,100,"sd","14:25:29",3559700
15200,700,300,"sd","14:25:29",3559600
15200,700,500,"sd","14:25:29",3559300
15200,700,1000,"sd","14:25:29",3558800
15200,700,800,"sd","14:25:29",3557800
15200,700,100,"sd","14:25:29",3557000
15200,700,400,"sd","14:25:29",3556900
15200,700,5000,"sd","14:25:29",3556500
15200,700,1000,"sd","14:25:29",3551500
15200,700,200,"sd","14:25:29",3550500
15200,700,3000,"sd","14:25:29",3550300
15200,700,12100,"sd","14:25:29",3547300
15200,700,100,"sd","14:25:15",3535200
15200,700,5000,"sd","14:25:13",3535100
15200,700,32800,"sd","14:25:03",3530100
15200,700,500,"sd","14:25:03",3497300
15200,700,2000,"sd","14:25:03",3496800
15200,700,2000,"sd","14:25:03",3494800
15200,700,300,"sd","14:25:03",3492800
15200,700,3000,"sd","14:25:03",3492500
15200,700,5000,"sd","14:25:03",3489500
15200,700,4400,"sd","14:25:03",3484500
15200,700,600,"sd","14:24:57",3480100
15250,750,300,"bu","14:24:55",3479500
15200,700,1000,"sd","14:24:54",3479200
15200,700,1100,"sd","14:24:43",3478200
15200,700,100,"sd","14:24:40",3477100
15250,750,600,"bu","14:24:37",3477000
15200,700,300,"sd","14:24:29",3476400
15250,750,1000,"bu","14:23:59",3476100
15250,750,200,"bu","14:23:44",3475100
15200,700,17500,"sd","14:23:18",3474900
15200,700,1000,"sd","14:23:18",3457400
15200,700,500,"sd","14:23:18",3456400
15200,700,500,"sd","14:23:13",3455900
15200,700,400,"sd","14:23:13",3455400
15200,700,100,"sd","14:23:13",3455000
15200,700,200,"sd","14:23:12",3454900
15200,700,100,"sd","14:23:10",3454700
15200,700,1000,"sd","14:22:57",3454600
15200,700,200,"sd","14:22:32",3453600
15250,750,400,"bu","14:21:55",3453400
15200,700,1400,"sd","14:21:48",3453000
15200,700,1000,"sd","14:21:48",3451600
15200,700,200,"sd","14:21:48",3450600
15200,700,12400,"sd","14:21:48",3450400
15250,750,500,"bu","14:21:37",3438000
15250,750,100,"bu","14:21:34",3437500
15250,750,600,"bu","14:21:31",3437400
15250,750,400,"bu","14:21:26",3436800
15200,700,400,"sd","14:21:26",3436400
15200,700,2200,"sd","14:21:18",3436000
15200,700,300,"sd","14:21:18",3433800
15250,750,600,"bu","14:21:17",3433500
15250,750,400,"bu","14:21:16",3432900
15250,750,500,"bu","14:21:01",3432500
15200,700,100,"sd","14:20:57",3432000
15200,700,800,"sd","14:20:57",3431900
15250,750,500,"bu","14:20:52",3431100
15200,700,100,"sd","14:20:44",3430600
15250,750,300,"bu","14:20:44",3430500
15250,750,500,"bu","14:20:41",3430200
15250,750,1000,"bu","14:20:32",3429700
15200,700,1100,"sd","14:20:30",3428700
15200,700,100,"sd","14:20:30",3427600
15200,700,1000,"sd","14:20:30",3427500
15200,700,200,"sd","14:20:30",3426500
15200,700,500,"sd","14:20:30",3426300
15200,700,100,"sd","14:20:30",3425800
15250,750,200,"bu","14:20:15",3425700
15250,750,400,"bu","14:20:11",3425500
15250,750,300,"bu","14:20:06",3425100
15250,750,4900,"bu","14:20:06",3424800
15250,750,500,"bu","14:20:06",3419900
15250,750,500,"bu","14:20:06",3419400
15250,750,500,"bu","14:20:06",3418900
15250,750,100,"bu","14:20:06",3418400
15200,700,100,"sd","14:19:52",3418300
15200,700,100,"sd","14:19:52",3418200
15200,700,100,"sd","14:19:49",3418100
15200,700,500,"sd","14:19:43",3418000
15200,700,500,"bu","14:19:33",3417500
15200,700,100,"bu","14:19:33",3417000
15200,700,200,"bu","14:19:33",3416900
15200,700,2000,"bu","14:19:33",3416700
15200,700,1500,"bu","14:19:33",3414700
15200,700,200,"bu","14:19:31",3413200
15200,700,500,"bu","14:19:30",3413000
15200,700,2000,"bu","14:19:25",3412500
15200,700,500,"bu","14:19:24",3410500
15200,700,800,"bu","14:19:22",3410000
15200,700,100,"bu","14:19:22",3409200
15200,700,100,"bu","14:19:22",3409100
15200,700,1000,"bu","14:19:10",3409000
15200,700,1000,"bu","14:19:06",3408000
15200,700,1900,"bu","14:18:49",3407000
15200,700,200,"bu","14:18:49",3405100
15200,700,300,"bu","14:18:49",3404900
15200,700,100,"bu","14:18:49",3404600
15200,700,400,"bu","14:18:40",3404500
15200,700,600,"bu","14:18:40",3404100
15200,700,100,"bu","14:18:21",3403500
15200,700,200,"sd","14:18:21",3403400
15200,700,300,"sd","14:18:21",3403200
15200,700,1700,"sd","14:18:19",3402900
15200,700,300,"sd","14:18:19",3401200
15200,700,200,"sd","14:18:15",3400900
15200,700,800,"sd","14:18:15",3400700
15200,700,100,"sd","14:18:10",3399900
15200,700,100,"sd","14:18:06",3399800
15200,700,400,"sd","14:18:06",3399700
15200,700,4600,"sd","14:18:04",3399300
15200,700,5000,"sd","14:18:04",3394700
15200,700,500,"sd","14:18:04",3389700
15200,700,1900,"sd","14:18:04",3389200
15200,700,100,"bu","14:17:48",3387300
15200,700,500,"bu","14:17:46",3387200
15200,700,400,"bu","14:17:46",3386700
15200,700,100,"bu","14:17:39",3386300
15200,700,500,"bu","14:17:34",3386200
15200,700,1500,"bu","14:17:31",3385700
15200,700,3300,"bu","14:17:31",3384200
15200,700,1000,"bu","14:17:31",3380900
15200,700,1000,"bu","14:17:31",3379900
15200,700,500,"bu","14:17:31",3378900
15200,700,300,"bu","14:17:31",3378400
15200,700,400,"bu","14:17:31",3378100
15200,700,5000,"bu","14:17:29",3377700
15200,700,2500,"bu","14:17:29",3372700
15200,700,2000,"bu","14:17:29",3370200
15200,700,100,"bu","14:17:29",3368200
15200,700,300,"bu","14:17:29",3368100
15200,700,1200,"bu","14:17:29",3367800
15200,700,200,"bu","14:17:29",3366600
15200,700,6600,"bu","14:17:28",3366400
15200,700,100,"bu","14:17:27",3359800
15200,700,3500,"bu","14:17:25",3359700
15200,700,100,"bu","14:17:19",3356200
15200,700,200,"bu","14:17:00",3356100
15200,700,3100,"bu","14:16:51",3355900
15200,700,500,"bu","14:16:51",3352800
15200,700,700,"bu","14:16:51",3352300
15200,700,1000,"bu","14:16:51",3351600
15200,700,100,"bu","14:16:51",3350600
15200,700,1000,"bu","14:16:51",3350500
15200,700,200,"bu","14:16:51",3349500
15200,700,100,"bu","14:16:51",3349300
15200,700,8300,"bu","14:16:51",3349200
15150,650,100,"sd","14:16:46",3340900
15150,650,2600,"sd","14:16:34",3340800
15200,700,10000,"bu","14:16:29",3338200
15200,700,1700,"bu","14:16:22",3328200
15200,700,15000,"bu","14:16:22",3326500
15200,700,500,"bu","14:16:22",3311500
15200,700,3600,"bu","14:16:22",3311000
15200,700,7200,"bu","14:16:22",3307400
15200,700,600,"bu","14:16:20",3300200
15200,700,2000,"bu","14:16:20",3299600
15200,700,2000,"bu","14:16:20",3297600
15200,700,100,"bu","14:16:20",3295600
15200,700,3000,"bu","14:16:20",3295500
15200,700,100,"bu","14:16:20",3292500
15200,700,900,"bu","14:16:20",3292400
15200,700,700,"bu","14:16:20",3291500
15200,700,1700,"bu","14:16:20",3290800
15200,700,500,"bu","14:16:17",3289100
15200,700,1000,"bu","14:16:15",3288600
15200,700,2000,"bu","14:16:06",3287600
15200,700,400,"bu","14:16:00",3285600
15200,700,100,"bu","14:15:39",3285200
15200,700,200,"bu","14:15:26",3285100
15200,700,300,"bu","14:15:23",3284900
15200,700,2000,"bu","14:15:04",3284600
15150,650,300,"sd","14:15:01",3282600
15150,650,100,"sd","14:15:00",3282300
15200,700,1800,"bu","14:14:59",3282200
15200,700,1000,"bu","14:14:59",3280400
15200,700,400,"bu","14:14:59",3279400
15200,700,6000,"bu","14:14:59",3279000
15200,700,200,"bu","14:14:59",3273000
15200,700,200,"bu","14:14:45",3272800
15200,700,100,"bu","14:14:45",3272600
15200,700,100,"bu","14:14:45",3272500
15200,700,900,"bu","14:14:43",3272400
15200,700,100,"bu","14:14:43",3271500
15200,700,200,"bu","14:14:38",3271400
15200,700,100,"bu","14:14:38",3271200
15200,700,100,"bu","14:14:38",3271100
15200,700,200,"bu","14:14:23",3271000
15200,700,200,"bu","14:14:11",3270800
15200,700,100,"bu","14:14:09",3270600
15200,700,3900,"bu","14:14:09",3270500
15200,700,400,"bu","14:14:09",3266600
15200,700,400,"bu","14:14:01",3266200
15200,700,1000,"bu","14:13:52",3265800
15200,700,1300,"bu","14:13:42",3264800
15200,700,2000,"bu","14:13:37",3263500
15200,700,1900,"bu","14:13:29",3261500
15200,700,1000,"bu","14:13:29",3259600
15200,700,100,"bu","14:13:29",3258600
15200,700,2000,"bu","14:13:29",3258500
15200,700,2000,"bu","14:13:29",3256500
15200,700,2000,"bu","14:13:29",3254500
15200,700,100,"bu","14:13:29",3252500
15200,700,200,"bu","14:13:29",3252400
15200,700,100,"bu","14:13:29",3252200
15200,700,1600,"bu","14:13:29",3252100
15200,700,300,"bu","14:13:29",3250500
15200,700,100,"bu","14:13:27",3250200
15200,700,2000,"bu","14:13:25",3250100
15200,700,1000,"bu","14:13:25",3248100
15200,700,300,"bu","14:12:58",3247100
15150,650,100,"sd","14:12:40",3246800
15200,700,1000,"bu","14:12:39",3246700
15200,700,100,"bu","14:12:38",3245700
15200,700,1000,"bu","14:12:33",3245600
15200,700,16600,"bu","14:12:29",3244600
15200,700,500,"bu","14:12:29",3228000
15200,700,2900,"bu","14:12:29",3227500
15200,700,2000,"bu","14:12:27",3224600
15200,700,300,"bu","14:12:18",3222600
15200,700,500,"bu","14:12:16",3222300
15200,700,200,"bu","14:12:01",3221800
15200,700,100,"bu","14:11:50",3221600
15200,700,300,"bu","14:11:30",3221500
15200,700,200,"bu","14:11:25",3221200
15150,650,100,"sd","14:11:06",3221000
15200,700,2000,"bu","14:10:59",3220900
15200,700,4000,"bu","14:10:59",3218900
15150,650,100,"sd","14:10:30",3214900
15150,650,100,"bu","14:10:11",3214800
15150,650,100,"bu","14:10:10",3214700
15150,650,800,"bu","14:10:10",3214600
15150,650,300,"bu","14:10:10",3213800
15150,650,10000,"bu","14:10:10",3213500
15150,650,200,"bu","14:10:10",3203500
15150,650,2000,"bu","14:10:10",3203300
15150,650,300,"bu","14:10:10",3201300
15150,650,200,"bu","14:10:10",3201000
15150,650,8700,"bu","14:10:10",3200800
15150,650,7500,"bu","14:10:10",3192100
15150,650,200,"bu","14:10:07",3184600
15150,650,2000,"bu","14:10:06",3184400
15100,600,800,"sd","14:10:00",3182400
15150,650,300,"bu","14:10:00",3181600
15150,650,200,"bu","14:10:00",3181300
15150,650,100,"bu","14:10:00",3181100
15150,650,500,"bu","14:10:00",3181000
15150,650,500,"bu","14:10:00",3180500
15150,650,100,"bu","14:10:00",3180000
15150,650,300,"bu","14:10:00",3179900
15150,650,500,"bu","14:10:00",3179600
15150,650,1000,"bu","14:10:00",3179100
15150,650,1500,"bu","14:09:59",3178100
15150,650,100,"bu","14:09:34",3176600
15150,650,4000,"bu","14:09:33",3176500
15150,650,3000,"bu","14:09:32",3172500
15150,650,3000,"bu","14:09:30",3169500
15150,650,100,"bu","14:09:30",3166500
15150,650,8300,"bu","14:09:16",3166400
15150,650,1000,"bu","14:09:16",3158100
15150,650,700,"bu","14:09:16",3157100
15150,650,600,"bu","14:09:07",3156400
15100,600,100,"sd","14:09:01",3155800
15150,650,600,"bu","14:08:58",3155700
15150,650,100,"bu","14:08:56",3155100
15150,650,500,"bu","14:08:56",3155000
15150,650,1400,"bu","14:08:56",3154500
15150,650,3600,"bu","14:08:52",3153100
15150,650,6400,"bu","14:08:52",3149500
15150,650,5400,"bu","14:08:37",3143100
15150,650,300,"bu","14:08:19",3137700
15100,600,500,"sd","14:08:04",3137400
15150,650,300,"bu","14:07:27",3136900
15100,600,600,"sd","14:07:11",3136600
15150,650,1000,"bu","14:07:06",3136000
15150,650,300,"bu","14:07:06",3135000
15150,650,4000,"bu","14:06:43",3134700
15150,650,600,"bu","14:06:32",3130700
15150,650,1000,"bu","14:06:20",3130100
15150,650,200,"bu","14:06:10",3129100
15150,650,100,"bu","14:06:06",3128900
15150,650,100,"bu","14:06:02",3128800
15150,650,300,"sd","14:05:59",3128700
15150,650,700,"sd","14:05:57",3128400
15150,650,300,"sd","14:05:57",3127700
15150,650,200,"bu","14:05:55",3127400
15150,650,400,"bu","14:05:49",3127200
15150,650,400,"sd","14:05:48",3126800
15150,650,400,"bu","14:05:46",3126400
15150,650,600,"bu","14:05:46",3126000
15100,600,300,"sd","14:05:43",3125400
15150,650,100,"sd","14:05:42",3125100
15150,650,1000,"sd","14:05:42",3125000
15150,650,300,"sd","14:05:42",3124000
15150,650,300,"sd","14:05:41",3123700
15150,650,1000,"sd","14:05:39",3123400
15150,650,500,"sd","14:05:36",3122400
15150,650,200,"sd","14:05:27",3121900
15150,650,300,"sd","14:05:27",3121700
15150,650,100,"sd","14:05:25",3121400
15150,650,100,"sd","14:05:16",3121300
15150,650,1000,"sd","14:05:16",3121200
15150,650,900,"sd","14:05:16",3120200
15150,650,500,"sd","14:05:10",3119300
15150,650,700,"sd","14:05:01",3118800
15150,650,1000,"bu","14:04:51",3118100
15150,650,1300,"bu","14:04:51",3117100
15150,650,300,"bu","14:04:51",3115800
15150,650,4000,"bu","14:04:51",3115500
15150,650,200,"bu","14:04:51",3111500
15150,650,11100,"bu","14:04:51",3111300
15150,650,2000,"bu","14:04:50",3100200
15150,650,800,"bu","14:04:47",3098200
15150,650,800,"bu","14:04:45",3097400
15150,650,100,"bu","14:04:42",3096600
15150,650,600,"bu","14:04:42",3096500
15150,650,2600,"bu","14:04:39",3095900
15150,650,17400,"bu","14:04:39",3093300
15150,650,100,"bu","14:04:28",3075900
15150,650,500,"sd","14:04:26",3075800
15150,650,400,"sd","14:04:26",3075300
15150,650,1300,"sd","14:04:26",3074900
15150,650,4000,"sd","14:04:25",3073600
15150,650,100,"sd","14:04:24",3069600
15150,650,3900,"sd","14:04:24",3069500
15150,650,1000,"sd","14:04:23",3065600
15150,650,100,"sd","14:04:16",3064600
15150,650,200,"sd","14:04:16",3064500
15150,650,2700,"sd","14:04:16",3064300
15150,650,500,"sd","14:04:16",3061600
15150,650,1800,"sd","14:04:09",3061100
15150,650,400,"sd","14:04:09",3059300
15150,650,900,"sd","14:04:09",3058900
15150,650,3300,"sd","14:04:09",3058000
15150,650,2000,"sd","14:04:08",3054700
15150,650,1000,"sd","14:04:03",3052700
15150,650,200,"sd","14:03:59",3051700
15150,650,3500,"bu","14:03:55",3051500
15150,650,500,"sd","14:03:53",3048000
15150,650,400,"sd","14:03:53",3047500
15150,650,1500,"sd","14:03:53",3047100
15150,650,1000,"sd","14:03:53",3045600
15150,650,100,"sd","14:03:53",3044600
15150,650,100,"sd","14:03:53",3044500
15150,650,100,"sd","14:03:53",3044400
15150,650,1000,"sd","14:03:53",3044300
15150,650,100,"sd","14:03:49",3043300
15150,650,500,"sd","14:03:47",3043200
15150,650,200,"sd","14:03:41",3042700
15150,650,3000,"sd","14:03:40",3042500
15150,650,1000,"sd","14:03:36",3039500
15150,650,4200,"sd","14:03:30",3038500
15150,650,4500,"sd","14:03:30",3034300
15200,700,2500,"bu","14:03:27",3029800
15200,700,500,"bu","14:03:27",3027300
15150,650,2500,"sd","14:03:15",3026800
15150,650,200,"sd","14:03:15",3024300
15150,650,2300,"sd","14:03:15",3024100
15200,700,4500,"bu","14:03:09",3021800
15200,700,500,"bu","14:03:09",3017300
15200,700,1500,"bu","14:03:07",3016800
15200,700,500,"sd","14:03:01",3015300
15200,700,200,"sd","14:03:01",3014800
15200,700,2000,"sd","14:03:01",3014600
15200,700,200,"sd","14:03:01",3012600
15200,700,100,"sd","14:03:01",3012400
15250,750,1600,"bu","14:03:01",3012300
15250,750,4100,"bu","14:03:01",3010700
15200,700,500,"sd","14:02:59",3006600
15200,700,1100,"sd","14:02:59",3006100
15200,700,3400,"sd","14:02:59",3005000
15200,700,1600,"sd","14:02:58",3001600
15200,700,4900,"sd","14:02:58",3000000
15200,700,5100,"sd","14:02:57",2995100
15200,700,100,"sd","14:02:57",2990000
15200,700,100,"sd","14:02:57",2989900
15200,700,100,"sd","14:02:57",2989800
15200,700,200,"sd","14:02:57",2989700
15200,700,1200,"sd","14:02:57",2989500
15200,700,100,"sd","14:02:57",2988300
15200,700,100,"sd","14:02:57",2988200
15200,700,3000,"sd","14:02:57",2988100
15200,700,1500,"sd","14:02:57",2985100
15200,700,200,"sd","14:02:56",2983600
15200,700,300,"sd","14:02:55",2983400
15200,700,100,"sd","14:02:50",2983100
15250,750,1500,"bu","14:02:48",2983000
15250,750,500,"bu","14:02:48",2981500
15250,750,1000,"bu","14:02:48",2981000
15250,750,200,"bu","14:02:45",2980000
15250,750,300,"bu","14:02:45",2979800
15250,750,700,"bu","14:02:40",2979500
15250,750,300,"bu","14:02:40",2978800
15200,700,100,"sd","14:02:40",2978500
15250,750,200,"bu","14:02:38",2978400
15250,750,100,"bu","14:02:38",2978200
15200,700,1000,"sd","14:02:38",2978100
15250,750,200,"bu","14:02:28",2977100
15200,700,5000,"sd","14:02:17",2976900
15250,750,4700,"bu","14:02:12",2971900
15250,750,500,"bu","14:02:12",2967200
15250,750,3000,"bu","14:02:12",2966700
15250,750,900,"bu","14:02:12",2963700
15250,750,100,"bu","14:02:12",2962800
15250,750,300,"bu","14:02:12",2962700
15250,750,100,"bu","14:02:07",2962400
15250,750,1000,"bu","14:02:07",2962300
15250,750,200,"bu","14:02:07",2961300
15250,750,200,"bu","14:02:07",2961100
15250,750,500,"bu","14:02:07",2960900
15200,700,500,"sd","14:02:06",2960400
15250,750,500,"bu","14:01:59",2959900
15250,750,500,"bu","14:01:59",2959400
15250,750,100,"bu","14:01:59",2958900
15250,750,200,"bu","14:01:59",2958800
15250,750,100,"bu","14:01:58",2958600
15250,750,100,"bu","14:01:58",2958500
15250,750,100,"bu","14:01:58",2958400
15250,750,500,"bu","14:01:56",2958300
15250,750,300,"bu","14:01:56",2957800
15250,750,100,"bu","14:01:56",2957500
15250,750,100,"bu","14:01:55",2957400
15250,750,100,"bu","14:01:55",2957300
15250,750,100,"bu","14:01:54",2957200
15250,750,1900,"bu","14:01:54",2957100
15250,750,600,"bu","14:01:46",2955200
15250,750,700,"bu","14:01:46",2954600
15250,750,1500,"bu","14:01:41",2953900
15250,750,1000,"bu","14:01:39",2952400
15250,750,500,"bu","14:01:34",2951400
15250,750,3000,"bu","14:01:32",2950900
15250,750,500,"bu","14:01:32",2947900
15250,750,1800,"sd","14:01:30",2947400
15250,750,5000,"sd","14:01:30",2945600
15250,750,1000,"sd","14:01:30",2940600
15300,800,1000,"bu","14:01:30",2939600
15200,700,300,"sd","14:01:25",2938600
15250,750,500,"sd","14:01:25",2938300
15300,800,4300,"bu","14:01:23",2937800
15300,800,200,"bu","14:01:23",2933500
15250,750,100,"bu","14:01:23",2933300
15250,750,2000,"bu","14:01:23",2933200
15250,750,400,"bu","14:01:23",2931200
15250,750,1000,"bu","14:01:23",2930800
15250,750,500,"bu","14:01:23",2929800
15250,750,10000,"bu","14:01:23",2929300
15250,750,100,"bu","14:01:23",2919300
15250,750,100,"bu","14:01:23",2919200
15250,750,100,"bu","14:01:23",2919100
15250,750,1200,"bu","14:01:23",2919000
15250,750,600,"bu","14:01:22",2917800
15250,750,1000,"bu","14:01:17",2917200
15250,750,200,"bu","14:01:16",2916200
15250,750,1000,"bu","14:01:14",2916000
15250,750,100,"bu","14:01:09",2915000
15200,700,200,"sd","14:01:04",2914900
15250,750,1300,"bu","14:01:01",2914700
15250,750,700,"bu","14:01:01",2913400
15250,750,300,"bu","14:00:55",2912700
15250,750,100,"bu","14:00:55",2912400
15250,750,500,"bu","14:00:55",2912300
15250,750,400,"bu","14:00:55",2911800
15250,750,100,"bu","14:00:55",2911400
15250,750,2000,"bu","14:00:55",2911300
15250,750,300,"bu","14:00:55",2909300
15250,750,100,"bu","14:00:55",2909000
15250,750,1200,"bu","14:00:55",2908900
15200,700,200,"sd","14:00:53",2907700
15200,700,5000,"sd","14:00:52",2907500
15250,750,2000,"bu","14:00:51",2902500
15200,700,100,"bu","14:00:44",2900500
15200,700,100,"bu","14:00:44",2900400
15200,700,500,"bu","14:00:44",2900300
15200,700,600,"bu","14:00:44",2899800
15200,700,100,"bu","14:00:44",2899200
15200,700,100,"bu","14:00:44",2899100
15200,700,100,"bu","14:00:44",2899000
15200,700,100,"bu","14:00:44",2898900
15200,700,200,"bu","14:00:44",2898800
15200,700,100,"bu","14:00:44",2898600
15200,700,300,"bu","14:00:44",2898500
15200,700,2000,"bu","14:00:44",2898200
15200,700,20000,"bu","14:00:44",2896200
15200,700,2000,"bu","14:00:44",2876200
15200,700,1000,"bu","14:00:44",2874200
15200,700,500,"bu","14:00:44",2873200
15200,700,100,"bu","14:00:44",2872700
15200,700,200,"bu","14:00:44",2872600
15200,700,42500,"bu","14:00:44",2872400
15200,700,100,"bu","14:00:44",2829900
15150,650,1000,"sd","14:00:43",2829800
15200,700,6000,"bu","14:00:43",2828800
15200,700,100,"bu","14:00:43",2822800
15200,700,100,"bu","14:00:43",2822700
15200,700,100,"bu","14:00:43",2822600
15200,700,800,"bu","14:00:43",2822500
15200,700,200,"bu","14:00:43",2821700
15200,700,200,"bu","14:00:43",2821500
15200,700,800,"bu","14:00:43",2821300
15200,700,200,"bu","14:00:43",2820500
15200,700,200,"bu","14:00:43",2820300
15200,700,200,"bu","14:00:43",2820100
15200,700,10100,"bu","14:00:43",2819900
15200,700,200,"bu","14:00:43",2809800
15200,700,1000,"bu","14:00:43",2809600
15200,700,500,"bu","14:00:43",2808600
15200,700,300,"bu","14:00:43",2808100
15200,700,100,"bu","14:00:43",2807800
15200,700,12800,"bu","14:00:43",2807700
15200,700,100,"bu","14:00:43",2794900
15200,700,16000,"bu","14:00:43",2794800
15200,700,1000,"bu","14:00:43",2778800
15200,700,500,"bu","14:00:41",2777800
15200,700,500,"bu","14:00:39",2777300
15200,700,300,"bu","14:00:39",2776800
15200,700,500,"bu","14:00:39",2776500
15200,700,1000,"bu","14:00:39",2776000
15200,700,300,"bu","14:00:39",2775000
15200,700,500,"bu","14:00:39",2774700
15200,700,4600,"bu","14:00:39",2774200
15200,700,2300,"bu","14:00:39",2769600
15150,650,1700,"sd","14:00:38",2767300
15150,650,2000,"sd","14:00:38",2765600
15150,650,1000,"sd","14:00:38",2763600
15150,650,300,"sd","14:00:38",2762600
15200,700,4200,"bu","14:00:38",2762300
15200,700,800,"bu","14:00:38",2758100
15150,650,100,"sd","14:00:36",2757300
15200,700,200,"bu","14:00:34",2757200
15200,700,800,"bu","14:00:34",2757000
15150,650,200,"sd","14:00:33",2756200
15150,650,300,"sd","14:00:33",2756000
15150,650,200,"sd","14:00:29",2755700
15150,650,300,"sd","14:00:29",2755500
15200,700,2000,"bu","14:00:23",2755200
15150,650,1700,"sd","14:00:19",2753200
15150,650,1000,"sd","14:00:19",2751500
15150,650,100,"sd","14:00:19",2750500
15150,650,2200,"sd","14:00:19",2750400
15150,650,100,"sd","14:00:09",2748200
15200,700,1100,"bu","14:00:08",2748100
15200,700,100,"bu","14:00:07",2747000
15200,700,100,"bu","14:00:07",2746900
15200,700,300,"bu","14:00:07",2746800
15200,700,200,"bu","14:00:07",2746500
15200,700,300,"bu","14:00:07",2746300
15150,650,500,"sd","14:00:05",2746000
15200,700,100,"bu","14:00:00",2745500
15150,650,100,"sd","14:00:00",2745400
15150,650,3000,"sd","13:59:59",2745300
15200,700,100,"bu","13:59:58",2742300
15200,700,100,"bu","13:59:54",2742200
15150,650,100,"sd","13:59:47",2742100
15150,650,300,"bu","13:59:46",2742000
15150,650,600,"bu","13:59:46",2741700
15150,650,400,"bu","13:59:46",2741100
15150,650,3600,"bu","13:59:46",2740700
15150,650,900,"bu","13:59:46",2737100
15150,650,2000,"bu","13:59:46",2736200
15150,650,300,"bu","13:59:46",2734200
15150,650,500,"bu","13:59:46",2733900
15150,650,200,"bu","13:59:46",2733400
15150,650,100,"bu","13:59:46",2733200
15150,650,500,"bu","13:59:46",2733100
15150,650,500,"bu","13:59:46",2732600
15150,650,200,"bu","13:59:46",2732100
15150,650,100,"bu","13:59:46",2731900
15150,650,100,"bu","13:59:46",2731800
15150,650,500,"bu","13:59:46",2731700
15150,650,100,"bu","13:59:46",2731200
15150,650,500,"bu","13:59:45",2731100
15150,650,200,"bu","13:59:45",2730600
15150,650,1000,"bu","13:59:45",2730400
15150,650,400,"bu","13:59:43",2729400
15150,650,1000,"bu","13:59:42",2729000
15150,650,1900,"bu","13:59:42",2728000
15150,650,500,"bu","13:59:42",2726100
15150,650,2600,"bu","13:59:42",2725600
15150,650,200,"bu","13:59:41",2723000
15150,650,6000,"bu","13:59:38",2722800
15150,650,500,"bu","13:59:38",2716800
15150,650,5000,"bu","13:59:38",2716300
15150,650,200,"bu","13:59:38",2711300
15150,650,300,"bu","13:59:38",2711100
15150,650,3700,"bu","13:59:38",2710800
15150,650,200,"bu","13:59:38",2707100
15150,650,500,"bu","13:59:38",2706900
15150,650,300,"bu","13:59:38",2706400
15150,650,4100,"bu","13:59:38",2706100
15150,650,3200,"bu","13:59:38",2702000
15150,650,2000,"bu","13:59:38",2698800
15150,650,1000,"bu","13:59:38",2696800
15150,650,200,"bu","13:59:38",2695800
15150,650,1000,"bu","13:59:38",2695600
15150,650,3100,"bu","13:59:38",2694600
15150,650,400,"bu","13:59:38",2691500
15150,650,300,"bu","13:59:38",2691100
15150,650,100,"bu","13:59:35",2690800
15100,600,500,"sd","13:59:31",2690700
15100,600,100,"sd","13:59:25",2690200
15150,650,600,"bu","13:59:21",2690100
15150,650,200,"bu","13:59:21",2689500
15150,650,100,"bu","13:59:17",2689300
15100,600,2000,"bu","13:59:07",2689200
15100,600,500,"bu","13:59:07",2687200
15100,600,100,"bu","13:59:07",2686700
15100,600,1000,"bu","13:59:07",2686600
15100,600,100,"bu","13:59:07",2685600
15100,600,5000,"bu","13:59:07",2685500
15100,600,3000,"bu","13:59:07",2680500
15100,600,1000,"bu","13:59:07",2677500
15100,600,100,"bu","13:59:07",2676500
15100,600,1000,"bu","13:59:07",2676400
15100,600,100,"bu","13:59:07",2675400
15100,600,100,"bu","13:59:07",2675300
15100,600,2000,"bu","13:59:07",2675200
15100,600,1000,"bu","13:59:07",2673200
15100,600,1000,"bu","13:59:07",2672200
15100,600,100,"bu","13:59:07",2671200
15100,600,100,"bu","13:59:07",2671100
15100,600,100,"bu","13:59:07",2671000
15100,600,500,"bu","13:59:07",2670900
15100,600,300,"bu","13:59:07",2670400
15100,600,1000,"bu","13:59:07",2670100
15100,600,100,"bu","13:59:07",2669100
15100,600,100,"bu","13:59:07",2669000
15100,600,4500,"bu","13:59:07",2668900
15050,550,3500,"sd","13:59:06",2664400
15050,550,500,"sd","13:59:06",2660900
15100,600,500,"bu","13:58:59",2660400
15100,600,1000,"bu","13:58:58",2659900
15100,600,5000,"bu","13:58:58",2658900
15100,600,100,"bu","13:58:58",2653900
15100,600,200,"bu","13:58:54",2653800
15100,600,400,"bu","13:58:53",2653600
15100,600,1500,"bu","13:58:43",2653200
15100,600,1000,"bu","13:58:37",2651700
15100,600,200,"bu","13:58:36",2650700
15100,600,3000,"bu","13:58:34",2650500
15100,600,800,"bu","13:58:34",2647500
15100,600,1600,"bu","13:58:34",2646700
15100,600,500,"bu","13:58:33",2645100
15100,600,1000,"bu","13:58:33",2644600
15050,550,200,"sd","13:58:33",2643600
15050,550,1000,"sd","13:58:33",2643400
15050,550,2000,"sd","13:58:33",2642400
15050,550,3800,"sd","13:58:33",2640400
15100,600,10000,"bu","13:58:27",2636600
15100,600,10000,"bu","13:58:27",2626600
15100,600,200,"bu","13:58:26",2616600
15100,600,13500,"bu","13:58:24",2616400
15100,600,300,"bu","13:58:24",2602900
15100,600,6200,"bu","13:58:24",2602600
15100,600,100,"bu","13:58:17",2596400
15050,550,100,"sd","13:58:10",2596300
15050,550,1000,"sd","13:58:07",2596200
15100,600,2900,"bu","13:58:03",2595200
15100,600,300,"bu","13:57:52",2592300
15100,600,500,"bu","13:57:49",2592000
15100,600,500,"bu","13:57:49",2591500
15100,600,800,"bu","13:57:49",2591000
15100,600,500,"bu","13:57:49",2590200
15100,600,500,"bu","13:57:49",2589700
15100,600,200,"bu","13:57:49",2589200
15100,600,500,"bu","13:57:49",2589000
15100,600,500,"bu","13:57:49",2588500
15100,600,200,"bu","13:57:49",2588000
15100,600,100,"bu","13:57:49",2587800
15100,600,100,"bu","13:57:49",2587700
15100,600,100,"bu","13:57:49",2587600
15100,600,2000,"bu","13:57:49",2587500
15100,600,200,"bu","13:57:49",2585500
15100,600,2000,"bu","13:57:49",2585300
15100,600,1000,"bu","13:57:49",2583300
15100,600,1000,"bu","13:57:49",2582300
15100,600,500,"bu","13:57:49",2581300
15100,600,100,"bu","13:57:49",2580800
15100,600,900,"bu","13:57:49",2580700
15100,600,500,"bu","13:57:49",2579800
15100,600,500,"bu","13:57:49",2579300
15100,600,300,"bu","13:57:49",2578800
15100,600,500,"bu","13:57:49",2578500
15100,600,100,"bu","13:57:49",2578000
15100,600,300,"bu","13:57:49",2577900
15100,600,300,"bu","13:57:49",2577600
15100,600,300,"bu","13:57:49",2577300
15050,550,100,"sd","13:57:44",2577000
15050,550,3000,"sd","13:57:37",2576900
15100,600,300,"bu","13:57:35",2573900
15100,600,100,"bu","13:57:35",2573600
15100,600,100,"bu","13:57:35",2573500
15050,550,100,"sd","13:57:31",2573400
15050,550,1000,"sd","13:57:31",2573300
15050,550,2000,"sd","13:57:31",2572300
15050,550,900,"sd","13:57:31",2570300
15050,550,4000,"sd","13:57:30",2569400
15050,550,200,"sd","13:57:20",2565400
15050,550,100,"sd","13:57:20",2565200
15050,550,5000,"sd","13:57:17",2565100
15050,550,2000,"sd","13:57:04",2560100
15050,550,1000,"sd","13:56:59",2558100
15100,600,400,"bu","13:56:56",2557100
15100,600,100,"bu","13:56:56",2556700
15050,550,100,"sd","13:56:56",2556600
15050,550,100,"sd","13:56:52",2556500
15050,550,100,"sd","13:56:47",2556400
15050,550,100,"bu","13:56:28",2556300
15050,550,100,"bu","13:56:27",2556200
15050,550,1300,"bu","13:56:27",2556100
15050,550,5900,"bu","13:56:27",2554800
15050,550,100,"bu","13:56:27",2548900
15050,550,100,"bu","13:56:27",2548800
15050,550,200,"bu","13:56:27",2548700
15050,550,700,"bu","13:56:27",2548500
15050,550,1300,"bu","13:56:27",2547800
15050,550,1000,"bu","13:56:27",2546500
15050,550,100,"bu","13:56:27",2545500
15050,550,1400,"bu","13:56:27",2545400
15050,550,200,"bu","13:56:27",2544000
15050,550,1000,"bu","13:56:27",2543800
15050,550,500,"bu","13:56:21",2542800
15050,550,2000,"bu","13:56:21",2542300
15050,550,1500,"bu","13:56:21",2540300
15000,500,500,"sd","13:56:20",2538800
15050,550,500,"bu","13:56:18",2538300
15050,550,100,"bu","13:56:18",2537800
15050,550,100,"bu","13:56:18",2537700
15050,550,100,"bu","13:56:18",2537600
15050,550,3200,"bu","13:56:18",2537500
15050,550,1000,"bu","13:56:18",2534300
15000,500,100,"bu","13:56:13",2533300
15000,500,100,"bu","13:56:13",2533200
15000,500,1000,"bu","13:56:13",2533100
15000,500,100,"bu","13:56:13",2532100
15000,500,100,"bu","13:56:13",2532000
15000,500,100,"bu","13:56:13",2531900
15000,500,100,"bu","13:56:13",2531800
15000,500,2000,"bu","13:56:13",2531700
15000,500,200,"bu","13:56:13",2529700
15000,500,100,"bu","13:56:13",2529500
15000,500,2000,"bu","13:56:13",2529400
15000,500,1000,"bu","13:56:13",2527400
15000,500,500,"bu","13:56:12",2526400
15000,500,1000,"bu","13:56:12",2525900
15000,500,1000,"bu","13:56:12",2524900
15000,500,1500,"bu","13:56:12",2523900
15000,500,3000,"bu","13:56:12",2522400
15000,500,200,"bu","13:56:12",2519400
15000,500,200,"bu","13:56:12",2519200
15000,500,600,"bu","13:56:12",2519000
15000,500,1400,"bu","13:56:12",2518400
15000,500,200,"bu","13:56:12",2517000
15000,500,500,"bu","13:56:12",2516800
15000,500,300,"bu","13:56:12",2516300
15000,500,1000,"bu","13:56:12",2516000
15000,500,1600,"bu","13:56:12",2515000
15000,500,500,"bu","13:56:12",2513400
15000,500,100,"bu","13:56:12",2512900
15000,500,800,"bu","13:56:12",2512800
15000,500,500,"bu","13:56:12",2512000
15000,500,200,"bu","13:56:12",2511500
15000,500,900,"bu","13:56:12",2511300
15000,500,100,"bu","13:56:11",2510400
15000,500,500,"bu","13:56:11",2510300
15000,500,100,"bu","13:56:11",2509800
15000,500,400,"bu","13:56:11",2509700
15000,500,300,"bu","13:56:11",2509300
15000,500,100,"bu","13:56:11",2509000
15000,500,200,"bu","13:56:11",2508900
15000,500,200,"bu","13:56:11",2508700
15000,500,1400,"bu","13:56:11",2508500
15000,500,500,"bu","13:56:11",2507100
15000,500,500,"bu","13:56:11",2506600
15000,500,500,"bu","13:56:11",2506100
15000,500,1000,"bu","13:56:11",2505600
15000,500,400,"bu","13:56:11",2504600
15000,500,100,"bu","13:56:11",2504200
15000,500,100,"bu","13:56:11",2504100
15000,500,1000,"bu","13:56:11",2504000
15000,500,100,"bu","13:56:11",2503000
15000,500,1000,"bu","13:56:11",2502900
15000,500,200,"bu","13:56:11",2501900
15000,500,200,"bu","13:56:11",2501700
15000,500,1500,"bu","13:56:11",2501500
15000,500,2100,"bu","13:56:11",2500000
15000,500,3000,"bu","13:56:11",2497900
15000,500,100,"bu","13:56:11",2494900
15000,500,600,"bu","13:56:11",2494800
15000,500,200,"bu","13:56:11",2494200
15000,500,3600,"bu","13:56:11",2494000
15000,500,10000,"bu","13:56:11",2490400
15000,500,100,"bu","13:56:11",2480400
15000,500,3000,"bu","13:56:10",2480300
15000,500,3300,"bu","13:56:08",2477300
15000,500,1000,"bu","13:56:08",2474000
15000,500,500,"bu","13:56:08",2473000
15000,500,200,"bu","13:56:08",2472500
15000,500,500,"bu","13:56:08",2472300
15000,500,500,"bu","13:56:08",2471800
15000,500,1500,"bu","13:56:08",2471300
15000,500,500,"bu","13:56:08",2469800
15000,500,10000,"bu","13:56:08",2469300
15000,500,1000,"bu","13:56:08",2459300
15000,500,100,"bu","13:56:08",2458300
15000,500,900,"bu","13:56:08",2458200
15000,500,500,"bu","13:56:08",2457300
15000,500,600,"bu","13:56:07",2456800
15000,500,1000,"bu","13:56:07",2456200
15000,500,3000,"bu","13:56:07",2455200
15000,500,100,"bu","13:56:07",2452200
15000,500,200,"bu","13:56:07",2452100
15000,500,100,"bu","13:56:07",2451900
15000,500,100,"bu","13:56:06",2451800
15000,500,100,"bu","13:56:06",2451700
15000,500,2000,"bu","13:56:06",2451600
15000,500,100,"bu","13:56:06",2449600
15000,500,700,"bu","13:56:06",2449500
15000,500,1300,"bu","13:56:06",2448800
15000,500,3000,"bu","13:56:06",2447500
15000,500,500,"bu","13:56:06",2444500
15000,500,500,"bu","13:56:06",2444000
15000,500,3300,"bu","13:56:06",2443500
15000,500,1000,"bu","13:56:06",2440200
15000,500,400,"bu","13:56:06",2439200
15000,500,2000,"bu","13:56:05",2438800
15000,500,400,"bu","13:56:05",2436800
15000,500,100,"bu","13:56:05",2436400
15000,500,100,"bu","13:56:05",2436300
15000,500,400,"bu","13:56:05",2436200
15000,500,2100,"bu","13:56:03",2435800
15000,500,1000,"bu","13:56:03",2433700
15000,500,1000,"bu","13:56:03",2432700
15000,500,500,"bu","13:56:03",2431700
15000,500,100,"bu","13:56:03",2431200
15000,500,25300,"bu","13:56:03",2431100
15000,500,1000,"bu","13:56:02",2405800
15000,500,10000,"bu","13:56:02",2404800
15000,500,4000,"bu","13:56:02",2394800
15000,500,9700,"bu","13:56:00",2390800
15000,500,700,"bu","13:56:00",2381100
15000,500,1000,"bu","13:56:00",2380400
15000,500,300,"bu","13:56:00",2379400
15000,500,500,"bu","13:56:00",2379100
15000,500,1000,"bu","13:56:00",2378600
15000,500,100,"bu","13:56:00",2377600
15000,500,1000,"bu","13:56:00",2377500
15000,500,10000,"bu","13:56:00",2376500
15000,500,7700,"bu","13:56:00",2366500
15000,500,5000,"bu","13:55:59",2358800
15000,500,5000,"bu","13:55:57",2353800
15000,500,2300,"bu","13:55:50",2348800
15000,500,500,"bu","13:55:50",2346500
15000,500,1000,"bu","13:55:50",2346000
15000,500,100,"bu","13:55:50",2345000
15000,500,1100,"bu","13:55:50",2344900
15000,500,3900,"bu","13:55:50",2343800
15000,500,100,"bu","13:55:50",2339900
15000,500,5000,"bu","13:55:50",2339800
15000,500,100,"bu","13:55:50",2334800
15000,500,400,"bu","13:55:50",2334700
15000,500,100,"bu","13:55:50",2334300
15000,500,7400,"bu","13:55:50",2334200
15000,500,400,"bu","13:55:50",2326800
15000,500,900,"bu","13:55:50",2326400
15000,500,500,"bu","13:55:50",2325500
14950,450,100,"bu","13:55:50",2325000
14950,450,1000,"bu","13:55:50",2324900
14950,450,100,"bu","13:55:50",2323900
14950,450,900,"bu","13:55:49",2323800
14950,450,4100,"bu","13:55:49",2322900
14950,450,900,"bu","13:55:49",2318800
14950,450,2000,"bu","13:55:49",2317900
14950,450,1000,"bu","13:55:49",2315900
14950,450,400,"bu","13:55:49",2314900
14950,450,4700,"bu","13:55:49",2314500
14950,450,300,"bu","13:55:49",2309800
14950,450,500,"bu","13:55:49",2309500
14950,450,100,"bu","13:55:49",2309000
14950,450,1100,"bu","13:55:49",2308900
14950,450,500,"bu","13:55:49",2307800
14950,450,500,"bu","13:55:49",2307300
14950,450,1000,"bu","13:55:47",2306800
14950,450,5000,"bu","13:55:47",2305800
14950,450,100,"bu","13:55:47",2300800
14950,450,1000,"bu","13:55:47",2300700
14950,450,500,"bu","13:55:47",2299700
14950,450,2100,"bu","13:55:47",2299200
14950,450,300,"bu","13:55:47",2297100
14950,450,700,"bu","13:55:47",2296800
14950,450,100,"bu","13:55:47",2296100
14950,450,100,"bu","13:55:47",2296000
14950,450,500,"bu","13:55:47",2295900
14950,450,2000,"bu","13:55:47",2295400
14950,450,2000,"bu","13:55:47",2293400
14900,400,1000,"sd","13:55:47",2291400
14950,450,3000,"bu","13:55:47",2290400
14950,450,500,"bu","13:55:47",2287400
14950,450,100,"bu","13:55:47",2286900
14950,450,500,"bu","13:55:47",2286800
14950,450,4000,"bu","13:55:47",2286300
14950,450,500,"bu","13:55:47",2282300
14950,450,1400,"bu","13:55:47",2281800
14950,450,10000,"bu","13:55:46",2280400
14950,450,200,"bu","13:55:46",2270400
14950,450,100,"bu","13:55:46",2270200
14950,450,200,"bu","13:55:46",2270100
14950,450,100,"bu","13:55:46",2269900
14950,450,1000,"bu","13:55:46",2269800
14950,450,200,"bu","13:55:46",2268800
14950,450,400,"bu","13:55:46",2268600
14950,450,100,"bu","13:55:46",2268200
14950,450,600,"bu","13:55:46",2268100
14950,450,1500,"bu","13:55:46",2267500
14950,450,2000,"bu","13:55:46",2266000
14950,450,100,"bu","13:55:46",2264000
14950,450,500,"bu","13:55:46",2263900
14950,450,3500,"bu","13:55:46",2263400
14950,450,100,"bu","13:55:46",2259900
14950,450,4400,"bu","13:55:46",2259800
14950,450,5000,"bu","13:55:45",2255400
14900,400,100,"sd","13:55:37",2250400
14900,400,100,"sd","13:55:20",2250300
14950,450,100,"bu","13:55:14",2250200
14950,450,500,"bu","13:54:54",2250100
14950,450,5000,"bu","13:54:54",2249600
14950,450,200,"bu","13:54:54",2244600
14950,450,1000,"bu","13:54:54",2244400
14950,450,1300,"bu","13:54:54",2243400
14900,400,1400,"sd","13:54:53",2242100
14900,400,100,"sd","13:54:48",2240700
14900,400,100,"sd","13:54:48",2240600
14950,450,1000,"bu","13:54:40",2240500
14900,400,300,"sd","13:54:00",2239500
14900,400,1700,"sd","13:54:00",2239200
14900,400,7600,"sd","13:53:51",2237500
14900,400,100,"sd","13:53:25",2229900
14900,400,500,"sd","13:53:22",2229800
14900,400,100,"sd","13:53:14",2229300
14900,400,200,"sd","13:53:02",2229200
14900,400,100,"sd","13:53:00",2229000
14950,450,1500,"bu","13:53:00",2228900
14900,400,500,"sd","13:52:51",2227400
14900,400,100,"bu","13:52:46",2226900
14900,400,1000,"bu","13:52:46",2226800
14900,400,400,"bu","13:52:46",2225800
14900,400,2000,"bu","13:52:46",2225400
14900,400,100,"bu","13:52:46",2223400
14900,400,5600,"bu","13:52:46",2223300
14900,400,2000,"bu","13:52:33",2217700
14900,400,2000,"bu","13:52:25",2215700
14850,350,100,"sd","13:52:25",2213700
14900,400,800,"sd","13:52:23",2213600
14900,400,100,"sd","13:52:23",2212800
14900,400,500,"sd","13:52:23",2212700
14900,400,100,"sd","13:52:23",2212200
14900,400,2000,"sd","13:52:23",2212100
14900,400,100,"sd","13:52:23",2210100
14900,400,800,"sd","13:52:23",2210000
14900,400,100,"sd","13:52:18",2209200
14900,400,2000,"sd","13:52:18",2209100
14900,400,100,"sd","13:52:18",2207100
14900,400,200,"sd","13:52:18",2207000
14900,400,200,"sd","13:52:18",2206800
14900,400,1000,"sd","13:52:18",2206600
14900,400,200,"sd","13:52:18",2205600
14900,400,6200,"sd","13:52:18",2205400
14900,400,100,"sd","13:52:07",2199200
14900,400,1000,"sd","13:52:05",2199100
14900,400,100,"sd","13:51:33",2198100
14900,400,8000,"sd","13:51:06",2198000
14950,450,300,"bu","13:51:02",2190000
14950,450,2700,"bu","13:51:01",2189700
14950,450,2500,"bu","13:51:01",2187000
14950,450,100,"bu","13:51:01",2184500
14950,450,100,"bu","13:51:01",2184400
14950,450,3000,"bu","13:51:01",2184300
14950,450,200,"bu","13:51:01",2181300
14950,450,700,"bu","13:50:56",2181100
14900,400,400,"sd","13:50:29",2180400
14950,450,100,"bu","13:50:25",2180000
14900,400,2000,"sd","13:50:17",2179900
14900,400,100,"bu","13:50:16",2177900
14900,400,2100,"bu","13:50:16",2177800
14850,350,2400,"sd","13:50:11",2175700
14850,350,100,"sd","13:50:11",2173300
14900,400,2900,"bu","13:50:11",2173200
14900,400,100,"bu","13:50:10",2170300
14900,400,300,"bu","13:50:10",2170200
14900,400,1500,"bu","13:50:10",2169900
14900,400,200,"bu","13:50:10",2168400
14900,400,1200,"bu","13:50:10",2168200
14900,400,1200,"bu","13:50:10",2167000
14900,400,100,"bu","13:50:10",2165800
14900,400,2000,"bu","13:50:10",2165700
14900,400,500,"bu","13:50:10",2163700
14900,400,500,"bu","13:50:09",2163200
14900,400,3000,"bu","13:50:09",2162700
14900,400,800,"bu","13:50:09",2159700
14900,400,100,"bu","13:50:09",2158900
14900,400,2000,"bu","13:50:09",2158800
14900,400,100,"bu","13:50:09",2156800
14900,400,3500,"bu","13:50:09",2156700
14900,400,500,"bu","13:50:08",2153200
14900,400,6000,"bu","13:50:06",2152700
14900,400,1000,"bu","13:50:06",2146700
14900,400,100,"bu","13:50:06",2145700
14900,400,1800,"bu","13:50:06",2145600
14900,400,500,"bu","13:50:03",2143800
14900,400,2000,"bu","13:50:03",2143300
14900,400,500,"bu","13:50:03",2141300
14900,400,100,"bu","13:50:03",2140800
14900,400,200,"bu","13:50:03",2140700
14900,400,1000,"bu","13:50:03",2140500
14900,400,4200,"bu","13:50:03",2139500
14900,400,1000,"bu","13:50:03",2135300
14900,400,100,"bu","13:50:03",2134300
14900,400,10000,"bu","13:50:03",2134200
14900,400,1000,"bu","13:50:03",2124200
14900,400,5000,"bu","13:50:03",2123200
14900,400,500,"bu","13:50:03",2118200
14900,400,300,"bu","13:50:03",2117700
14900,400,3000,"bu","13:50:03",2117400
14900,400,1000,"bu","13:50:03",2114400
14900,400,3000,"bu","13:50:03",2113400
14900,400,500,"bu","13:50:03",2110400
14900,400,200,"bu","13:50:03",2109900
14900,400,3000,"bu","13:50:03",2109700
14900,400,100,"bu","13:50:03",2106700
14900,400,50000,"bu","13:50:03",2106600
14900,400,1000,"bu","13:50:03",2056600
14900,400,500,"bu","13:50:03",2055600
14900,400,500,"bu","13:50:03",2055100
14900,400,10000,"bu","13:50:03",2054600
14900,400,800,"bu","13:50:03",2044600
14900,400,200,"bu","13:49:48",2043800
14900,400,100,"bu","13:49:48",2043600
14900,400,100,"bu","13:49:48",2043500
14900,400,500,"bu","13:49:48",2043400
14900,400,100,"bu","13:49:48",2042900
14900,400,500,"bu","13:49:48",2042800
14900,400,7300,"bu","13:49:48",2042300
14900,400,100,"bu","13:49:44",2035000
14900,400,300,"bu","13:49:28",2034900
14850,350,100,"sd","13:49:26",2034600
14850,350,400,"sd","13:49:26",2034500
14850,350,100,"sd","13:49:19",2034100
14850,350,2400,"sd","13:49:19",2034000
14900,400,200,"bu","13:49:08",2031600
14900,400,600,"bu","13:48:40",2031400
14850,350,1000,"sd","13:48:40",2030800
14900,400,300,"bu","13:48:38",2029800
14850,350,400,"sd","13:48:37",2029500
14900,400,300,"bu","13:48:18",2029100
14850,350,2000,"sd","13:48:17",2028800
14850,350,1000,"sd","13:48:16",2026800
14850,350,20000,"sd","13:48:11",2025800
14900,400,300,"bu","13:48:08",2005800
14900,400,300,"bu","13:47:57",2005500
14900,400,300,"bu","13:47:50",2005200
14850,350,3600,"sd","13:47:37",2004900
14850,350,1000,"sd","13:47:34",2001300
14850,350,500,"sd","13:47:22",2000300
14850,350,500,"bu","13:47:21",1999800
14850,350,200,"bu","13:47:21",1999300
14850,350,600,"bu","13:47:21",1999100
14850,350,500,"bu","13:47:21",1998500
14850,350,100,"bu","13:47:21",1998000
14850,350,200,"bu","13:47:21",1997900
14850,350,1700,"bu","13:47:21",1997700
14850,350,500,"bu","13:47:21",1996000
14850,350,2000,"bu","13:47:21",1995500
14850,350,200,"bu","13:47:21",1993500
14850,350,2000,"bu","13:47:21",1993300
14850,350,2000,"bu","13:47:21",1991300
14850,350,2000,"bu","13:47:21",1989300
14850,350,200,"bu","13:47:21",1987300
14850,350,200,"bu","13:47:21",1987100
14850,350,1000,"bu","13:47:21",1986900
14850,350,100,"bu","13:47:21",1985900
14850,350,1000,"bu","13:47:21",1985800
14850,350,200,"bu","13:47:21",1984800
14850,350,100,"bu","13:47:21",1984600
14850,350,2800,"bu","13:47:21",1984500
14800,300,2700,"sd","13:47:14",1981700
14800,300,1000,"sd","13:47:14",1979000
14800,300,100,"sd","13:47:14",1978000
14800,300,1200,"sd","13:47:14",1977900
14800,300,300,"sd","13:47:03",1976700
14800,300,600,"sd","13:46:51",1976400
14800,300,300,"sd","13:46:48",1975800
14800,300,100,"sd","13:45:50",1975500
14800,300,500,"sd","13:45:14",1975400
14800,300,800,"sd","13:45:01",1974900
14800,300,100,"sd","13:45:00",1974100
14800,300,500,"sd","13:43:57",1974000
14800,300,100,"sd","13:43:56",1973500
14800,300,2000,"sd","13:43:25",1973400
14800,300,100,"bu","13:42:52",1971400
14800,300,3400,"bu","13:42:52",1971300
14800,300,1100,"bu","13:42:50",1967900
14800,300,500,"bu","13:42:50",1966800
14800,300,100,"bu","13:42:50",1966300
14800,300,1000,"bu","13:42:50",1966200
14800,300,300,"bu","13:42:50",1965200
14800,300,3000,"sd","13:42:33",1964900
14800,300,500,"sd","13:42:33",1961900
14800,300,3000,"sd","13:42:33",1961400
14800,300,2200,"sd","13:42:33",1958400
14800,300,200,"sd","13:42:32",1956200
14800,300,400,"sd","13:42:29",1956000
14800,300,2200,"sd","13:42:21",1955600
14800,300,800,"sd","13:42:21",1953400
14800,300,1000,"sd","13:42:08",1952600
14800,300,200,"sd","13:42:06",1951600
14800,300,200,"sd","13:42:06",1951400
14800,300,200,"sd","13:42:06",1951200
14800,300,1000,"sd","13:42:06",1951000
14800,300,100,"sd","13:42:06",1950000
14800,300,2500,"sd","13:42:06",1949900
14800,300,800,"sd","13:42:06",1947400
14800,300,100,"sd","13:41:53",1946600
14800,300,3000,"sd","13:41:45",1946500
14800,300,1000,"sd","13:41:42",1943500
14800,300,2000,"sd","13:41:26",1942500
14800,300,1500,"sd","13:41:19",1940500
14800,300,700,"sd","13:41:03",1939000
14800,300,400,"sd","13:40:58",1938300
14800,300,500,"sd","13:40:34",1937900
14850,350,100,"bu","13:39:33",1937400
14850,350,2000,"bu","13:38:55",1937300
14850,350,1000,"bu","13:38:51",1935300
14850,350,100,"bu","13:38:43",1934300
14850,350,4000,"bu","13:38:37",1934200
14850,350,1000,"bu","13:38:37",1930200
14850,350,1000,"bu","13:38:37",1929200
14850,350,19000,"bu","13:38:37",1928200
14850,350,200,"bu","13:37:52",1909200
14850,350,200,"bu","13:37:45",1909000
14850,350,10600,"bu","13:37:22",1908800
14850,350,100,"bu","13:37:22",1898200
14850,350,100,"bu","13:37:22",1898100
14850,350,5000,"bu","13:37:22",1898000
14850,350,200,"bu","13:37:22",1893000
14800,300,1000,"bu","13:37:22",1892800
14800,300,2900,"bu","13:37:22",1891800
14800,300,100,"bu","13:37:22",1888900
14800,300,100,"bu","13:37:19",1888800
14800,300,300,"bu","13:37:17",1888700
14800,300,100,"bu","13:37:17",1888400
14800,300,1000,"bu","13:37:17",1888300
14800,300,1000,"bu","13:37:17",1887300
14800,300,100,"bu","13:37:17",1886300
14800,300,200,"bu","13:37:17",1886200
14800,300,200,"bu","13:37:17",1886000
14800,300,1100,"bu","13:37:17",1885800
14800,300,500,"bu","13:37:06",1884700
14800,300,8400,"bu","13:36:45",1884200
14800,300,1600,"bu","13:36:45",1875800
14800,300,300,"bu","13:36:38",1874200
14800,300,300,"bu","13:36:27",1873900
14800,300,100,"bu","13:36:08",1873600
14800,300,700,"bu","13:35:57",1873500
14800,300,300,"bu","13:35:55",1872800
14800,300,300,"bu","13:35:40",1872500
14800,300,4000,"bu","13:35:39",1872200
14800,300,3500,"bu","13:35:35",1868200
14800,300,300,"bu","13:34:45",1864700
14800,300,200,"bu","13:34:37",1864400
14750,250,20000,"sd","13:34:37",1864200
14800,300,200,"bu","13:32:45",1844200
14800,300,400,"bu","13:32:17",1844000
14800,300,3800,"sd","13:31:19",1843600
14800,300,1200,"sd","13:31:18",1839800
14800,300,1000,"sd","13:31:18",1838600
14800,300,100,"sd","13:31:18",1837600
14800,300,100,"sd","13:31:18",1837500
14800,300,200,"sd","13:31:18",1837400
14800,300,400,"sd","13:31:18",1837200
14800,300,100,"sd","13:30:31",1836800
14800,300,500,"sd","13:30:22",1836700
14800,300,500,"sd","13:29:38",1836200
14800,300,100,"sd","13:29:37",1835700
14800,300,500,"sd","13:29:20",1835600
14800,300,3000,"bu","13:29:17",1835100
14800,300,100,"bu","13:29:17",1832100
14800,300,500,"bu","13:29:17",1832000
14800,300,500,"bu","13:29:17",1831500
14800,300,500,"bu","13:29:17",1831000
14800,300,100,"bu","13:28:19",1830500
14800,300,600,"bu","13:28:08",1830400
14800,300,100,"bu","13:27:40",1829800
14750,250,300,"sd","13:27:32",1829700
14800,300,3000,"bu","13:27:29",1829400
14800,300,200,"bu","13:27:27",1826400
14800,300,600,"bu","13:27:20",1826200
14800,300,1000,"bu","13:27:13",1825600
14800,300,3500,"sd","13:27:12",1824600
14800,300,5000,"sd","13:27:12",1821100
14800,300,5400,"sd","13:27:12",1816100
14800,300,100,"sd","13:26:51",1810700
14800,300,1000,"sd","13:26:36",1810600
14800,300,200,"sd","13:26:32",1809600
14800,300,3300,"sd","13:26:04",1809400
14800,300,300,"sd","13:26:04",1806100
14800,300,2000,"sd","13:26:04",1805800
14800,300,100,"sd","13:26:04",1803800
14800,300,200,"sd","13:26:04",1803700
14800,300,1000,"sd","13:26:04",1803500
14800,300,100,"sd","13:26:04",1802500
14800,300,1000,"sd","13:25:22",1802400
14800,300,100,"sd","13:25:22",1801400
14800,300,100,"sd","13:25:22",1801300
14800,300,100,"sd","13:25:22",1801200
14800,300,300,"sd","13:25:22",1801100
14800,300,400,"sd","13:25:22",1800800
14800,300,9600,"sd","13:24:33",1800400
14800,300,10000,"sd","13:24:33",1790800
14800,300,200,"sd","13:24:33",1780800
14800,300,200,"sd","13:24:33",1780600
14850,350,100,"bu","13:23:36",1780400
14800,300,1000,"sd","13:22:58",1780300
14800,300,200,"sd","13:22:29",1779300
14800,300,18600,"bu","13:21:49",1779100
14800,300,1100,"bu","13:21:44",1760500
14800,300,100,"bu","13:21:35",1759400
14800,300,1500,"bu","13:21:25",1759300
14800,300,200,"bu","13:21:23",1757800
14800,300,5500,"bu","13:21:23",1757600
14800,300,100,"bu","13:21:23",1752100
14800,300,200,"bu","13:21:23",1752000
14800,300,60000,"bu","13:21:23",1751800
14800,300,5000,"bu","13:21:23",1691800
14800,300,5000,"bu","13:21:23",1686800
14800,300,100,"bu","13:21:23",1681800
14800,300,5000,"bu","13:21:23",1681700
14800,300,200,"bu","13:21:23",1676700
14800,300,1100,"bu","13:21:23",1676500
14800,300,200,"bu","13:21:23",1675400
14800,300,3000,"bu","13:21:23",1675200
14800,300,3000,"bu","13:21:23",1672200
14800,300,300,"bu","13:21:23",1669200
14800,300,500,"sd","13:21:23",1668900
14850,350,1000,"sd","13:21:23",1668400
14800,300,5000,"sd","13:21:23",1667400
14850,350,300,"sd","13:21:23",1662400
14800,300,500,"sd","13:21:23",1662100
14850,350,2000,"sd","13:21:23",1661600
14800,300,100,"sd","13:21:23",1659600
14850,350,2200,"sd","13:21:23",1659500
14800,300,600,"sd","13:21:23",1657300
14850,350,2000,"sd","13:21:23",1656700
14850,350,100,"sd","13:21:23",1654700
14850,350,300,"sd","13:21:20",1654600
14850,350,200,"sd","13:21:20",1654300
14850,350,500,"sd","13:21:19",1654100
14850,350,900,"sd","13:20:59",1653600
14850,350,100,"sd","13:20:59",1652700
14850,350,200,"sd","13:20:44",1652600
14850,350,200,"sd","13:20:44",1652400
14850,350,100,"bu","13:20:42",1652200
14800,300,300,"sd","13:20:40",1652100
14800,300,100,"sd","13:20:01",1651800
14800,300,1000,"sd","13:20:01",1651700
14800,300,200,"sd","13:20:01",1650700
14800,300,500,"sd","13:20:01",1650500
14800,300,100,"sd","13:20:01",1650000
14800,300,800,"sd","13:20:01",1649900
14800,300,2000,"sd","13:19:47",1649100
14800,300,300,"sd","13:19:46",1647100
14800,300,200,"sd","13:19:39",1646800
14800,300,3000,"sd","13:19:29",1646600
14800,300,500,"sd","13:19:29",1643600
14800,300,2000,"sd","13:19:26",1643100
14800,300,6200,"sd","13:19:23",1641100
14800,300,13800,"sd","13:19:23",1634900
14800,300,10000,"sd","13:19:22",1621100
14800,300,300,"sd","13:19:13",1611100
14800,300,500,"sd","13:19:09",1610800
14800,300,10000,"sd","13:19:00",1610300
14800,300,300,"sd","13:18:45",1600300
14800,300,7500,"sd","13:18:42",1600000
14800,300,2500,"sd","13:18:42",1592500
14800,300,600,"sd","13:18:27",1590000
14850,350,100,"bu","13:18:18",1589400
14850,350,1000,"bu","13:18:11",1589300
14850,350,100,"bu","13:18:11",1588300
14850,350,300,"bu","13:18:05",1588200
14850,350,500,"bu","13:18:01",1587900
14850,350,3000,"bu","13:17:56",1587400
14850,350,5000,"sd","13:17:56",1584400
14850,350,10000,"sd","13:17:56",1579400
14850,350,100,"sd","13:17:56",1569400
14850,350,300,"sd","13:17:56",1569300
14850,350,1000,"sd","13:17:56",1569000
14850,350,5000,"sd","13:17:56",1568000
14850,350,100,"sd","13:17:56",1563000
14850,350,500,"sd","13:17:56",1562900
14850,350,1000,"sd","13:17:56",1562400
14850,350,2400,"sd","13:17:56",1561400
14850,350,1000,"sd","13:17:56",1559000
14850,350,500,"sd","13:17:56",1558000
14850,350,100,"sd","13:17:56",1557500
14850,350,500,"sd","13:17:56",1557400
14850,350,4000,"sd","13:17:56",1556900
14850,350,1000,"sd","13:17:56",1552900
14850,350,5000,"sd","13:17:56",1551900
14850,350,5000,"sd","13:17:56",1546900
14850,350,2400,"sd","13:17:56",1541900
14850,350,5000,"sd","13:17:56",1539500
14850,350,2000,"sd","13:17:56",1534500
14850,350,1500,"sd","13:17:56",1532500
14850,350,200,"sd","13:17:56",1531000
14850,350,4900,"sd","13:17:56",1530800
14850,350,2900,"sd","13:17:56",1525900
14850,350,2000,"sd","13:17:56",1523000
14900,400,100,"sd","13:17:56",1521000
14850,350,200,"sd","13:17:56",1520900
14900,400,500,"sd","13:17:56",1520700
14900,400,6300,"sd","13:17:56",1520200
14900,400,100,"sd","13:17:55",1513900
14900,400,300,"sd","13:17:49",1513800
14900,400,1200,"bu","13:17:47",1513500
14900,400,300,"bu","13:17:47",1512300
14900,400,500,"bu","13:17:47",1512000
14900,400,1300,"bu","13:17:47",1511500
14850,350,300,"sd","13:17:47",1510200
14900,400,700,"bu","13:17:44",1509900
14900,400,3000,"bu","13:17:44",1509200
14900,400,2000,"bu","13:17:44",1506200
14900,400,4300,"bu","13:17:44",1504200
14900,400,900,"bu","13:17:43",1499900
14900,400,1500,"bu","13:17:36",1499000
14900,400,300,"bu","13:17:33",1497500
14900,400,1000,"bu","13:17:24",1497200
14900,400,2000,"bu","13:17:23",1496200
14900,400,8000,"bu","13:17:23",1494200
14900,400,2000,"bu","13:17:15",1486200
14900,400,400,"bu","13:17:15",1484200
14900,400,100,"bu","13:17:15",1483800
14900,400,2000,"bu","13:17:15",1483700
14900,400,100,"bu","13:17:15",1481700
14900,400,100,"bu","13:17:15",1481600
14900,400,2000,"bu","13:17:15",1481500
14900,400,3300,"bu","13:17:15",1479500
14900,400,1000,"bu","13:17:15",1476200
14900,400,700,"bu","13:17:15",1475200
14900,400,100,"bu","13:17:15",1474500
14900,400,200,"bu","13:17:15",1474400
14900,400,500,"bu","13:17:15",1474200
14900,400,200,"bu","13:17:15",1473700
14900,400,500,"bu","13:17:15",1473500
14900,400,500,"bu","13:17:15",1473000
14900,400,2000,"bu","13:17:15",1472500
14900,400,300,"bu","13:17:15",1470500
14900,400,200,"bu","13:17:13",1470200
14900,400,400,"bu","13:17:13",1470000
14900,400,500,"bu","13:17:13",1469600
14900,400,100,"bu","13:17:13",1469100
14900,400,100,"bu","13:17:13",1469000
14900,400,500,"bu","13:17:13",1468900
14900,400,200,"bu","13:17:13",1468400
14900,400,1500,"bu","13:17:13",1468200
14900,400,800,"bu","13:17:13",1466700
14900,400,100,"bu","13:17:13",1465900
14900,400,300,"bu","13:17:13",1465800
14900,400,1000,"bu","13:17:13",1465500
14900,400,600,"bu","13:17:13",1464500
14900,400,500,"bu","13:17:13",1463900
14900,400,500,"bu","13:17:13",1463400
14900,400,100,"bu","13:17:13",1462900
14900,400,2600,"bu","13:17:13",1462800
14900,400,400,"bu","13:17:09",1460200
14900,400,200,"bu","13:17:09",1459800
14900,400,500,"bu","13:17:09",1459600
14900,400,100,"bu","13:17:09",1459100
14900,400,100,"bu","13:17:09",1459000
14900,400,500,"bu","13:17:09",1458900
14900,400,200,"bu","13:17:09",1458400
14900,400,2000,"bu","13:17:04",1458200
14900,400,2000,"bu","13:17:04",1456200
14900,400,3600,"bu","13:17:04",1454200
14900,400,1000,"bu","13:16:57",1450600
14850,350,300,"sd","13:16:56",1449600
14900,400,5000,"bu","13:16:55",1449300
14900,400,400,"bu","13:16:54",1444300
14900,400,100,"bu","13:16:54",1443900
14900,400,800,"bu","13:16:54",1443800
14900,400,100,"bu","13:16:54",1443000
14900,400,100,"bu","13:16:54",1442900
14900,400,100,"bu","13:16:54",1442800
14900,400,200,"bu","13:16:54",1442700
14900,400,1000,"bu","13:16:54",1442500
14900,400,500,"bu","13:16:54",1441500
14900,400,1000,"bu","13:16:54",1441000
14900,400,500,"bu","13:16:54",1440000
14900,400,1000,"bu","13:16:54",1439500
14900,400,500,"bu","13:16:54",1438500
14900,400,5000,"bu","13:16:54",1438000
14900,400,1100,"bu","13:16:54",1433000
14900,400,100,"bu","13:16:54",1431900
14900,400,200,"bu","13:16:54",1431800
14900,400,1000,"bu","13:16:54",1431600
14900,400,600,"bu","13:16:47",1430600
14900,400,100,"bu","13:16:46",1430000
14900,400,100,"bu","13:16:46",1429900
14900,400,300,"bu","13:16:46",1429800
14900,400,2000,"bu","13:16:43",1429500
14900,400,4000,"bu","13:16:43",1427500
14900,400,500,"bu","13:16:42",1423500
14900,400,9500,"bu","13:16:32",1423000
14900,400,100,"bu","13:16:32",1413500
14900,400,400,"bu","13:16:32",1413400
14900,400,9600,"bu","13:16:21",1413000
14900,400,200,"bu","13:16:21",1403400
14900,400,100,"bu","13:16:21",1403200
14900,400,100,"bu","13:16:21",1403100
14850,350,300,"sd","13:15:58",1403000
14900,400,100,"bu","13:15:54",1402700
14900,400,100,"bu","13:15:42",1402600
14850,350,300,"sd","13:15:00",1402500
14900,400,1000,"bu","13:14:48",1402200
14900,400,3700,"bu","13:13:34",1401200
14900,400,6300,"bu","13:13:34",1397500
14850,350,100,"sd","13:13:25",1391200
14850,350,300,"sd","13:13:06",1391100
14850,350,100,"sd","13:12:50",1390800
14900,400,300,"bu","13:12:20",1390700
14900,400,10000,"bu","13:12:18",1390400
14850,350,200,"sd","13:12:15",1380400
14900,400,200,"bu","13:12:13",1380200
14900,400,3200,"bu","13:11:56",1380000
14900,400,100,"bu","13:11:56",1376800
14900,400,500,"bu","13:11:56",1376700
14900,400,200,"bu","13:11:56",1376200
14900,400,200,"bu","13:11:56",1376000
14900,400,800,"bu","13:11:56",1375800
14850,350,200,"sd","13:10:50",1375000
14850,350,1000,"sd","13:10:40",1374800
14850,350,2000,"sd","13:10:40",1373800
14850,350,2000,"sd","13:10:40",1371800
14850,350,200,"sd","13:09:11",1369800
14850,350,1700,"sd","13:09:10",1369600
14850,350,300,"sd","13:09:10",1367900
14850,350,100,"sd","13:08:41",1367600
14850,350,100,"sd","13:08:41",1367500
14850,350,1900,"sd","13:08:31",1367400
14850,350,100,"sd","13:08:31",1365500
14850,350,200,"sd","13:08:22",1365400
14850,350,600,"sd","13:08:10",1365200
14850,350,200,"sd","13:08:10",1364600
14850,350,200,"sd","13:08:10",1364400
14850,350,100,"sd","13:07:55",1364200
14850,350,1900,"sd","13:07:55",1364100
14850,350,4000,"bu","13:07:28",1362200
14850,350,500,"bu","13:07:28",1358200
14850,350,200,"bu","13:07:28",1357700
14850,350,500,"bu","13:07:28",1357500
14850,350,400,"bu","13:07:28",1357000
14850,350,100,"bu","13:07:28",1356600
14850,350,2400,"bu","13:07:28",1356500
14850,350,1000,"bu","13:07:20",1354100
14850,350,200,"bu","13:07:19",1353100
14850,350,1000,"bu","13:07:13",1352900
14850,350,400,"bu","13:07:10",1351900
14850,350,500,"bu","13:07:10",1351500
14850,350,200,"bu","13:07:10",1351000
14850,350,100,"bu","13:07:10",1350800
14850,350,100,"bu","13:07:10",1350700
14850,350,600,"bu","13:07:10",1350600
14850,350,100,"bu","13:07:10",1350000
14850,350,400,"bu","13:06:50",1349900
14850,350,100,"bu","13:06:47",1349500
14850,350,100,"bu","13:06:47",1349400
14850,350,400,"bu","13:06:47",1349300
14850,350,100,"bu","13:06:47",1348900
14850,350,500,"bu","13:06:07",1348800
14850,350,400,"bu","13:06:03",1348300
14850,350,1000,"bu","13:05:55",1347900
14850,350,300,"bu","13:05:53",1346900
14850,350,300,"bu","13:05:53",1346600
14850,350,1000,"bu","13:05:17",1346300
14850,350,700,"bu","13:05:15",1345300
14850,350,1300,"bu","13:05:15",1344600
14850,350,2000,"bu","13:05:09",1343300
14850,350,5000,"bu","13:05:04",1341300
14850,350,300,"bu","13:04:54",1336300
14850,350,400,"bu","13:04:44",1336000
14850,350,1000,"bu","13:04:30",1335600
14850,350,300,"bu","13:04:30",1334600
14850,350,1000,"sd","13:04:24",1334300
14850,350,10000,"sd","13:04:24",1333300
14850,350,3700,"sd","13:04:24",1323300
14850,350,1000,"sd","13:04:05",1319600
14850,350,200,"sd","13:04:05",1318600
14850,350,100,"bu","13:04:00",1318400
14850,350,3000,"bu","13:04:00",1318300
14850,350,100,"bu","13:04:00",1315300
14850,350,500,"bu","13:04:00",1315200
14850,350,100,"bu","13:04:00",1314700
14850,350,2000,"bu","13:04:00",1314600
14850,350,1000,"bu","13:04:00",1312600
14850,350,100,"bu","13:04:00",1311600
14850,350,8200,"bu","13:04:00",1311500
14850,350,1800,"bu","13:03:44",1303300
14850,350,200,"bu","13:03:44",1301500
14850,350,100,"bu","13:03:42",1301300
14850,350,4700,"bu","13:02:27",1301200
14850,350,500,"bu","13:02:27",1296500
14850,350,500,"bu","13:02:05",1296000
14850,350,200,"sd","13:01:08",1295500
14850,350,300,"bu","13:01:07",1295300
14850,350,500,"bu","13:01:07",1295000
14850,350,300,"bu","13:01:07",1294500
14850,350,1000,"bu","13:01:07",1294200
14850,350,100,"bu","13:01:07",1293200
14850,350,100,"bu","13:01:07",1293100
14850,350,3000,"bu","13:01:07",1293000
14850,350,1300,"bu","13:01:07",1290000
14850,350,500,"bu","13:01:07",1288700
14850,350,500,"bu","13:01:07",1288200
14850,350,200,"bu","13:01:07",1287700
14850,350,100,"bu","13:01:07",1287500
14850,350,100,"bu","13:01:07",1287400
14850,350,200,"bu","13:01:07",1287300
14850,350,100,"bu","13:01:07",1287100
14850,350,9800,"bu","13:01:07",1287000
14850,350,200,"bu","13:01:07",1277200
14850,350,3000,"bu","13:01:07",1277000
14850,350,500,"bu","13:01:07",1274000
14850,350,1000,"bu","13:01:07",1273500
14850,350,2000,"bu","13:01:07",1272500
14850,350,500,"bu","13:01:07",1270500
14850,350,1000,"bu","13:01:07",1270000
14850,350,2000,"bu","13:01:07",1269000
14850,350,1500,"bu","13:01:07",1267000
14850,350,2000,"bu","13:01:07",1265500
14850,350,100,"bu","13:01:07",1263500
14850,350,5000,"bu","13:01:07",1263400
14850,350,100,"bu","13:01:07",1258400
14850,350,2000,"bu","13:01:07",1258300
14850,350,100,"bu","13:01:07",1256300
14850,350,3000,"bu","13:01:07",1256200
14850,350,200,"bu","13:01:07",1253200
14850,350,1000,"bu","13:01:07",1253000
14850,350,100,"bu","13:01:07",1252000
14850,350,100,"bu","13:01:07",1251900
14850,350,500,"bu","13:01:07",1251800
14850,350,200,"bu","13:01:07",1251300
14850,350,500,"bu","13:01:07",1251100
14850,350,2200,"bu","13:01:07",1250600
14850,350,200,"bu","13:01:07",1248400
14850,350,500,"bu","13:01:07",1248200
14850,350,9800,"bu","13:01:07",1247700
14800,300,500,"sd","13:01:06",1237900
14800,300,1500,"bu","13:01:01",1237400
14800,300,100,"bu","13:01:01",1235900
14800,300,1600,"bu","13:01:01",1235800
14800,300,500,"bu","13:01:01",1234200
14800,300,300,"bu","13:01:01",1233700
14800,300,1000,"bu","13:01:01",1233400
14800,300,600,"bu","13:01:01",1232400
14800,300,800,"bu","13:01:01",1231800
14800,300,1000,"bu","13:00:56",1231000
14800,300,200,"bu","13:00:56",1230000
14800,300,6100,"bu","13:00:56",1229800
14800,300,300,"bu","13:00:56",1223700
14800,300,400,"bu","13:00:56",1223400
14800,300,500,"bu","13:00:56",1223000
14800,300,100,"bu","13:00:56",1222500
14800,300,1400,"bu","13:00:56",1222400
14800,300,400,"bu","13:00:53",1221000
14800,300,3800,"bu","13:00:47",1220600
14800,300,2000,"bu","13:00:32",1216800
14800,300,2400,"bu","13:00:22",1214800
14800,300,3000,"bu","13:00:22",1212400
14800,300,2000,"bu","13:00:22",1209400
14800,300,100,"bu","13:00:22",1207400
14800,300,1000,"bu","13:00:22",1207300
14800,300,300,"bu","13:00:22",1206300
14800,300,100,"bu","13:00:22",1206000
14800,300,500,"bu","13:00:22",1205900
14800,300,100,"bu","13:00:22",1205400
14800,300,500,"bu","13:00:22",1205300
14800,300,2000,"bu","13:00:16",1204800
14800,300,100,"bu","13:00:08",1202800
14800,300,900,"bu","13:00:08",1202700
14750,250,100,"sd","13:00:08",1201800
14800,300,500,"bu","13:00:08",1201700
14800,300,700,"bu","13:00:08",1201200
14800,300,500,"bu","13:00:08",1200500
14800,300,2000,"bu","13:00:07",1200000
14800,300,1300,"bu","13:00:06",1198000
14750,250,1000,"sd","13:00:05",1196700
14800,300,5000,"bu","13:00:03",1195700
14800,300,100,"bu","13:00:02",1190700
14750,250,200,"sd","13:00:01",1190600
14750,250,300,"sd","11:29:21",1190400
14750,250,2000,"sd","11:29:08",1190100
14800,300,2500,"bu","11:28:57",1188100
14800,300,2000,"bu","11:28:34",1185600
14800,300,1000,"bu","11:28:26",1183600
14800,300,100,"bu","11:28:10",1182600
14800,300,400,"bu","11:26:40",1182500
14800,300,100,"bu","11:26:40",1182100
14800,300,300,"bu","11:26:40",1182000
14800,300,200,"bu","11:26:40",1181700
14800,300,400,"bu","11:26:38",1181500
14800,300,300,"bu","11:26:10",1181100
14800,300,1000,"bu","11:24:42",1180800
14750,250,2000,"sd","11:24:26",1179800
14800,300,1000,"bu","11:24:18",1177800
14750,250,300,"sd","11:22:32",1176800
14750,250,500,"sd","11:21:13",1176500
14800,300,300,"bu","11:20:44",1176000
14800,300,100,"bu","11:20:44",1175700
14800,300,1600,"bu","11:20:44",1175600
14800,300,1000,"bu","11:19:55",1174000
14800,300,400,"bu","11:19:40",1173000
14800,300,200,"bu","11:19:05",1172600
14800,300,500,"bu","11:17:10",1172400
14800,300,800,"bu","11:17:05",1171900
14800,300,500,"bu","11:17:02",1171100
14800,300,500,"bu","11:16:56",1170600
14750,250,300,"sd","11:16:52",1170100
14800,300,100,"bu","11:16:50",1169800
14800,300,400,"bu","11:16:47",1169700
14800,300,1200,"bu","11:16:47",1169300
14800,300,1700,"bu","11:16:47",1168100
14800,300,1200,"bu","11:16:10",1166400
14800,300,100,"bu","11:16:10",1165200
14800,300,1700,"bu","11:16:10",1165100
14800,300,100,"bu","11:16:03",1163400
14800,300,100,"bu","11:15:17",1163300
14750,250,2100,"sd","11:13:49",1163200
14750,250,200,"sd","11:13:06",1161100
14750,250,900,"sd","11:13:02",1160900
14750,250,600,"sd","11:13:02",1160000
14750,250,800,"sd","11:12:27",1159400
14750,250,700,"sd","11:12:03",1158600
14750,250,700,"sd","11:11:05",1157900
14750,250,300,"sd","11:10:16",1157200
14750,250,100,"sd","11:09:52",1156900
14750,250,100,"sd","11:09:49",1156800
14750,250,200,"sd","11:09:49",1156700
14750,250,500,"sd","11:09:49",1156500
14750,250,200,"sd","11:09:49",1156000
14750,250,100,"sd","11:09:49",1155800
14750,250,500,"sd","11:09:49",1155700
14750,250,3500,"sd","11:09:49",1155200
14750,250,100,"sd","11:08:44",1151700
14800,300,1000,"bu","11:08:37",1151600
14750,250,300,"sd","11:05:24",1150600
14800,300,2200,"bu","11:05:20",1150300
14800,300,4500,"bu","11:05:08",1148100
14800,300,200,"bu","11:03:46",1143600
14750,250,300,"sd","11:03:43",1143400
14800,300,1000,"bu","11:03:37",1143100
14800,300,9200,"bu","11:03:25",1142100
14800,300,300,"bu","11:03:25",1132900
14800,300,500,"bu","11:03:25",1132600
14800,300,3000,"bu","11:03:22",1132100
14750,250,100,"sd","11:03:17",1129100
14750,250,100,"sd","11:03:17",1129000
14750,250,200,"sd","11:02:54",1128900
14750,250,400,"sd","11:02:25",1128700
14750,250,100,"sd","11:02:25",1128300
14750,250,500,"sd","11:02:25",1128200
14800,300,300,"bu","11:02:19",1127700
14800,300,100,"bu","11:02:06",1127400
14800,300,1000,"bu","11:01:31",1127300
14800,300,900,"bu","11:01:15",1126300
14750,250,300,"sd","11:00:51",1125400
14750,250,300,"sd","11:00:28",1125100
14750,250,300,"sd","11:00:16",1124800
14750,250,300,"sd","10:59:26",1124500
14800,300,1500,"sd","10:58:46",1124200
14800,300,2000,"sd","10:58:46",1122700
14800,300,700,"sd","10:58:46",1120700
14800,300,300,"sd","10:58:36",1120000
14800,300,3000,"sd","10:58:36",1119700
14800,300,100,"sd","10:58:36",1116700
14800,300,100,"sd","10:58:36",1116600
14800,300,1000,"sd","10:58:36",1116500
14800,300,500,"sd","10:58:36",1115500
14800,300,100,"sd","10:58:36",1115000
14800,300,500,"sd","10:58:36",1114900
14800,300,4400,"sd","10:58:36",1114400
14800,300,400,"sd","10:58:27",1110000
14800,300,3000,"sd","10:58:10",1109600
14800,300,100,"sd","10:58:05",1106600
14800,300,300,"sd","10:57:50",1106500
14800,300,1700,"sd","10:57:32",1106200
14800,300,1000,"sd","10:57:32",1104500
14800,300,300,"sd","10:57:32",1103500
14800,300,1000,"sd","10:57:32",1103200
14800,300,500,"sd","10:57:32",1102200
14800,300,400,"sd","10:57:32",1101700
14800,300,300,"sd","10:57:32",1101300
14800,300,800,"sd","10:57:32",1101000
14850,350,200,"bu","10:56:32",1100200
14850,350,300,"bu","10:56:32",1100000
14850,350,3000,"bu","10:56:32",1099700
14850,350,3500,"bu","10:56:32",1096700
14800,300,300,"sd","10:56:32",1093200
14800,300,300,"sd","10:56:10",1092900
14800,300,300,"sd","10:55:58",1092600
14800,300,300,"sd","10:55:45",1092300
14800,300,300,"sd","10:55:32",1092000
14850,350,5000,"bu","10:55:25",1091700
14850,350,1500,"bu","10:55:21",1086700
14850,350,500,"bu","10:55:21",1085200
14850,350,200,"bu","10:55:21",1084700
14850,350,200,"bu","10:55:21",1084500
14850,350,100,"bu","10:55:21",1084300
14850,350,2500,"bu","10:55:21",1084200
14800,300,300,"sd","10:55:20",1081700
14800,300,300,"sd","10:55:09",1081400
14800,300,5000,"sd","10:54:52",1081100
14800,300,300,"sd","10:54:45",1076100
14800,300,1500,"sd","10:54:29",1075800
14800,300,300,"sd","10:54:18",1074300
14800,300,200,"sd","10:54:18",1074000
14800,300,100,"sd","10:53:46",1073800
14850,350,100,"bu","10:53:35",1073700
14850,350,7400,"bu","10:53:33",1073600
14850,350,100,"bu","10:53:33",1066200
14850,350,700,"bu","10:53:33",1066100
14850,350,1800,"bu","10:53:33",1065400
14850,350,200,"bu","10:53:25",1063600
14850,350,500,"bu","10:52:53",1063400
14850,350,200,"bu","10:52:41",1062900
14850,350,100,"bu","10:52:12",1062700
14850,350,200,"bu","10:52:12",1062600
14800,300,1000,"sd","10:51:38",1062400
14850,350,200,"bu","10:51:31",1061400
14800,300,200,"sd","10:51:23",1061200
14800,300,4000,"bu","10:51:09",1061000
14800,300,200,"bu","10:51:09",1057000
14800,300,2000,"bu","10:51:09",1056800
14800,300,1000,"bu","10:51:09",1054800
14800,300,1300,"bu","10:51:09",1053800
14800,300,700,"bu","10:51:07",1052500
14800,300,6300,"bu","10:51:07",1051800
14800,300,3700,"bu","10:51:06",1045500
14800,300,200,"bu","10:51:06",1041800
14800,300,2000,"bu","10:51:06",1041600
14800,300,500,"bu","10:51:06",1039600
14800,300,2000,"bu","10:51:06",1039100
14800,300,500,"bu","10:51:06",1037100
14800,300,1000,"bu","10:51:06",1036600
14800,300,100,"bu","10:51:06",1035600
14800,300,1900,"bu","10:51:00",1035500
14800,300,100,"bu","10:51:00",1033600
14800,300,2000,"bu","10:51:00",1033500
14800,300,1000,"bu","10:51:00",1031500
14800,300,100,"bu","10:51:00",1030500
14800,300,100,"bu","10:51:00",1030400
14800,300,300,"bu","10:51:00",1030300
14800,300,2200,"bu","10:51:00",1030000
14800,300,1400,"bu","10:51:00",1027800
14800,300,500,"bu","10:51:00",1026400
14800,300,10000,"bu","10:51:00",1025900
14800,300,400,"bu","10:51:00",1015900
14750,250,100,"sd","10:50:56",1015500
14800,300,2600,"bu","10:50:49",1015400
14800,300,500,"bu","10:50:49",1012800
14800,300,100,"bu","10:50:49",1012300
14800,300,200,"bu","10:50:48",1012200
14800,300,100,"bu","10:50:48",1012000
14800,300,1000,"bu","10:50:48",1011900
14800,300,500,"bu","10:50:48",1010900
14800,300,200,"bu","10:50:48",1010400
14800,300,500,"bu","10:50:48",1010200
14800,300,100,"bu","10:50:48",1009700
14800,300,100,"bu","10:50:48",1009600
14800,300,200,"bu","10:50:48",1009500
14800,300,2000,"bu","10:50:48",1009300
14800,300,300,"bu","10:50:48",1007300
14800,300,5000,"bu","10:50:48",1007000
14800,300,2000,"bu","10:50:48",1002000
14800,300,3000,"bu","10:50:48",1000000
14800,300,1000,"bu","10:50:48",997000
14800,300,100,"bu","10:50:48",996000
14800,300,200,"bu","10:50:48",995900
14800,300,100,"bu","10:50:48",995700
14800,300,10200,"bu","10:50:48",995600
14800,300,2800,"bu","10:50:48",985400
14800,300,500,"bu","10:50:48",982600
14800,300,500,"bu","10:50:47",982100
14800,300,1000,"bu","10:50:47",981600
14800,300,3000,"bu","10:50:47",980600
14800,300,2200,"bu","10:50:47",977600
14800,300,2000,"bu","10:50:47",975400
14800,300,800,"bu","10:50:31",973400
14800,300,200,"bu","10:50:31",972600
14800,300,3000,"bu","10:50:31",972400
14800,300,1300,"bu","10:50:31",969400
14800,300,500,"bu","10:50:31",968100
14800,300,500,"bu","10:50:31",967600
14800,300,3700,"bu","10:50:31",967100
14750,250,100,"sd","10:49:53",963400
14750,250,200,"sd","10:49:34",963300
14800,300,1300,"bu","10:48:57",963100
14800,300,500,"bu","10:48:57",961800
14800,300,400,"bu","10:48:57",961300
14800,300,800,"bu","10:48:57",960900
14800,300,100,"bu","10:48:54",960100
14800,300,2000,"bu","10:48:54",960000
14800,300,100,"bu","10:48:54",958000
14800,300,2000,"bu","10:48:54",957900
14800,300,200,"bu","10:48:54",955900
14800,300,3000,"bu","10:48:54",955700
14800,300,100,"bu","10:48:54",952700
14800,300,500,"bu","10:48:54",952600
14800,300,200,"bu","10:48:54",952100
14800,300,1000,"bu","10:48:54",951900
14800,300,500,"bu","10:48:54",950900
14800,300,100,"bu","10:48:54",950400
14800,300,100,"bu","10:48:54",950300
14800,300,100,"bu","10:48:54",950200
14750,250,300,"sd","10:48:15",950100
14750,250,2000,"sd","10:47:53",949800
14750,250,500,"sd","10:47:44",947800
14750,250,300,"sd","10:47:36",947300
14750,250,200,"sd","10:47:10",947000
14750,250,500,"sd","10:47:07",946800
14750,250,1000,"sd","10:46:50",946300
14750,250,100,"sd","10:45:37",945300
14750,250,1000,"sd","10:44:38",945200
14750,250,1000,"sd","10:43:55",944200
14750,250,200,"sd","10:43:37",943200
14750,250,500,"sd","10:43:05",943000
14750,250,100,"sd","10:41:00",942500
14750,250,100,"sd","10:40:21",942400
14750,250,100,"sd","10:39:48",942300
14800,300,100,"bu","10:39:35",942200
14800,300,100,"bu","10:39:08",942100
14800,300,1900,"bu","10:39:01",942000
14800,300,100,"bu","10:38:09",940100
14750,250,2500,"sd","10:37:17",940000
14750,250,1000,"bu","10:36:12",937500
14750,250,500,"bu","10:36:12",936500
14750,250,500,"bu","10:36:12",936000
14750,250,500,"bu","10:36:12",935500
14750,250,2000,"bu","10:36:12",935000
14750,250,100,"bu","10:36:12",933000
14750,250,5000,"bu","10:36:12",932900
14750,250,2000,"bu","10:36:12",927900
14750,250,1000,"bu","10:36:12",925900
14750,250,200,"bu","10:36:12",924900
14750,250,4000,"bu","10:36:12",924700
14750,250,1000,"bu","10:36:12",920700
14750,250,2000,"bu","10:36:12",919700
14750,250,3500,"bu","10:36:12",917700
14750,250,1000,"bu","10:36:12",914200
14750,250,2000,"bu","10:36:12",913200
14750,250,100,"bu","10:36:12",911200
14750,250,100,"bu","10:36:12",911100
14750,250,500,"bu","10:36:12",911000
14750,250,500,"bu","10:36:12",910500
14750,250,10000,"bu","10:36:12",910000
14700,200,600,"sd","10:35:24",900000
14700,200,3300,"sd","10:35:24",899400
14700,200,200,"sd","10:35:24",896100
14700,200,900,"sd","10:35:24",895900
14700,200,500,"sd","10:35:11",895000
14700,200,2100,"sd","10:34:57",894500
14700,200,200,"sd","10:34:57",892400
14700,200,600,"sd","10:34:57",892200
14700,200,2100,"sd","10:34:57",891600
14700,200,900,"sd","10:34:35",889500
14700,200,1000,"sd","10:34:35",888600
14700,200,800,"sd","10:34:35",887600
14700,200,800,"sd","10:34:35",886800
14700,200,100,"sd","10:34:35",886000
14700,200,1000,"sd","10:34:35",885900
14700,200,400,"sd","10:34:35",884900
14700,200,500,"sd","10:34:20",884500
14700,200,200,"sd","10:33:39",884000
14700,200,1400,"sd","10:33:08",883800
14700,200,400,"sd","10:33:08",882400
14700,200,2000,"sd","10:33:08",882000
14700,200,1000,"sd","10:33:08",880000
14700,200,2000,"sd","10:33:08",879000
14700,200,200,"sd","10:33:08",877000
14700,200,13000,"sd","10:33:08",876800
14700,200,100,"sd","10:32:30",863800
14700,200,100,"sd","10:32:20",863700
14700,200,200,"sd","10:31:29",863600
14700,200,200,"sd","10:31:23",863400
14700,200,700,"sd","10:31:16",863200
14700,200,5000,"bu","10:31:14",862500
14700,200,500,"bu","10:31:14",857500
14700,200,100,"bu","10:31:14",857000
14700,200,100,"bu","10:31:14",856900
14700,200,3000,"bu","10:30:30",856800
14700,200,1900,"sd","10:30:25",853800
14700,200,100,"bu","10:30:21",851900
14650,150,100,"sd","10:30:18",851800
14700,200,200,"sd","10:29:55",851700
14700,200,100,"sd","10:29:12",851500
14700,200,300,"sd","10:29:12",851400
14700,200,400,"sd","10:29:12",851100
14700,200,1300,"sd","10:28:56",850700
14700,200,8700,"sd","10:28:56",849400
14700,200,1000,"sd","10:28:20",840700
14700,200,1000,"sd","10:28:17",839700
14700,200,300,"sd","10:27:47",838700
14700,200,300,"sd","10:27:34",838400
14700,200,200,"sd","10:27:34",838100
14700,200,4800,"sd","10:27:19",837900
14700,200,400,"sd","10:27:19",833100
14700,200,1000,"sd","10:27:19",832700
14700,200,1000,"sd","10:27:19",831700
14700,200,2800,"sd","10:27:19",830700
14700,200,100,"sd","10:27:16",827900
14700,200,300,"sd","10:27:07",827800
14700,200,7000,"sd","10:26:38",827500
14700,200,300,"sd","10:26:32",820500
14700,200,500,"bu","10:25:53",820200
14700,200,100,"sd","10:25:42",819700
14700,200,1800,"sd","10:25:42",819600
14700,200,4300,"sd","10:25:42",817800
14700,200,300,"sd","10:25:25",813500
14700,200,100,"bu","10:25:11",813200
14700,200,300,"bu","10:25:11",813100
14700,200,500,"sd","10:24:56",812800
14700,200,600,"sd","10:24:56",812300
14700,200,400,"bu","10:24:40",811700
14700,200,2000,"sd","10:24:22",811300
14700,200,200,"sd","10:24:22",809300
14700,200,4200,"sd","10:24:22",809100
14700,200,400,"sd","10:23:57",804900
14700,200,3000,"sd","10:23:20",804500
14700,200,2000,"sd","10:23:11",801500
14700,200,400,"sd","10:23:06",799500
14700,200,2000,"sd","10:23:06",799100
14700,200,1000,"sd","10:23:06",797100
14700,200,500,"sd","10:23:06",796100
14700,200,5000,"sd","10:23:06",795600
14700,200,1000,"sd","10:23:06",790600
14700,200,100,"sd","10:23:06",789600
14700,200,500,"sd","10:23:06",789500
14700,200,1000,"sd","10:23:06",789000
14700,200,3000,"sd","10:23:06",788000
14700,200,200,"sd","10:23:06",785000
14700,200,1000,"sd","10:23:06",784800
14700,200,14300,"sd","10:23:06",783800
14750,250,3200,"bu","10:20:15",769500
14750,250,2000,"bu","10:20:15",766300
14750,250,2000,"bu","10:20:15",764300
14750,250,2100,"bu","10:20:15",762300
14750,250,10000,"bu","10:20:15",760200
14750,250,100,"bu","10:20:15",750200
14750,250,600,"bu","10:20:15",750100
14700,200,800,"sd","10:20:03",749500
14700,200,900,"sd","10:19:49",748700
14700,200,100,"sd","10:19:49",747800
14700,200,900,"sd","10:19:39",747700
14700,200,100,"sd","10:19:39",746800
14700,200,400,"sd","10:19:12",746700
14700,200,600,"sd","10:19:12",746300
14700,200,100,"sd","10:19:08",745700
14700,200,500,"sd","10:19:07",745600
14700,200,500,"sd","10:18:19",745100
14700,200,200,"sd","10:18:03",744600
14700,200,100,"sd","10:17:53",744400
14700,200,300,"sd","10:17:39",744300
14700,200,700,"sd","10:17:33",744000
14700,200,200,"sd","10:17:32",743300
14700,200,500,"sd","10:17:32",743100
14700,200,300,"sd","10:17:00",742600
14700,200,500,"sd","10:16:50",742300
14700,200,1500,"sd","10:16:44",741800
14700,200,200,"sd","10:16:26",740300
14700,200,800,"sd","10:16:26",740100
14700,200,300,"sd","10:15:59",739300
14700,200,300,"sd","10:15:43",739000
14750,250,100,"bu","10:14:53",738700
14750,250,500,"bu","10:13:41",738600
14700,200,300,"sd","10:13:18",738100
14700,200,300,"sd","10:12:30",737800
14750,250,3800,"bu","10:12:28",737500
14750,250,3300,"bu","10:12:28",733700
14750,250,100,"bu","10:12:28",730400
14750,250,10000,"bu","10:12:28",730300
14750,250,2000,"bu","10:12:28",720300
14750,250,500,"bu","10:12:28",718300
14750,250,300,"bu","10:12:28",717800
14700,200,900,"bu","10:12:20",717500
14700,200,100,"bu","10:12:20",716600
14700,200,500,"bu","10:12:15",716500
14700,200,300,"bu","10:12:11",716000
14700,200,100,"bu","10:12:11",715700
14650,150,1600,"sd","10:12:05",715600
14650,150,400,"sd","10:12:05",714000
14650,150,300,"sd","10:11:53",713600
14650,150,300,"sd","10:11:45",713300
14650,150,100,"sd","10:11:45",713000
14650,150,100,"sd","10:11:45",712900
14700,200,200,"bu","10:11:42",712800
14700,200,200,"bu","10:11:42",712600
14700,200,500,"bu","10:11:42",712400
14700,200,1100,"bu","10:11:42",711900
14650,150,300,"sd","10:11:35",710800
14650,150,500,"sd","10:11:34",710500
14650,150,100,"sd","10:11:31",710000
14650,150,200,"sd","10:11:31",709900
14650,150,300,"sd","10:11:30",709700
14700,200,100,"bu","10:11:26",709400
14700,200,800,"bu","10:11:23",709300
14700,200,1200,"bu","10:11:23",708500
14650,150,200,"sd","10:11:23",707300
14650,150,200,"sd","10:11:23",707100
14650,150,200,"sd","10:11:18",706900
14650,150,100,"sd","10:11:18",706700
14700,200,400,"bu","10:11:18",706600
14700,200,1000,"bu","10:11:18",706200
14700,200,500,"bu","10:11:17",705200
14700,200,200,"bu","10:10:28",704700
14700,200,1000,"bu","10:10:11",704500
14700,200,100,"bu","10:09:31",703500
14700,200,500,"bu","10:08:48",703400
14700,200,100,"bu","10:08:45",702900
14700,200,100,"bu","10:08:31",702800
14700,200,1000,"bu","10:08:20",702700
14700,200,1000,"sd","10:08:17",701700
14700,200,1500,"sd","10:08:17",700700
14700,200,5000,"sd","10:08:17",699200
14700,200,3500,"sd","10:08:17",694200
14700,200,1000,"sd","10:08:17",690700
14700,200,5000,"sd","10:08:17",689700
14700,200,500,"sd","10:08:17",684700
14700,200,500,"sd","10:08:17",684200
14700,200,500,"sd","10:08:17",683700
14700,200,1000,"sd","10:08:17",683200
14700,200,500,"sd","10:08:17",682200
14700,200,5000,"sd","10:08:17",681700
14700,200,100,"sd","10:08:17",676700
14700,200,400,"sd","10:08:17",676600
14700,200,100,"sd","10:08:17",676200
14700,200,500,"sd","10:08:17",676100
14700,200,500,"sd","10:08:17",675600
14700,200,500,"sd","10:08:17",675100
14700,200,5000,"sd","10:08:17",674600
14700,200,500,"sd","10:08:17",669600
14700,200,500,"sd","10:08:17",669100
14700,200,100,"sd","10:08:17",668600
14700,200,5000,"sd","10:08:17",668500
14700,200,5700,"sd","10:08:17",663500
14750,250,200,"sd","10:07:18",657800
14750,250,300,"sd","10:07:14",657600
14750,250,100,"sd","10:07:01",657300
14750,250,400,"sd","10:07:01",657200
14750,250,100,"sd","10:06:38",656800
14750,250,200,"sd","10:06:38",656700
14750,250,300,"sd","10:06:35",656500
14750,250,4000,"sd","10:06:35",656200
14750,250,700,"sd","10:06:35",652200
14750,250,300,"sd","10:06:34",651500
14750,250,100,"sd","10:06:26",651200
14750,250,300,"sd","10:06:26",651100
14750,250,100,"sd","10:06:26",650800
14750,250,400,"sd","10:06:18",650700
14750,250,600,"sd","10:06:18",650300
14750,250,500,"sd","10:05:59",649700
14750,250,200,"sd","10:05:52",649200
14750,250,500,"sd","10:05:40",649000
14750,250,100,"sd","10:05:31",648500
14750,250,1100,"bu","10:05:02",648400
14750,250,100,"bu","10:04:57",647300
14750,250,100,"bu","10:04:57",647200
14750,250,500,"bu","10:04:48",647100
14750,250,400,"sd","10:04:31",646600
14750,250,2000,"sd","10:04:28",646200
14750,250,500,"sd","10:04:25",644200
14750,250,100,"sd","10:04:21",643700
14750,250,2000,"bu","10:04:18",643600
14750,250,4700,"sd","10:04:13",641600
14750,250,900,"sd","10:04:13",636900
14750,250,2400,"sd","10:04:13",636000
14750,250,1000,"sd","10:04:06",633600
14750,250,1500,"bu","10:03:59",632600
14750,250,500,"bu","10:03:59",631100
14750,250,2000,"bu","10:03:59",630600
14750,250,300,"bu","10:03:59",628600
14750,250,100,"bu","10:03:59",628300
14750,250,300,"bu","10:03:59",628200
14750,250,300,"bu","10:03:59",627900
14750,250,300,"bu","10:03:58",627600
14750,250,300,"bu","10:03:58",627300
14750,250,300,"bu","10:03:58",627000
14750,250,700,"bu","10:03:58",626700
14750,250,3500,"bu","10:03:41",626000
14700,200,300,"sd","10:03:33",622500
14750,250,800,"bu","10:03:22",622200
14750,250,1000,"bu","10:03:11",621400
14750,250,900,"bu","10:03:05",620400
14750,250,2100,"bu","10:03:01",619500
14750,250,1000,"bu","10:02:58",617400
14750,250,300,"bu","10:02:58",616400
14750,250,300,"bu","10:02:58",616100
14750,250,200,"bu","10:02:58",615800
14750,250,100,"bu","10:02:58",615600
14750,250,500,"bu","10:02:58",615500
14750,250,700,"bu","10:02:58",615000
14750,250,200,"bu","10:02:58",614300
14750,250,200,"bu","10:02:58",614100
14750,250,3000,"bu","10:02:56",613900
14750,250,2000,"bu","10:02:56",610900
14750,250,3600,"bu","10:02:56",608900
14750,250,1000,"bu","10:02:56",605300
14750,250,6400,"bu","10:02:56",604300
14750,250,300,"bu","10:02:56",597900
14750,250,3700,"bu","10:02:56",597600
14750,250,400,"bu","10:02:49",593900
14750,250,4800,"bu","10:02:38",593500
14700,200,300,"sd","10:02:37",588700
14700,200,300,"sd","10:02:36",588400
14750,250,100,"bu","10:01:16",588100
14700,200,700,"sd","10:00:54",588000
14700,200,400,"sd","10:00:42",587300
14700,200,100,"sd","09:59:58",586900
14700,200,300,"sd","09:59:31",586800
14750,250,100,"bu","09:59:03",586500
14700,200,900,"sd","09:58:59",586400
14750,250,200,"bu","09:58:36",585500
14750,250,400,"bu","09:57:58",585300
14750,250,100,"bu","09:57:57",584900
14700,200,500,"sd","09:57:52",584800
14750,250,100,"bu","09:57:41",584300
14700,200,200,"sd","09:57:34",584200
14750,250,100,"bu","09:57:31",584000
14750,250,500,"bu","09:57:31",583900
14750,250,2000,"bu","09:57:31",583400
14750,250,100,"bu","09:57:31",581400
14750,250,1000,"bu","09:57:31",581300
14750,250,500,"bu","09:57:31",580300
14750,250,100,"bu","09:57:31",579800
14750,250,3000,"bu","09:57:31",579700
14750,250,12700,"bu","09:57:31",576700
14700,200,100,"sd","09:57:11",564000
14750,250,300,"bu","09:57:03",563900
14750,250,100,"bu","09:57:03",563600
14700,200,100,"sd","09:56:45",563500
14700,200,100,"sd","09:55:59",563400
14700,200,200,"sd","09:55:59",563300
14700,200,200,"sd","09:55:38",563100
14700,200,300,"sd","09:55:13",562900
14700,200,1000,"sd","09:54:12",562600
14700,200,1000,"sd","09:54:07",561600
14700,200,200,"sd","09:53:22",560600
14700,200,1600,"sd","09:52:45",560400
14700,200,200,"sd","09:52:45",558800
14700,200,1300,"sd","09:52:45",558600
14700,200,200,"sd","09:52:45",557300
14700,200,400,"sd","09:52:45",557100
14700,200,100,"sd","09:52:45",556700
14700,200,2000,"sd","09:52:45",556600
14700,200,2400,"sd","09:52:45",554600
14700,200,2000,"sd","09:52:30",552200
14700,200,600,"sd","09:52:11",550200
14700,200,700,"sd","09:52:11",549600
14700,200,100,"sd","09:52:11",548900
14700,200,3600,"sd","09:52:11",548800
14700,200,5000,"sd","09:52:05",545200
14700,200,500,"sd","09:52:01",540200
14700,200,100,"sd","09:51:40",539700
14700,200,100,"sd","09:50:14",539600
14750,250,4900,"bu","09:49:46",539500
14750,250,100,"bu","09:49:46",534600
14700,200,700,"sd","09:49:34",534500
14700,200,2000,"sd","09:49:34",533800
14700,200,600,"sd","09:49:34",531800
14750,250,100,"bu","09:49:17",531200
14750,250,100,"bu","09:49:12",531100
14750,250,500,"bu","09:49:02",531000
14700,200,100,"sd","09:49:01",530500
14700,200,4300,"bu","09:48:26",530400
14700,200,200,"bu","09:48:23",526100
14700,200,100,"bu","09:48:20",525900
14700,200,4000,"sd","09:48:11",525800
14700,200,300,"sd","09:48:11",521800
14700,200,1100,"sd","09:48:11",521500
14700,200,100,"sd","09:48:02",520400
14700,200,2000,"sd","09:47:21",520300
14700,200,200,"sd","09:47:21",518300
14700,200,5000,"sd","09:47:21",518100
14700,200,1000,"sd","09:47:21",513100
14700,200,500,"sd","09:47:21",512100
14700,200,1000,"sd","09:47:21",511600
14700,200,300,"sd","09:47:21",510600
14700,200,600,"sd","09:47:13",510300
14700,200,100,"sd","09:47:13",509700
14700,200,300,"sd","09:47:13",509600
14700,200,1000,"sd","09:47:13",509300
14700,200,1000,"sd","09:46:41",508300
14700,200,2000,"sd","09:46:41",507300
14750,250,800,"bu","09:45:10",505300
14750,250,1000,"bu","09:45:00",504500
14750,250,200,"bu","09:45:00",503500
14750,250,100,"bu","09:45:00",503300
14750,250,100,"bu","09:45:00",503200
14750,250,1000,"bu","09:45:00",503100
14750,250,4000,"bu","09:44:46",502100
14700,200,500,"sd","09:44:38",498100
14700,200,100,"bu","09:44:35",497600
14700,200,100,"bu","09:44:35",497500
14700,200,200,"bu","09:44:35",497400
14700,200,5000,"bu","09:44:35",497200
14700,200,100,"bu","09:44:35",492200
14700,200,2800,"bu","09:44:35",492100
14700,200,200,"bu","09:44:34",489300
14700,200,600,"bu","09:44:34",489100
14700,200,1200,"bu","09:44:34",488500
14700,200,200,"bu","09:44:30",487300
14700,200,2000,"bu","09:44:26",487100
14700,200,500,"bu","09:44:16",485100
14650,150,300,"sd","09:44:15",484600
14700,200,200,"bu","09:44:12",484300
14700,200,600,"bu","09:43:59",484100
14650,150,100,"sd","09:43:59",483500
14700,200,500,"bu","09:43:44",483400
14700,200,800,"bu","09:43:34",482900
14700,200,6000,"bu","09:43:34",482100
14700,200,3200,"bu","09:43:34",476100
14650,150,300,"sd","09:42:57",472900
14700,200,2800,"bu","09:42:48",472600
14700,200,600,"bu","09:42:48",469800
14700,200,1600,"bu","09:42:48",469200
14650,150,200,"sd","09:42:46",467600
14650,150,300,"sd","09:42:46",467400
14650,150,100,"sd","09:42:35",467100
14650,150,200,"sd","09:42:35",467000
14650,150,300,"sd","09:42:18",466800
14650,150,100,"sd","09:42:18",466500
14650,150,100,"sd","09:42:18",466400
14700,200,400,"bu","09:41:44",466300
14700,200,600,"bu","09:41:44",465900
14700,200,1000,"bu","09:41:20",465300
14700,200,900,"bu","09:40:44",464300
14700,200,2000,"bu","09:40:29",463400
14700,200,500,"sd","09:40:08",461400
14700,200,1000,"sd","09:40:01",460900
14700,200,500,"sd","09:39:47",459900
14700,200,500,"sd","09:39:47",459400
14700,200,1000,"sd","09:39:47",458900
14700,200,100,"sd","09:39:26",457900
14700,200,5000,"sd","09:39:13",457800
14700,200,2000,"sd","09:39:02",452800
14700,200,2000,"sd","09:38:38",450800
14700,200,5000,"sd","09:38:27",448800
14700,200,100,"bu","09:38:23",443800
14700,200,4800,"bu","09:38:23",443700
14700,200,200,"bu","09:38:18",438900
14700,200,600,"bu","09:38:18",438700
14700,200,400,"bu","09:37:51",438100
14700,200,300,"bu","09:37:51",437700
14700,200,300,"bu","09:37:51",437400
14700,200,2700,"bu","09:37:23",437100
14700,200,1000,"bu","09:37:23",434400
14700,200,500,"bu","09:37:23",433400
14700,200,800,"bu","09:37:23",432900
14700,200,700,"bu","09:37:04",432100
14700,200,1000,"bu","09:37:04",431400
14700,200,300,"bu","09:37:04",430400
14650,150,400,"sd","09:36:48",430100
14650,150,1000,"sd","09:36:48",429700
14650,150,1000,"sd","09:36:48",428700
14650,150,1900,"sd","09:36:48",427700
14700,200,200,"bu","09:36:48",425800
14700,200,100,"bu","09:36:48",425600
14700,200,300,"bu","09:36:48",425500
14700,200,300,"bu","09:36:48",425200
14700,200,4100,"bu","09:36:48",424900
14700,200,100,"bu","09:36:39",420800
14700,200,400,"bu","09:36:39",420700
14700,200,500,"bu","09:36:31",420300
14700,200,1000,"bu","09:36:14",419800
14700,200,1000,"bu","09:35:47",418800
14700,200,1800,"bu","09:35:34",417800
14700,200,1200,"bu","09:35:33",416000
14700,200,200,"bu","09:35:33",414800
14700,200,1600,"bu","09:35:33",414600
14700,200,400,"bu","09:35:28",413000
14700,200,600,"bu","09:35:28",412600
14700,200,5000,"bu","09:35:24",412000
14700,200,3000,"bu","09:35:18",407000
14650,150,100,"sd","09:34:48",404000
14650,150,200,"sd","09:34:48",403900
14650,150,700,"sd","09:34:48",403700
14650,150,1900,"sd","09:33:34",403000
14700,200,500,"bu","09:33:23",401100
14700,200,900,"bu","09:32:41",400600
14700,200,1100,"bu","09:32:41",399700
14700,200,300,"bu","09:32:40",398600
14700,200,200,"bu","09:32:39",398300
14700,200,100,"bu","09:32:18",398100
14700,200,100,"bu","09:32:09",398000
14650,150,100,"sd","09:32:01",397900
14700,200,100,"bu","09:31:54",397800
14700,200,100,"bu","09:31:31",397700
14650,150,300,"sd","09:31:30",397600
14700,200,800,"bu","09:31:01",397300
14650,150,200,"sd","09:30:49",396500
14650,150,100,"sd","09:30:46",396300
14650,150,200,"sd","09:30:46",396200
14700,200,300,"bu","09:30:40",396000
14700,200,2000,"bu","09:30:40",395700
14700,200,14900,"bu","09:30:40",393700
14700,200,300,"sd","09:30:36",378800
14700,200,500,"sd","09:30:19",378500
14700,200,500,"sd","09:30:18",378000
14700,200,900,"sd","09:30:15",377500
14700,200,200,"sd","09:30:09",376600
14700,200,1000,"sd","09:30:02",376400
14700,200,300,"sd","09:29:37",375400
14700,200,1400,"bu","09:29:28",375100
14700,200,3600,"sd","09:29:25",373700
14700,200,1000,"sd","09:29:22",370100
14700,200,100,"sd","09:29:17",369100
14700,200,300,"sd","09:29:14",369000
14700,200,100,"bu","09:29:09",368700
14700,200,1000,"bu","09:29:01",368600
14700,200,500,"bu","09:28:47",367600
14700,200,3500,"bu","09:28:47",367100
14700,200,200,"bu","09:28:40",363600
14700,200,200,"sd","09:28:38",363400
14700,200,1000,"sd","09:28:38",363200
14700,200,100,"sd","09:28:38",362200
14700,200,200,"sd","09:28:36",362100
14700,200,500,"sd","09:28:32",361900
14700,200,100,"sd","09:28:29",361400
14700,200,1000,"sd","09:28:23",361300
14700,200,200,"sd","09:28:20",360300
14700,200,5000,"sd","09:28:17",360100
14700,200,1000,"sd","09:28:17",355100
14700,200,500,"sd","09:28:17",354100
14700,200,2000,"sd","09:28:17",353600
14700,200,2000,"sd","09:28:17",351600
14700,200,200,"sd","09:28:17",349600
14700,200,3000,"sd","09:28:17",349400
14700,200,200,"sd","09:28:17",346400
14700,200,3000,"sd","09:28:17",346200
14700,200,8000,"sd","09:28:17",343200
14700,200,300,"sd","09:28:17",335200
14700,200,1000,"sd","09:28:17",334900
14700,200,100,"sd","09:28:17",333900
14700,200,6700,"sd","09:28:17",333800
14700,200,1000,"sd","09:28:17",327100
14750,250,100,"bu","09:28:11",326100
14700,200,3000,"sd","09:28:05",326000
14750,250,200,"bu","09:27:25",323000
14750,250,100,"bu","09:27:19",322800
14750,250,10000,"bu","09:27:16",322700
14750,250,1000,"bu","09:27:10",312700
14700,200,100,"sd","09:27:04",311700
14700,200,100,"sd","09:27:01",311600
14750,250,100,"bu","09:26:55",311500
14750,250,200,"bu","09:26:50",311400
14700,200,100,"sd","09:26:34",311200
14750,250,1000,"bu","09:26:29",311100
14750,250,100,"bu","09:26:26",310100
14750,250,500,"sd","09:26:22",310000
14800,300,100,"bu","09:26:14",309500
14750,250,700,"sd","09:26:10",309400
14750,250,100,"bu","09:26:07",308700
14750,250,200,"bu","09:26:07",308600
14750,250,800,"sd","09:25:54",308400
14750,250,600,"sd","09:25:54",307600
14750,250,200,"sd","09:25:53",307000
14750,250,2000,"sd","09:25:53",306800
14750,250,1400,"sd","09:25:50",304800
14750,250,200,"sd","09:25:50",303400
14750,250,5000,"sd","09:25:50",303200
14750,250,500,"sd","09:25:50",298200
14750,250,11000,"sd","09:25:50",297700
14750,250,2900,"sd","09:25:50",286700
14750,250,200,"sd","09:25:50",283800
14750,250,500,"sd","09:25:50",283600
14750,250,3300,"sd","09:25:50",283100
14800,300,500,"bu","09:25:49",279800
14800,300,100,"bu","09:25:44",279300
14750,250,1700,"sd","09:25:43",279200
14750,250,300,"sd","09:25:43",277500
14800,300,500,"bu","09:25:37",277200
14800,300,500,"bu","09:25:34",276700
14800,300,100,"bu","09:25:26",276200
14800,300,1000,"bu","09:25:08",276100
14800,300,300,"bu","09:24:56",275100
14800,300,100,"bu","09:24:54",274800
14750,250,100,"sd","09:24:51",274700
14800,300,200,"bu","09:24:47",274600
14800,300,3400,"bu","09:24:36",274400
14800,300,300,"bu","09:24:36",271000
14800,300,300,"bu","09:24:36",270700
14800,300,1000,"bu","09:24:21",270400
14800,300,1000,"bu","09:24:09",269400
14800,300,700,"bu","09:24:06",268400
14800,300,1400,"bu","09:24:06",267700
14800,300,3000,"bu","09:24:06",266300
14800,300,900,"bu","09:24:06",263300
14800,300,800,"bu","09:23:45",262400
14750,250,200,"sd","09:23:38",261600
14750,250,1800,"sd","09:23:38",261400
14800,300,1500,"bu","09:23:37",259600
14750,250,100,"sd","09:23:35",258100
14750,250,4000,"sd","09:23:32",258000
14800,300,100,"bu","09:23:30",254000
14800,300,1000,"bu","09:23:30",253900
14800,300,4000,"bu","09:23:29",252900
14800,300,1000,"bu","09:23:29",248900
14800,300,100,"bu","09:23:29",247900
14800,300,400,"bu","09:23:29",247800
14800,300,300,"bu","09:23:29",247400
14800,300,500,"bu","09:23:29",247100
14800,300,1000,"bu","09:23:29",246600
14800,300,200,"bu","09:23:29",245600
14800,300,100,"bu","09:23:25",245400
14800,300,100,"bu","09:23:20",245300
14800,300,100,"bu","09:23:19",245200
14800,300,4500,"bu","09:23:08",245100
14800,300,500,"bu","09:23:08",240600
14750,250,100,"sd","09:23:04",240100
14750,250,100,"sd","09:22:58",240000
14800,300,500,"bu","09:22:51",239900
14750,250,1000,"sd","09:22:47",239400
14750,250,100,"sd","09:22:46",238400
14750,250,200,"bu","09:22:34",238300
14750,250,100,"bu","09:22:34",238100
14750,250,400,"bu","09:22:34",238000
14750,250,500,"bu","09:22:34",237600
14750,250,200,"bu","09:22:34",237100
14750,250,100,"bu","09:22:34",236900
14750,250,3000,"bu","09:22:34",236800
14750,250,6600,"bu","09:22:34",233800
14750,250,1000,"bu","09:22:34",227200
14750,250,300,"bu","09:22:34",226200
14750,250,1500,"bu","09:22:34",225900
14750,250,500,"bu","09:22:34",224400
14750,250,900,"bu","09:22:34",223900
14750,250,14500,"bu","09:22:34",223000
14700,200,100,"sd","09:22:31",208500
14750,250,500,"bu","09:22:28",208400
14700,200,500,"sd","09:22:14",207900
14700,200,100,"sd","09:22:05",207400
14700,200,100,"sd","09:22:02",207300
14700,200,300,"sd","09:21:58",207200
14700,200,2000,"sd","09:21:58",206900
14700,200,500,"sd","09:21:58",204900
14700,200,200,"sd","09:21:58",204400
14700,200,300,"sd","09:21:56",204200
14700,200,100,"sd","09:21:55",203900
14700,200,400,"sd","09:21:21",203800
14700,200,600,"sd","09:21:21",203400
14700,200,500,"sd","09:21:02",202800
14700,200,1000,"bu","09:21:01",202300
14700,200,500,"bu","09:21:01",201300
14700,200,100,"bu","09:21:01",200800
14700,200,1000,"bu","09:21:01",200700
14700,200,2000,"bu","09:21:01",199700
14700,200,100,"bu","09:21:01",197700
14700,200,4200,"bu","09:21:01",197600
14700,200,500,"bu","09:21:00",193400
14700,200,300,"bu","09:20:59",192900
14700,200,1000,"bu","09:20:59",192600
14700,200,200,"bu","09:20:59",191600
14700,200,1000,"bu","09:20:59",191400
14700,200,300,"bu","09:20:59",190400
14700,200,500,"bu","09:20:59",190100
14700,200,1700,"bu","09:20:59",189600
14700,200,1000,"bu","09:20:57",187900
14700,200,300,"bu","09:20:55",186900
14700,200,700,"bu","09:20:55",186600
14700,200,8800,"bu","09:20:53",185900
14700,200,1000,"bu","09:20:53",177100
14700,200,100,"bu","09:20:53",176100
14700,200,100,"bu","09:20:53",176000
14700,200,900,"bu","09:20:48",175900
14700,200,100,"bu","09:20:48",175000
14700,200,900,"bu","09:20:43",174900
14700,200,800,"bu","09:20:35",174000
14700,200,4200,"bu","09:20:35",173200
14700,200,100,"bu","09:20:33",169000
14700,200,100,"bu","09:20:28",168900
14700,200,600,"bu","09:20:27",168800
14700,200,400,"bu","09:20:27",168200
14700,200,1500,"bu","09:20:26",167800
14700,200,5000,"bu","09:20:21",166300
14700,200,600,"bu","09:20:17",161300
14700,200,1000,"bu","09:20:14",160700
14700,200,100,"bu","09:20:14",159700
14700,200,800,"bu","09:19:56",159600
14650,150,2000,"sd","09:19:42",158800
14650,150,500,"sd","09:19:38",156800
14700,200,100,"bu","09:19:35",156300
14650,150,1000,"sd","09:19:24",156200
14650,150,14000,"sd","09:19:17",155200
14700,200,500,"bu","09:19:13",141200
14700,200,100,"bu","09:19:13",140700
14700,200,1800,"bu","09:19:13",140600
14700,200,1000,"bu","09:19:13",138800
14700,200,400,"bu","09:19:13",137800
14700,200,500,"bu","09:19:13",137400
14700,200,100,"bu","09:19:13",136900
14700,200,100,"bu","09:19:13",136800
14700,200,500,"bu","09:19:13",136700
14650,150,200,"sd","09:18:55",136200
14650,150,52000,"bu","09:18:42",136000
14650,150,1000,"bu","09:18:42",84000
14650,150,100,"bu","09:18:42",83000
14650,150,8000,"bu","09:18:42",82900
14650,150,4000,"bu","09:18:42",74900
14650,150,500,"bu","09:18:42",70900
14650,150,100,"bu","09:18:42",70400
14650,150,100,"bu","09:18:42",70300
14650,150,7000,"bu","09:18:42",70200
14650,150,5000,"bu","09:18:42",63200
14650,150,1000,"bu","09:18:42",57700
14650,150,500,"bu","09:18:42",58200
14600,100,3000,"bu","09:18:42",56700
14600,100,2000,"sd","09:18:41",53700
14600,100,1000,"bu","09:18:40",51700
14600,100,100,"bu","09:18:37",50700
14600,100,3200,"bu","09:18:37",50600
14600,100,2000,"bu","09:18:35",47400
14600,100,4800,"bu","09:18:28",45400
14600,100,1000,"bu","09:18:28",40600
14600,100,4200,"bu","09:18:28",39600
14600,100,3000,"bu","09:18:28",35400
14600,100,200,"bu","09:18:28",32400
14550,50,300,"sd","09:18:04",32200
14600,100,1000,"bu","09:17:58",31900
14600,100,300,"bu","09:17:42",30900
14600,100,1000,"bu","09:17:36",30600
14600,100,300,"bu","09:17:21",29600
14600,100,300,"bu","09:17:21",29300
14600,100,400,"bu","09:17:21",29000
