"price","change","match_qtty","side","time","total_vol"
31800,1250,62500,"sd","14:45:00",1499800
31800,1250,1000,"sd","14:29:54",1437300
32000,1450,500,"bu","14:29:46",1436300
32000,1450,3000,"bu","14:29:46",1435800
32000,1450,3000,"bu","14:29:46",1432800
32000,1450,100,"bu","14:29:46",1429800
32000,1450,5000,"bu","14:29:46",1429700
32000,1450,900,"bu","14:29:46",1424700
32000,1450,3000,"bu","14:29:46",1423800
32000,1450,5000,"bu","14:29:46",1420800
32000,1450,500,"bu","14:29:46",1415800
32000,1450,500,"bu","14:29:46",1415300
32000,1450,2000,"bu","14:29:46",1414800
32000,1450,200,"bu","14:29:46",1412800
32000,1450,3000,"bu","14:29:46",1412600
32000,1450,3100,"bu","14:29:46",1409600
32000,1450,2000,"bu","14:29:46",1406500
32000,1450,200,"bu","14:29:46",1404500
32000,1450,300,"bu","14:29:46",1404300
32000,1450,500,"bu","14:29:46",1404000
32000,1450,2000,"bu","14:29:46",1403500
32000,1450,500,"bu","14:29:46",1401500
32000,1450,5000,"bu","14:29:46",1401000
32000,1450,400,"bu","14:29:46",1396000
32000,1450,1000,"bu","14:29:46",1395600
32000,1450,100,"bu","14:29:46",1394600
32000,1450,500,"bu","14:29:46",1394500
31950,1400,300,"bu","14:29:46",1394000
31950,1400,100,"bu","14:29:46",1393700
31950,1400,1200,"bu","14:29:46",1393600
31900,1350,5200,"bu","14:29:46",1392400
31900,1350,500,"bu","14:29:46",1387200
31900,1350,200,"bu","14:29:46",1386700
31900,1350,200,"bu","14:29:46",1386500
31800,1250,2100,"sd","14:29:32",1386300
31800,1250,2900,"sd","14:29:32",1384200
31900,1350,3500,"bu","14:29:15",1381300
31800,1250,2000,"sd","14:28:59",1377800
31800,1250,100,"sd","14:28:53",1375800
31800,1250,100,"sd","14:28:53",1375700
31900,1350,1300,"bu","14:28:37",1375600
31900,1350,500,"bu","14:28:37",1374300
31900,1350,1200,"bu","14:28:37",1373800
31900,1350,3800,"bu","14:28:25",1372600
31900,1350,3000,"bu","14:28:25",1368800
31900,1350,200,"bu","14:28:25",1365800
31850,1300,3000,"bu","14:28:25",1365600
31900,1350,300,"bu","14:28:18",1362600
31900,1350,200,"bu","14:28:18",1362300
31900,1350,200,"bu","14:28:14",1362100
31900,1350,100,"sd","14:28:12",1361900
31900,1350,500,"sd","14:28:04",1361800
31900,1350,1400,"sd","14:27:59",1361300
31900,1350,2000,"sd","14:27:59",1359900
31900,1350,300,"sd","14:27:59",1357900
31900,1350,1300,"sd","14:27:59",1357600
31900,1350,700,"sd","14:27:56",1356300
31900,1350,300,"sd","14:27:56",1355600
31900,1350,200,"sd","14:27:56",1355300
31900,1350,1800,"sd","14:27:56",1355100
31900,1350,700,"sd","14:27:56",1353300
31900,1350,300,"sd","14:27:56",1352600
31900,1350,1000,"sd","14:27:56",1352300
31900,1350,500,"sd","14:27:52",1351300
31900,1350,700,"sd","14:27:42",1350800
31900,1350,400,"sd","14:27:34",1350100
31900,1350,500,"sd","14:27:27",1349700
31900,1350,1000,"sd","14:27:26",1349200
31900,1350,100,"sd","14:27:19",1348200
31900,1350,1000,"sd","14:27:11",1348100
31900,1350,200,"sd","14:27:07",1347100
31900,1350,900,"sd","14:27:04",1346900
31950,1400,100,"unknown","14:27:03",1346000
31950,1400,500,"unknown","14:27:03",1345900
31950,1400,700,"unknown","14:27:03",1345400
31950,1400,1300,"unknown","14:27:03",1344700
32000,1450,1500,"bu","14:27:03",1343400
32000,1450,3000,"bu","14:27:03",1341900
32000,1450,100,"bu","14:27:03",1338900
32000,1450,500,"bu","14:27:03",1338800
32000,1450,200,"bu","14:27:03",1338300
32000,1450,100,"bu","14:27:03",1338100
32000,1450,1000,"bu","14:27:03",1338000
31950,1400,1000,"bu","14:27:03",1337000
31900,1350,200,"sd","14:26:27",1336000
31900,1350,500,"bu","14:26:23",1335800
31900,1350,1000,"bu","14:26:23",1335300
31900,1350,3000,"bu","14:26:23",1334300
31900,1350,900,"bu","14:26:23",1331300
31900,1350,2400,"bu","14:26:23",1330400
31900,1350,600,"bu","14:26:23",1328000
31850,1300,100,"bu","14:26:23",1327400
31850,1300,500,"sd","14:26:16",1327300
31850,1300,100,"sd","14:26:16",1326800
31850,1300,500,"sd","14:26:16",1326700
31850,1300,500,"sd","14:26:16",1326200
31850,1300,500,"sd","14:26:16",1325700
31850,1300,300,"sd","14:26:16",1325200
31850,1300,3500,"sd","14:26:16",1324900
31900,1350,100,"sd","14:26:09",1321400
31900,1350,300,"sd","14:26:09",1321300
31900,1350,100,"sd","14:26:04",1321000
31900,1350,200,"sd","14:26:03",1320900
31900,1350,200,"sd","14:26:03",1320700
31900,1350,100,"sd","14:26:03",1320500
31900,1350,100,"sd","14:26:01",1320400
31900,1350,2000,"sd","14:26:00",1320300
31900,1350,100,"sd","14:25:59",1318300
31900,1350,500,"sd","14:25:59",1318200
31900,1350,300,"sd","14:25:59",1317700
31900,1350,500,"sd","14:25:59",1317400
31900,1350,7000,"sd","14:25:59",1316900
31900,1350,1600,"sd","14:25:59",1309900
31900,1350,200,"sd","14:25:51",1308300
31900,1350,3000,"sd","14:25:48",1308100
31900,1350,100,"sd","14:25:45",1305100
31900,1350,100,"sd","14:25:41",1305000
31950,1400,500,"bu","14:25:32",1304900
31950,1400,100,"bu","14:25:21",1304400
31950,1400,2000,"sd","14:25:10",1304300
31950,1400,100,"sd","14:25:10",1302300
31950,1400,1200,"sd","14:25:10",1302200
31950,1400,100,"sd","14:25:10",1301000
31950,1400,1100,"sd","14:25:10",1300900
31950,1400,3600,"sd","14:25:10",1299800
31950,1400,100,"sd","14:25:08",1296200
32000,1450,1000,"bu","14:25:06",1296100
32000,1450,1200,"bu","14:25:06",1295100
31950,1400,100,"sd","14:25:04",1293900
31950,1400,2400,"sd","14:25:00",1293800
31950,1400,100,"sd","14:25:00",1291400
31950,1400,500,"sd","14:25:00",1291300
32000,1450,100,"bu","14:24:58",1290800
32000,1450,700,"bu","14:24:54",1290700
32000,1450,400,"bu","14:24:54",1290000
32000,1450,100,"bu","14:24:45",1289600
32000,1450,500,"bu","14:24:42",1289500
32000,1450,500,"bu","14:24:36",1289000
32000,1450,1000,"bu","14:24:25",1288500
32000,1450,1100,"bu","14:24:05",1287500
32000,1450,500,"bu","14:24:05",1286400
32000,1450,2000,"bu","14:24:05",1285900
32000,1450,2400,"bu","14:24:05",1283900
31950,1400,200,"sd","14:24:05",1281500
31950,1400,500,"sd","14:23:56",1281300
32000,1450,500,"bu","14:23:51",1280800
32000,1450,100,"bu","14:23:51",1280300
31950,1400,500,"sd","14:23:50",1280200
31950,1400,100,"sd","14:23:50",1279700
31950,1400,500,"sd","14:23:50",1279600
31950,1400,300,"sd","14:23:50",1279100
31950,1400,1000,"sd","14:23:50",1278800
31950,1400,100,"sd","14:23:50",1277800
31950,1400,4200,"sd","14:23:47",1277700
32000,1450,600,"unknown","14:23:47",1273500
32000,1450,100,"unknown","14:23:47",1272900
32000,1450,100,"unknown","14:23:47",1272800
32000,1450,1000,"sd","14:23:43",1272700
32000,1450,500,"sd","14:23:42",1271700
32000,1450,100,"bu","14:23:37",1271200
32000,1450,900,"bu","14:23:37",1271100
32000,1450,1600,"bu","14:23:37",1270200
32000,1450,100,"bu","14:23:37",1268600
32000,1450,1000,"bu","14:23:37",1268500
32000,1450,8000,"bu","14:23:37",1267500
32000,1450,100,"bu","14:23:36",1259500
32000,1450,2500,"bu","14:23:36",1259400
32000,1450,4100,"bu","14:23:36",1256900
32000,1450,500,"bu","14:23:34",1252800
32000,1450,100,"bu","14:23:34",1252300
31950,1400,100,"sd","14:23:34",1252200
32000,1450,100,"sd","14:23:18",1252100
32000,1450,200,"sd","14:23:18",1252000
32000,1450,200,"sd","14:23:18",1251800
32000,1450,1900,"sd","14:23:18",1251600
32000,1450,300,"sd","14:23:17",1249700
32000,1450,6000,"sd","14:23:16",1249400
32050,1500,2000,"bu","14:23:16",1243400
32000,1450,14300,"sd","14:23:11",1241400
32000,1450,3000,"sd","14:23:11",1227100
32000,1450,10000,"sd","14:23:11",1224100
32000,1450,10000,"sd","14:23:11",1214100
32000,1450,1500,"sd","14:23:11",1204100
32000,1450,1000,"sd","14:23:11",1202600
32000,1450,1000,"sd","14:23:11",1201600
32000,1450,100,"sd","14:23:11",1200600
32000,1450,1000,"sd","14:23:11",1200500
32000,1450,300,"sd","14:23:11",1199500
32000,1450,500,"sd","14:23:11",1199200
32000,1450,200,"sd","14:23:11",1198700
32000,1450,100,"sd","14:23:11",1198500
32000,1450,500,"sd","14:23:11",1198400
32000,1450,100,"sd","14:23:11",1197900
32000,1450,3400,"sd","14:23:11",1197800
32000,1450,100,"sd","14:23:08",1194400
32050,1500,300,"bu","14:23:07",1194300
32050,1500,600,"bu","14:22:58",1194000
32050,1500,900,"bu","14:22:56",1193400
32050,1500,100,"bu","14:22:54",1192500
32050,1500,100,"bu","14:22:54",1192400
32000,1450,1500,"sd","14:22:42",1192300
32050,1500,1000,"sd","14:22:42",1190800
32050,1500,100,"sd","14:22:42",1189800
32050,1500,400,"sd","14:22:42",1189700
32050,1500,1100,"sd","14:22:42",1189300
32050,1500,100,"sd","14:22:42",1188200
32050,1500,5000,"sd","14:22:42",1188100
32050,1500,100,"sd","14:22:42",1183100
32050,1500,5200,"sd","14:22:42",1183000
32050,1500,100,"sd","14:22:35",1177800
32050,1500,100,"sd","14:22:35",1177700
32050,1500,400,"sd","14:22:32",1177600
32050,1500,100,"sd","14:22:27",1177200
32050,1500,500,"sd","14:22:27",1177100
32050,1500,300,"sd","14:22:27",1176600
32100,1550,300,"bu","14:22:23",1176300
32050,1500,200,"sd","14:22:23",1176000
32050,1500,100,"sd","14:22:10",1175800
32100,1550,200,"bu","14:22:02",1175700
32050,1500,3000,"sd","14:21:51",1175500
32100,1550,100,"bu","14:21:39",1172500
32000,1450,400,"sd","14:21:24",1172400
32000,1450,100,"sd","14:21:24",1172000
32100,1550,200,"bu","14:21:23",1171900
32100,1550,300,"bu","14:21:23",1171700
32000,1450,1000,"sd","14:21:20",1171400
32000,1450,1500,"sd","14:21:16",1170400
32000,1450,3000,"sd","14:21:16",1168900
32000,1450,500,"sd","14:21:16",1165900
32000,1450,9500,"sd","14:21:15",1165400
32000,1450,100,"sd","14:21:15",1155900
32000,1450,5000,"sd","14:21:15",1155800
32000,1450,10000,"sd","14:21:15",1150800
32000,1450,2600,"sd","14:21:15",1140800
32050,1500,4800,"sd","14:21:15",1138200
32050,1500,3000,"sd","14:21:15",1133400
32000,1450,1000,"sd","14:21:11",1130400
32000,1450,300,"sd","14:21:04",1129400
32000,1450,200,"sd","14:20:59",1129100
32000,1450,100,"sd","14:20:57",1128900
32000,1450,200,"sd","14:20:55",1128800
32050,1500,100,"bu","14:20:55",1128600
32000,1450,600,"sd","14:20:54",1128500
32000,1450,400,"sd","14:20:54",1127900
32000,1450,100,"bu","14:20:51",1127500
32000,1450,500,"bu","14:20:51",1127400
32000,1450,3500,"bu","14:20:50",1126900
32000,1450,200,"bu","14:20:50",1123400
32000,1450,100,"bu","14:20:50",1123200
32000,1450,300,"bu","14:20:50",1123100
32000,1450,900,"bu","14:20:50",1122800
32000,1450,100,"bu","14:20:50",1121900
32000,1450,900,"bu","14:20:50",1121800
32000,1450,1000,"bu","14:20:50",1120900
32000,1450,100,"bu","14:20:49",1119900
32000,1450,500,"bu","14:20:49",1119800
32000,1450,200,"bu","14:20:49",1119300
32000,1450,200,"bu","14:20:49",1119100
32000,1450,200,"bu","14:20:49",1118900
32000,1450,100,"bu","14:20:49",1118700
32000,1450,100,"bu","14:20:49",1118600
32000,1450,100,"bu","14:20:49",1118500
32000,1450,600,"bu","14:20:49",1118400
32000,1450,400,"bu","14:20:48",1117800
32000,1450,900,"bu","14:20:46",1117400
32000,1450,100,"bu","14:20:46",1116500
32000,1450,900,"bu","14:20:45",1116400
32000,1450,3200,"bu","14:20:45",1115500
32000,1450,5000,"bu","14:20:45",1112300
32000,1450,300,"bu","14:20:43",1107300
32000,1450,3100,"bu","14:20:43",1107000
32000,1450,3400,"bu","14:20:43",1103900
32000,1450,700,"bu","14:20:43",1100500
32000,1450,5200,"bu","14:20:43",1099800
32000,1450,700,"bu","14:20:41",1094600
32000,1450,5000,"bu","14:20:41",1093900
32000,1450,3000,"bu","14:20:41",1088900
32000,1450,2500,"bu","14:20:40",1085900
32000,1450,1500,"bu","14:20:39",1083400
32000,1450,16000,"bu","14:20:38",1081900
32000,1450,500,"bu","14:20:37",1065900
32000,1450,10000,"bu","14:20:36",1065400
32000,1450,400,"bu","14:20:36",1055400
32000,1450,1000,"bu","14:20:34",1055000
32000,1450,2300,"bu","14:20:33",1054000
32000,1450,2000,"bu","14:20:31",1051700
32000,1450,5000,"bu","14:20:30",1049700
32000,1450,400,"bu","14:20:30",1044700
32000,1450,2000,"bu","14:20:28",1044300
32000,1450,100,"bu","14:20:27",1042300
32000,1450,3000,"bu","14:20:26",1042200
32000,1450,500,"bu","14:20:26",1039200
32000,1450,200,"bu","14:20:26",1038700
31950,1400,100,"sd","14:20:26",1038500
32000,1450,300,"bu","14:20:23",1038400
32000,1450,2000,"bu","14:20:22",1038100
32000,1450,10000,"bu","14:20:20",1036100
32000,1450,200,"bu","14:20:18",1026100
32000,1450,700,"bu","14:20:17",1025900
31950,1400,500,"sd","14:20:15",1025200
32000,1450,800,"bu","14:20:15",1024700
32000,1450,4000,"bu","14:20:14",1023900
32000,1450,300,"bu","14:20:13",1019900
32000,1450,500,"bu","14:20:13",1019600
32000,1450,1000,"bu","14:20:13",1019100
32000,1450,600,"bu","14:20:12",1018100
32000,1450,3100,"bu","14:20:12",1017500
32000,1450,1900,"bu","14:20:12",1014400
32000,1450,1000,"bu","14:20:11",1012500
32000,1450,1000,"bu","14:20:11",1011500
32000,1450,2000,"bu","14:20:11",1010500
32000,1450,1000,"bu","14:20:11",1008500
32000,1450,3000,"bu","14:20:10",1007500
32000,1450,300,"bu","14:20:10",1004500
32000,1450,100,"bu","14:20:10",1004200
32000,1450,2000,"bu","14:20:10",1004100
32000,1450,1800,"bu","14:20:10",1002100
32000,1450,50000,"bu","14:20:10",1000300
32000,1450,500,"bu","14:20:10",950300
32000,1450,100,"bu","14:20:10",949800
32000,1450,1000,"bu","14:20:10",949700
32000,1450,900,"bu","14:20:10",948700
32000,1450,36000,"bu","14:20:10",947800
32000,1450,200,"bu","14:20:10",911800
32000,1450,100,"bu","14:20:10",911600
32000,1450,2000,"bu","14:20:10",911500
32000,1450,300,"bu","14:20:10",909500
32000,1450,600,"bu","14:20:10",909200
32000,1450,16800,"bu","14:20:10",908600
32000,1450,500,"bu","14:20:10",891800
32000,1450,300,"bu","14:20:10",891300
32000,1450,100,"bu","14:20:10",891000
32000,1450,1000,"bu","14:20:10",890900
32000,1450,300,"bu","14:20:10",889900
32000,1450,500,"bu","14:20:10",889600
32000,1450,500,"bu","14:20:10",889100
32000,1450,100,"bu","14:20:10",888600
32000,1450,1000,"bu","14:20:10",888500
32000,1450,500,"bu","14:20:03",887500
32000,1450,2000,"bu","14:20:03",887000
32000,1450,1000,"bu","14:20:03",885000
32000,1450,500,"bu","14:20:03",884000
32000,1450,1000,"bu","14:20:02",883500
31950,1400,200,"bu","14:20:02",882500
31950,1400,300,"bu","14:20:01",882300
31950,1400,300,"bu","14:20:01",882000
31950,1400,1000,"bu","14:20:01",881700
31950,1400,300,"bu","14:20:01",880700
31950,1400,1000,"bu","14:20:01",880400
31950,1400,100,"bu","14:20:01",879400
31950,1400,600,"bu","14:19:59",879300
31950,1400,400,"bu","14:19:59",878700
31950,1400,1100,"bu","14:19:59",878300
31950,1400,500,"bu","14:19:59",877200
31950,1400,400,"bu","14:19:59",876700
31950,1400,400,"bu","14:19:57",876300
31950,1400,100,"bu","14:19:55",875900
31950,1400,100,"bu","14:19:50",875800
31950,1400,100,"bu","14:19:50",875700
31950,1400,1000,"bu","14:19:50",875600
31950,1400,100,"bu","14:19:50",874600
31950,1400,4200,"bu","14:19:50",874500
31950,1400,800,"bu","14:19:49",870300
31950,1400,1200,"bu","14:19:49",869500
31950,1400,100,"bu","14:19:48",868300
31950,1400,1000,"bu","14:19:45",868200
31950,1400,200,"bu","14:19:44",867200
31950,1400,900,"bu","14:19:43",867000
31950,1400,2200,"bu","14:19:43",866100
31950,1400,2000,"bu","14:19:42",863900
31950,1400,500,"bu","14:19:42",861900
31950,1400,100,"bu","14:19:41",861400
31950,1400,300,"bu","14:19:38",861300
31950,1400,10000,"bu","14:19:38",861000
31950,1400,200,"bu","14:19:37",851000
31950,1400,600,"bu","14:19:34",850800
31900,1350,400,"sd","14:19:34",850200
31900,1350,1000,"sd","14:19:34",849800
31900,1350,100,"sd","14:19:34",848800
31950,1400,1000,"bu","14:19:32",848700
31900,1350,100,"sd","14:19:31",847700
31900,1350,1900,"sd","14:19:31",847600
31950,1400,19300,"bu","14:19:27",845700
31950,1400,700,"bu","14:19:27",826400
31950,1400,100,"bu","14:19:26",825700
31900,1350,100,"sd","14:19:23",825600
31900,1350,900,"sd","14:19:23",825500
31900,1350,100,"sd","14:19:22",824600
31900,1350,100,"bu","14:19:21",824500
31900,1350,500,"bu","14:19:20",824400
31900,1350,300,"bu","14:19:19",823900
31900,1350,1000,"bu","14:19:19",823600
31900,1350,200,"bu","14:19:19",822600
31900,1350,1000,"bu","14:19:19",822400
31900,1350,100,"bu","14:19:19",821400
31900,1350,2400,"bu","14:19:19",821300
31900,1350,600,"bu","14:19:18",818900
31900,1350,500,"bu","14:19:18",818300
31900,1350,200,"bu","14:19:17",817800
31900,1350,100,"bu","14:19:16",817600
31900,1350,200,"bu","14:19:16",817500
31900,1350,1800,"bu","14:19:15",817300
31900,1350,500,"bu","14:19:15",815500
31900,1350,400,"bu","14:19:15",815000
31900,1350,5000,"bu","14:19:15",814600
31900,1350,100,"bu","14:19:15",809600
31900,1350,100,"bu","14:19:15",809500
31900,1350,300,"bu","14:19:15",809400
31900,1350,1800,"bu","14:19:15",809100
31900,1350,2000,"bu","14:19:14",807300
31850,1300,200,"sd","14:19:13",805300
31900,1350,200,"bu","14:19:12",805100
31900,1350,1000,"bu","14:19:11",804900
31900,1350,2000,"bu","14:19:11",803900
31900,1350,1000,"bu","14:19:11",801900
31850,1300,100,"sd","14:19:09",800900
31900,1350,1000,"bu","14:19:08",800800
31850,1300,500,"sd","14:19:05",799800
31850,1300,1000,"bu","14:18:54",799300
31800,1250,100,"sd","14:18:53",798300
31850,1300,1000,"bu","14:18:48",798200
31850,1300,2000,"bu","14:18:48",797200
31800,1250,1900,"bu","14:18:41",795200
31800,1250,1100,"bu","14:18:40",793300
31800,1250,500,"bu","14:18:40",792200
31800,1250,100,"bu","14:18:40",791700
31800,1250,100,"bu","14:18:40",791600
31800,1250,200,"bu","14:18:40",791500
31800,1250,100,"bu","14:18:40",791300
31800,1250,100,"bu","14:18:40",791200
31800,1250,300,"bu","14:18:40",791100
31800,1250,500,"bu","14:18:40",790800
31800,1250,500,"bu","14:18:39",790300
31750,1200,100,"sd","14:18:34",789800
31750,1200,100,"bu","14:18:33",789700
31700,1150,200,"bu","14:18:26",789600
31700,1150,100,"bu","14:18:26",789400
31700,1150,200,"bu","14:18:26",789300
31700,1150,200,"bu","14:18:26",789100
31700,1150,200,"bu","14:18:23",788900
31700,1150,100,"bu","14:18:23",788700
31700,1150,500,"bu","14:18:23",788600
31700,1150,100,"bu","14:18:23",788100
31700,1150,300,"bu","14:18:23",788000
31700,1150,1000,"bu","14:18:21",787700
31650,1100,100,"bu","14:18:08",786700
31650,1100,100,"bu","14:18:08",786600
31650,1100,200,"bu","14:18:08",786500
31650,1100,100,"bu","14:18:07",786300
31600,1050,200,"bu","14:17:59",786200
31600,1050,500,"bu","14:17:59",786000
31600,1050,300,"bu","14:17:59",785500
31600,1050,700,"bu","14:17:58",785200
31600,1050,4300,"bu","14:17:58",784500
31600,1050,200,"bu","14:17:58",780200
31550,1000,100,"sd","14:17:58",780000
31550,1000,400,"sd","14:17:58",779900
31600,1050,200,"bu","14:17:57",779500
31600,1050,300,"bu","14:17:57",779300
31600,1050,100,"bu","14:17:57",779000
31600,1050,100,"bu","14:17:57",778900
31600,1050,500,"bu","14:17:57",778800
31600,1050,2000,"bu","14:17:55",778300
31600,1050,2000,"bu","14:17:53",776300
31600,1050,500,"bu","14:17:53",774300
31600,1050,300,"bu","14:17:53",773800
31600,1050,500,"bu","14:17:45",773500
31600,1050,500,"bu","14:17:45",773000
31600,1050,5000,"bu","14:17:45",772500
31550,1000,100,"sd","14:17:39",767500
31550,1000,100,"sd","14:17:39",767400
31550,1000,100,"sd","14:17:39",767300
31500,950,3000,"bu","14:17:30",767200
31500,950,100,"bu","14:17:30",764200
31500,950,200,"bu","14:17:30",764100
31500,950,100,"bu","14:17:30",763900
31500,950,1000,"bu","14:17:30",763800
31500,950,2500,"bu","14:17:30",762800
31500,950,1000,"bu","14:17:29",760300
31500,950,400,"bu","14:17:28",759300
31500,950,100,"bu","14:17:28",758900
31500,950,3000,"bu","14:17:28",758800
31500,950,500,"bu","14:17:28",755800
31500,950,100,"bu","14:17:28",755300
31500,950,500,"bu","14:17:28",755200
31500,950,100,"bu","14:17:28",754700
31500,950,200,"bu","14:17:28",754600
31500,950,100,"bu","14:17:28",754400
31500,950,100,"bu","14:17:28",754300
31500,950,500,"bu","14:17:28",754200
31500,950,200,"bu","14:17:28",753700
31500,950,400,"bu","14:17:28",753500
31500,950,200,"bu","14:17:28",753100
31500,950,100,"bu","14:17:28",752900
31500,950,500,"bu","14:17:28",752800
31500,950,100,"bu","14:17:28",752300
31500,950,1000,"bu","14:17:28",752200
31500,950,500,"bu","14:17:28",751200
31500,950,1400,"bu","14:17:28",750700
31500,950,1600,"bu","14:17:26",749300
31500,950,1000,"bu","14:17:26",747700
31500,950,1000,"bu","14:17:26",746700
31500,950,400,"bu","14:17:26",745700
31500,950,1600,"bu","14:17:23",745300
31500,950,500,"bu","14:17:23",743700
31500,950,1000,"bu","14:17:23",743200
31500,950,300,"bu","14:17:23",742200
31500,950,500,"bu","14:17:23",741900
31500,950,1500,"bu","14:17:23",741400
31500,950,300,"bu","14:17:23",739900
31500,950,200,"bu","14:17:23",739600
31500,950,1500,"bu","14:17:23",739400
31500,950,1000,"bu","14:17:23",737900
31500,950,100,"bu","14:17:23",736900
31500,950,300,"bu","14:17:23",736800
31500,950,1000,"bu","14:17:23",736500
31500,950,200,"bu","14:17:23",735500
31450,900,1800,"bu","14:17:21",735300
31450,900,500,"bu","14:17:21",733500
31450,900,200,"bu","14:17:21",733000
31450,900,800,"bu","14:17:18",732800
31450,900,200,"bu","14:17:18",732000
31450,900,100,"bu","14:17:17",731800
31450,900,700,"bu","14:17:15",731700
31400,850,800,"sd","14:17:06",731000
31400,850,200,"sd","14:17:06",730200
31400,850,1800,"bu","14:16:55",730000
31400,850,2200,"bu","14:16:48",728200
31400,850,300,"bu","14:16:48",726000
31400,850,3000,"bu","14:16:45",725700
31400,850,10000,"bu","14:16:42",722700
31400,850,1000,"bu","14:16:37",712700
31300,750,200,"sd","14:16:16",711700
31400,850,1000,"bu","14:16:09",711500
31400,850,1000,"bu","14:16:08",710500
31400,850,1000,"bu","14:16:06",709500
31400,850,100,"bu","14:16:06",708500
31400,850,2400,"sd","14:16:05",708400
31400,850,200,"sd","14:16:05",706000
31450,900,1000,"bu","14:16:05",705800
31500,950,30600,"bu","14:15:57",704800
31500,950,700,"bu","14:15:57",674200
31500,950,2000,"bu","14:15:57",673500
31450,900,3000,"bu","14:15:57",671500
31450,900,9500,"bu","14:15:57",668500
31450,900,1000,"bu","14:15:57",659000
31450,900,100,"bu","14:15:57",658000
31450,900,800,"bu","14:15:57",657900
31450,900,100,"bu","14:15:57",657100
31450,900,100,"bu","14:15:57",657000
31450,900,200,"bu","14:15:57",656900
31450,900,100,"bu","14:15:57",656700
31450,900,200,"bu","14:15:57",656600
31450,900,100,"bu","14:15:57",656400
31450,900,1500,"bu","14:15:57",656300
31450,900,500,"bu","14:15:50",654800
31450,900,100,"bu","14:15:50",654300
31450,900,400,"bu","14:15:50",654200
31400,850,1800,"bu","14:15:47",653800
31300,750,1000,"sd","14:15:45",652000
31400,850,100,"bu","14:15:45",651000
31400,850,900,"bu","14:15:45",650900
31400,850,100,"bu","14:15:44",650000
31400,850,2000,"bu","14:15:44",649900
31400,850,100,"bu","14:15:44",647900
31400,850,100,"bu","14:15:44",647800
31400,850,700,"bu","14:15:44",647700
31400,850,500,"bu","14:15:41",647000
31400,850,200,"bu","14:15:41",646500
31400,850,100,"bu","14:15:41",646300
31400,850,500,"bu","14:15:41",646200
31400,850,300,"bu","14:15:41",645700
31400,850,200,"bu","14:15:41",645400
31400,850,200,"bu","14:15:41",645200
31400,850,200,"bu","14:15:41",645000
31400,850,100,"bu","14:15:41",644800
31400,850,300,"bu","14:15:41",644700
31400,850,100,"bu","14:15:41",644400
31400,850,600,"bu","14:15:41",644300
31400,850,200,"bu","14:15:38",643700
31400,850,3200,"bu","14:15:35",643500
31350,800,1000,"bu","14:15:35",640300
31350,800,2800,"bu","14:15:35",639300
31350,800,500,"bu","14:15:35",636500
31350,800,200,"bu","14:15:35",636000
31300,750,2000,"bu","14:15:35",635800
31300,750,200,"bu","14:15:35",633800
31300,750,100,"bu","14:15:35",633600
31300,750,1000,"bu","14:15:35",633500
31300,750,100,"bu","14:15:35",632500
31300,750,100,"bu","14:15:32",632400
31300,750,200,"bu","14:15:32",632300
31300,750,200,"bu","14:15:32",632100
31300,750,100,"bu","14:15:32",631900
31250,700,100,"bu","14:15:32",631800
31250,700,1000,"bu","14:15:32",631700
31250,700,100,"bu","14:15:32",630700
31250,700,200,"bu","14:15:32",630600
31250,700,100,"bu","14:15:32",630400
31200,650,200,"bu","14:15:32",630300
31200,650,500,"bu","14:15:32",630100
31200,650,2000,"bu","14:15:32",629600
31200,650,400,"bu","14:15:32",627600
31200,650,1000,"bu","14:15:32",627200
31200,650,300,"bu","14:15:32",626200
31200,650,100,"bu","14:15:32",625900
31200,650,100,"bu","14:15:32",625800
31300,750,1200,"bu","14:15:32",625700
31300,750,100,"bu","14:15:32",624500
31200,650,3000,"bu","14:15:31",624400
31200,650,2600,"bu","14:15:30",621400
31200,650,1900,"bu","14:15:30",618800
31200,650,500,"bu","14:15:30",616900
31200,650,1000,"bu","14:15:28",616400
31200,650,16400,"bu","14:15:28",615400
31200,650,1100,"bu","14:15:28",599000
31200,650,500,"bu","14:15:28",597900
31200,650,100,"bu","14:15:28",597400
31200,650,100,"bu","14:15:28",597300
31150,600,100,"bu","14:15:28",597200
31150,600,100,"bu","14:15:27",597100
31150,600,1000,"bu","14:15:27",597000
31150,600,100,"bu","14:15:27",596000
31100,550,300,"bu","14:15:27",595900
31100,550,200,"bu","14:15:27",595600
31100,550,1800,"bu","14:15:27",595400
31100,550,200,"bu","14:15:27",593600
31050,500,1000,"bu","14:15:27",593400
31050,500,2000,"bu","14:15:27",592400
31000,450,3000,"sd","14:15:25",590400
31000,450,200,"sd","14:14:25",587400
31000,450,500,"sd","14:14:25",587200
31000,450,2000,"sd","14:14:25",586700
31000,450,1000,"bu","14:14:25",584700
31000,450,500,"bu","14:14:25",583700
31000,450,2000,"bu","14:14:25",583200
31000,450,100,"bu","14:14:25",581200
31000,450,100,"bu","14:14:25",581100
30950,400,300,"bu","14:14:25",581000
30950,400,100,"sd","14:13:59",580700
30950,400,900,"sd","14:13:40",580600
30950,400,100,"sd","14:13:40",579700
30900,350,200,"sd","14:13:12",579600
30950,400,800,"sd","14:13:12",579400
30950,400,200,"bu","14:13:01",578600
30900,350,100,"bu","14:09:32",578400
30900,350,200,"bu","14:08:31",578300
30900,350,300,"bu","14:08:31",578100
30900,350,100,"sd","14:05:26",577800
30900,350,200,"sd","14:05:26",577700
30900,350,500,"sd","14:05:26",577500
30950,400,700,"sd","14:05:26",577000
30950,400,3000,"sd","14:05:26",576300
30950,400,200,"sd","14:05:26",573300
30950,400,100,"sd","14:04:06",573100
30950,400,500,"sd","14:01:07",573000
30950,400,200,"sd","14:00:38",572500
30950,400,700,"bu","14:00:29",572300
30950,400,400,"bu","14:00:29",571600
30950,400,900,"bu","14:00:29",571200
30900,350,1000,"bu","14:00:00",570300
30900,350,3100,"unknown","13:59:38",569300
30850,300,6400,"sd","13:59:38",566200
30900,350,500,"sd","13:59:38",559800
30900,350,100,"sd","13:56:16",559300
30900,350,100,"sd","13:56:05",559200
30900,350,1700,"sd","13:54:56",559100
30900,350,100,"sd","13:54:56",557400
30900,350,200,"sd","13:54:56",557300
30950,400,100,"bu","13:54:48",557100
30950,400,300,"bu","13:53:28",557000
30950,400,1000,"bu","13:52:01",556700
30900,350,100,"bu","13:49:11",555700
30900,350,100,"sd","13:48:54",555600
30900,350,200,"sd","13:48:54",555500
30900,350,100,"sd","13:48:54",555300
30900,350,1600,"sd","13:48:54",555200
30900,350,400,"sd","13:48:17",553600
30900,350,600,"sd","13:48:17",553200
30950,400,200,"bu","13:47:30",552600
30950,400,500,"sd","13:43:35",552400
30950,400,2000,"sd","13:43:35",551900
31000,450,100,"bu","13:43:23",549900
31000,450,100,"sd","13:41:56",549800
31000,450,100,"sd","13:41:56",549700
31000,450,100,"sd","13:41:55",549600
31000,450,300,"sd","13:41:53",549500
31000,450,200,"bu","13:39:07",549200
31000,450,1400,"bu","13:39:07",549000
31000,450,500,"bu","13:38:49",547600
30950,400,800,"sd","13:38:31",547100
31000,450,1000,"bu","13:38:21",546300
31000,450,1000,"bu","13:37:50",545300
31000,450,200,"bu","13:37:08",544300
31000,450,500,"bu","13:36:52",544100
30950,400,200,"sd","13:36:28",543600
30950,400,200,"sd","13:35:15",543400
30950,400,200,"sd","13:34:40",543200
31000,450,400,"sd","13:33:07",543000
31000,450,600,"sd","13:33:03",542600
31000,450,400,"sd","13:33:03",542000
31000,450,100,"sd","13:32:10",541600
31000,450,500,"sd","13:31:41",541500
31000,450,500,"sd","13:31:41",541000
31000,450,5000,"sd","13:30:54",540500
31000,450,2000,"sd","13:30:54",535500
31000,450,2700,"sd","13:29:15",533500
31000,450,1100,"sd","13:28:07",530800
31000,450,200,"sd","13:27:43",529700
31100,550,300,"bu","13:27:22",529500
31000,450,100,"sd","13:26:06",529200
31000,450,3900,"sd","13:25:04",529100
31000,450,4400,"sd","13:25:04",525200
31000,450,600,"sd","13:24:52",520800
31000,450,500,"sd","13:24:52",520200
31000,450,200,"sd","13:24:52",519700
31000,450,100,"sd","13:24:52",519500
31000,450,300,"sd","13:24:52",519400
31050,500,500,"unknown","13:24:52",519100
31050,500,2800,"sd","13:24:52",518600
31050,500,200,"sd","13:24:39",515800
31050,500,300,"sd","13:24:39",515600
31050,500,100,"sd","13:22:34",515300
31050,500,100,"sd","13:22:03",515200
31050,500,2100,"unknown","13:19:54",515100
31050,500,500,"bu","13:19:50",513000
31050,500,1000,"sd","13:19:40",512500
31050,500,100,"sd","13:19:40",511500
31050,500,300,"sd","13:19:40",511400
31100,550,100,"bu","13:17:43",511100
31100,550,100,"sd","13:17:26",511000
31100,550,300,"sd","13:17:26",510900
31100,550,200,"sd","13:16:57",510600
31100,550,200,"sd","13:15:30",510400
31100,550,400,"sd","13:14:46",510200
31100,550,1900,"sd","13:13:40",509800
31150,600,100,"sd","13:11:59",507900
31150,600,100,"bu","13:10:54",507800
31100,550,500,"bu","13:10:17",507700
31150,600,500,"bu","13:09:12",507200
31100,550,100,"bu","13:07:37",506700
31100,550,200,"unknown","13:07:13",506600
31100,550,500,"bu","13:02:41",506400
31100,550,100,"bu","13:02:41",505900
31100,550,400,"sd","13:02:31",505800
31100,550,100,"sd","13:02:28",505400
31200,650,500,"bu","13:00:15",505300
31200,650,100,"bu","13:00:13",504800
31200,650,100,"bu","13:00:08",504700
31200,650,200,"bu","13:00:07",504600
31200,650,100,"sd","11:29:42",504400
31200,650,100,"sd","11:28:34",504300
31200,650,100,"sd","11:28:25",504200
31200,650,500,"sd","11:28:01",504100
31200,650,100,"bu","11:26:13",503600
31200,650,200,"bu","11:26:13",503500
31200,650,100,"bu","11:26:13",503300
31200,650,200,"bu","11:26:13",503200
31150,600,1000,"bu","11:26:13",503000
31150,600,100,"bu","11:26:13",502000
31150,600,200,"bu","11:26:13",501900
31100,550,100,"bu","11:26:13",501700
31100,550,100,"bu","11:26:13",501600
31100,550,100,"bu","11:26:13",501500
31100,550,100,"bu","11:23:42",501400
31100,550,800,"sd","11:22:00",501300
31100,550,100,"sd","11:21:13",500500
31100,550,100,"sd","11:20:56",500400
31100,550,100,"bu","11:15:10",500300
31050,500,100,"sd","11:12:11",500200
31050,500,100,"sd","11:11:34",500100
31050,500,1500,"sd","11:11:25",500000
31050,500,1500,"sd","11:11:25",498500
31050,500,1000,"sd","11:11:25",497000
31050,500,100,"sd","11:11:25",496000
31100,550,100,"sd","11:10:09",495900
31100,550,1800,"sd","11:10:09",495800
31100,550,100,"sd","11:06:46",494000
31100,550,100,"sd","11:05:24",493900
31100,550,400,"sd","11:05:24",493800
31100,550,100,"sd","11:03:46",493400
31200,650,2000,"sd","11:03:19",493300
31200,650,300,"sd","11:02:15",491300
31200,650,100,"sd","11:02:13",491000
31200,650,1000,"sd","11:02:13",490900
31200,650,200,"sd","11:02:13",489900
31200,650,100,"sd","11:01:41",489700
31200,650,900,"sd","11:01:41",489600
31200,650,100,"sd","11:01:19",488700
31200,650,1000,"sd","11:00:48",488600
31250,700,800,"sd","10:58:45",487600
31250,700,1000,"sd","10:58:25",486800
31250,700,200,"sd","10:58:20",485800
31250,700,200,"sd","10:58:20",485600
31250,700,600,"sd","10:58:03",485400
31250,700,1000,"sd","10:57:32",484800
31250,700,3200,"sd","10:57:21",483800
31250,700,100,"sd","10:57:21",480600
31250,700,700,"sd","10:57:21",480500
31250,700,1000,"sd","10:57:04",479800
31300,750,100,"bu","10:56:40",478800
31300,750,1600,"bu","10:56:35",478700
31400,850,1000,"sd","10:54:46",477100
31450,900,1000,"unknown","10:54:24",476100
31400,850,100,"sd","10:54:13",475100
31400,850,5000,"sd","10:54:13",475000
31400,850,2000,"bu","10:54:13",470000
31400,850,100,"bu","10:54:13",468000
31350,800,200,"bu","10:54:13",467900
31400,850,100,"bu","10:54:13",467700
31350,800,800,"bu","10:54:03",467600
31350,800,100,"bu","10:54:03",466800
31350,800,100,"bu","10:54:03",466700
31300,750,100,"sd","10:53:54",466600
31300,750,100,"bu","10:53:50",466500
31300,750,100,"bu","10:53:50",466400
31300,750,200,"bu","10:53:50",466300
31300,750,1000,"bu","10:53:50",466100
31300,750,4000,"bu","10:53:49",465100
31300,750,200,"bu","10:53:49",461100
31300,750,600,"bu","10:53:49",460900
31300,750,100,"bu","10:53:49",460300
31300,750,100,"bu","10:53:49",460200
31300,750,500,"bu","10:53:49",460100
31300,750,300,"bu","10:53:49",459600
31300,750,8200,"bu","10:53:49",459300
31300,750,2600,"bu","10:53:40",451100
31300,750,9200,"bu","10:53:22",448500
31300,750,300,"bu","10:53:22",439300
31300,750,500,"bu","10:53:22",439000
31250,700,300,"bu","10:52:53",438500
31250,700,200,"bu","10:52:18",438200
31250,700,500,"bu","10:52:18",438000
31250,700,200,"bu","10:52:18",437500
31250,700,1000,"bu","10:52:18",437300
31250,700,100,"bu","10:52:18",436300
31200,650,100,"sd","10:52:06",436200
31200,650,2000,"sd","10:52:06",436100
31200,650,300,"sd","10:52:06",434100
31200,650,300,"bu","10:52:05",433800
31200,650,4400,"bu","10:52:00",433500
31200,650,4600,"bu","10:52:00",429100
31200,650,500,"bu","10:50:59",424500
31200,650,100,"bu","10:50:43",424000
31150,600,1000,"sd","10:50:22",423900
31150,600,1000,"bu","10:50:01",422900
31150,600,2700,"bu","10:50:01",421900
31150,600,2700,"bu","10:50:01",419200
31150,600,1000,"sd","10:49:07",416500
31150,600,1300,"sd","10:49:07",415500
31150,600,200,"sd","10:48:55",414200
31150,600,1000,"sd","10:48:43",414000
31150,600,800,"sd","10:48:30",413000
31150,600,200,"sd","10:48:30",412200
31150,600,200,"sd","10:47:40",412000
31200,650,100,"bu","10:47:14",411800
31200,650,200,"bu","10:46:45",411700
31200,650,800,"sd","10:46:41",411500
31200,650,100,"sd","10:46:32",410700
31300,750,1000,"bu","10:46:00",410600
31300,750,500,"bu","10:46:00",409600
31300,750,300,"bu","10:46:00",409100
31300,750,300,"bu","10:46:00",408800
31300,750,800,"bu","10:46:00",408500
31250,700,100,"unknown","10:46:00",407700
31200,650,300,"sd","10:45:46",407600
31250,700,200,"sd","10:45:46",407300
31300,750,200,"bu","10:45:45",407100
31300,750,800,"bu","10:45:45",406900
31300,750,200,"bu","10:45:45",406100
31300,750,400,"bu","10:45:45",405900
31250,700,400,"bu","10:45:45",405500
31200,650,1000,"bu","10:45:32",405100
31200,650,100,"bu","10:45:32",404100
31200,650,100,"bu","10:45:32",404000
31200,650,1000,"bu","10:45:32",403900
31200,650,200,"bu","10:45:32",402900
31200,650,1400,"bu","10:45:32",402700
31200,650,4600,"bu","10:45:14",401300
31200,650,1000,"bu","10:45:14",396700
31200,650,1000,"bu","10:45:14",395700
31200,650,300,"bu","10:45:14",394700
31200,650,200,"bu","10:45:14",394400
31200,650,1000,"bu","10:45:14",394200
31200,650,300,"bu","10:45:14",393200
31200,650,100,"bu","10:45:14",392900
31200,650,10000,"bu","10:45:14",392800
31200,650,500,"bu","10:45:14",382800
31200,650,1000,"bu","10:45:14",382300
31150,600,100,"sd","10:44:48",381300
31150,600,200,"sd","10:44:42",381200
31150,600,5000,"sd","10:44:32",381000
31150,600,200,"sd","10:44:32",376000
31150,600,300,"sd","10:44:32",375800
31150,600,100,"sd","10:44:32",375500
31150,600,200,"sd","10:44:32",375400
31150,600,100,"sd","10:44:32",375200
31100,550,500,"sd","10:44:32",375100
31100,550,1000,"sd","10:44:32",374600
31100,550,100,"sd","10:44:32",373600
31100,550,1000,"sd","10:44:32",373500
31100,550,200,"sd","10:44:32",372500
31100,550,400,"sd","10:44:32",372300
31100,550,200,"sd","10:44:32",371900
31100,550,100,"bu","10:42:55",371700
31100,550,100,"bu","10:42:55",371600
31100,550,500,"bu","10:42:55",371500
31100,550,100,"bu","10:42:55",371000
31100,550,200,"bu","10:42:55",370900
31100,550,1000,"bu","10:42:55",370700
31100,550,1000,"bu","10:42:55",369700
31050,500,100,"bu","10:42:30",368700
31050,500,100,"bu","10:42:30",368600
31000,450,1000,"unknown","10:42:20",368500
31000,450,100,"unknown","10:42:20",367500
31000,450,500,"unknown","10:42:20",367400
31000,450,300,"unknown","10:42:20",366900
31000,450,200,"bu","10:42:12",366600
31000,450,300,"bu","10:42:12",366400
31000,450,800,"bu","10:42:12",366100
31000,450,200,"bu","10:42:12",365300
31000,450,1300,"bu","10:42:12",365100
31000,450,100,"bu","10:42:12",363800
31000,450,100,"bu","10:42:12",363700
31000,450,900,"bu","10:42:05",363600
31000,450,5000,"bu","10:42:05",362700
31000,450,5000,"bu","10:42:05",357700
31000,450,800,"bu","10:42:05",352700
31000,450,300,"bu","10:42:05",351900
31000,450,1000,"bu","10:42:05",351600
31000,450,100,"bu","10:42:05",350600
31000,450,200,"bu","10:42:05",350500
31000,450,100,"bu","10:42:05",350300
31000,450,3000,"bu","10:42:05",350200
31000,450,100,"bu","10:42:05",347200
31000,450,200,"bu","10:42:05",347100
31000,450,1000,"bu","10:42:05",346900
31000,450,500,"bu","10:42:05",345900
31000,450,1000,"bu","10:42:05",345400
31000,450,100,"bu","10:42:05",344400
31000,450,100,"bu","10:42:05",344300
31000,450,100,"bu","10:42:05",344200
31000,450,100,"bu","10:42:05",344100
31000,450,200,"bu","10:42:05",344000
31000,450,5000,"bu","10:42:05",343800
31000,450,5000,"bu","10:42:05",338800
31000,450,100,"bu","10:42:05",333800
31000,450,1000,"bu","10:42:05",333700
31000,450,100,"bu","10:42:05",332700
31000,450,300,"bu","10:42:05",332600
31000,450,500,"bu","10:42:05",332300
31000,450,500,"bu","10:42:05",331800
31000,450,1000,"bu","10:42:05",331300
31000,450,500,"bu","10:42:05",330300
31000,450,200,"bu","10:42:05",329800
31000,450,300,"bu","10:42:05",329600
31000,450,1000,"bu","10:42:05",329300
31000,450,400,"bu","10:42:05",328300
31000,450,2000,"bu","10:42:05",327900
31000,450,100,"bu","10:42:05",325900
31000,450,12200,"bu","10:42:05",325800
31000,450,20000,"bu","10:41:53",313600
30950,400,100,"sd","10:41:12",293600
30950,400,100,"sd","10:41:05",293500
30950,400,500,"sd","10:41:05",293400
30950,400,100,"bu","10:41:05",292900
30950,400,100,"bu","10:41:05",292800
30950,400,500,"bu","10:41:05",292700
30950,400,100,"bu","10:41:05",292200
30950,400,100,"bu","10:41:05",292100
30950,400,5000,"bu","10:41:05",292000
30950,400,1000,"bu","10:41:05",287000
30950,400,100,"bu","10:41:05",286000
30950,400,300,"bu","10:41:05",285900
30950,400,1000,"bu","10:41:05",285600
30950,400,1000,"bu","10:41:05",284600
30950,400,4700,"bu","10:41:05",283600
30950,400,300,"bu","10:41:05",278900
30950,400,1000,"bu","10:41:05",278600
30950,400,200,"bu","10:41:05",277600
30950,400,100,"bu","10:41:05",277400
30950,400,200,"bu","10:41:05",277300
30950,400,100,"bu","10:41:05",277100
30900,350,500,"sd","10:39:00",277000
30900,350,500,"sd","10:38:40",276500
30900,350,1600,"sd","10:38:12",276000
30900,350,500,"sd","10:38:07",274400
30900,350,100,"sd","10:36:06",273900
30900,350,100,"bu","10:35:31",273800
30900,350,200,"bu","10:35:31",273700
30900,350,100,"bu","10:35:31",273500
30900,350,1200,"bu","10:35:31",273400
30900,350,300,"bu","10:35:31",272200
30900,350,4300,"bu","10:35:31",271900
30900,350,300,"bu","10:34:27",267600
30900,350,10000,"bu","10:32:44",267300
30850,300,400,"sd","10:32:41",257300
30850,300,1700,"sd","10:32:41",256900
30800,250,100,"sd","10:30:45",255200
30800,250,100,"sd","10:30:44",255100
30800,250,100,"sd","10:30:44",255000
30800,250,100,"sd","10:30:44",254900
30850,300,300,"bu","10:29:51",254800
30800,250,1400,"sd","10:29:27",254500
30850,300,2100,"sd","10:29:27",253100
30850,300,600,"sd","10:29:17",251000
30850,300,200,"sd","10:29:17",250400
30850,300,1000,"sd","10:27:04",250200
30850,300,200,"sd","10:26:51",249200
30850,300,100,"sd","10:26:13",249000
30850,300,1000,"bu","10:22:56",248900
30850,300,1000,"bu","10:22:56",247900
30850,300,1000,"bu","10:22:56",246900
30850,300,500,"bu","10:22:56",245900
30850,300,1000,"bu","10:22:56",245400
30800,250,100,"sd","10:22:26",244400
30800,250,700,"sd","10:20:07",244300
30800,250,2100,"sd","10:20:07",243600
30850,300,100,"bu","10:19:24",241500
30850,300,900,"bu","10:18:44",241400
30850,300,200,"bu","10:17:43",240500
30800,250,1400,"sd","10:17:25",240300
30850,300,800,"bu","10:16:57",238900
30850,300,1000,"bu","10:16:57",238100
30800,250,1000,"sd","10:16:23",237100
30800,250,600,"sd","10:15:57",236100
30800,250,400,"sd","10:15:57",235500
30800,250,600,"sd","10:15:34",235100
30800,250,400,"sd","10:15:34",234500
30800,250,600,"sd","10:14:11",234100
30800,250,100,"sd","10:14:11",233500
30800,250,6700,"sd","10:14:11",233400
30850,300,100,"sd","10:14:11",226700
30850,300,1500,"sd","10:14:11",226600
30850,300,1000,"sd","10:14:11",225100
30850,300,200,"sd","10:14:04",224100
30850,300,800,"sd","10:13:33",223900
30900,350,2000,"bu","10:12:35",223100
30900,350,5000,"sd","10:10:56",221100
30900,350,5000,"sd","10:10:56",216100
30900,350,3400,"sd","10:10:56",211100
30950,400,300,"bu","10:09:58",207700
30950,400,9700,"bu","10:09:58",207400
30900,350,1000,"sd","10:08:54",197700
30950,400,300,"bu","10:08:50",196700
30950,400,200,"bu","10:08:50",196400
30950,400,800,"bu","10:05:59",196200
30950,400,100,"bu","10:05:59",195400
30950,400,1500,"bu","10:05:59",195300
30900,350,500,"sd","10:05:37",193800
30900,350,100,"bu","10:05:28",193300
30900,350,300,"sd","10:04:00",193200
30900,350,200,"sd","10:03:55",192900
30900,350,1000,"sd","10:02:17",192700
30900,350,500,"bu","10:01:55",191700
30900,350,1000,"bu","10:01:55",191200
30850,300,200,"sd","10:00:54",190200
30900,350,1000,"bu","09:59:54",190000
30900,350,2000,"bu","09:59:54",189000
30850,300,1000,"sd","09:59:37",187000
30850,300,100,"sd","09:59:07",186000
30850,300,1600,"sd","09:58:56",185900
30850,300,4700,"sd","09:58:37",184300
30850,300,15000,"sd","09:58:23",179600
30850,300,300,"sd","09:58:23",164600
30900,350,100,"bu","09:56:57",164300
30900,350,500,"bu","09:56:57",164200
30900,350,200,"bu","09:56:57",163700
30900,350,100,"sd","09:54:49",163500
30900,350,1000,"sd","09:54:34",163400
30900,350,4000,"sd","09:54:24",162400
30900,350,200,"sd","09:53:12",158400
30900,350,300,"bu","09:52:06",158200
30900,350,4200,"bu","09:52:06",157900
30900,350,500,"bu","09:51:16",153700
30900,350,500,"bu","09:51:16",153200
30900,350,500,"sd","09:49:46",152700
30900,350,100,"sd","09:49:03",152200
30900,350,100,"bu","09:48:57",152100
30900,350,300,"bu","09:48:57",152000
30900,350,200,"bu","09:47:56",151700
30850,300,500,"sd","09:47:55",151500
30850,300,400,"sd","09:47:53",151000
30900,350,500,"bu","09:47:45",150600
30900,350,1000,"sd","09:46:38",150100
30900,350,100,"bu","09:45:30",149100
30900,350,100,"bu","09:45:30",149000
30900,350,100,"bu","09:45:30",148900
30900,350,1000,"sd","09:43:03",148800
30900,350,300,"sd","09:42:46",147800
30900,350,7700,"bu","09:41:38",147500
30900,350,2300,"sd","09:41:20",139800
30950,400,400,"bu","09:40:26",137500
30950,400,200,"bu","09:40:26",137100
30950,400,100,"bu","09:40:26",136900
30950,400,200,"bu","09:40:26",136800
30950,400,1100,"bu","09:40:26",136600
30950,400,8900,"bu","09:40:00",135500
30950,400,1100,"bu","09:40:00",126600
30950,400,500,"bu","09:39:57",125500
30950,400,100,"bu","09:38:59",125000
30950,400,100,"bu","09:38:59",124900
30950,400,100,"bu","09:38:59",124800
30950,400,1500,"bu","09:38:59",124700
30950,400,700,"bu","09:38:59",123200
30900,350,4800,"bu","09:38:44",122500
30900,350,100,"bu","09:38:44",117700
30900,350,10000,"bu","09:38:44",117600
30900,350,1200,"bu","09:38:44",107600
30900,350,500,"bu","09:38:44",106400
30850,300,1100,"bu","09:38:44",105900
30850,300,8900,"bu","09:38:07",104800
30850,300,1000,"bu","09:38:07",95900
30850,300,100,"bu","09:38:07",94900
30800,250,1000,"bu","09:38:04",94800
30800,250,300,"bu","09:38:04",93800
30800,250,1000,"bu","09:38:04",93500
30800,250,700,"bu","09:38:04",92500
30800,250,300,"bu","09:38:04",91800
30750,200,1000,"sd","09:36:50",91500
30750,200,200,"sd","09:36:25",90500
30800,250,100,"bu","09:35:11",90300
30800,250,100,"bu","09:32:59",90200
30800,250,2000,"bu","09:32:59",90100
30800,250,400,"bu","09:32:59",88100
30800,250,1200,"bu","09:32:45",87700
30800,250,200,"bu","09:32:45",86500
30800,250,600,"bu","09:32:45",86300
30750,200,3000,"sd","09:32:24",85700
30750,200,1000,"sd","09:32:19",82700
30750,200,2000,"sd","09:32:13",81700
30800,250,100,"sd","09:31:48",79700
30800,250,300,"sd","09:31:48",79600
30800,250,700,"sd","09:31:29",79300
30800,250,500,"sd","09:31:24",78600
30800,250,1500,"sd","09:29:53",78100
30800,250,100,"sd","09:29:19",76600
30800,250,2200,"bu","09:28:51",76500
30800,250,500,"bu","09:28:46",74300
30800,250,6000,"bu","09:28:45",73800
30800,250,200,"bu","09:28:41",67800
30800,250,19100,"bu","09:28:23",67600
30800,250,10000,"bu","09:28:06",48500
30750,200,1000,"bu","09:28:01",38500
30750,200,1700,"bu","09:28:01",37500
30700,150,1000,"sd","09:25:48",35800
30750,200,2000,"bu","09:24:26",34800
30750,200,300,"bu","09:24:25",32800
30950,400,800,"bu","09:20:39",32500
30950,400,200,"bu","09:20:39",31700
31000,450,1500,"bu","09:19:13",31500
31000,450,8100,"bu","09:19:04",30000
31000,450,8200,"bu","09:18:53",21900
30950,400,500,"bu","09:18:53",13700
30950,400,1000,"bu","09:18:53",13200
30950,400,300,"bu","09:18:53",12200
30900,350,1000,"bu","09:18:42",11900
30900,350,1000,"bu","09:18:42",10900
30900,350,300,"bu","09:18:42",9900
30900,350,100,"bu","09:18:42",9600
30900,350,100,"bu","09:18:42",9500
30800,250,100,"bu","09:18:42",9400
30800,250,300,"bu","09:18:42",9300
30800,250,300,"bu","09:18:42",9000
30800,250,100,"bu","09:18:42",8700
30800,250,500,"bu","09:18:42",8600
30800,250,100,"bu","09:18:42",8100
30800,250,8000,"bu","09:15:00",8000
