"price","change","match_qtty","side","time","total_vol"
21200,-300,139100,"unknown","14:45:02",2347300
21250,-250,2000,"bu","14:29:50",2208200
21150,-350,200,"sd","14:29:36",2206200
21150,-350,2000,"sd","14:29:36",2206000
21100,-400,47400,"sd","14:29:36",2204000
21150,-350,1500,"sd","14:29:36",2156600
21100,-400,200,"sd","14:29:36",2155100
21150,-350,200,"sd","14:29:36",2154900
21150,-350,1000,"sd","14:29:36",2154700
21100,-400,100,"sd","14:29:36",2153700
21150,-350,5000,"sd","14:29:36",2153600
21100,-400,300,"sd","14:29:36",2148600
21150,-350,7000,"sd","14:29:36",2148300
21150,-350,100,"sd","14:29:36",2141300
21150,-350,1000,"sd","14:29:36",2141200
21200,-300,5000,"sd","14:29:36",2140200
21150,-350,500,"sd","14:29:36",2135200
21200,-300,100,"sd","14:29:36",2134700
21200,-300,5000,"sd","14:29:36",2134600
21150,-350,500,"sd","14:29:36",2129600
21200,-300,200,"sd","14:29:36",2129100
21150,-350,300,"sd","14:29:36",2128900
21200,-300,3000,"sd","14:29:36",2128600
21150,-350,1000,"sd","14:29:36",2125600
21200,-300,200,"sd","14:29:36",2124600
21150,-350,3000,"sd","14:29:36",2124400
21150,-350,2000,"sd","14:29:36",2121400
21200,-300,200,"sd","14:29:36",2119400
21150,-350,900,"sd","14:29:36",2119200
21200,-300,900,"sd","14:29:36",2118300
21150,-350,300,"sd","14:29:36",2117400
21250,-250,200,"sd","14:29:36",2117100
21150,-350,100,"sd","14:29:36",2116900
21250,-250,5000,"sd","14:29:36",2116800
21150,-350,5000,"sd","14:29:36",2111800
21250,-250,600,"sd","14:29:36",2106800
21250,-250,400,"sd","14:29:25",2106200
21300,-200,400,"bu","14:29:10",2105800
21200,-300,4100,"sd","14:28:56",2105400
21200,-300,1300,"sd","14:28:56",2101300
21200,-300,1000,"sd","14:28:55",2100000
21200,-300,300,"sd","14:28:55",2099000
21200,-300,100,"sd","14:28:55",2098700
21200,-300,300,"sd","14:28:55",2098600
21200,-300,200,"sd","14:28:55",2098300
21200,-300,2000,"sd","14:28:55",2098100
21200,-300,100,"sd","14:28:55",2096100
21200,-300,500,"sd","14:28:55",2096000
21200,-300,200,"sd","14:28:55",2095500
21200,-300,1700,"sd","14:28:55",2095300
21200,-300,100,"sd","14:28:55",2093600
21200,-300,500,"sd","14:28:55",2093500
21250,-250,500,"sd","14:28:55",2093000
21200,-300,1000,"sd","14:28:55",2092500
21250,-250,100,"sd","14:28:55",2091500
21200,-300,500,"sd","14:28:55",2091400
21250,-250,700,"sd","14:28:55",2090900
21200,-300,1000,"sd","14:28:55",2090200
21200,-300,2000,"sd","14:28:55",2089200
21250,-250,5300,"sd","14:28:55",2087200
21200,-300,100,"sd","14:28:55",2081900
21250,-250,200,"sd","14:28:55",2081800
21200,-300,5000,"sd","14:28:55",2081600
21250,-250,200,"sd","14:28:55",2076600
21200,-300,2000,"sd","14:28:55",2076400
21250,-250,2200,"sd","14:28:55",2074400
21250,-250,5000,"sd","14:28:55",2072200
21200,-300,20000,"sd","14:28:55",2067200
21250,-250,2100,"sd","14:28:55",2047200
21250,-250,2000,"sd","14:28:55",2045100
21250,-250,5200,"sd","14:28:55",2043100
21250,-250,1000,"sd","14:28:55",2037900
21250,-250,400,"sd","14:28:55",2036900
21250,-250,2000,"sd","14:28:55",2036500
21250,-250,100,"sd","14:28:55",2034500
21250,-250,100,"sd","14:28:55",2034400
21250,-250,10000,"sd","14:28:55",2034300
21300,-200,5000,"sd","14:28:55",2024300
21300,-200,100,"sd","14:28:55",2019300
21300,-200,200,"sd","14:28:55",2019200
21300,-200,200,"sd","14:28:55",2019000
21300,-200,500,"sd","14:28:55",2018800
21300,-200,300,"sd","14:28:55",2018300
21300,-200,5000,"sd","14:28:55",2018000
21300,-200,3000,"sd","14:28:55",2013000
21300,-200,5000,"sd","14:28:55",2010000
21300,-200,100,"sd","14:28:55",2005000
21300,-200,2000,"sd","14:28:55",2004900
21300,-200,400,"sd","14:28:55",2002900
21300,-200,500,"sd","14:28:55",2002500
21300,-200,2000,"sd","14:28:55",2002000
21350,-150,200,"bu","14:28:53",2000000
21350,-150,300,"bu","14:28:51",1999800
21350,-150,900,"bu","14:28:28",1999500
21350,-150,100,"bu","14:28:26",1998600
21350,-150,300,"bu","14:28:02",1998500
21350,-150,900,"bu","14:28:02",1998200
21300,-200,500,"sd","14:28:00",1997300
21350,-150,400,"bu","14:27:58",1996800
21350,-150,1200,"bu","14:27:58",1996400
21350,-150,400,"bu","14:27:58",1995200
21350,-150,200,"bu","14:27:45",1994800
21350,-150,100,"bu","14:27:40",1994600
21350,-150,100,"bu","14:26:01",1994500
21350,-150,100,"bu","14:26:00",1994400
21350,-150,1000,"sd","14:25:35",1994300
21350,-150,100,"sd","14:25:35",1993300
21350,-150,900,"sd","14:25:30",1993200
21350,-150,100,"sd","14:25:30",1992300
21350,-150,400,"sd","14:25:29",1992200
21350,-150,100,"sd","14:25:29",1991800
21350,-150,100,"sd","14:25:11",1991700
21350,-150,300,"sd","14:24:53",1991600
21350,-150,100,"sd","14:24:53",1991300
21400,-100,100,"bu","14:24:35",1991200
21400,-100,3000,"bu","14:24:23",1991100
21400,-100,400,"bu","14:24:21",1988100
21400,-100,2000,"bu","14:24:21",1987700
21350,-150,600,"sd","14:24:19",1985700
21400,-100,100,"bu","14:24:10",1985100
21400,-100,13500,"bu","14:24:06",1985000
21400,-100,1000,"bu","14:24:06",1971500
21400,-100,500,"bu","14:24:06",1970500
21400,-100,500,"bu","14:23:26",1970000
21400,-100,500,"bu","14:23:26",1969500
21400,-100,300,"bu","14:23:15",1969000
21400,-100,400,"bu","14:23:08",1968700
21400,-100,1900,"bu","14:23:07",1968300
21400,-100,200,"bu","14:23:07",1966400
21400,-100,100,"bu","14:22:47",1966200
21300,-200,100,"bu","14:22:47",1966100
21250,-250,900,"sd","14:22:11",1966000
21250,-250,100,"sd","14:22:11",1965100
21250,-250,800,"sd","14:22:11",1965000
21250,-250,200,"sd","14:22:00",1964200
21250,-250,100,"sd","14:22:00",1964000
21250,-250,1000,"sd","14:22:00",1963900
21250,-250,100,"sd","14:22:00",1962900
21300,-200,100,"sd","14:22:00",1962800
21300,-200,500,"sd","14:22:00",1962700
21300,-200,500,"sd","14:21:53",1962200
21300,-200,500,"sd","14:21:53",1961700
21300,-200,200,"sd","14:21:53",1961200
21300,-200,1000,"sd","14:21:53",1961000
21300,-200,1000,"sd","14:21:53",1960000
21300,-200,200,"sd","14:21:53",1959000
21300,-200,100,"sd","14:21:53",1958800
21300,-200,100,"sd","14:21:53",1958700
21300,-200,2000,"sd","14:21:53",1958600
21300,-200,100,"sd","14:21:53",1956600
21300,-200,5000,"sd","14:21:53",1956500
21300,-200,10000,"sd","14:21:53",1951500
21300,-200,200,"sd","14:21:53",1941500
21350,-150,400,"sd","14:21:53",1941300
21300,-200,1900,"sd","14:21:53",1940900
21350,-150,1000,"sd","14:21:53",1939000
21350,-150,500,"sd","14:21:53",1938000
21350,-150,1000,"sd","14:21:53",1937500
21350,-150,2800,"sd","14:21:53",1936500
21350,-150,200,"sd","14:21:53",1933700
21350,-150,200,"sd","14:21:53",1933500
21350,-150,300,"sd","14:21:53",1933300
21400,-100,800,"sd","14:21:53",1933000
21400,-100,1200,"bu","14:21:45",1932200
21400,-100,8600,"bu","14:21:43",1931000
21400,-100,1400,"bu","14:21:43",1922400
21400,-100,100,"bu","14:21:43",1921000
21400,-100,500,"sd","14:21:21",1920900
21400,-100,1500,"sd","14:21:18",1920400
21400,-100,500,"sd","14:21:18",1918900
21400,-100,500,"sd","14:21:09",1918400
21400,-100,1000,"bu","14:20:48",1917900
21400,-100,1000,"bu","14:20:48",1916900
21350,-150,900,"sd","14:20:37",1915900
21350,-150,100,"sd","14:20:27",1915000
21350,-150,500,"sd","14:20:27",1914900
21350,-150,700,"sd","14:20:27",1914400
21350,-150,1600,"sd","14:20:27",1913700
21350,-150,2000,"sd","14:20:27",1912100
21350,-150,100,"sd","14:20:27",1910100
21400,-100,500,"bu","14:20:26",1910000
21400,-100,700,"bu","14:20:26",1909500
21400,-100,800,"bu","14:20:26",1908800
21400,-100,1300,"bu","14:20:26",1908000
21400,-100,2000,"bu","14:20:26",1906700
21400,-100,1200,"bu","14:20:26",1904700
21400,-100,1000,"bu","14:20:26",1903500
21350,-150,300,"sd","14:20:23",1902500
21350,-150,100,"sd","14:20:23",1902200
21400,-100,2400,"sd","14:19:34",1902100
21400,-100,2000,"sd","14:19:32",1899700
21400,-100,3900,"sd","14:19:25",1897700
21400,-100,1700,"sd","14:19:19",1893800
21400,-100,1000,"sd","14:19:19",1892100
21450,-50,1000,"sd","14:19:00",1891100
21500,0,500,"bu","14:18:02",1890100
21500,0,500,"bu","14:18:02",1889600
21500,0,3500,"bu","14:17:46",1889100
21500,0,200,"bu","14:17:46",1885600
21500,0,300,"bu","14:17:46",1885400
21450,-50,1000,"bu","14:17:46",1885100
21500,0,200,"bu","14:17:41",1884100
21500,0,300,"bu","14:17:37",1883900
21500,0,200,"bu","14:17:26",1883600
21450,-50,100,"bu","14:17:26",1883400
21450,-50,500,"bu","14:17:26",1883300
21450,-50,2200,"bu","14:17:26",1882800
21450,-50,4000,"bu","14:17:26",1880600
21450,-50,1000,"bu","14:17:05",1876600
21450,-50,500,"bu","14:17:05",1875600
21400,-100,1000,"bu","14:17:05",1875100
21400,-100,3500,"bu","14:17:05",1874100
21400,-100,500,"bu","14:16:43",1870600
21350,-150,100,"bu","14:16:27",1870100
21350,-150,100,"bu","14:16:16",1870000
21350,-150,100,"bu","14:16:11",1869900
21350,-150,600,"bu","14:16:11",1869800
21350,-150,300,"bu","14:16:11",1869200
21350,-150,500,"bu","14:16:11",1868900
21350,-150,3500,"bu","14:16:00",1868400
21350,-150,1500,"bu","14:16:00",1864900
21350,-150,300,"bu","14:15:57",1863400
21350,-150,1000,"bu","14:15:52",1863100
21350,-150,200,"bu","14:15:49",1862100
21350,-150,1800,"bu","14:15:32",1861900
21300,-200,400,"sd","14:15:16",1860100
21350,-150,500,"bu","14:15:05",1859700
21350,-150,300,"bu","14:14:49",1859200
21300,-200,100,"sd","14:14:47",1858900
21350,-150,4400,"bu","14:14:41",1858800
21350,-150,1000,"bu","14:14:41",1854400
21350,-150,4600,"bu","14:14:41",1853400
21300,-200,200,"bu","14:14:23",1848800
21300,-200,1000,"bu","14:14:23",1848600
21300,-200,1000,"bu","14:14:23",1847600
21300,-200,15400,"bu","14:14:23",1846600
21300,-200,1000,"bu","14:14:10",1831200
21300,-200,9000,"bu","14:14:07",1830200
21300,-200,200,"bu","14:14:00",1821200
21300,-200,100,"bu","14:13:59",1821000
21300,-200,100,"bu","14:13:54",1820900
21300,-200,100,"bu","14:13:54",1820800
21300,-200,100,"bu","14:13:54",1820700
21300,-200,100,"bu","14:13:54",1820600
21300,-200,600,"bu","14:13:54",1820500
21300,-200,200,"bu","14:13:15",1819900
21250,-250,800,"bu","14:12:53",1819700
21250,-250,200,"bu","14:12:50",1818900
21250,-250,200,"sd","14:12:44",1818700
21250,-250,200,"sd","14:12:44",1818500
21250,-250,100,"sd","14:12:44",1818300
21250,-250,500,"sd","14:12:44",1818200
21250,-250,300,"bu","14:12:30",1817700
21250,-250,100,"bu","14:12:30",1817400
21250,-250,100,"bu","14:12:30",1817300
21250,-250,1000,"bu","14:12:30",1817200
21250,-250,1000,"bu","14:12:30",1816200
21250,-250,8000,"bu","14:12:30",1815200
21250,-250,2000,"bu","14:12:26",1807200
21250,-250,3000,"bu","14:12:26",1805200
21250,-250,200,"bu","14:12:25",1802200
21250,-250,500,"bu","14:12:24",1802000
21250,-250,200,"bu","14:12:21",1801500
21250,-250,8000,"bu","14:12:01",1801300
21250,-250,100,"bu","14:11:03",1793300
21250,-250,200,"bu","14:10:46",1793200
21250,-250,500,"bu","14:10:32",1793000
21250,-250,1000,"bu","14:10:07",1792500
21250,-250,100,"bu","14:08:11",1791500
21250,-250,500,"bu","14:08:06",1791400
21200,-300,1000,"sd","14:07:59",1790900
21200,-300,800,"sd","14:07:14",1789900
21200,-300,300,"sd","14:07:10",1789100
21200,-300,500,"sd","14:07:10",1788800
21200,-300,200,"sd","14:07:10",1788300
21200,-300,600,"bu","14:06:02",1788100
21200,-300,400,"bu","14:06:02",1787500
21200,-300,100,"sd","14:05:42",1787100
21200,-300,400,"sd","14:05:37",1787000
21150,-350,3000,"sd","14:05:27",1786600
21150,-350,2000,"sd","14:05:27",1783600
21150,-350,200,"sd","14:05:27",1781600
21150,-350,1900,"sd","14:05:27",1781400
21200,-300,100,"sd","14:05:27",1779500
21200,-300,500,"sd","14:05:27",1779400
21200,-300,4400,"sd","14:05:27",1778900
21200,-300,500,"sd","14:04:53",1774500
21200,-300,400,"sd","14:04:53",1774000
21200,-300,600,"sd","14:04:53",1773600
21250,-250,100,"bu","14:04:48",1773000
21250,-250,500,"bu","14:04:23",1772900
21250,-250,100,"sd","14:04:08",1772400
21200,-300,1300,"sd","14:04:00",1772300
21200,-300,1000,"sd","14:04:00",1771000
21200,-300,300,"sd","14:04:00",1770000
21200,-300,200,"sd","14:04:00",1769700
21200,-300,400,"sd","14:04:00",1769500
21200,-300,100,"sd","14:04:00",1769100
21200,-300,3000,"sd","14:04:00",1769000
21200,-300,3000,"sd","14:04:00",1766000
21200,-300,3000,"sd","14:04:00",1763000
21200,-300,2000,"sd","14:04:00",1760000
21200,-300,14000,"sd","14:04:00",1758000
21250,-250,1000,"unknown","14:04:00",1744000
21250,-250,1100,"sd","14:04:00",1743000
21250,-250,100,"sd","14:04:00",1741900
21250,-250,100,"sd","14:04:00",1741800
21250,-250,100,"sd","14:04:00",1741700
21250,-250,1000,"sd","14:04:00",1741600
21250,-250,2000,"sd","14:04:00",1740600
21250,-250,500,"sd","14:04:00",1738600
21250,-250,1800,"sd","14:04:00",1738100
21250,-250,100,"sd","14:04:00",1736300
21250,-250,3900,"sd","14:04:00",1736200
21250,-250,1100,"sd","14:03:38",1732300
21250,-250,1000,"sd","14:03:38",1731200
21250,-250,1000,"sd","14:03:38",1730200
21250,-250,400,"sd","14:03:19",1729200
21300,-200,200,"bu","14:03:18",1728800
21300,-200,800,"bu","14:03:18",1728600
21300,-200,600,"bu","14:03:17",1727800
21300,-200,100,"bu","14:02:33",1727200
21300,-200,100,"bu","14:02:28",1727100
21300,-200,1500,"bu","14:02:21",1727000
21300,-200,1900,"bu","14:01:09",1725500
21300,-200,100,"bu","14:01:09",1723600
21300,-200,900,"bu","14:00:59",1723500
21300,-200,2100,"bu","14:00:59",1722600
21300,-200,100,"bu","14:00:47",1720500
21300,-200,100,"bu","14:00:20",1720400
21300,-200,100,"bu","14:00:15",1720300
21300,-200,500,"bu","14:00:09",1720200
21300,-200,100,"bu","14:00:00",1719700
21300,-200,100,"bu","14:00:00",1719600
21300,-200,300,"bu","14:00:00",1719500
21300,-200,500,"bu","13:59:44",1719200
21250,-250,100,"sd","13:59:41",1718700
21300,-200,400,"bu","13:59:36",1718600
21300,-200,100,"bu","13:59:36",1718200
21250,-250,400,"sd","13:59:07",1718100
21250,-250,200,"bu","13:57:48",1717700
21250,-250,100,"bu","13:57:48",1717500
21250,-250,2100,"bu","13:57:48",1717400
21250,-250,200,"bu","13:57:19",1715300
21250,-250,300,"bu","13:56:29",1715100
21250,-250,700,"bu","13:56:03",1714800
21250,-250,1000,"bu","13:56:03",1714100
21250,-250,2400,"bu","13:56:03",1713100
21150,-350,100,"sd","13:55:54",1710700
21150,-350,1000,"sd","13:55:54",1710600
21150,-350,500,"sd","13:55:54",1709600
21200,-300,5000,"sd","13:55:54",1709100
21200,-300,1000,"sd","13:55:54",1704100
21200,-300,1200,"sd","13:55:54",1703100
21200,-300,4200,"sd","13:55:54",1701900
21200,-300,400,"sd","13:55:31",1697700
21200,-300,200,"sd","13:55:12",1697300
21250,-250,1000,"bu","13:54:47",1697100
21250,-250,400,"bu","13:54:34",1696100
21250,-250,1100,"bu","13:54:18",1695700
21250,-250,100,"sd","13:54:10",1694600
21250,-250,500,"bu","13:54:03",1694500
21250,-250,1000,"bu","13:54:03",1694000
21250,-250,500,"sd","13:53:13",1693000
21250,-250,100,"bu","13:52:43",1692500
21250,-250,600,"bu","13:52:10",1692400
21250,-250,7000,"bu","13:52:10",1691800
21250,-250,400,"bu","13:52:10",1684800
21250,-250,100,"bu","13:52:03",1684400
21250,-250,500,"bu","13:51:37",1684300
21250,-250,100,"bu","13:51:37",1683800
21250,-250,900,"bu","13:51:37",1683700
21250,-250,500,"bu","13:51:34",1682800
21250,-250,700,"bu","13:51:23",1682300
21250,-250,700,"bu","13:51:06",1681600
21250,-250,500,"bu","13:51:03",1680900
21250,-250,3000,"bu","13:50:57",1680400
21250,-250,100,"bu","13:50:26",1677400
21250,-250,100,"bu","13:50:13",1677300
21200,-300,800,"bu","13:49:59",1677200
21200,-300,2000,"bu","13:49:59",1676400
21200,-300,100,"bu","13:49:59",1674400
21200,-300,7000,"bu","13:49:59",1674300
21200,-300,300,"bu","13:49:59",1667300
21200,-300,200,"bu","13:49:59",1667000
21200,-300,1000,"bu","13:49:59",1666800
21200,-300,7800,"bu","13:49:59",1665800
21200,-300,100,"bu","13:49:59",1658000
21200,-300,300,"bu","13:49:47",1657900
21150,-350,400,"sd","13:49:12",1657600
21150,-350,600,"sd","13:49:12",1657200
21150,-350,300,"sd","13:48:59",1656600
21150,-350,100,"bu","13:48:58",1656300
21150,-350,600,"bu","13:48:57",1656200
21150,-350,100,"bu","13:48:54",1655600
21150,-350,5000,"bu","13:48:50",1655500
21150,-350,100,"bu","13:48:50",1650500
21150,-350,4100,"bu","13:48:39",1650400
21150,-350,900,"bu","13:48:39",1646300
21100,-400,500,"sd","13:48:35",1645400
21150,-350,800,"bu","13:48:27",1644900
21150,-350,300,"bu","13:48:02",1644100
21150,-350,2700,"bu","13:48:02",1643800
21150,-350,300,"bu","13:47:50",1641100
21150,-350,100,"bu","13:47:50",1640800
21150,-350,100,"bu","13:47:50",1640700
21150,-350,1000,"sd","13:47:22",1640600
21150,-350,2000,"sd","13:47:22",1639600
21150,-350,2100,"sd","13:47:22",1637600
21150,-350,4900,"sd","13:47:15",1635500
21150,-350,500,"sd","13:47:15",1630600
21150,-350,1800,"sd","13:47:15",1630100
21150,-350,3700,"bu","13:46:52",1628300
21150,-350,4500,"bu","13:46:52",1624600
21150,-350,7000,"bu","13:46:47",1620100
21150,-350,200,"bu","13:46:47",1613100
21150,-350,500,"bu","13:46:42",1612900
21150,-350,200,"bu","13:46:37",1612400
21150,-350,11000,"sd","13:46:21",1612200
21150,-350,1000,"sd","13:46:21",1601200
21150,-350,200,"sd","13:46:21",1600200
21150,-350,1000,"sd","13:46:21",1600000
21150,-350,1000,"sd","13:46:21",1599000
21150,-350,3000,"sd","13:46:21",1598000
21150,-350,400,"sd","13:46:21",1595000
21200,-300,1000,"bu","13:45:46",1594600
21200,-300,500,"bu","13:45:42",1593600
21200,-300,300,"bu","13:45:13",1593100
21150,-350,500,"bu","13:44:22",1592800
21150,-350,200,"bu","13:44:22",1592300
21150,-350,8900,"bu","13:44:22",1592100
21150,-350,500,"bu","13:44:19",1583200
21150,-350,1000,"bu","13:44:16",1582700
21150,-350,500,"bu","13:44:08",1581700
21150,-350,2000,"bu","13:44:01",1581200
21150,-350,300,"bu","13:43:54",1579200
21150,-350,100,"bu","13:43:38",1578900
21150,-350,1000,"bu","13:43:26",1578800
21150,-350,200,"bu","13:43:20",1577800
21150,-350,500,"bu","13:43:17",1577600
21150,-350,100,"bu","13:43:04",1577100
21150,-350,300,"bu","13:42:55",1577000
21150,-350,500,"bu","13:42:45",1576700
21150,-350,100,"bu","13:42:32",1576200
21150,-350,300,"bu","13:42:31",1576100
21150,-350,400,"sd","13:42:25",1575800
21150,-350,500,"sd","13:42:25",1575400
21150,-350,100,"sd","13:42:25",1574900
21150,-350,500,"sd","13:42:25",1574800
21150,-350,300,"sd","13:42:25",1574300
21150,-350,200,"sd","13:42:25",1574000
21150,-350,11700,"sd","13:42:25",1573800
21150,-350,18300,"sd","13:42:22",1562100
21150,-350,1700,"sd","13:42:22",1543800
21150,-350,300,"sd","13:42:02",1542100
21200,-300,200,"sd","13:41:58",1541800
21200,-300,500,"sd","13:41:58",1541600
21200,-300,500,"sd","13:41:58",1541100
21200,-300,300,"sd","13:41:58",1540600
21200,-300,100,"sd","13:41:58",1540300
21200,-300,500,"sd","13:41:58",1540200
21200,-300,900,"sd","13:41:58",1539700
21200,-300,1000,"sd","13:41:58",1538800
21200,-300,3700,"sd","13:41:58",1537800
21200,-300,200,"sd","13:41:55",1534100
21200,-300,500,"sd","13:41:48",1533900
21200,-300,600,"sd","13:41:45",1533400
21200,-300,500,"sd","13:41:45",1532800
21200,-300,500,"sd","13:41:45",1532300
21200,-300,500,"sd","13:41:45",1531800
21200,-300,1000,"sd","13:41:45",1531300
21200,-300,500,"sd","13:41:45",1530300
21200,-300,2000,"sd","13:41:45",1529800
21200,-300,5000,"sd","13:41:41",1527800
21200,-300,2000,"sd","13:41:28",1522800
21200,-300,100,"sd","13:41:26",1520800
21200,-300,200,"sd","13:41:20",1520700
21200,-300,700,"sd","13:41:02",1520500
21200,-300,300,"sd","13:41:02",1519800
21200,-300,700,"sd","13:40:48",1519500
21200,-300,1300,"sd","13:40:48",1518800
21200,-300,700,"sd","13:40:28",1517500
21200,-300,300,"sd","13:40:28",1516800
21250,-250,600,"bu","13:40:06",1516500
21250,-250,100,"bu","13:40:06",1515900
21250,-250,300,"bu","13:40:06",1515800
21250,-250,300,"bu","13:39:32",1515500
21250,-250,100,"bu","13:39:19",1515200
21250,-250,600,"bu","13:39:18",1515100
21250,-250,1000,"bu","13:39:18",1514500
21250,-250,1400,"bu","13:39:18",1513500
21250,-250,100,"bu","13:39:15",1512100
21200,-300,100,"sd","13:39:11",1512000
21250,-250,100,"bu","13:39:11",1511900
21250,-250,1000,"bu","13:39:09",1511800
21250,-250,1000,"bu","13:39:04",1510800
21200,-300,19600,"bu","13:38:04",1509800
21200,-300,400,"bu","13:38:04",1490200
21200,-300,100,"bu","13:38:04",1489800
21200,-300,200,"bu","13:37:59",1489700
21200,-300,4800,"bu","13:37:59",1489500
21200,-300,500,"bu","13:37:54",1484700
21200,-300,300,"bu","13:37:43",1484200
21200,-300,200,"bu","13:37:37",1483900
21200,-300,1000,"sd","13:37:34",1483700
21200,-300,500,"sd","13:37:34",1482700
21200,-300,100,"sd","13:37:34",1482200
21200,-300,100,"sd","13:37:34",1482100
21200,-300,7500,"sd","13:37:33",1482000
21200,-300,100,"sd","13:37:23",1474500
21200,-300,100,"sd","13:37:15",1474400
21200,-300,500,"sd","13:37:08",1474300
21250,-250,400,"bu","13:36:58",1473800
21200,-300,100,"bu","13:36:43",1473400
21200,-300,600,"bu","13:36:43",1473300
21200,-300,600,"bu","13:36:43",1472700
21200,-300,500,"bu","13:36:43",1472100
21100,-400,1800,"sd","13:36:09",1471600
21150,-350,2000,"sd","13:36:09",1469800
21150,-350,100,"sd","13:36:09",1467800
21150,-350,100,"sd","13:36:09",1467700
21200,-300,800,"bu","13:36:09",1467600
21150,-350,200,"sd","13:35:58",1466800
21100,-400,1600,"sd","13:35:28",1466600
21100,-400,100,"sd","13:35:28",1465000
21100,-400,200,"sd","13:35:28",1464900
21100,-400,3000,"sd","13:35:28",1464700
21100,-400,1000,"sd","13:35:28",1461700
21100,-400,1000,"sd","13:35:28",1460700
21100,-400,1000,"sd","13:35:28",1459700
21100,-400,200,"sd","13:35:28",1458700
21100,-400,100,"sd","13:35:28",1458500
21100,-400,500,"sd","13:35:28",1458400
21100,-400,500,"sd","13:35:28",1457900
21100,-400,500,"sd","13:35:28",1457400
21100,-400,100,"sd","13:35:28",1456900
21100,-400,500,"sd","13:35:28",1456800
21100,-400,1000,"sd","13:35:28",1456300
21100,-400,3000,"sd","13:35:28",1455300
21100,-400,100,"sd","13:35:28",1452300
21100,-400,200,"sd","13:35:28",1452200
21100,-400,100,"sd","13:35:28",1452000
21100,-400,400,"sd","13:35:28",1451900
21100,-400,4200,"sd","13:35:28",1451500
21150,-350,100,"sd","13:35:28",1447300
21150,-350,300,"sd","13:35:28",1447200
21150,-350,100,"sd","13:35:28",1446900
21150,-350,200,"sd","13:35:28",1446800
21200,-300,200,"bu","13:35:25",1446600
21100,-400,500,"sd","13:35:09",1446400
21150,-350,4500,"sd","13:35:09",1445900
21150,-350,500,"bu","13:35:03",1441400
21150,-350,200,"bu","13:35:01",1440900
21150,-350,100,"bu","13:34:58",1440700
21150,-350,100,"bu","13:34:58",1440600
21150,-350,100,"bu","13:34:55",1440500
21150,-350,1000,"bu","13:34:55",1440400
21150,-350,1900,"bu","13:34:55",1439400
21150,-350,100,"bu","13:34:47",1437500
21150,-350,1000,"bu","13:34:46",1437400
21100,-400,100,"sd","13:34:44",1436400
21150,-350,100,"bu","13:34:37",1436300
21150,-350,100,"bu","13:34:21",1436200
21150,-350,600,"bu","13:34:20",1436100
21100,-400,3000,"sd","13:34:18",1435500
21150,-350,200,"sd","13:34:11",1432500
21100,-400,2200,"sd","13:33:49",1432300
21100,-400,800,"sd","13:33:49",1430100
21200,-300,200,"bu","13:33:44",1429300
21100,-400,300,"sd","13:33:43",1429100
21100,-400,900,"sd","13:33:43",1428800
21100,-400,600,"sd","13:33:43",1427900
21100,-400,3400,"bu","13:33:34",1427300
21050,-450,3000,"sd","13:33:25",1423900
21100,-400,200,"bu","13:33:19",1420900
21100,-400,100,"bu","13:33:17",1420700
21100,-400,2000,"bu","13:33:16",1420600
21100,-400,100,"bu","13:33:15",1418600
21100,-400,1000,"bu","13:33:15",1418500
21100,-400,100,"bu","13:33:15",1417500
21100,-400,1000,"bu","13:33:15",1417400
21100,-400,200,"bu","13:33:15",1416400
21100,-400,1000,"bu","13:33:15",1416200
21100,-400,300,"bu","13:33:15",1415200
21100,-400,500,"bu","13:33:15",1414900
21100,-400,100,"bu","13:33:15",1414400
21100,-400,600,"sd","13:33:15",1414300
21100,-400,5000,"sd","13:33:15",1413700
21100,-400,300,"sd","13:33:15",1408700
21100,-400,500,"sd","13:33:15",1408400
21100,-400,100,"sd","13:33:15",1407900
21150,-350,200,"sd","13:33:15",1407800
21100,-400,100,"sd","13:33:15",1407600
21150,-350,100,"sd","13:33:15",1407500
21100,-400,500,"sd","13:33:15",1407400
21150,-350,500,"sd","13:33:15",1406900
21100,-400,1000,"sd","13:33:15",1406400
21150,-350,200,"sd","13:33:15",1405400
21100,-400,1000,"sd","13:33:15",1405200
21150,-350,1000,"sd","13:33:15",1404200
21100,-400,200,"sd","13:33:15",1403200
21150,-350,10000,"sd","13:33:15",1403000
21150,-350,500,"sd","13:33:15",1393000
21100,-400,2500,"sd","13:33:15",1392500
21100,-400,1000,"sd","13:33:15",1389500
21150,-350,500,"sd","13:33:15",1390000
21150,-350,100,"sd","13:33:15",1388500
21150,-350,100,"sd","13:33:15",1388400
21150,-350,500,"sd","13:33:15",1388300
21150,-350,2400,"sd","13:33:15",1387800
21150,-350,700,"sd","13:33:15",1385400
21150,-350,1000,"sd","13:33:12",1384700
21200,-300,100,"bu","13:33:00",1383700
21150,-350,1600,"sd","13:32:56",1383600
21150,-350,100,"sd","13:32:56",1382000
21150,-350,1000,"sd","13:32:56",1381900
21150,-350,100,"sd","13:32:56",1380900
21150,-350,200,"sd","13:32:56",1380800
21200,-300,500,"bu","13:32:51",1380600
21150,-350,200,"sd","13:32:47",1380100
21150,-350,100,"sd","13:32:27",1379900
21200,-300,100,"sd","13:32:27",1379800
21200,-300,100,"sd","13:32:27",1379700
21200,-300,900,"sd","13:32:23",1379600
21200,-300,500,"sd","13:32:23",1378700
21200,-300,2600,"sd","13:32:23",1378200
21200,-300,2400,"sd","13:32:13",1375600
21200,-300,200,"sd","13:32:13",1373200
21200,-300,200,"sd","13:32:13",1373000
21200,-300,1700,"sd","13:32:13",1372800
21200,-300,200,"sd","13:32:13",1371100
21200,-300,1000,"sd","13:32:13",1370900
21200,-300,200,"sd","13:32:13",1369900
21200,-300,100,"sd","13:32:13",1369700
21200,-300,500,"sd","13:32:13",1369600
21200,-300,100,"sd","13:32:13",1369100
21200,-300,400,"sd","13:32:13",1369000
21200,-300,1000,"sd","13:32:13",1368600
21200,-300,500,"sd","13:32:02",1367600
21250,-250,100,"bu","13:31:56",1367100
21200,-300,2000,"sd","13:31:32",1367000
21250,-250,200,"bu","13:31:21",1365000
21200,-300,100,"sd","13:31:20",1364800
21200,-300,900,"sd","13:31:20",1364700
21250,-250,200,"bu","13:30:41",1363800
21250,-250,1000,"sd","13:30:36",1363600
21300,-200,400,"bu","13:29:53",1362600
21300,-200,100,"bu","13:29:53",1362200
21200,-300,900,"sd","13:29:52",1362100
21200,-300,200,"sd","13:29:50",1361200
21200,-300,100,"sd","13:29:50",1361000
21200,-300,400,"sd","13:29:50",1360900
21200,-300,1500,"sd","13:29:50",1360500
21200,-300,5000,"sd","13:29:50",1359000
21200,-300,100,"sd","13:29:50",1354000
21200,-300,5800,"sd","13:29:49",1353900
21200,-300,4200,"sd","13:29:49",1348100
21200,-300,100,"sd","13:29:49",1343900
21200,-300,1000,"sd","13:29:49",1343800
21200,-300,1000,"sd","13:29:49",1342800
21200,-300,200,"sd","13:29:49",1341600
21200,-300,200,"sd","13:29:49",1341800
21250,-250,400,"sd","13:29:49",1341400
21250,-250,100,"sd","13:29:49",1341000
21250,-250,100,"sd","13:29:49",1340900
21300,-200,100,"bu","13:29:18",1340800
21250,-250,100,"sd","13:29:12",1340700
21250,-250,100,"sd","13:29:12",1340600
21250,-250,100,"sd","13:29:12",1340500
21250,-250,1000,"sd","13:29:12",1340400
21250,-250,200,"sd","13:29:12",1339400
21250,-250,1500,"sd","13:29:12",1339200
21250,-250,100,"sd","13:29:12",1337700
21250,-250,200,"sd","13:29:12",1337600
21250,-250,3000,"sd","13:29:12",1337400
21250,-250,7000,"sd","13:29:12",1334400
21250,-250,10000,"sd","13:29:12",1327400
21250,-250,5000,"sd","13:29:12",1317400
21250,-250,2800,"sd","13:29:12",1312400
21300,-200,400,"bu","13:29:05",1309600
21300,-200,100,"bu","13:28:45",1309200
21300,-200,500,"bu","13:28:44",1309100
21300,-200,100,"bu","13:28:33",1308600
21300,-200,600,"bu","13:28:27",1308500
21300,-200,500,"bu","13:28:18",1307900
21250,-250,200,"sd","13:28:15",1307400
21300,-200,200,"bu","13:28:13",1307200
21300,-200,100,"bu","13:28:12",1307000
21250,-250,200,"sd","13:28:10",1306900
21250,-250,500,"sd","13:27:20",1306700
21300,-200,100,"bu","13:27:07",1306200
21300,-200,200,"bu","13:27:07",1306100
21300,-200,4200,"unknown","13:27:07",1305900
21300,-200,3800,"sd","13:27:07",1301700
21300,-200,1400,"sd","13:27:07",1297900
21300,-200,500,"sd","13:27:07",1296500
21300,-200,500,"sd","13:27:07",1296000
21300,-200,100,"sd","13:27:07",1295500
21300,-200,2000,"sd","13:27:07",1295400
21300,-200,100,"sd","13:27:07",1293400
21300,-200,100,"sd","13:27:07",1293300
21300,-200,500,"sd","13:27:07",1293200
21300,-200,100,"sd","13:27:07",1292700
21300,-200,100,"sd","13:27:07",1292600
21300,-200,200,"sd","13:27:07",1292500
21300,-200,2000,"sd","13:27:07",1292300
21300,-200,300,"sd","13:27:07",1290300
21300,-200,100,"sd","13:27:07",1290000
21300,-200,500,"sd","13:27:07",1289900
21300,-200,200,"sd","13:27:06",1289400
21300,-200,1000,"sd","13:27:06",1289200
21300,-200,100,"sd","13:27:06",1288200
21300,-200,1000,"sd","13:27:06",1288100
21300,-200,2000,"sd","13:27:06",1287100
21300,-200,500,"sd","13:27:06",1285100
21300,-200,100,"sd","13:27:06",1284600
21300,-200,1000,"sd","13:27:06",1284500
21300,-200,500,"sd","13:27:06",1283500
21300,-200,100,"sd","13:27:06",1283000
21300,-200,500,"sd","13:27:06",1282900
21300,-200,500,"sd","13:27:06",1282400
21300,-200,500,"sd","13:27:06",1281900
21300,-200,300,"sd","13:27:06",1281400
21300,-200,500,"sd","13:27:06",1281100
21300,-200,100,"sd","13:27:06",1280600
21300,-200,100,"sd","13:27:06",1280500
21350,-150,100,"bu","13:26:24",1280400
21350,-150,1000,"sd","13:25:46",1280300
21350,-150,100,"sd","13:25:46",1279300
21350,-150,3300,"sd","13:25:46",1279200
21350,-150,1000,"sd","13:25:46",1275900
21350,-150,1000,"sd","13:25:46",1274900
21350,-150,400,"sd","13:25:46",1273900
21350,-150,200,"sd","13:25:46",1273500
21350,-150,2000,"sd","13:25:46",1273300
21350,-150,300,"sd","13:25:46",1271300
21350,-150,100,"sd","13:25:46",1271000
21350,-150,900,"sd","13:25:46",1270900
21350,-150,4100,"sd","13:25:24",1270000
21350,-150,200,"sd","13:25:24",1265900
21350,-150,100,"sd","13:25:24",1265700
21350,-150,1500,"sd","13:25:24",1265600
21350,-150,100,"sd","13:25:24",1264100
21350,-150,1000,"sd","13:25:24",1264000
21350,-150,100,"sd","13:25:24",1263000
21350,-150,1000,"sd","13:25:24",1262900
21350,-150,500,"sd","13:25:24",1261900
21350,-150,500,"sd","13:25:24",1261400
21350,-150,200,"sd","13:25:24",1260900
21350,-150,700,"sd","13:25:24",1260700
21350,-150,300,"sd","13:25:10",1260000
21350,-150,300,"sd","13:25:07",1259700
21350,-150,700,"sd","13:24:34",1259400
21350,-150,100,"sd","13:24:34",1258700
21350,-150,100,"sd","13:24:34",1258600
21350,-150,500,"sd","13:24:34",1258500
21350,-150,500,"sd","13:24:34",1258000
21350,-150,200,"sd","13:24:34",1257500
21350,-150,500,"sd","13:24:34",1257300
21350,-150,100,"sd","13:24:34",1256800
21350,-150,500,"sd","13:24:34",1256700
21350,-150,6800,"sd","13:24:34",1256200
21400,-100,400,"bu","13:24:28",1249400
21400,-100,600,"bu","13:24:28",1249000
21400,-100,1000,"bu","13:24:27",1248400
21400,-100,200,"bu","13:24:26",1247400
21400,-100,100,"bu","13:24:22",1247200
21400,-100,2600,"sd","13:24:17",1247100
21450,-50,100,"bu","13:24:10",1244500
21400,-100,2400,"bu","13:24:09",1244400
21400,-100,2600,"bu","13:24:04",1242000
21400,-100,7400,"bu","13:24:04",1239400
21400,-100,100,"bu","13:23:42",1232000
21400,-100,400,"bu","13:23:35",1231900
21400,-100,700,"bu","13:23:28",1231500
21400,-100,1400,"bu","13:23:05",1230800
21400,-100,100,"bu","13:23:05",1229400
21400,-100,400,"bu","13:23:05",1229300
21400,-100,400,"bu","13:23:05",1228900
21400,-100,500,"bu","13:23:05",1228500
21400,-100,700,"bu","13:23:05",1228000
21400,-100,100,"bu","13:23:05",1227300
21400,-100,500,"bu","13:23:05",1227200
21400,-100,400,"bu","13:23:05",1226700
21400,-100,200,"bu","13:23:05",1226300
21400,-100,9600,"bu","13:23:05",1226100
21400,-100,1000,"bu","13:22:58",1216500
21400,-100,5000,"bu","13:22:16",1215500
21400,-100,300,"bu","13:22:14",1210500
21400,-100,300,"bu","13:21:57",1210200
21400,-100,2500,"bu","13:21:32",1209900
21350,-150,1000,"sd","13:21:30",1207400
21400,-100,1000,"bu","13:21:28",1206400
21400,-100,900,"bu","13:21:24",1205400
21400,-100,500,"bu","13:21:09",1204500
21350,-150,500,"sd","13:21:08",1204000
21400,-100,100,"bu","13:21:06",1203500
21400,-100,100,"bu","13:21:05",1203400
21350,-150,1000,"sd","13:20:34",1203300
21350,-150,3000,"sd","13:20:30",1202300
21400,-100,1100,"bu","13:20:27",1199300
21400,-100,600,"bu","13:20:04",1198200
21400,-100,500,"bu","13:19:55",1197600
21400,-100,10000,"bu","13:19:52",1197100
21400,-100,5000,"bu","13:19:45",1187100
21400,-100,500,"bu","13:19:32",1182100
21400,-100,1000,"bu","13:18:54",1181600
21350,-150,500,"sd","13:18:52",1180600
21400,-100,400,"bu","13:18:14",1180100
21400,-100,900,"bu","13:17:57",1179700
21400,-100,500,"bu","13:17:54",1178800
21400,-100,1500,"bu","13:17:39",1178300
21400,-100,6000,"bu","13:17:31",1176800
21400,-100,700,"bu","13:17:28",1170800
21400,-100,4300,"bu","13:17:28",1170100
21350,-150,1000,"sd","13:17:22",1165800
21350,-150,900,"sd","13:17:17",1164800
21400,-100,500,"bu","13:17:04",1163900
21350,-150,100,"sd","13:16:55",1163400
21350,-150,5000,"sd","13:16:40",1163300
21400,-100,3000,"bu","13:16:08",1158300
21350,-150,200,"sd","13:16:06",1155300
21350,-150,1800,"sd","13:16:06",1155100
21350,-150,200,"sd","13:15:40",1153300
21400,-100,100,"sd","13:15:21",1153100
21400,-100,1000,"sd","13:15:21",1153000
21400,-100,500,"sd","13:15:21",1152000
21400,-100,6600,"sd","13:15:21",1151500
21450,-50,4000,"sd","13:15:21",1144900
21450,-50,14800,"bu","13:15:12",1140900
21400,-100,2400,"sd","13:15:10",1126100
21450,-50,200,"sd","13:14:54",1123700
21450,-50,1000,"sd","13:14:23",1123500
21450,-50,3800,"bu","13:14:21",1122500
21450,-50,1200,"bu","13:13:43",1118700
21450,-50,1000,"bu","13:13:43",1117500
21450,-50,2000,"bu","13:13:43",1116500
21450,-50,800,"bu","13:13:43",1114500
21400,-100,300,"sd","13:13:24",1113700
21450,-50,5000,"bu","13:13:24",1113400
21400,-100,1500,"bu","13:13:08",1108400
21400,-100,1000,"bu","13:13:08",1106900
21400,-100,18200,"bu","13:13:08",1105900
21400,-100,200,"bu","13:13:07",1087700
21400,-100,500,"bu","13:13:04",1087500
21400,-100,1500,"bu","13:13:00",1087000
21400,-100,5000,"bu","13:12:58",1085500
21400,-100,600,"bu","13:12:53",1080500
21400,-100,300,"bu","13:12:24",1079900
21400,-100,100,"bu","13:12:23",1079600
21400,-100,10000,"bu","13:12:18",1079500
21350,-150,900,"sd","13:12:03",1069500
21350,-150,100,"sd","13:12:03",1068600
21400,-100,1000,"bu","13:12:02",1068500
21400,-100,8000,"bu","13:11:50",1067500
21350,-150,100,"sd","13:10:17",1059500
21350,-150,4000,"sd","13:09:48",1059400
21400,-100,300,"bu","13:09:40",1055400
21350,-150,800,"sd","13:09:18",1055100
21350,-150,200,"sd","13:09:18",1054300
21350,-150,600,"sd","13:08:34",1054100
21350,-150,700,"sd","13:08:03",1053500
21350,-150,100,"sd","13:08:03",1052800
21350,-150,5000,"sd","13:08:03",1052700
21350,-150,100,"sd","13:08:03",1047700
21350,-150,500,"sd","13:08:03",1047600
21350,-150,100,"sd","13:08:03",1047100
21350,-150,100,"sd","13:08:03",1047000
21350,-150,100,"sd","13:08:03",1046900
21350,-150,1700,"sd","13:08:03",1046800
21350,-150,100,"sd","13:08:03",1045100
21350,-150,400,"sd","13:08:03",1045000
21350,-150,2100,"sd","13:08:03",1044600
21400,-100,1000,"bu","13:07:34",1042500
21350,-150,100,"sd","13:07:31",1041500
21400,-100,100,"bu","13:06:57",1041400
21400,-100,3200,"sd","13:06:48",1041300
21400,-100,1800,"sd","13:06:22",1038100
21400,-100,300,"sd","13:06:22",1036300
21400,-100,900,"sd","13:06:22",1036000
21400,-100,3000,"sd","13:05:52",1035100
21400,-100,3000,"sd","13:05:30",1032100
21400,-100,3000,"sd","13:05:01",1029100
21400,-100,100,"sd","13:04:42",1026100
21400,-100,100,"sd","13:04:29",1026000
21400,-100,100,"sd","13:04:28",1025900
21400,-100,300,"sd","13:04:28",1025800
21400,-100,100,"sd","13:04:28",1025500
21400,-100,200,"sd","13:03:46",1025400
21400,-100,300,"sd","13:03:46",1025200
21400,-100,500,"sd","13:03:14",1024900
21400,-100,100,"sd","13:02:09",1024400
21450,-50,4200,"bu","13:02:01",1024300
21450,-50,800,"bu","13:02:01",1020100
21400,-100,1100,"sd","13:00:33",1019300
21400,-100,500,"sd","13:00:18",1018200
21400,-100,500,"sd","13:00:13",1017700
21400,-100,3900,"sd","13:00:13",1017200
21400,-100,500,"sd","13:00:13",1013300
21400,-100,100,"sd","13:00:13",1012800
21400,-100,1200,"sd","13:00:05",1012700
21400,-100,1100,"sd","13:00:05",1011500
21400,-100,200,"sd","13:00:04",1010400
21400,-100,1100,"sd","13:00:04",1010200
21400,-100,100,"sd","13:00:04",1009100
21400,-100,500,"sd","13:00:03",1009000
21400,-100,200,"sd","13:00:02",1008500
21400,-100,2000,"sd","11:29:46",1008300
21400,-100,3000,"sd","11:28:55",1006300
21400,-100,1600,"sd","11:28:49",1003300
21400,-100,200,"sd","11:28:49",1001700
21400,-100,200,"sd","11:28:49",1001500
21400,-100,100,"bu","11:27:56",1001300
21400,-100,400,"unknown","11:27:54",1001200
21400,-100,600,"sd","11:27:54",1000800
21400,-100,200,"sd","11:27:54",1000200
21400,-100,600,"sd","11:27:54",1000000
21400,-100,100,"sd","11:27:54",999400
21400,-100,100,"sd","11:26:35",999300
21400,-100,200,"sd","11:26:35",999200
21400,-100,100,"sd","11:26:35",999000
21400,-100,100,"sd","11:26:35",998900
21450,-50,100,"bu","11:26:33",998800
21400,-100,900,"bu","11:25:39",998700
21400,-100,2100,"sd","11:25:38",997800
21400,-100,900,"sd","11:25:34",995700
21400,-100,100,"sd","11:25:34",994800
21400,-100,100,"sd","11:25:34",994700
21400,-100,100,"bu","11:25:07",994600
21400,-100,900,"bu","11:25:00",994500
21400,-100,100,"bu","11:25:00",993600
21400,-100,100,"bu","11:24:43",993500
21350,-150,1300,"sd","11:24:39",993400
21350,-150,100,"sd","11:24:39",992100
21350,-150,1000,"sd","11:24:39",992000
21400,-100,100,"bu","11:24:06",991000
21400,-100,100,"bu","11:23:37",990900
21400,-100,100,"bu","11:23:36",990800
21400,-100,200,"bu","11:23:11",990700
21400,-100,600,"bu","11:23:08",990500
21400,-100,200,"bu","11:22:48",989900
21400,-100,100,"sd","11:22:31",989700
21400,-100,400,"sd","11:22:31",989600
21400,-100,200,"sd","11:22:16",989200
21400,-100,300,"sd","11:22:16",989000
21400,-100,500,"sd","11:22:16",988700
21400,-100,500,"sd","11:22:16",988200
21400,-100,500,"sd","11:22:16",987700
21400,-100,100,"sd","11:21:58",987200
21400,-100,100,"sd","11:21:24",987100
21400,-100,600,"sd","11:21:24",987000
21450,-50,100,"bu","11:21:08",986400
21400,-100,700,"sd","11:20:10",986300
21400,-100,1300,"sd","11:20:10",985600
21400,-100,1500,"sd","11:19:54",984300
21400,-100,100,"sd","11:19:54",982800
21400,-100,1500,"sd","11:19:54",982700
21400,-100,2200,"sd","11:19:44",981200
21400,-100,200,"sd","11:19:44",979000
21400,-100,10000,"sd","11:19:44",978800
21400,-100,100,"sd","11:19:44",968800
21400,-100,100,"sd","11:19:44",968700
21400,-100,1200,"sd","11:19:31",968600
21400,-100,20000,"sd","11:19:31",967400
21400,-100,1000,"sd","11:19:31",947400
21400,-100,500,"sd","11:19:31",946400
21400,-100,2500,"sd","11:19:31",945900
21400,-100,800,"sd","11:19:31",943400
21400,-100,3000,"sd","11:19:31",942600
21400,-100,500,"sd","11:19:31",939600
21400,-100,500,"sd","11:19:31",939100
21400,-100,500,"sd","11:19:10",938600
21400,-100,1000,"sd","11:19:10",938100
21400,-100,100,"sd","11:19:10",937100
21400,-100,100,"sd","11:19:10",937000
21400,-100,300,"sd","11:19:10",936900
21400,-100,3700,"sd","11:15:15",936600
21400,-100,5000,"sd","11:15:15",932900
21400,-100,500,"sd","11:15:15",927900
21400,-100,800,"sd","11:15:15",927400
21450,-50,1000,"bu","11:13:32",926600
21450,-50,4000,"sd","11:13:13",925600
21450,-50,1000,"sd","11:13:03",921600
21450,-50,1000,"sd","11:12:51",920600
21450,-50,1000,"sd","11:12:51",919600
21450,-50,100,"sd","11:12:51",918600
21450,-50,1000,"sd","11:12:51",918500
21450,-50,2000,"sd","11:12:51",917500
21450,-50,3000,"sd","11:12:51",915500
21450,-50,12000,"sd","11:12:47",912500
21450,-50,1000,"sd","11:12:47",900500
21450,-50,100,"sd","11:12:47",899500
21450,-50,200,"sd","11:12:47",899400
21450,-50,500,"sd","11:12:47",899200
21450,-50,2000,"sd","11:12:47",898700
21450,-50,14200,"sd","11:12:47",896700
21450,-50,2000,"sd","11:12:06",882500
21450,-50,1200,"sd","11:11:34",880500
21450,-50,2600,"sd","11:11:02",879300
21450,-50,100,"sd","11:11:02",876700
21450,-50,300,"sd","11:11:02",876600
21500,0,200,"bu","11:09:23",876300
21500,0,400,"sd","11:08:53",876100
21500,0,400,"sd","11:07:48",875700
21500,0,1200,"sd","11:07:37",875300
21500,0,5000,"sd","11:07:37",874100
21500,0,200,"sd","11:07:37",869100
21500,0,300,"sd","11:07:37",868900
21500,0,1000,"sd","11:07:37",868600
21500,0,100,"sd","11:07:37",867600
21500,0,200,"sd","11:07:37",867500
21500,0,500,"sd","11:06:47",867300
21500,0,300,"sd","11:05:30",866800
21500,0,100,"sd","11:05:30",866500
21500,0,1600,"sd","11:05:30",866400
21500,0,3000,"sd","11:05:26",864800
21500,0,3000,"sd","11:05:06",861800
21500,0,2400,"sd","11:04:28",858800
21500,0,100,"sd","11:04:28",856400
21500,0,200,"sd","11:04:07",856300
21500,0,3800,"sd","11:04:07",856100
21500,0,200,"sd","11:01:20",852300
21500,0,200,"sd","11:01:20",852100
21500,0,100,"sd","11:01:20",851900
21500,0,500,"sd","11:01:20",851800
21500,0,6000,"sd","11:01:20",851300
21500,0,100,"sd","11:01:20",845300
21500,0,100,"sd","11:01:20",845200
21500,0,100,"sd","11:01:20",845100
21500,0,200,"sd","11:01:20",845000
21500,0,100,"sd","11:01:20",844800
21500,0,2400,"sd","11:01:20",844700
21500,0,500,"sd","11:01:03",842300
21550,50,200,"bu","11:00:56",841800
21500,0,6200,"sd","11:00:07",841600
21550,50,500,"sd","10:59:25",835400
21550,50,1300,"sd","10:59:25",834900
21600,100,100,"bu","10:59:24",833600
21550,50,300,"sd","10:59:12",833500
21550,50,400,"sd","10:59:11",833200
21550,50,1000,"sd","10:59:06",832800
21550,50,2000,"sd","10:59:06",831800
21550,50,100,"sd","10:59:06",829800
21550,50,1700,"sd","10:59:06",829700
21550,50,1000,"sd","10:58:55",828000
21550,50,1000,"bu","10:57:23",827000
21550,50,1000,"bu","10:57:23",826000
21550,50,100,"bu","10:57:23",825000
21550,50,1000,"bu","10:57:23",824900
21550,50,200,"bu","10:57:23",823900
21550,50,200,"bu","10:57:23",823700
21550,50,1500,"bu","10:57:15",823500
21550,50,2000,"bu","10:57:15",822000
21550,50,500,"bu","10:57:15",820000
21550,50,200,"bu","10:57:15",819500
21550,50,100,"bu","10:57:15",819300
21550,50,2000,"bu","10:57:15",819200
21550,50,1000,"bu","10:57:15",817200
21550,50,100,"bu","10:57:15",816200
21550,50,200,"bu","10:57:15",816100
21550,50,100,"bu","10:57:15",815900
21550,50,100,"bu","10:55:28",815800
21550,50,100,"bu","10:53:39",815700
21550,50,100,"bu","10:53:39",815600
21550,50,100,"bu","10:53:08",815500
21550,50,3000,"bu","10:52:50",815400
21550,50,500,"bu","10:52:28",812400
21550,50,1000,"bu","10:51:02",811900
21550,50,100,"bu","10:50:20",810900
21500,0,600,"sd","10:50:05",810800
21550,50,100,"bu","10:50:05",810200
21500,0,300,"sd","10:49:49",810100
21500,0,100,"sd","10:49:49",809800
21500,0,200,"sd","10:49:49",809700
21500,0,400,"sd","10:49:42",809500
21550,50,100,"bu","10:49:22",809100
21500,0,2500,"sd","10:48:58",809000
21500,0,800,"sd","10:48:35",806500
21500,0,1100,"bu","10:48:34",805700
21450,-50,1000,"sd","10:48:33",804600
21500,0,200,"bu","10:48:23",803600
21500,0,300,"bu","10:48:03",803400
21500,0,400,"sd","10:47:57",803100
21500,0,200,"sd","10:47:55",802700
21500,0,100,"sd","10:47:47",802500
21550,50,100,"bu","10:47:47",802400
21500,0,200,"sd","10:47:45",802300
21500,0,100,"bu","10:47:43",802100
21500,0,100,"bu","10:47:17",802000
21500,0,300,"bu","10:47:17",801900
21500,0,600,"bu","10:47:17",801600
21500,0,400,"bu","10:47:09",801000
21500,0,3800,"bu","10:47:09",800600
21500,0,3000,"bu","10:46:59",796800
21500,0,200,"bu","10:46:56",793800
21500,0,3000,"bu","10:46:46",793600
21500,0,1600,"bu","10:46:46",790600
21500,0,2600,"bu","10:46:46",789000
21500,0,1000,"bu","10:46:46",786400
21500,0,1000,"bu","10:46:46",785400
21500,0,200,"bu","10:46:46",784400
21500,0,500,"bu","10:46:46",784200
21500,0,100,"bu","10:46:46",783700
21500,0,4900,"bu","10:46:14",783600
21500,0,30000,"bu","10:46:14",778700
21500,0,300,"bu","10:46:14",748700
21500,0,14800,"bu","10:46:14",748400
21500,0,200,"bu","10:46:02",733600
21450,-50,200,"sd","10:45:42",733400
21450,-50,300,"sd","10:45:42",733200
21500,0,100,"bu","10:45:19",732900
21500,0,100,"bu","10:45:19",732800
21500,0,100,"bu","10:45:05",732700
21500,0,300,"bu","10:45:05",732600
21500,0,1600,"bu","10:45:05",732300
21500,0,100,"bu","10:43:53",730700
21500,0,5000,"bu","10:43:01",730600
21500,0,3300,"bu","10:42:58",725600
21500,0,200,"bu","10:42:58",722300
21500,0,600,"bu","10:41:18",722100
21450,-50,100,"bu","10:39:26",721500
21450,-50,10000,"bu","10:39:26",721400
21450,-50,100,"bu","10:39:26",711400
21450,-50,9500,"bu","10:39:26",711300
21400,-100,200,"sd","10:38:06",701800
21400,-100,300,"sd","10:38:06",701600
21400,-100,200,"sd","10:35:44",701300
21400,-100,1000,"sd","10:35:44",701100
21400,-100,1000,"sd","10:35:44",700100
21400,-100,10000,"sd","10:35:44",699100
21400,-100,100,"sd","10:35:44",689100
21400,-100,100,"sd","10:35:44",689000
21400,-100,8800,"sd","10:35:44",688900
21400,-100,100,"sd","10:35:35",680100
21400,-100,800,"sd","10:35:18",680000
21400,-100,5300,"sd","10:35:14",679200
21400,-100,200,"sd","10:35:14",673900
21400,-100,4500,"sd","10:35:14",673700
21450,-50,500,"bu","10:34:09",669200
21400,-100,200,"sd","10:33:40",668700
21400,-100,300,"sd","10:32:52",668500
21400,-100,500,"sd","10:32:52",668200
21400,-100,2000,"sd","10:32:52",667700
21400,-100,500,"sd","10:32:52",665700
21400,-100,1600,"sd","10:32:52",665200
21450,-50,400,"bu","10:32:49",663600
21400,-100,200,"sd","10:32:11",663200
21400,-100,3200,"sd","10:31:40",663000
21450,-50,300,"sd","10:30:20",659800
21450,-50,100,"sd","10:30:20",659500
21450,-50,100,"bu","10:29:30",659400
21450,-50,100,"bu","10:29:30",659300
21450,-50,300,"bu","10:29:04",659200
21450,-50,100,"bu","10:29:04",658900
21450,-50,100,"bu","10:29:04",658800
21450,-50,500,"bu","10:28:05",658700
21450,-50,100,"sd","10:27:42",658200
21450,-50,200,"sd","10:27:19",658100
21450,-50,200,"bu","10:27:08",657900
21450,-50,100,"bu","10:27:08",657700
21450,-50,100,"bu","10:27:05",657600
21450,-50,500,"bu","10:26:53",657500
21450,-50,2300,"bu","10:26:27",657000
21450,-50,2700,"bu","10:26:27",654700
21450,-50,1000,"bu","10:26:26",652000
21450,-50,500,"bu","10:25:52",651000
21450,-50,100,"bu","10:25:47",650500
21450,-50,700,"bu","10:25:27",650400
21450,-50,2300,"bu","10:25:27",649700
21450,-50,500,"bu","10:25:22",647400
21450,-50,3000,"sd","10:25:10",646900
21450,-50,2000,"sd","10:25:10",643900
21450,-50,900,"sd","10:25:10",641900
21450,-50,1000,"sd","10:25:10",641000
21450,-50,200,"sd","10:25:10",640000
21450,-50,100,"sd","10:25:10",639800
21450,-50,1000,"sd","10:25:10",639700
21450,-50,700,"sd","10:25:10",638700
21450,-50,8000,"sd","10:25:10",638000
21450,-50,3700,"sd","10:25:10",630000
21450,-50,1000,"sd","10:25:10",626300
21450,-50,600,"sd","10:25:10",625300
21450,-50,5000,"sd","10:25:10",624700
21450,-50,5000,"sd","10:24:00",619700
21450,-50,2000,"sd","10:24:00",614700
21450,-50,5000,"sd","10:24:00",612700
21500,0,500,"bu","10:23:18",607700
21500,0,1000,"bu","10:23:09",607200
21500,0,1000,"sd","10:22:57",606200
21500,0,300,"sd","10:22:57",605200
21500,0,2700,"sd","10:22:51",604900
21500,0,500,"sd","10:22:51",602200
21500,0,1800,"sd","10:22:51",601700
21500,0,20000,"sd","10:22:31",599900
21500,0,500,"bu","10:22:00",579900
21500,0,500,"bu","10:22:00",579400
21500,0,1000,"bu","10:22:00",578900
21500,0,500,"bu","10:22:00",577900
21500,0,500,"bu","10:22:00",577400
21500,0,200,"bu","10:22:00",576900
21500,0,300,"bu","10:22:00",576700
21500,0,300,"bu","10:22:00",576400
21500,0,100,"bu","10:22:00",576100
21500,0,1000,"bu","10:22:00",576000
21500,0,1000,"bu","10:22:00",575000
21500,0,4100,"bu","10:22:00",574000
21500,0,4000,"bu","10:22:00",569900
21500,0,10000,"bu","10:22:00",565900
21500,0,500,"bu","10:22:00",555900
21500,0,3700,"bu","10:22:00",555400
21500,0,500,"bu","10:21:58",551700
21500,0,400,"bu","10:20:31",551200
21450,-50,600,"sd","10:18:43",550800
21450,-50,100,"sd","10:18:26",550200
21500,0,3000,"bu","10:18:09",550100
21500,0,100,"bu","10:17:54",547100
21450,-50,500,"sd","10:17:17",547000
21450,-50,100,"sd","10:16:36",546500
21500,0,300,"bu","10:16:24",546400
21500,0,300,"bu","10:15:35",546100
21500,0,1000,"bu","10:14:23",545800
21500,0,500,"sd","10:14:21",544800
21500,0,1000,"sd","10:14:21",544300
21500,0,1000,"sd","10:14:21",543300
21500,0,7800,"sd","10:14:21",542300
21500,0,5000,"sd","10:14:05",534500
21500,0,4000,"sd","10:13:54",529500
21500,0,2300,"sd","10:13:49",525500
21500,0,200,"sd","10:13:23",523200
21500,0,500,"sd","10:13:01",523000
21500,0,1200,"sd","10:12:47",522500
21500,0,18800,"sd","10:12:47",521300
21550,50,500,"bu","10:12:24",502500
21550,50,1500,"bu","10:11:04",502000
21550,50,3500,"bu","10:11:04",500500
21500,0,1200,"sd","10:11:03",497000
21500,0,1000,"sd","10:11:03",495800
21500,0,100,"sd","10:11:03",494800
21500,0,1000,"sd","10:11:03",494700
21500,0,1000,"sd","10:11:03",493700
21500,0,2700,"sd","10:11:03",492700
21500,0,100,"sd","10:10:37",490000
21500,0,3000,"sd","10:08:42",489900
21500,0,500,"sd","10:08:25",486900
21500,0,400,"sd","10:08:15",486400
21500,0,500,"sd","10:08:15",486000
21500,0,200,"sd","10:08:15",485500
21500,0,100,"sd","10:07:59",485300
21550,50,900,"bu","10:07:53",485200
21500,0,700,"sd","10:07:02",484300
21500,0,400,"sd","10:07:02",483600
21500,0,1700,"sd","10:07:02",483200
21500,0,100,"sd","10:06:28",481500
21550,50,100,"bu","10:05:45",481400
21550,50,500,"bu","10:05:24",481300
21500,0,500,"sd","10:04:43",480800
21550,50,200,"bu","10:04:39",480300
21500,0,200,"sd","10:04:19",480100
21500,0,7500,"bu","10:01:41",479900
21500,0,200,"sd","10:01:30",472400
21500,0,300,"sd","10:01:30",472200
21500,0,500,"sd","10:01:30",471900
21500,0,1500,"sd","10:01:30",471400
21500,0,1000,"sd","10:00:25",469900
21500,0,100,"sd","09:58:57",468900
21500,0,100,"sd","09:58:22",468800
21550,50,500,"bu","09:57:17",468700
21500,0,300,"bu","09:57:09",468200
21450,-50,3700,"sd","09:56:53",467900
21450,-50,1000,"sd","09:56:53",464200
21450,-50,11300,"sd","09:56:53",463200
21500,0,300,"bu","09:56:31",451900
21500,0,200,"sd","09:56:23",451600
21500,0,100,"sd","09:56:23",451400
21500,0,100,"sd","09:56:23",451300
21500,0,9000,"sd","09:56:23",451200
21550,50,1000,"sd","09:55:30",442200
21550,50,1500,"sd","09:55:30",441200
21550,50,1200,"sd","09:55:30",439700
21550,50,600,"sd","09:55:30",438500
21600,100,500,"bu","09:55:02",437900
21600,100,500,"bu","09:55:02",437400
21600,100,1000,"bu","09:54:52",436900
21600,100,3500,"bu","09:54:31",435900
21600,100,200,"bu","09:54:31",432400
21600,100,6300,"bu","09:54:31",432200
21600,100,300,"bu","09:54:18",425900
21600,100,1000,"bu","09:53:53",425600
21600,100,700,"bu","09:53:33",424600
21600,100,300,"bu","09:53:33",423900
21550,50,4000,"bu","09:52:05",423600
21550,50,1000,"bu","09:52:05",419600
21550,50,1500,"bu","09:52:05",418600
21550,50,1100,"bu","09:52:05",417100
21550,50,5000,"bu","09:52:05",416000
21550,50,300,"bu","09:52:05",411000
21550,50,100,"bu","09:52:05",410700
21550,50,500,"bu","09:52:05",410600
21550,50,100,"bu","09:52:05",410100
21550,50,2000,"bu","09:52:05",410000
21550,50,200,"bu","09:52:05",408000
21550,50,1100,"bu","09:52:05",407800
21550,50,100,"bu","09:52:05",406700
21550,50,200,"bu","09:52:05",406600
21550,50,5000,"bu","09:52:05",406400
21550,50,100,"bu","09:52:05",401400
21550,50,500,"bu","09:52:05",401300
21550,50,100,"bu","09:52:05",400800
21500,0,1000,"bu","09:52:05",400700
21500,0,500,"bu","09:52:05",399700
21500,0,5000,"bu","09:52:05",399200
21500,0,300,"bu","09:52:01",394200
21500,0,100,"bu","09:52:01",393900
21500,0,600,"bu","09:52:01",393800
21500,0,400,"bu","09:51:55",393200
21500,0,1000,"bu","09:51:55",392800
21500,0,600,"bu","09:51:55",391800
21500,0,1000,"bu","09:51:22",391200
21500,0,1000,"bu","09:51:01",390200
21500,0,100,"bu","09:50:50",389200
21500,0,100,"bu","09:50:05",389100
21500,0,100,"bu","09:49:51",389000
21500,0,100,"bu","09:49:31",388900
21500,0,1500,"bu","09:49:11",388800
21500,0,300,"bu","09:48:36",387300
21500,0,200,"bu","09:47:42",387000
21500,0,300,"bu","09:47:42",386800
21500,0,200,"bu","09:47:19",386500
21450,-50,100,"bu","09:46:57",386300
21450,-50,100,"bu","09:46:57",386200
21450,-50,100,"bu","09:46:57",386100
21450,-50,400,"bu","09:46:57",386000
21450,-50,8000,"bu","09:46:57",385600
21450,-50,100,"bu","09:46:18",377600
21450,-50,100,"bu","09:46:18",377500
21400,-100,10000,"sd","09:46:16",377400
21450,-50,200,"bu","09:46:00",367400
21450,-50,300,"bu","09:46:00",367200
21450,-50,2000,"bu","09:45:29",366900
21450,-50,1200,"bu","09:45:11",364900
21450,-50,700,"sd","09:44:26",363700
21450,-50,100,"sd","09:44:26",363000
21450,-50,100,"sd","09:44:26",362900
21450,-50,900,"sd","09:44:26",362800
21450,-50,200,"sd","09:44:12",361900
21450,-50,100,"sd","09:44:12",361700
21450,-50,1600,"sd","09:44:12",361600
21450,-50,200,"sd","09:43:49",360000
21500,0,100,"bu","09:43:48",359800
21450,-50,200,"bu","09:42:57",359700
21450,-50,200,"bu","09:42:56",359500
21450,-50,200,"bu","09:42:54",359300
21450,-50,400,"sd","09:42:41",359100
21500,0,1400,"sd","09:42:08",358700
21500,0,300,"bu","09:41:52",357300
21500,0,200,"bu","09:41:52",357000
21500,0,2500,"bu","09:41:52",356800
21500,0,100,"bu","09:41:52",354300
21500,0,200,"bu","09:41:52",354200
21500,0,1000,"bu","09:41:52",354000
21500,0,100,"bu","09:41:52",353000
21500,0,4200,"bu","09:41:52",352900
21500,0,100,"bu","09:41:30",348700
21450,-50,100,"bu","09:40:46",348600
21450,-50,500,"bu","09:39:59",348500
21450,-50,200,"bu","09:39:59",348000
21450,-50,1800,"bu","09:39:44",347800
21450,-50,200,"bu","09:39:44",346000
21450,-50,100,"bu","09:38:31",345800
21450,-50,200,"bu","09:38:17",345700
21400,-100,500,"sd","09:38:16",345500
21450,-50,400,"bu","09:38:00",345000
21450,-50,300,"sd","09:37:44",344600
21450,-50,300,"sd","09:37:44",344300
21450,-50,100,"sd","09:37:35",344000
21450,-50,100,"bu","09:37:29",343900
21300,-200,1600,"sd","09:37:25",343800
21300,-200,1000,"sd","09:37:25",342200
21300,-200,200,"sd","09:37:25",340700
21300,-200,500,"sd","09:37:25",341200
21350,-150,5000,"sd","09:37:25",340500
21350,-150,100,"sd","09:37:25",335500
21350,-150,100,"sd","09:37:25",335400
21350,-150,500,"sd","09:37:25",335300
21350,-150,2000,"sd","09:37:25",334800
21350,-150,400,"sd","09:37:25",332600
21350,-150,100,"sd","09:37:25",332800
21350,-150,100,"sd","09:37:25",332700
21400,-100,300,"sd","09:37:25",332200
21400,-100,2000,"sd","09:37:25",331900
21400,-100,100,"sd","09:37:25",329900
21400,-100,200,"sd","09:37:25",329800
21400,-100,3000,"sd","09:37:25",329600
21400,-100,500,"sd","09:37:25",326600
21400,-100,200,"sd","09:37:25",326100
21400,-100,2100,"sd","09:37:25",325900
21450,-50,1100,"bu","09:37:19",323800
21450,-50,500,"bu","09:37:17",322700
21450,-50,700,"bu","09:37:05",322200
21450,-50,600,"bu","09:36:52",321500
21450,-50,600,"bu","09:36:52",320900
21450,-50,100,"bu","09:36:52",320300
21450,-50,100,"bu","09:36:40",320200
21450,-50,500,"bu","09:36:40",320100
21450,-50,700,"bu","09:36:40",319600
21450,-50,500,"bu","09:36:19",318900
21450,-50,1000,"bu","09:36:19",318400
21400,-100,1000,"sd","09:36:18",317400
21400,-100,1900,"sd","09:36:04",316400
21400,-100,100,"sd","09:36:04",314500
21450,-50,2200,"bu","09:36:03",314400
21400,-100,100,"sd","09:35:41",312200
21400,-100,100,"sd","09:35:33",312100
21400,-100,1400,"sd","09:35:23",312000
21450,-50,2000,"bu","09:35:19",310600
21400,-100,200,"sd","09:35:17",308600
21400,-100,100,"sd","09:34:45",308400
21400,-100,100,"sd","09:34:45",308300
21400,-100,200,"sd","09:34:45",308200
21450,-50,500,"bu","09:34:41",308000
21450,-50,1000,"bu","09:33:22",307500
21400,-100,600,"sd","09:33:13",306500
21450,-50,2000,"bu","09:33:04",305900
21450,-50,100,"bu","09:32:43",303900
21450,-50,300,"bu","09:32:40",303800
21400,-100,300,"sd","09:32:35",303500
21400,-100,1000,"sd","09:32:35",303200
21400,-100,200,"sd","09:32:35",302200
21400,-100,100,"sd","09:32:35",302000
21400,-100,2000,"sd","09:32:35",301900
21400,-100,200,"sd","09:32:35",299900
21400,-100,100,"sd","09:32:35",299700
21400,-100,100,"sd","09:32:35",299600
21450,-50,100,"bu","09:31:55",299500
21450,-50,100,"sd","09:31:31",299400
21450,-50,200,"sd","09:31:31",299300
21450,-50,1500,"sd","09:31:31",299100
21450,-50,200,"sd","09:31:31",297600
21450,-50,500,"sd","09:31:19",297400
21450,-50,100,"sd","09:31:13",296900
21450,-50,100,"sd","09:31:13",296800
21450,-50,100,"sd","09:31:11",296700
21450,-50,200,"sd","09:30:55",296600
21450,-50,300,"sd","09:30:11",296400
21450,-50,500,"sd","09:30:04",296100
21450,-50,500,"sd","09:30:04",295600
21450,-50,500,"sd","09:29:37",295100
21500,0,1000,"bu","09:29:21",294600
21500,0,1400,"bu","09:29:07",293600
21500,0,3300,"sd","09:29:05",292200
21500,0,500,"sd","09:28:54",288900
21500,0,2000,"sd","09:28:46",288400
21500,0,3000,"bu","09:28:40",286400
21500,0,1200,"bu","09:28:40",283400
21450,-50,2000,"sd","09:28:39",282200
21450,-50,200,"sd","09:28:39",280200
21450,-50,1000,"sd","09:28:39",280000
21450,-50,100,"sd","09:28:39",279000
21450,-50,300,"sd","09:28:39",278900
21450,-50,400,"sd","09:28:39",278600
21500,0,200,"bu","09:28:33",278200
21500,0,300,"sd","09:28:25",278000
21500,0,200,"sd","09:28:25",277700
21500,0,400,"sd","09:28:25",277500
21500,0,500,"sd","09:28:25",277100
21500,0,1100,"sd","09:28:25",276600
21500,0,2100,"sd","09:28:25",275500
21500,0,1900,"sd","09:28:25",273400
21500,0,800,"sd","09:28:25",271500
21500,0,1000,"sd","09:28:25",270700
21500,0,1300,"sd","09:28:25",269700
21500,0,200,"sd","09:28:08",268400
21500,0,700,"sd","09:28:06",268200
21500,0,500,"sd","09:28:06",267500
21500,0,800,"sd","09:28:06",267000
21500,0,1100,"sd","09:28:06",266200
21500,0,100,"sd","09:28:05",265100
21500,0,1100,"sd","09:28:05",265000
21500,0,1000,"sd","09:28:05",263900
21500,0,200,"sd","09:28:05",262900
21500,0,100,"sd","09:28:05",262700
21500,0,500,"sd","09:28:05",262600
21500,0,1000,"sd","09:28:05",262100
21500,0,2800,"sd","09:28:05",261100
21500,0,1000,"sd","09:28:05",258300
21500,0,200,"sd","09:28:05",257300
21500,0,900,"sd","09:28:05",257100
21500,0,2000,"sd","09:27:29",256200
21550,50,1000,"sd","09:27:28",254200
21550,50,100,"sd","09:27:28",253200
21550,50,1000,"sd","09:27:28",253100
21550,50,100,"sd","09:27:28",252100
21550,50,9300,"sd","09:27:27",252000
21550,50,200,"sd","09:27:16",242700
21550,50,5000,"sd","09:27:16",242500
21550,50,2000,"sd","09:27:11",237500
21550,50,2000,"sd","09:27:11",235500
21550,50,300,"sd","09:25:58",233500
21550,50,500,"sd","09:24:39",233200
21550,50,100,"bu","09:24:35",232700
21550,50,10600,"bu","09:24:35",232600
21550,50,7300,"bu","09:24:04",222000
21550,50,1000,"bu","09:23:46",214700
21550,50,1000,"bu","09:23:04",213700
21550,50,100,"bu","09:23:00",212700
21550,50,400,"bu","09:23:00",212600
21550,50,100,"sd","09:22:59",212200
21550,50,500,"sd","09:22:59",212100
21550,50,100,"sd","09:22:44",211600
21550,50,400,"sd","09:22:38",211500
21550,50,1600,"sd","09:22:38",211100
21550,50,400,"sd","09:22:25",209500
21550,50,100,"sd","09:22:25",209100
21600,100,700,"bu","09:21:46",209000
21500,0,400,"sd","09:21:45",208300
21500,0,300,"sd","09:21:45",207900
21500,0,1000,"sd","09:21:45",207600
21500,0,300,"sd","09:21:45",206600
21500,0,500,"sd","09:21:45",206300
21500,0,200,"sd","09:21:45",205800
21500,0,500,"sd","09:21:45",205600
21500,0,100,"sd","09:21:45",205100
21550,50,22900,"sd","09:21:45",205000
21600,100,300,"sd","09:21:40",182100
21600,100,200,"sd","09:21:40",181800
21600,100,200,"sd","09:21:40",181600
21600,100,100,"bu","09:21:31",181400
21600,100,200,"bu","09:21:27",181300
21550,50,200,"sd","09:21:22",181100
21550,50,200,"sd","09:21:15",180900
21550,50,1000,"sd","09:21:10",180700
21550,50,100,"sd","09:21:06",179700
21550,50,200,"bu","09:21:00",179600
21550,50,1000,"bu","09:20:57",179400
21500,0,2000,"sd","09:20:30",178400
21550,50,1000,"sd","09:20:02",176400
21500,0,2200,"sd","09:19:48",175400
21500,0,800,"sd","09:19:48",173200
21500,0,200,"sd","09:19:41",172400
21500,0,200,"sd","09:19:41",172200
21500,0,100,"sd","09:19:41",172000
21500,0,200,"sd","09:19:30",171900
21500,0,200,"sd","09:19:30",171700
21500,0,3400,"sd","09:19:30",171500
21500,0,100,"sd","09:19:27",168100
21500,0,500,"sd","09:19:21",168000
21500,0,200,"sd","09:19:21",167500
21500,0,300,"sd","09:19:21",167300
21500,0,1000,"sd","09:19:00",167000
21600,100,4000,"bu","09:18:58",166000
21500,0,6000,"sd","09:18:57",162000
21500,0,100,"bu","09:18:47",156000
21500,0,2600,"bu","09:18:47",155900
21500,0,200,"bu","09:18:43",153300
21500,0,5000,"bu","09:18:37",153100
21500,0,1000,"bu","09:18:35",148100
21500,0,30000,"bu","09:18:28",147100
21500,0,3000,"bu","09:18:23",117100
21500,0,200,"sd","09:18:20",114100
21500,0,1000,"sd","09:18:20",113900
21500,0,1000,"sd","09:18:20",112900
21500,0,3000,"sd","09:18:20",111900
21500,0,200,"sd","09:18:20",108900
21500,0,500,"sd","09:18:20",108700
21500,0,200,"sd","09:18:20",108200
21500,0,2100,"sd","09:18:20",108000
21700,200,100,"bu","09:17:56",105900
21700,200,100,"bu","09:17:56",105800
21700,200,100,"bu","09:17:56",105700
21700,200,300,"bu","09:17:56",105600
21650,150,8300,"bu","09:17:56",105300
21650,150,100,"bu","09:17:56",97000
21700,200,6500,"bu","09:17:56",96900
21700,200,1000,"bu","09:17:56",90400
21700,200,1000,"bu","09:17:56",89400
21500,0,7900,"sd","09:17:52",88400
21500,0,10000,"sd","09:17:52",80500
21500,0,2000,"sd","09:17:52",70500
21500,0,1500,"sd","09:17:52",68500
21500,0,200,"sd","09:17:52",67000
21500,0,1800,"sd","09:17:52",66800
21500,0,100,"sd","09:17:51",65000
21500,0,100,"sd","09:17:51",64900
21550,50,500,"sd","09:17:51",64800
21550,50,100,"sd","09:17:51",64300
21550,50,1300,"sd","09:17:51",64200
21600,100,400,"sd","09:17:51",62900
21550,50,12200,"sd","09:17:51",62500
21600,100,5600,"sd","09:17:51",50300
21600,100,100,"sd","09:17:51",44700
21600,100,500,"sd","09:17:51",44600
21600,100,5000,"sd","09:17:51",44100
21600,100,200,"sd","09:17:51",39100
21600,100,500,"sd","09:17:51",38900
21650,150,300,"bu","09:17:44",38400
21650,150,200,"sd","09:17:44",38100
21650,150,1000,"sd","09:17:40",37900
21650,150,100,"bu","09:17:36",36900
21650,150,5000,"bu","09:17:36",36800
21650,150,100,"bu","09:17:36",31800
21650,150,3100,"bu","09:17:36",31700
21600,100,100,"sd","09:17:34",28600
21600,100,900,"sd","09:17:33",28500
21600,100,100,"sd","09:17:33",27600
21600,100,200,"sd","09:17:33",27500
21600,100,200,"sd","09:17:22",27300
21650,150,3000,"bu","09:17:12",27100
21600,100,100,"sd","09:17:06",24100
21650,150,300,"bu","09:17:06",24000
21650,150,100,"sd","09:16:56",23700
21650,150,800,"sd","09:16:56",23600
21650,150,1000,"sd","09:16:53",22800
21700,200,500,"bu","09:16:52",21800
21700,200,500,"bu","09:16:52",21300
21650,150,100,"bu","09:16:42",20800
21650,150,100,"bu","09:16:42",20700
21600,100,500,"sd","09:16:30",20600
21600,100,4000,"bu","09:15:27",20100
21600,100,100,"bu","09:15:27",16100
21600,100,100,"bu","09:15:27",16000
21600,100,300,"bu","09:15:27",15900
21550,50,15600,"unknown","09:15:01",15600
