"price","change","match_qtty","side","time","total_vol"
3240,80,1600,"sd","14:45:02",415400
3240,80,5000,"bu","14:29:36",413800
3210,50,1400,"sd","14:29:18",408800
3220,60,2500,"sd","14:29:18",407400
3230,70,2900,"sd","14:29:18",404900
3230,70,100,"bu","14:28:44",402000
3230,70,500,"bu","14:27:54",401900
3230,70,400,"sd","14:26:52",401400
3230,70,100,"sd","14:26:37",401000
3230,70,1500,"sd","14:26:36",400900
3230,70,500,"sd","14:26:36",399400
3240,80,100,"sd","14:25:29",398900
3240,80,1000,"bu","14:25:07",398800
3240,80,2500,"bu","14:25:07",397800
3240,80,3700,"bu","14:25:07",395300
3240,80,1000,"bu","14:25:07",391600
3240,80,5000,"bu","14:25:07",390600
3240,80,2000,"bu","14:25:07",385600
3240,80,100,"bu","14:25:07",383600
3240,80,3000,"bu","14:25:07",383500
3240,80,1600,"bu","14:25:07",380500
3230,70,1000,"bu","14:24:49",378900
3230,70,500,"bu","14:24:49",377900
3230,70,200,"bu","14:22:52",377400
3230,70,100,"bu","14:22:33",377200
3220,60,600,"sd","14:20:02",377100
3220,60,400,"sd","14:15:32",376500
3230,70,500,"bu","14:14:22",376100
3230,70,1000,"bu","14:14:22",375600
3230,70,1500,"bu","14:14:22",374600
3230,70,3500,"bu","14:13:56",373100
3240,80,400,"bu","14:07:08",369600
3240,80,1000,"bu","14:07:08",369200
3240,80,100,"bu","14:03:30",368200
3230,70,1400,"sd","14:03:08",368100
3230,70,100,"sd","14:01:44",366700
3230,70,100,"sd","14:01:44",366600
3230,70,4900,"bu","14:01:16",366500
3230,70,100,"bu","14:00:59",361600
3230,70,100,"bu","14:00:59",361500
3220,60,1000,"bu","14:00:22",361400
3220,60,2600,"bu","14:00:22",360400
3220,60,8000,"bu","14:00:22",357800
3220,60,1000,"bu","14:00:22",349800
3220,60,5000,"bu","14:00:22",348800
3220,60,600,"bu","14:00:22",343800
3220,60,1000,"bu","14:00:22",343200
3220,60,900,"bu","14:00:22",342200
3220,60,4000,"bu","14:00:22",341300
3220,60,1000,"bu","14:00:22",337300
3220,60,1500,"bu","14:00:22",336300
3220,60,1000,"bu","14:00:22",334800
3220,60,400,"bu","14:00:22",333800
3220,60,600,"bu","13:59:08",333400
3210,50,5000,"bu","13:58:01",332800
3210,50,100,"sd","13:57:06",327800
3210,50,1500,"bu","13:55:29",327700
3210,50,4500,"bu","13:55:21",326200
3210,50,500,"bu","13:55:21",321700
3210,50,500,"bu","13:54:31",321200
3210,50,2500,"bu","13:54:31",320700
3210,50,1000,"bu","13:54:14",318200
3200,40,500,"sd","13:54:00",317200
3210,50,1000,"bu","13:53:49",316700
3210,50,5500,"bu","13:52:01",315700
3210,50,1000,"bu","13:52:01",310200
3210,50,2500,"bu","13:52:01",309200
3200,40,100,"bu","13:51:28",306700
3200,40,600,"bu","13:51:28",306600
3200,40,100,"bu","13:51:28",306000
3200,40,200,"bu","13:51:20",305900
3200,40,1000,"bu","13:51:20",305700
3200,40,20000,"bu","13:51:20",304700
3200,40,5000,"bu","13:51:20",284700
3200,40,5000,"bu","13:51:20",279700
3200,40,11000,"bu","13:51:20",274700
3200,40,7800,"bu","13:51:20",263700
3200,40,2900,"bu","13:51:09",255900
3200,40,1300,"bu","13:51:08",253000
3200,40,100,"bu","13:50:47",251700
3200,40,3000,"bu","13:50:47",251600
3200,40,500,"bu","13:50:47",248600
3200,40,1400,"bu","13:50:47",248100
3200,40,5000,"bu","13:50:47",246700
3190,30,100,"sd","13:49:29",241700
3200,40,100,"bu","13:48:39",241600
3190,30,1000,"sd","13:46:52",241500
3190,30,6000,"bu","13:46:29",240500
3190,30,600,"bu","13:46:26",234500
3190,30,300,"bu","13:46:08",233900
3190,30,3000,"bu","13:46:03",233600
3190,30,600,"bu","13:46:03",230600
3190,30,2000,"bu","13:40:16",230000
3190,30,500,"bu","13:40:15",228000
3190,30,1000,"bu","13:39:27",227500
3190,30,1000,"sd","13:38:44",226500
3190,30,2700,"bu","13:37:18",225500
3180,20,5000,"sd","13:36:22",222800
3190,30,900,"bu","13:35:17",217800
3190,30,1100,"bu","13:34:50",216900
3190,30,400,"bu","13:34:50",215800
3190,30,600,"bu","13:33:45",215400
3190,30,1000,"bu","13:32:24",214800
3190,30,100,"bu","13:31:51",213800
3190,30,100,"bu","13:31:20",213700
3180,20,5000,"sd","13:30:19",213600
3190,30,100,"sd","13:28:40",208600
3190,30,20000,"sd","13:28:40",208500
3200,40,800,"bu","13:27:52",188500
3200,40,12000,"bu","13:25:14",187700
3200,40,100,"bu","13:20:07",175700
3190,30,200,"bu","13:19:15",175600
3190,30,500,"bu","13:18:40",175400
3190,30,100,"sd","13:18:32",174900
3190,30,700,"sd","13:17:20",174800
3190,30,400,"sd","13:16:45",174100
3190,30,100,"sd","13:16:17",173700
3200,40,1000,"bu","13:09:11",173600
3200,40,1000,"bu","13:01:08",172600
3180,20,2000,"sd","13:00:09",171600
3180,20,1000,"sd","13:00:04",169600
3180,20,1800,"sd","11:29:44",168600
3190,30,200,"bu","11:29:36",166800
3190,30,200,"bu","11:29:36",166600
3190,30,4000,"sd","11:27:42",166400
3190,30,5000,"sd","11:27:42",162400
3190,30,1000,"sd","11:27:42",157400
3190,30,5000,"sd","11:27:42",156400
3190,30,2000,"sd","11:27:42",151400
3190,30,500,"sd","11:27:42",149400
3190,30,1000,"sd","11:27:42",148900
3190,30,1000,"sd","11:27:42",147900
3190,30,100,"sd","11:27:42",146900
3200,40,200,"sd","11:27:42",146800
3200,40,200,"bu","11:22:07",146600
3200,40,800,"sd","11:20:45",146400
3200,40,200,"bu","11:20:10",145600
3200,40,700,"bu","11:18:57",145400
3200,40,100,"sd","11:17:41",144700
3200,40,300,"bu","11:08:26",144600
3200,40,700,"bu","11:07:45",144300
3200,40,500,"bu","11:01:41",143600
3200,40,1000,"sd","11:01:23",143100
3200,40,100,"sd","11:01:23",142100
3200,40,1400,"sd","11:01:23",142000
3200,40,1000,"sd","11:01:23",140600
3210,50,500,"bu","11:00:51",139600
3210,50,100,"bu","10:59:49",139100
3210,50,500,"sd","10:58:23",139000
3210,50,200,"sd","10:58:16",138500
3210,50,300,"sd","10:58:11",138300
3210,50,100,"sd","10:58:11",138000
3210,50,100,"sd","10:58:11",137900
3210,50,300,"bu","10:54:17",137800
3210,50,200,"bu","10:54:11",137500
3210,50,100,"bu","10:53:57",137300
3210,50,300,"bu","10:52:07",137200
3210,50,700,"sd","10:49:58",136900
3210,50,300,"sd","10:48:25",136200
3210,50,1000,"sd","10:46:52",135900
3210,50,600,"sd","10:45:12",134900
3220,60,500,"bu","10:44:34",134300
3220,60,1800,"bu","10:43:44",133800
3220,60,200,"bu","10:43:44",132000
3210,50,200,"sd","10:43:23",131800
3210,50,200,"sd","10:43:01",131600
3210,50,1600,"sd","10:43:01",131400
3210,50,900,"sd","10:42:45",129800
3210,50,1000,"sd","10:42:18",128900
3210,50,300,"bu","10:42:11",127900
3210,50,1200,"bu","10:42:11",127600
3210,50,2000,"bu","10:41:51",126400
3210,50,800,"bu","10:41:31",124400
3210,50,500,"bu","10:41:31",123600
3210,50,5000,"bu","10:41:10",123100
3210,50,1000,"bu","10:38:49",118100
3210,50,1000,"bu","10:37:32",117100
3200,40,4000,"sd","10:35:53",116100
3200,40,1000,"sd","10:35:53",112100
3210,50,200,"bu","10:35:38",111100
3210,50,200,"bu","10:35:38",110900
3210,50,1100,"bu","10:35:38",110700
3210,50,3200,"bu","10:34:41",109600
3210,50,100,"bu","10:31:26",106400
3210,50,200,"bu","10:25:35",106300
3220,60,300,"bu","10:24:08",106100
3220,60,200,"bu","10:24:08",105800
3220,60,500,"bu","10:24:08",105600
3210,50,600,"bu","10:23:08",105100
3210,50,4400,"sd","10:20:31",104500
3210,50,200,"sd","10:20:07",100100
3210,50,200,"bu","10:19:25",99900
3210,50,500,"bu","10:19:25",99700
3220,60,100,"bu","10:10:32",99200
3220,60,100,"bu","10:06:13",99100
3190,30,100,"sd","10:04:47",99000
3220,60,300,"sd","10:02:25",98900
3220,60,1000,"bu","10:02:16",98600
3220,60,500,"bu","10:02:16",97600
3220,60,8000,"bu","10:02:16",97100
3220,60,300,"bu","10:02:16",89100
3220,60,1900,"bu","10:02:16",88800
3220,60,2000,"bu","10:02:16",86900
3220,60,1000,"bu","10:02:16",84900
3220,60,100,"bu","10:02:16",83900
3220,60,500,"bu","10:02:16",83800
3220,60,1200,"bu","10:02:16",83300
3220,60,200,"bu","10:02:16",82100
3220,60,200,"bu","10:02:16",81900
3210,50,2000,"bu","10:02:16",81700
3210,50,5000,"bu","10:02:16",79700
3210,50,2200,"bu","10:02:16",74700
3210,50,2800,"bu","10:02:03",72500
3210,50,2000,"bu","10:02:03",69700
3210,50,100,"bu","10:02:03",67700
3210,50,2000,"bu","10:02:03",67600
3210,50,500,"bu","10:02:03",65600
3200,40,200,"bu","10:02:03",65100
3200,40,100,"bu","10:02:03",64900
3200,40,1000,"bu","10:02:03",64800
3200,40,1300,"bu","10:02:03",63800
3200,40,1000,"bu","10:01:34",62500
3190,30,500,"sd","10:00:44",61500
3200,40,2700,"bu","09:59:58",61000
3200,40,500,"bu","09:59:58",58300
3200,40,4100,"bu","09:59:58",57800
3200,40,1000,"bu","09:59:58",53700
3200,40,1700,"bu","09:59:58",52700
3200,40,100,"bu","09:58:05",51000
3190,30,3300,"bu","09:57:47",50900
3190,30,1000,"bu","09:57:31",47600
3190,30,1000,"bu","09:56:54",46600
3190,30,500,"sd","09:56:36",45600
3190,30,200,"sd","09:56:36",45100
3190,30,800,"sd","09:56:25",44900
3190,30,200,"sd","09:56:25",44100
3200,40,100,"bu","09:56:25",43900
3200,40,100,"bu","09:54:57",43800
3200,40,400,"bu","09:54:57",43700
3200,40,300,"bu","09:53:20",43300
3200,40,300,"bu","09:51:43",43000
3200,40,400,"bu","09:51:43",42700
3200,40,1000,"bu","09:51:43",42300
3200,40,300,"bu","09:51:43",41300
3180,20,300,"sd","09:49:16",41000
3190,30,300,"sd","09:49:16",40700
3200,40,300,"bu","09:48:38",40400
3200,40,1000,"bu","09:45:51",40100
3200,40,400,"bu","09:45:46",39100
3200,40,500,"bu","09:45:46",38700
3200,40,1100,"bu","09:45:46",38200
3200,40,200,"bu","09:45:06",37100
3200,40,500,"bu","09:44:49",36900
3200,40,3000,"bu","09:44:27",36400
3200,40,1000,"bu","09:40:45",33400
3200,40,1000,"bu","09:40:45",32400
3200,40,500,"bu","09:40:45",31400
3200,40,200,"bu","09:38:21",30900
3200,40,100,"bu","09:34:30",30700
3190,30,700,"bu","09:34:27",30600
3200,40,200,"bu","09:31:50",29900
3200,40,200,"bu","09:31:50",29700
3200,40,500,"bu","09:31:50",29500
3200,40,1000,"bu","09:30:32",29000
3200,40,1000,"sd","09:30:03",28000
3200,40,2000,"bu","09:29:10",27000
3180,20,3500,"sd","09:28:45",25000
3190,30,100,"sd","09:28:45",21500
3190,30,1400,"sd","09:28:45",21400
3200,40,900,"bu","09:26:52",20000
3200,40,100,"sd","09:26:04",19100
3200,40,1000,"sd","09:25:28",19000
3200,40,900,"bu","09:24:50",18000
3200,40,100,"bu","09:21:41",17100
3200,40,400,"sd","09:20:50",17000
3210,50,300,"bu","09:19:54",16600
3210,50,300,"bu","09:19:31",16300
3210,50,1000,"bu","09:19:02",16000
3210,50,1000,"bu","09:19:02",15000
3210,50,100,"bu","09:18:25",14000
3200,40,1800,"bu","09:18:15",13900
3200,40,3200,"bu","09:17:58",12100
3200,40,100,"bu","09:17:58",8900
3200,40,100,"bu","09:17:58",8800
3200,40,5000,"bu","09:17:58",8700
3200,40,100,"bu","09:17:58",3700
3200,40,400,"bu","09:17:58",3600
3200,40,100,"bu","09:17:30",3200
3190,30,1100,"bu","09:17:02",3100
3190,30,400,"bu","09:16:59",2000
3190,30,400,"bu","09:16:58",1600
3190,30,500,"bu","09:16:26",1200
3190,30,500,"bu","09:16:15",700
3190,30,100,"bu","09:16:08",200
3170,10,100,"unknown","09:15:00",100
