"price","change","match_qtty","side","time","total_vol"
15100,-100,3100,"sd","14:45:02",130100
15200,0,2000,"bu","14:24:19",127000
15200,0,1100,"bu","14:24:12",125000
15200,0,2000,"bu","14:23:54",123900
15200,0,400,"bu","14:23:20",121900
15200,0,1000,"bu","14:22:47",121500
15100,-100,500,"sd","14:22:37",120500
15100,-100,100,"sd","14:22:08",120000
15100,-100,100,"sd","14:20:46",119900
15100,-100,200,"sd","14:14:41",119800
15200,0,1700,"bu","14:12:16",119600
15100,-100,700,"sd","14:11:38",117900
15100,-100,4400,"sd","14:04:45",117200
15100,-100,1000,"sd","14:01:26",112800
15100,-100,2500,"sd","13:59:08",111800
15200,0,1500,"bu","13:53:17",109300
15100,-100,900,"sd","13:51:33",107800
15100,-100,800,"sd","13:51:04",106900
15200,0,2100,"sd","13:42:07",106100
15200,0,1700,"sd","13:41:06",104000
15200,0,1500,"sd","13:40:39",102300
15200,0,2000,"sd","13:34:46",100800
15200,0,1500,"sd","13:32:24",98800
15300,100,100,"bu","13:28:48",97300
15200,0,1000,"sd","13:26:27",97200
15200,0,5400,"bu","13:24:58",96200
15200,0,500,"bu","13:24:39",90800
15200,0,100,"bu","13:22:47",90300
15200,0,1400,"sd","13:21:10",90200
15200,0,5800,"sd","13:19:39",88800
15200,0,2000,"sd","13:13:10",83000
15200,0,3000,"sd","13:06:33",81000
15200,0,800,"sd","13:02:41",78000
15200,0,200,"bu","13:01:17",77200
15200,0,200,"unknown","13:00:08",77000
15200,0,800,"unknown","13:00:07",76800
15200,0,2000,"unknown","11:14:13",76000
15200,0,1900,"sd","11:13:26",74000
15200,0,100,"bu","11:04:23",72100
15100,-100,5000,"sd","10:56:35",72000
15200,0,200,"sd","10:53:44",67000
15200,0,1000,"bu","10:53:30",66800
15200,0,200,"bu","10:50:40",65800
15200,0,500,"bu","10:46:43",65600
15200,0,2000,"bu","10:45:23",65100
15100,-100,9700,"sd","10:42:10",63100
15200,0,3000,"bu","10:40:25",53400
15200,0,500,"bu","10:35:05",50400
15100,-100,2700,"sd","10:34:30",49900
15100,-100,1000,"sd","10:30:29",47200
15200,0,100,"bu","10:28:36",46200
15200,0,1000,"bu","10:28:06",46100
15200,0,4200,"bu","10:19:07",45100
15200,0,400,"sd","10:18:56",40900
15200,0,5000,"sd","10:18:52",40500
15200,0,800,"sd","10:18:34",35500
15200,0,2000,"sd","10:17:43",34700
15200,0,1800,"sd","10:04:23",32700
15300,100,200,"bu","10:02:57",30900
15300,100,100,"bu","10:01:57",30700
15200,0,300,"sd","09:56:46",30600
15200,0,100,"sd","09:55:46",30300
15300,100,100,"bu","09:52:31",30200
15300,100,100,"bu","09:51:08",30100
15300,100,700,"bu","09:50:48",30000
15300,100,1000,"bu","09:50:24",29300
15300,100,400,"bu","09:50:03",28300
15300,100,500,"bu","09:48:18",27900
15300,100,300,"bu","09:38:05",27400
15300,100,100,"bu","09:37:38",27100
15300,100,500,"bu","09:33:17",27000
15300,100,800,"sd","09:28:25",26500
15300,100,2900,"sd","09:28:21",25700
15300,100,1100,"sd","09:28:16",22800
15300,100,2900,"sd","09:28:11",21700
15300,100,7400,"bu","09:27:03",18800
15200,0,400,"sd","09:26:50",11400
15300,100,2000,"bu","09:26:43",11000
15300,100,500,"bu","09:26:42",9000
15300,100,1500,"bu","09:26:27",8500
15200,0,500,"sd","09:26:26",7000
15300,100,5000,"bu","09:25:40",6500
15300,100,100,"bu","09:25:37",1500
15300,100,200,"bu","09:25:02",1400
15300,100,200,"bu","09:24:14",1200
15300,100,300,"bu","09:22:36",1000
15300,100,200,"bu","09:21:27",700
15300,100,500,"bu","09:20:09",500
