"price","change","match_qtty","side","time","total_vol"
11200,500,10000,"bu","14:59:45",677700
11100,400,12500,"bu","14:59:33",667700
11000,300,100,"bu","14:58:36",655200
10900,200,900,"sd","14:58:20",655100
11000,300,100,"bu","14:57:54",654200
10900,200,1000,"sd","14:57:05",654100
11000,300,1000,"bu","14:51:45",653100
11000,300,500,"bu","14:50:28",652100
10900,200,1200,"bu","14:47:33",651600
10900,200,700,"bu","14:41:59",650400
10900,200,3100,"sd","14:41:23",649700
10900,200,2500,"sd","14:40:28",646600
10900,200,9500,"sd","14:35:48",644100
10900,200,5000,"sd","14:31:33",634600
10900,200,100,"sd","14:30:28",629600
10900,200,2000,"bu","14:28:42",629500
10800,100,500,"sd","14:26:16",627500
10900,200,3000,"bu","14:25:28",627000
10800,100,700,"sd","14:21:54",624000
10800,100,4300,"sd","14:19:14",623300
10800,100,700,"sd","14:18:05",619000
10800,100,4300,"sd","14:17:58",618300
10800,100,18200,"sd","14:15:45",614000
10900,200,2800,"bu","14:10:49",595800
11000,300,5000,"bu","14:09:52",593000
11000,300,5000,"bu","14:09:32",588000
10900,200,500,"bu","14:09:13",583000
10900,200,300,"bu","14:08:15",582500
10800,100,500,"sd","14:07:57",582200
10900,200,300,"bu","14:07:55",581700
10800,100,10000,"sd","14:07:07",581400
10800,100,21900,"sd","14:06:43",571400
10900,200,2500,"bu","14:05:32",549500
10900,200,1000,"bu","14:04:47",547000
10900,200,1000,"bu","14:04:15",546000
10900,200,500,"bu","14:04:01",545000
10900,200,500,"bu","14:02:06",544500
10800,100,1000,"bu","14:01:40",544000
10800,100,100,"bu","14:01:14",543000
10800,100,300,"bu","14:00:39",542900
10800,100,500,"bu","14:00:01",542600
10800,100,1000,"bu","13:59:02",542100
10800,100,700,"bu","13:57:45",541100
10800,100,100,"bu","13:57:36",540400
10800,100,1300,"sd","13:57:04",540300
10800,100,1000,"bu","13:56:42",539000
10800,100,11500,"sd","13:56:27",538000
10900,200,8600,"sd","13:55:03",526500
10900,200,1400,"bu","13:54:55",517900
10900,200,1000,"bu","13:54:04",516500
10900,200,200,"sd","13:51:55",515500
10900,200,200,"sd","13:51:51",515300
10900,200,100,"sd","13:50:39",515100
11000,300,200,"bu","13:48:19",515000
11200,500,15000,"bu","13:47:33",514800
11100,400,12500,"bu","13:47:20",499800
10900,200,500,"bu","13:44:43",487300
10900,200,1500,"bu","13:43:03",486800
10900,200,3000,"sd","13:39:06",485300
11200,500,7500,"bu","13:36:12",482300
10900,200,200,"sd","13:35:51",474800
11100,400,2500,"bu","13:35:50",474600
10900,200,1300,"bu","13:35:26",472100
10900,200,1700,"bu","13:34:20",470800
10900,200,5000,"sd","13:34:06",469100
11000,300,1000,"bu","13:33:00",464100
11000,300,5600,"bu","13:32:39",463100
11000,300,1000,"sd","13:31:55",457500
11000,300,500,"sd","13:30:31",456500
11200,500,15000,"bu","13:30:29",456000
11000,300,200,"sd","13:30:14",441000
11100,400,5000,"unknown","13:29:27",440800
11000,300,200,"sd","13:28:26",435800
11000,300,2500,"sd","13:27:13",435600
11200,500,8100,"bu","13:25:18",433100
11100,400,5800,"bu","13:24:33",425000
11000,300,1800,"bu","13:19:01",419200
11000,300,2500,"bu","13:18:38",417400
11100,400,4400,"bu","13:16:48",414900
11100,400,500,"sd","13:16:04",410500
11200,500,4000,"bu","13:15:59",410000
11300,600,30000,"bu","13:15:01",406000
11200,500,16700,"sd","13:14:46",376000
11100,400,500,"sd","13:14:25",359300
11100,400,4000,"sd","13:14:07",358800
11000,300,2500,"sd","13:13:53",354800
10900,200,700,"sd","13:13:44",352300
10900,200,2300,"sd","13:11:10",351600
10900,200,300,"bu","13:10:28",349300
10900,200,200,"bu","13:10:24",349000
10900,200,1000,"bu","13:10:17",348800
10900,200,200,"bu","13:10:12",347800
10900,200,3300,"sd","13:09:57",347600
11000,300,500,"bu","13:09:24",344300
11000,300,4500,"sd","13:09:18",343800
11200,500,17500,"bu","13:09:00",339300
11000,300,500,"sd","13:08:34",321800
11100,400,500,"bu","13:08:00",321300
11100,400,4500,"bu","13:07:58",320800
11100,400,2800,"bu","13:07:50",316300
11100,400,8600,"sd","13:07:40",313500
11200,500,5000,"bu","13:07:35",304900
11100,400,18100,"bu","13:07:17",299900
11000,300,200,"sd","13:06:44",281800
11000,300,2500,"sd","13:06:33",281600
11000,300,1000,"sd","13:06:18",279100
11000,300,1000,"sd","13:06:12",278100
11000,300,300,"bu","13:06:02",277100
11000,300,2000,"bu","13:06:00",276800
11000,300,800,"sd","13:05:19",274800
11100,400,20000,"bu","13:05:16",274000
11000,300,2000,"sd","13:05:09",254000
11000,300,1000,"sd","13:05:08",252000
11000,300,11200,"bu","13:04:59",251000
10900,200,2500,"sd","13:04:39",239800
11000,300,15000,"bu","13:04:03",237300
10900,200,7500,"sd","13:03:31",222300
10900,200,25000,"bu","13:03:30",214800
10800,100,9800,"bu","13:03:04",189800
10800,100,200,"sd","13:02:45",180000
10800,100,10000,"sd","13:02:36",179800
10800,100,14800,"bu","13:02:17",169800
10800,100,200,"sd","13:01:30",155000
10800,100,5000,"sd","13:01:16",154800
10800,100,500,"sd","13:00:04",149800
10800,100,1100,"sd","13:00:02",149300
10800,100,1000,"sd","11:29:52",148200
10900,200,10000,"bu","11:28:59",147200
10800,100,16400,"bu","11:28:41",137200
10700,0,14500,"bu","11:28:24",120800
10500,-200,6500,"sd","11:28:07",106300
10400,-300,1500,"sd","11:26:17",99800
10500,-200,500,"bu","11:25:09",98300
10400,-300,500,"sd","11:23:45",97800
10400,-300,1500,"sd","11:22:39",97300
10500,-200,300,"bu","11:20:33",95800
10500,-200,1100,"bu","11:17:45",95500
10500,-200,2500,"bu","11:17:27",94400
10500,-200,100,"bu","11:16:45",91900
10500,-200,1100,"sd","11:16:22",91800
10500,-200,1500,"sd","11:15:44",90700
10500,-200,400,"unknown","10:58:20",89200
10500,-200,500,"unknown","10:57:30",88800
10500,-200,4500,"bu","10:57:09",88300
10500,-200,5000,"sd","10:54:47",83800
10500,-200,100,"sd","10:50:14",78800
10500,-200,100,"sd","10:47:01",78700
10500,-200,4000,"sd","10:46:36",78600
10500,-200,800,"bu","10:42:22",74600
10500,-200,1000,"bu","10:41:36",73800
10500,-200,1000,"bu","10:41:12",72800
10500,-200,2300,"bu","10:40:58",71800
10500,-200,1000,"sd","10:40:28",69500
10500,-200,20000,"sd","10:38:36",68500
10600,-100,1500,"sd","10:37:10",48500
10600,-100,1000,"sd","10:36:15",47000
10600,-100,1000,"sd","10:36:03",46000
10600,-100,2800,"sd","10:34:16",45000
10600,-100,2500,"sd","10:27:54",42200
10600,-100,2000,"sd","10:27:44",39700
10700,0,600,"sd","10:25:01",37700
10700,0,400,"sd","10:24:14",37100
10700,0,100,"unknown","10:20:47",36700
10700,0,1200,"bu","10:20:21",36600
10700,0,700,"sd","10:19:56",35400
10700,0,1300,"sd","10:19:16",34700
10700,0,700,"bu","10:18:50",33400
10700,0,600,"sd","10:18:04",32700
10700,0,1000,"bu","10:17:15",32100
10700,0,2400,"bu","10:15:33",31100
10700,0,1000,"sd","10:15:08",28700
10700,0,100,"sd","10:09:44",27700
10700,0,3900,"sd","10:09:25",27600
10700,0,1100,"sd","10:08:37",23700
10600,-100,100,"sd","10:03:03",22600
10600,-100,100,"bu","10:02:49",22500
10600,-100,500,"bu","10:01:53",22400
10600,-100,100,"bu","10:01:36",21900
10600,-100,200,"sd","10:01:02",21800
10600,-100,200,"sd","09:59:44",21600
10600,-100,500,"bu","09:59:09",21400
10600,-100,900,"bu","09:58:45",20900
10600,-100,1500,"sd","09:57:35",20000
10600,-100,1600,"sd","09:54:46",18500
10600,-100,900,"bu","09:53:25",16900
10600,-100,500,"bu","09:52:21",16000
10600,-100,5600,"bu","09:50:46",15500
10700,0,200,"bu","09:45:03",9900
10700,0,300,"bu","09:38:25",9700
10700,0,5400,"sd","09:37:01",9400
10700,0,2600,"unknown","09:35:27",4000
10700,0,1000,"sd","09:28:56",1400
10900,200,400,"bu","09:00:09",400
