"price","change","match_qtty","side","time","total_vol"
13400,250,792100,"unknown","14:45:00",12529100
13250,100,1700,"sd","14:29:56",11737000
13250,100,200,"sd","14:29:52",11735300
13250,100,200,"bu","14:29:43",11735100
13250,100,1000,"bu","14:29:43",11734900
13250,100,21600,"bu","14:29:43",11733900
13250,100,200,"bu","14:29:41",11712300
13250,100,100,"bu","14:29:37",11712100
13250,100,300,"bu","14:29:37",11712000
13250,100,700,"bu","14:29:37",11711700
13250,100,1000,"bu","14:29:36",11711000
13250,100,3000,"bu","14:29:31",11710000
13250,100,200,"bu","14:29:30",11707000
13250,100,1000,"bu","14:29:26",11706800
13250,100,400,"bu","14:29:24",11705800
13250,100,1000,"bu","14:29:22",11705400
13250,100,500,"bu","14:29:21",11704400
13250,100,2000,"bu","14:29:19",11703900
13250,100,100,"bu","14:29:17",11701900
13250,100,1000,"bu","14:29:17",11701800
13250,100,1000,"bu","14:29:13",11700800
13250,100,1000,"bu","14:29:11",11699800
13250,100,10000,"sd","14:29:11",11698800
13250,100,5000,"sd","14:29:11",11688800
13250,100,100,"sd","14:29:11",11683800
13250,100,10000,"sd","14:29:11",11683700
13250,100,2000,"sd","14:29:11",11673700
13250,100,400,"sd","14:29:11",11671700
13250,100,300,"sd","14:29:11",11671300
13250,100,100,"sd","14:29:11",11671000
13250,100,500,"sd","14:29:11",11670900
13250,100,5000,"sd","14:29:11",11670400
13250,100,2000,"sd","14:29:11",11665400
13250,100,500,"sd","14:29:11",11663400
13250,100,200,"sd","14:29:11",11662900
13250,100,10000,"sd","14:29:11",11662700
13250,100,5000,"sd","14:29:11",11652700
13250,100,13800,"sd","14:29:11",11647700
13250,100,100,"sd","14:29:04",11633900
13300,150,600,"bu","14:29:03",11633800
13250,100,5000,"sd","14:29:03",11633200
13250,100,1100,"sd","14:29:00",11628200
13250,100,900,"sd","14:29:00",11627100
13300,150,700,"bu","14:28:57",11626200
13250,100,100,"sd","14:28:52",11625500
13250,100,300,"sd","14:28:47",11625400
13250,100,300,"sd","14:28:47",11625100
13250,100,1000,"sd","14:28:44",11624800
13250,100,200,"sd","14:28:44",11623800
13250,100,300,"sd","14:28:43",11623600
13250,100,2000,"sd","14:28:43",11623300
13250,100,2000,"sd","14:28:43",11621300
13250,100,1000,"sd","14:28:43",11619300
13250,100,4700,"sd","14:28:43",11618300
13300,150,500,"bu","14:28:36",11613600
13300,150,500,"bu","14:28:35",11613100
13250,100,5000,"sd","14:28:21",11612600
13250,100,300,"sd","14:28:13",11607600
13250,100,10000,"sd","14:28:13",11607300
13250,100,5000,"sd","14:28:13",11597300
13250,100,500,"sd","14:28:13",11592300
13250,100,2000,"sd","14:28:13",11591800
13250,100,500,"sd","14:28:13",11589800
13250,100,15000,"sd","14:28:13",11589300
13250,100,2000,"sd","14:28:13",11574300
13250,100,3000,"sd","14:28:13",11572300
13250,100,500,"sd","14:28:13",11569300
13250,100,300,"sd","14:28:13",11568800
13250,100,5000,"sd","14:28:13",11568500
13250,100,100,"sd","14:28:13",11563500
13250,100,200,"sd","14:28:13",11563400
13250,100,25000,"sd","14:28:13",11563200
13250,100,30600,"sd","14:28:13",11538200
13250,100,100,"sd","14:28:10",11507600
13300,150,500,"bu","14:28:02",11507500
13250,100,200,"sd","14:27:55",11507000
13250,100,15000,"sd","14:27:55",11506800
13250,100,500,"sd","14:27:54",11491800
13300,150,100,"bu","14:27:54",11491300
13250,100,10200,"sd","14:27:32",11491200
13250,100,100,"sd","14:27:28",11481000
13250,100,10000,"sd","14:27:25",11480900
13250,100,3000,"sd","14:27:20",11470900
13250,100,3000,"sd","14:27:17",11467900
13250,100,800,"sd","14:27:03",11464900
13250,100,1000,"bu","14:27:02",11464100
13250,100,10000,"bu","14:27:02",11463100
13250,100,400,"bu","14:27:02",11453100
13250,100,15100,"bu","14:27:02",11452700
13250,100,200,"bu","14:26:54",11437600
13250,100,300,"bu","14:26:50",11437400
13250,100,400,"bu","14:26:50",11437100
13250,100,1000,"bu","14:26:50",11436700
13250,100,2800,"bu","14:26:49",11435700
13250,100,1500,"bu","14:26:48",11432900
13250,100,22000,"sd","14:26:45",11431400
13250,100,6700,"sd","14:26:45",11409400
13250,100,700,"sd","14:26:43",11402700
13250,100,300,"bu","14:26:40",11402000
13250,100,2300,"bu","14:26:40",11401700
13250,100,200,"sd","14:26:38",11399400
13250,100,1500,"sd","14:26:38",11399200
13250,100,300,"sd","14:26:37",11397700
13250,100,5000,"sd","14:26:37",11397400
13250,100,3200,"sd","14:26:35",11392400
13250,100,6000,"sd","14:26:35",11389200
13250,100,400,"sd","14:26:35",11383200
13250,100,100,"sd","14:26:35",11382800
13250,100,300,"sd","14:26:35",11382700
13250,100,300,"sd","14:26:32",11382400
13250,100,700,"sd","14:26:32",11382100
13250,100,300,"sd","14:26:31",11381400
13250,100,3600,"sd","14:26:31",11381100
13250,100,100,"bu","14:26:24",11377500
13250,100,1100,"bu","14:26:24",11377400
13250,100,200,"bu","14:26:24",11376300
13250,100,500,"bu","14:26:22",11376100
13250,100,1000,"bu","14:26:22",11375600
13250,100,1000,"bu","14:26:17",11374600
13250,100,400,"sd","14:26:17",11373600
13250,100,500,"sd","14:26:17",11373200
13250,100,5000,"sd","14:26:17",11372700
13250,100,11400,"sd","14:26:17",11367700
13250,100,3000,"sd","14:26:10",11356300
13250,100,3000,"sd","14:26:09",11353300
13250,100,1000,"bu","14:25:59",11350300
13250,100,1200,"bu","14:25:59",11349300
13250,100,400,"bu","14:25:59",11348100
13250,100,9600,"bu","14:25:57",11347700
13250,100,500,"bu","14:25:57",11338100
13250,100,1000,"bu","14:25:57",11337600
13250,100,400,"bu","14:25:57",11336600
13250,100,200,"bu","14:25:57",11336200
13250,100,100,"bu","14:25:57",11336000
13250,100,1400,"bu","14:25:57",11335900
13250,100,36800,"bu","14:25:57",11334500
13250,100,500,"bu","14:25:56",11297700
13250,100,1000,"bu","14:25:56",11297200
13250,100,100,"bu","14:25:48",11296200
13250,100,500,"bu","14:25:47",11296100
13200,50,400,"sd","14:25:39",11295600
13250,100,3300,"bu","14:25:38",11295200
13250,100,500,"bu","14:25:37",11291900
13250,100,3900,"bu","14:25:36",11291400
13250,100,500,"bu","14:25:33",11287500
13250,100,2900,"bu","14:25:29",11287000
13250,100,2100,"bu","14:25:29",11284100
13250,100,500,"bu","14:25:28",11282000
13250,100,200,"bu","14:25:18",11281500
13200,50,200,"sd","14:25:18",11281300
13200,50,2100,"sd","14:25:08",11281100
13200,50,1700,"sd","14:24:51",11279000
13200,50,18300,"sd","14:24:51",11277300
13200,50,100,"sd","14:24:48",11259000
13250,100,1000,"bu","14:24:47",11258900
13200,50,100,"sd","14:24:37",11257900
13250,100,500,"bu","14:24:35",11257800
13250,100,300,"bu","14:24:28",11257300
13250,100,16100,"bu","14:24:17",11257000
13250,100,1000,"bu","14:24:05",11240900
13250,100,2000,"bu","14:24:04",11239900
13250,100,1000,"sd","14:24:02",11237900
13250,100,19900,"sd","14:24:02",11236900
13250,100,5400,"sd","14:24:02",11217000
13250,100,3900,"bu","14:24:00",11211600
13250,100,700,"bu","14:24:00",11207700
13250,100,2000,"bu","14:23:57",11207000
13250,100,1000,"bu","14:23:55",11205000
13250,100,2300,"bu","14:23:54",11204000
13250,100,1500,"bu","14:23:54",11201700
13250,100,3500,"bu","14:23:52",11200200
13250,100,1000,"bu","14:23:52",11196700
13250,100,500,"bu","14:23:52",11195700
13250,100,1200,"bu","14:23:50",11195200
13250,100,2000,"bu","14:23:49",11194000
13250,100,300,"bu","14:23:44",11192000
13250,100,4200,"bu","14:23:42",11191700
13250,100,200,"bu","14:23:42",11187500
13250,100,3000,"bu","14:23:42",11187300
13250,100,1000,"bu","14:23:42",11184300
13250,100,600,"bu","14:23:42",11183300
13250,100,900,"bu","14:23:39",11182700
13250,100,1000,"bu","14:23:39",11181800
13250,100,3100,"bu","14:23:39",11180800
13250,100,6900,"bu","14:23:37",11177700
13250,100,100,"bu","14:23:37",11170800
13250,100,100,"bu","14:23:37",11170700
13250,100,1800,"bu","14:23:37",11170600
13250,100,800,"bu","14:23:37",11168800
13250,100,100,"bu","14:23:37",11168000
13250,100,7000,"bu","14:23:37",11167900
13250,100,3200,"bu","14:23:37",11160900
13250,100,1800,"bu","14:23:32",11157700
13250,100,1000,"bu","14:23:32",11155900
13250,100,2000,"bu","14:23:32",11154900
13250,100,3200,"bu","14:23:32",11152900
13250,100,200,"bu","14:23:32",11149700
13250,100,1300,"bu","14:23:31",11149500
13250,100,300,"bu","14:23:24",11148200
13200,50,100,"sd","14:23:23",11147900
13250,100,5000,"bu","14:23:12",11147800
13250,100,3200,"bu","14:23:11",11142800
13250,100,500,"bu","14:23:11",11139600
13250,100,4100,"bu","14:23:11",11139100
13200,50,1400,"sd","14:23:09",11135000
13200,50,3900,"sd","14:23:09",11133600
13200,50,100,"sd","14:23:09",11129700
13200,50,1000,"sd","14:23:09",11129600
13250,100,400,"bu","14:23:03",11128600
13250,100,1000,"bu","14:23:03",11128200
13250,100,8600,"bu","14:23:03",11127200
13250,100,10000,"bu","14:23:00",11118600
13250,100,1400,"bu","14:22:59",11108600
13250,100,4000,"bu","14:22:59",11107200
13250,100,4600,"bu","14:22:59",11103200
13250,100,1200,"bu","14:22:55",11098600
13200,50,11000,"sd","14:22:43",11097400
13200,50,8000,"sd","14:22:23",11086400
13200,50,100,"sd","14:22:23",11078400
13200,50,1000,"sd","14:22:23",11078300
13200,50,900,"sd","14:22:23",11077300
13250,100,1000,"bu","14:22:22",11076400
13200,50,100,"sd","14:22:07",11075400
13200,50,300,"sd","14:21:51",11075300
13200,50,500,"sd","14:21:26",11075000
13250,100,1000,"bu","14:21:24",11074500
13200,50,300,"sd","14:21:19",11073500
13200,50,300,"sd","14:21:15",11073200
13200,50,1300,"sd","14:21:06",11072900
13200,50,1300,"sd","14:21:03",11071600
13200,50,3000,"sd","14:21:03",11070300
13200,50,700,"sd","14:21:03",11067300
13200,50,100,"sd","14:21:01",11066600
13200,50,200,"sd","14:20:51",11066500
13200,50,200,"sd","14:20:51",11066300
13200,50,500,"sd","14:20:50",11066100
13200,50,100,"sd","14:20:39",11065600
13200,50,200,"bu","14:20:38",11065500
13200,50,100,"sd","14:20:34",11065300
13200,50,700,"sd","14:20:34",11065200
13200,50,1300,"sd","14:20:25",11064500
13200,50,7000,"sd","14:20:25",11063200
13200,50,2500,"sd","14:20:25",11056200
13200,50,41000,"sd","14:20:25",11053700
13200,50,100,"sd","14:20:25",11012700
13200,50,600,"sd","14:20:25",11012600
13200,50,1700,"sd","14:20:25",11012000
13200,50,6500,"sd","14:20:25",11010300
13200,50,10000,"sd","14:20:25",11003800
13200,50,5000,"sd","14:20:25",10993800
13200,50,500,"sd","14:20:25",10988800
13200,50,3000,"sd","14:20:25",10988300
13200,50,2500,"sd","14:20:25",10985300
13200,50,1500,"sd","14:20:25",10982800
13200,50,200,"sd","14:20:25",10981300
13200,50,100,"sd","14:20:25",10981100
13200,50,100,"sd","14:20:25",10981000
13200,50,1700,"sd","14:20:25",10980900
13200,50,1800,"sd","14:20:25",10979200
13200,50,100,"sd","14:20:25",10977400
13200,50,5000,"sd","14:20:25",10977300
13200,50,5000,"sd","14:20:25",10972300
13200,50,100,"sd","14:20:25",10967300
13200,50,1000,"sd","14:20:25",10967200
13200,50,10000,"sd","14:20:25",10966200
13200,50,1000,"sd","14:20:25",10956200
13200,50,5000,"sd","14:20:25",10955200
13200,50,5000,"sd","14:20:25",10950200
13200,50,100,"sd","14:20:25",10945200
13200,50,200,"sd","14:20:25",10945100
13200,50,1000,"sd","14:20:25",10944900
13200,50,2000,"sd","14:20:25",10943900
13200,50,1000,"sd","14:20:25",10941900
13200,50,500,"sd","14:20:25",10940900
13200,50,2500,"sd","14:20:14",10940400
13200,50,4000,"sd","14:20:14",10937900
13200,50,600,"sd","14:20:14",10933900
13200,50,200,"sd","14:20:14",10933300
13200,50,300,"sd","14:20:14",10933100
13200,50,5000,"sd","14:20:14",10932800
13200,50,1000,"sd","14:20:14",10927800
13200,50,1400,"sd","14:20:14",10926800
13250,100,200,"bu","14:20:10",10925400
13250,100,4400,"bu","14:20:09",10925200
13200,50,500,"sd","14:20:04",10920800
13250,100,3000,"bu","14:19:45",10920300
13250,100,1000,"bu","14:19:40",10917300
13250,100,3300,"bu","14:19:37",10916300
13250,100,200,"bu","14:19:32",10913000
13250,100,5000,"bu","14:19:31",10912800
13250,100,2000,"bu","14:19:19",10907800
13250,100,7500,"bu","14:19:06",10905800
13250,100,7600,"bu","14:19:03",10898300
13250,100,100,"bu","14:18:56",10890700
13250,100,4000,"bu","14:18:54",10890600
13250,100,1000,"sd","14:18:53",10886600
13250,100,1100,"sd","14:18:53",10885600
13250,100,1000,"sd","14:18:53",10884500
13250,100,200,"sd","14:18:53",10883500
13250,100,600,"sd","14:18:53",10883300
13250,100,100,"sd","14:18:50",10882700
13250,100,100,"sd","14:18:48",10882600
13250,100,100,"bu","14:18:39",10882500
13250,100,900,"bu","14:18:39",10882400
13250,100,3200,"bu","14:18:39",10881500
13250,100,16800,"bu","14:18:36",10878300
13250,100,5000,"bu","14:18:36",10861500
13250,100,5000,"bu","14:18:36",10856500
13250,100,1000,"bu","14:18:36",10851500
13250,100,200,"bu","14:18:36",10850500
13250,100,2000,"bu","14:18:36",10850300
13250,100,1000,"bu","14:18:34",10848300
13250,100,100,"bu","14:18:26",10847300
13250,100,800,"bu","14:18:26",10847200
13250,100,100,"bu","14:18:26",10846400
13250,100,1900,"bu","14:18:25",10846300
13250,100,500,"bu","14:18:24",10844400
13250,100,1000,"bu","14:18:22",10843900
13250,100,1000,"bu","14:18:20",10842900
13250,100,200,"bu","14:18:19",10841900
13250,100,300,"bu","14:18:19",10841700
13250,100,200,"bu","14:18:19",10841400
13250,100,1000,"bu","14:18:19",10841200
13250,100,100,"bu","14:18:19",10840200
13250,100,3400,"bu","14:18:19",10840100
13250,100,1600,"bu","14:18:18",10836700
13250,100,300,"bu","14:18:18",10835100
13250,100,100,"bu","14:18:18",10834800
13250,100,700,"bu","14:18:17",10834700
13250,100,500,"bu","14:18:17",10834000
13250,100,2000,"bu","14:18:17",10833500
13250,100,300,"bu","14:18:17",10831500
13250,100,1500,"bu","14:18:17",10831200
13250,100,100,"bu","14:18:15",10829700
13250,100,4300,"bu","14:18:08",10829600
13250,100,2000,"bu","14:18:08",10825300
13250,100,3700,"bu","14:18:08",10823300
13250,100,700,"bu","14:18:07",10819600
13200,50,100,"sd","14:18:07",10818900
13250,100,400,"bu","14:18:01",10818800
13250,100,15200,"bu","14:18:00",10818400
13250,100,2000,"bu","14:18:00",10803200
13250,100,100,"bu","14:18:00",10801200
13250,100,2700,"bu","14:18:00",10801100
13250,100,1000,"bu","14:17:49",10798400
13250,100,1000,"bu","14:17:47",10797400
13250,100,200,"bu","14:17:18",10796400
13250,100,1000,"bu","14:17:18",10796200
13250,100,5000,"bu","14:17:10",10795200
13200,50,400,"sd","14:17:07",10790200
13200,50,1700,"sd","14:17:06",10789800
13200,50,900,"sd","14:17:01",10788100
13200,50,4000,"sd","14:17:01",10787200
13200,50,900,"sd","14:17:01",10783200
13200,50,1000,"sd","14:17:01",10782300
13200,50,1000,"sd","14:17:01",10781300
13200,50,3700,"sd","14:17:00",10780300
13250,100,4100,"bu","14:16:54",10776600
13250,100,900,"bu","14:16:54",10772500
13200,50,1300,"sd","14:16:52",10771600
13200,50,700,"sd","14:16:52",10770300
13200,50,5000,"sd","14:16:52",10769600
13200,50,10000,"sd","14:16:45",10764600
13200,50,900,"sd","14:16:42",10754600
13200,50,200,"sd","14:16:34",10753700
13200,50,500,"sd","14:16:23",10753500
13200,50,500,"sd","14:16:21",10753000
13200,50,1500,"sd","14:16:20",10752500
13250,100,800,"bu","14:16:17",10751000
13250,100,1800,"bu","14:16:17",10750200
13200,50,700,"sd","14:16:16",10748400
13200,50,400,"sd","14:16:16",10747700
13200,50,400,"sd","14:16:11",10747300
13200,50,200,"sd","14:16:01",10746900
13200,50,2000,"sd","14:16:01",10746700
13200,50,500,"sd","14:16:01",10744700
13200,50,1000,"sd","14:16:01",10744200
13200,50,6300,"sd","14:16:01",10743200
13200,50,2300,"sd","14:15:56",10736900
13200,50,400,"sd","14:15:49",10734600
13200,50,500,"sd","14:15:48",10734200
13200,50,500,"sd","14:15:46",10733700
13200,50,500,"sd","14:15:46",10733200
13200,50,1000,"bu","14:15:37",10732700
13200,50,1000,"bu","14:15:37",10731700
13200,50,5600,"bu","14:15:37",10730700
13200,50,100,"bu","14:15:37",10725100
13200,50,800,"bu","14:15:37",10725000
13200,50,1000,"bu","14:15:37",10724200
13200,50,4400,"bu","14:15:36",10723200
13200,50,1000,"bu","14:15:36",10718800
13200,50,1000,"bu","14:15:36",10717800
13200,50,100,"bu","14:15:36",10716800
13200,50,8000,"bu","14:15:36",10716700
13200,50,400,"bu","14:15:36",10708700
13200,50,2000,"bu","14:15:29",10708300
13200,50,500,"bu","14:15:27",10706300
13200,50,1000,"bu","14:15:26",10705800
13200,50,1000,"bu","14:15:26",10704800
13150,0,4000,"sd","14:15:25",10703800
13200,50,1000,"bu","14:15:22",10699800
13200,50,1000,"bu","14:15:21",10698800
13150,0,600,"sd","14:15:20",10697800
13150,0,2400,"sd","14:15:20",10697200
13200,50,4100,"bu","14:15:16",10694800
13200,50,1000,"bu","14:15:16",10690700
13200,50,100,"bu","14:15:16",10689700
13200,50,1800,"bu","14:15:16",10689600
13200,50,200,"bu","14:15:09",10687800
13200,50,500,"bu","14:15:04",10687600
13200,50,100,"bu","14:14:57",10687100
13150,0,2600,"sd","14:14:51",10687000
13150,0,2100,"sd","14:14:51",10684400
13150,0,5300,"sd","14:14:51",10682300
13200,50,400,"bu","14:14:47",10677000
13200,50,200,"bu","14:14:47",10676600
13200,50,900,"bu","14:14:47",10676400
13200,50,1000,"bu","14:14:43",10675500
13150,0,1100,"sd","14:14:43",10674500
13200,50,800,"bu","14:14:40",10673400
13150,0,100,"sd","14:14:38",10672600
13150,0,3500,"sd","14:14:38",10672500
13150,0,500,"sd","14:14:38",10669000
13150,0,200,"sd","14:14:38",10668500
13150,0,100,"sd","14:14:38",10668300
13150,0,500,"sd","14:14:38",10668200
13150,0,200,"sd","14:14:38",10667700
13200,50,1000,"bu","14:14:37",10667500
13200,50,100,"bu","14:14:33",10666500
13200,50,1200,"bu","14:14:31",10666400
13200,50,800,"bu","14:14:31",10665200
13200,50,100,"sd","14:14:27",10664400
13200,50,2500,"sd","14:14:27",10664300
13200,50,1000,"sd","14:14:27",10661800
13200,50,300,"sd","14:14:27",10660800
13200,50,3000,"sd","14:14:27",10660500
13200,50,1500,"sd","14:14:27",10657500
13200,50,300,"sd","14:14:27",10656000
13200,50,100,"sd","14:14:27",10655700
13200,50,1000,"sd","14:14:27",10655600
13200,50,100,"sd","14:14:27",10654600
13200,50,300,"sd","14:14:27",10654500
13200,50,300,"sd","14:14:27",10654200
13200,50,200,"sd","14:14:27",10653900
13200,50,100,"sd","14:14:27",10653700
13200,50,200,"sd","14:14:27",10653600
13200,50,500,"sd","14:14:27",10653400
13200,50,1000,"sd","14:14:27",10652900
13200,50,100,"sd","14:14:27",10651900
13200,50,9900,"sd","14:14:27",10651800
13200,50,200,"sd","14:14:27",10641900
13200,50,100,"sd","14:14:27",10641700
13200,50,5000,"sd","14:14:27",10641600
13200,50,500,"sd","14:14:27",10636600
13200,50,3000,"sd","14:14:27",10636100
13200,50,100,"sd","14:14:27",10633100
13200,50,1000,"sd","14:14:27",10633000
13200,50,900,"sd","14:14:27",10632000
13200,50,1600,"sd","14:14:27",10631100
13200,50,200,"sd","14:14:27",10629500
13200,50,500,"sd","14:14:27",10629300
13200,50,1000,"sd","14:14:27",10628800
13200,50,300,"sd","14:14:27",10627800
13200,50,20000,"sd","14:14:27",10627500
13200,50,1000,"sd","14:14:27",10607500
13200,50,200,"sd","14:14:27",10606500
13200,50,1500,"sd","14:14:27",10606300
13200,50,100,"sd","14:14:27",10604800
13200,50,1300,"sd","14:14:27",10604700
13200,50,2000,"sd","14:14:27",10603400
13200,50,1000,"sd","14:14:27",10601400
13200,50,1000,"sd","14:14:27",10600400
13200,50,100,"sd","14:14:27",10599400
13200,50,100,"sd","14:14:27",10599300
13200,50,200,"sd","14:14:27",10599200
13200,50,5000,"sd","14:14:27",10599000
13200,50,5000,"sd","14:14:27",10594000
13200,50,2000,"sd","14:14:27",10589000
13200,50,5000,"sd","14:14:27",10587000
13200,50,2000,"sd","14:14:27",10582000
13200,50,500,"sd","14:14:27",10580000
13200,50,10000,"sd","14:14:27",10579500
13200,50,300,"sd","14:14:27",10569500
13200,50,4000,"sd","14:14:27",10569200
13200,50,16000,"sd","14:14:18",10565200
13200,50,3500,"sd","14:14:18",10549200
13200,50,500,"sd","14:14:18",10545700
13200,50,500,"sd","14:14:17",10545200
13200,50,1000,"sd","14:14:17",10544700
13200,50,100,"sd","14:14:17",10543700
13200,50,1500,"sd","14:14:17",10543600
13200,50,300,"sd","14:14:17",10542100
13200,50,1600,"sd","14:14:17",10541800
13250,100,1000,"bu","14:14:07",10540200
13250,100,1000,"bu","14:13:57",10539200
13250,100,3000,"bu","14:13:53",10538200
13250,100,800,"bu","14:13:30",10535200
13250,100,3000,"bu","14:13:29",10534400
13200,50,3400,"sd","14:13:29",10531400
13200,50,500,"sd","14:13:29",10528000
13200,50,1000,"sd","14:13:29",10527500
13200,50,500,"sd","14:13:29",10526500
13200,50,300,"sd","14:13:29",10526000
13200,50,3000,"sd","14:13:29",10525700
13200,50,3000,"sd","14:13:29",10522700
13200,50,100,"sd","14:13:29",10519700
13200,50,2000,"sd","14:13:29",10519600
13200,50,2000,"sd","14:13:29",10517600
13200,50,5000,"sd","14:13:29",10515600
13200,50,3000,"sd","14:13:29",10510600
13200,50,200,"sd","14:13:29",10507600
13200,50,200,"sd","14:13:29",10507400
13200,50,4200,"sd","14:13:29",10507200
13200,50,1000,"sd","14:13:29",10503000
13200,50,100,"sd","14:13:29",10502000
13200,50,5000,"sd","14:13:29",10501900
13200,50,100,"sd","14:13:29",10496900
13200,50,700,"sd","14:13:29",10496800
13200,50,200,"sd","14:13:29",10496100
13200,50,100,"sd","14:13:29",10495900
13200,50,500,"sd","14:13:29",10495800
13200,50,1000,"sd","14:13:29",10495300
13200,50,20000,"sd","14:13:29",10494300
13200,50,1000,"sd","14:13:29",10474300
13200,50,200,"sd","14:13:29",10473300
13200,50,100,"sd","14:13:29",10473100
13200,50,200,"sd","14:13:29",10473000
13200,50,3000,"sd","14:13:29",10472800
13200,50,300,"sd","14:13:29",10469800
13200,50,100,"sd","14:13:29",10469500
13200,50,1000,"sd","14:13:29",10469400
13200,50,200,"sd","14:13:29",10468400
13200,50,5100,"sd","14:13:29",10468200
13200,50,10000,"sd","14:13:29",10463100
13200,50,20000,"sd","14:13:29",10453100
13200,50,2000,"sd","14:13:29",10433100
13200,50,100,"sd","14:13:29",10431100
13200,50,3000,"sd","14:13:29",10431000
13200,50,500,"sd","14:13:29",10428000
13200,50,100,"sd","14:13:29",10427500
13200,50,1000,"sd","14:13:29",10427400
13200,50,200,"sd","14:13:29",10426400
13200,50,100,"sd","14:13:29",10426200
13200,50,4000,"sd","14:13:29",10426100
13200,50,100,"sd","14:13:29",10422100
13200,50,1600,"sd","14:13:29",10422000
13200,50,2000,"sd","14:13:29",10420400
13200,50,700,"sd","14:13:29",10418400
13200,50,500,"sd","14:13:29",10417700
13200,50,2000,"sd","14:13:29",10417200
13200,50,20000,"sd","14:13:29",10415200
13200,50,1000,"sd","14:13:29",10395200
13200,50,100,"sd","14:13:29",10394200
13200,50,100,"sd","14:13:29",10394100
13200,50,5000,"sd","14:13:29",10394000
13200,50,2000,"sd","14:13:29",10389000
13200,50,1000,"sd","14:13:29",10387000
13200,50,2000,"sd","14:13:29",10386000
13200,50,100,"sd","14:13:29",10384000
13200,50,50000,"sd","14:13:29",10383900
13200,50,200,"sd","14:13:29",10333900
13200,50,200,"sd","14:13:29",10333700
13200,50,2100,"sd","14:13:29",10333500
13250,100,5000,"bu","14:13:26",10331400
13200,50,500,"sd","14:13:22",10326400
13250,100,400,"bu","14:13:21",10325900
13200,50,400,"sd","14:13:19",10325500
13200,50,500,"sd","14:13:19",10325100
13200,50,1000,"sd","14:13:19",10324600
13200,50,2000,"sd","14:13:18",10323600
13200,50,5000,"sd","14:13:18",10321600
13200,50,300,"sd","14:13:18",10316600
13200,50,6200,"sd","14:13:18",10316300
13250,100,100,"bu","14:13:16",10310100
13250,100,1000,"sd","14:13:14",10310000
13250,100,2500,"sd","14:13:14",10309000
13250,100,300,"sd","14:13:14",10306500
13250,100,2000,"sd","14:13:14",10306200
13250,100,300,"sd","14:13:14",10304200
13250,100,100,"sd","14:13:14",10303900
13250,100,2000,"sd","14:13:14",10303800
13250,100,500,"sd","14:13:14",10301800
13250,100,10000,"sd","14:13:14",10301300
13250,100,500,"sd","14:13:14",10291300
13250,100,3700,"sd","14:13:14",10290800
13250,100,100,"sd","14:13:10",10287100
13250,100,200,"sd","14:13:07",10287000
13250,100,1000,"sd","14:13:05",10286800
13250,100,500,"sd","14:13:05",10285800
13250,100,2300,"sd","14:13:05",10285300
13250,100,200,"sd","14:13:05",10283000
13250,100,200,"sd","14:13:05",10282800
13250,100,100,"sd","14:13:05",10282600
13250,100,200,"sd","14:13:05",10282500
13250,100,1000,"sd","14:13:05",10282300
13250,100,1000,"sd","14:13:05",10281300
13250,100,300,"sd","14:13:05",10280300
13250,100,500,"sd","14:13:05",10280000
13250,100,9700,"sd","14:13:05",10279500
13250,100,10000,"sd","14:13:01",10269800
13250,100,300,"sd","14:12:56",10259800
13250,100,1700,"sd","14:12:56",10259500
13250,100,1500,"sd","14:12:56",10257800
13250,100,1000,"sd","14:12:56",10256300
13250,100,1000,"sd","14:12:56",10255300
13250,100,2500,"sd","14:12:56",10254300
13300,150,2000,"bu","14:12:48",10251800
13250,100,2500,"sd","14:12:39",10249800
13250,100,600,"sd","14:12:39",10247300
13250,100,2400,"sd","14:12:31",10246700
13250,100,200,"sd","14:12:31",10244300
13250,100,9700,"sd","14:12:31",10244100
13250,100,1000,"sd","14:12:31",10234400
13250,100,1700,"sd","14:12:31",10233400
13250,100,7000,"sd","14:12:28",10231700
13250,100,300,"sd","14:12:28",10224700
13250,100,1900,"sd","14:12:23",10224400
13250,100,4000,"sd","14:12:20",10222500
13250,100,200,"sd","14:12:01",10218500
13250,100,100,"sd","14:11:53",10218300
13250,100,2800,"sd","14:11:42",10218200
13250,100,2200,"sd","14:11:42",10215400
13250,100,700,"sd","14:11:22",10213200
13250,100,200,"sd","14:11:20",10212500
13250,100,400,"sd","14:10:58",10212300
13250,100,10000,"sd","14:10:57",10211900
13250,100,6500,"bu","14:10:46",10201900
13250,100,2000,"bu","14:10:40",10195400
13250,100,5000,"bu","14:10:36",10193400
13250,100,1000,"sd","14:10:29",10188400
13250,100,200,"sd","14:10:29",10187400
13250,100,1000,"sd","14:10:29",10187200
13250,100,5000,"sd","14:10:29",10186200
13250,100,100,"sd","14:10:29",10181200
13250,100,400,"sd","14:10:29",10181100
13250,100,100,"sd","14:10:29",10180700
13250,100,1000,"sd","14:10:29",10180600
13250,100,4200,"sd","14:10:29",10179600
13250,100,500,"sd","14:10:29",10175400
13250,100,500,"sd","14:10:29",10174900
13250,100,1000,"sd","14:10:29",10174400
13250,100,1000,"sd","14:10:29",10173400
13250,100,100,"sd","14:10:29",10172400
13250,100,1000,"sd","14:10:29",10172300
13250,100,1500,"sd","14:10:29",10171300
13250,100,100,"sd","14:10:29",10169800
13250,100,100,"sd","14:10:29",10169700
13250,100,3000,"sd","14:10:29",10169600
13250,100,100,"sd","14:10:29",10166600
13250,100,300,"sd","14:10:29",10166500
13250,100,100,"sd","14:10:29",10166200
13250,100,1000,"sd","14:10:29",10166100
13250,100,10000,"sd","14:10:29",10165100
13250,100,3000,"sd","14:10:29",10155100
13250,100,500,"sd","14:10:29",10152100
13250,100,2500,"sd","14:10:29",10151600
13250,100,200,"sd","14:10:29",10149100
13250,100,200,"sd","14:10:29",10148900
13250,100,200,"sd","14:10:29",10148700
13250,100,3000,"sd","14:10:29",10148500
13250,100,100,"sd","14:10:29",10145500
13250,100,15000,"sd","14:10:29",10145400
13250,100,1000,"sd","14:10:29",10130400
13250,100,300,"sd","14:10:29",10129400
13250,100,1000,"sd","14:10:29",10129100
13250,100,300,"sd","14:10:29",10128100
13250,100,600,"sd","14:10:29",10127800
13250,100,200,"sd","14:10:29",10127200
13250,100,500,"sd","14:10:29",10127000
13250,100,500,"sd","14:10:29",10126500
13250,100,300,"sd","14:10:29",10126000
13250,100,20000,"sd","14:10:29",10125700
13250,100,200,"sd","14:10:29",10105700
13250,100,2000,"sd","14:10:29",10105500
13250,100,600,"sd","14:10:29",10103500
13300,150,1500,"bu","14:10:14",10102900
13250,100,2400,"sd","14:10:01",10101400
13250,100,200,"sd","14:10:01",10099000
13250,100,10000,"sd","14:10:01",10098800
13250,100,100,"sd","14:10:01",10088800
13250,100,2500,"sd","14:10:01",10088700
13250,100,5000,"sd","14:10:01",10086200
13250,100,500,"sd","14:10:01",10081200
13250,100,1500,"sd","14:10:01",10080700
13250,100,2800,"sd","14:10:01",10079200
13300,150,1000,"bu","14:09:47",10076400
13300,150,1000,"bu","14:09:44",10075400
13300,150,5000,"bu","14:09:39",10074400
13300,150,300,"bu","14:09:35",10069400
13300,150,300,"bu","14:09:09",10069100
13300,150,100,"sd","14:09:09",10068800
13300,150,500,"sd","14:09:09",10068700
13300,150,300,"sd","14:09:09",10068200
13300,150,300,"sd","14:09:08",10067900
13300,150,2700,"sd","14:09:08",10067600
13300,150,12000,"sd","14:09:08",10064900
13300,150,5000,"sd","14:09:08",10052900
13300,150,500,"sd","14:09:08",10047900
13300,150,500,"sd","14:09:08",10047400
13300,150,1500,"sd","14:09:08",10046900
13300,150,1000,"sd","14:09:08",10045400
13300,150,5000,"sd","14:09:08",10044400
13300,150,1800,"sd","14:09:08",10039400
13300,150,300,"sd","14:09:08",10037600
13300,150,4900,"sd","14:09:08",10037300
13300,150,100,"sd","14:09:08",10032400
13300,150,5000,"sd","14:09:08",10032300
13300,150,100,"sd","14:09:08",10027300
13300,150,200,"sd","14:09:08",10027200
13300,150,300,"sd","14:09:08",10027000
13300,150,3000,"sd","14:09:08",10026700
13300,150,1000,"sd","14:09:08",10023700
13300,150,2900,"sd","14:09:08",10022700
13300,150,29300,"sd","14:09:08",10019800
13300,150,300,"sd","14:09:08",9990500
13300,150,400,"sd","14:09:08",9990200
13300,150,300,"sd","14:09:08",9989800
13300,150,100,"sd","14:09:08",9989500
13300,150,500,"sd","14:09:08",9989400
13300,150,400,"sd","14:09:08",9988900
13300,150,100,"sd","14:09:08",9988500
13300,150,3900,"sd","14:09:08",9988400
13300,150,100,"sd","14:09:08",9984500
13300,150,900,"sd","14:09:08",9984400
13300,150,5100,"sd","14:09:08",9983500
13350,200,500,"bu","14:09:01",9978400
13300,150,300,"sd","14:08:57",9977900
13300,150,100,"sd","14:08:57",9977600
13300,150,100,"sd","14:08:57",9977500
13300,150,5000,"sd","14:08:57",9977400
13300,150,500,"sd","14:08:57",9972400
13300,150,600,"sd","14:08:57",9971900
13300,150,2000,"sd","14:08:57",9971300
13300,150,200,"sd","14:08:57",9969300
13300,150,100,"sd","14:08:57",9969100
13300,150,100,"sd","14:08:57",9969000
13300,150,10000,"sd","14:08:57",9968900
13300,150,10000,"sd","14:08:57",9958900
13300,150,11000,"sd","14:08:57",9948900
13300,150,500,"sd","14:08:57",9937900
13300,150,1000,"sd","14:08:57",9937400
13300,150,1400,"sd","14:08:57",9936400
13300,150,300,"sd","14:08:57",9935000
13300,150,100,"sd","14:08:57",9934700
13300,150,100,"sd","14:08:57",9934600
13300,150,200,"sd","14:08:57",9934500
13300,150,3000,"sd","14:08:57",9934300
13300,150,200,"sd","14:08:57",9931300
13300,150,10000,"sd","14:08:57",9931100
13300,150,300,"sd","14:08:57",9921100
13300,150,1000,"sd","14:08:57",9920800
13300,150,800,"sd","14:08:57",9919800
13300,150,200,"sd","14:08:57",9919000
13300,150,10000,"sd","14:08:57",9918800
13300,150,200,"sd","14:08:57",9908800
13300,150,500,"sd","14:08:57",9908600
13300,150,400,"sd","14:08:57",9908100
13300,150,900,"sd","14:08:57",9907700
13300,150,500,"sd","14:08:57",9906800
13300,150,200,"sd","14:08:57",9906300
13300,150,300,"sd","14:08:57",9906100
13300,150,27900,"sd","14:08:57",9905800
13300,150,100,"sd","14:08:55",9877900
13300,150,2000,"sd","14:08:54",9877800
13300,150,2000,"sd","14:08:54",9875800
13300,150,500,"sd","14:08:54",9873800
13300,150,500,"sd","14:08:54",9873300
13300,150,100,"sd","14:08:54",9872800
13300,150,900,"sd","14:08:35",9872700
13300,150,1000,"sd","14:08:35",9871800
13300,150,1000,"sd","14:08:35",9870800
13300,150,10000,"sd","14:08:35",9869800
13300,150,500,"sd","14:08:35",9859800
13300,150,1500,"sd","14:08:35",9859300
13300,150,100,"sd","14:08:35",9857800
13300,150,300,"sd","14:08:35",9857700
13300,150,5000,"sd","14:08:35",9857400
13300,150,1200,"sd","14:08:35",9852400
13300,150,100,"sd","14:08:35",9851200
13300,150,100,"sd","14:08:35",9851100
13300,150,100,"sd","14:08:35",9851000
13300,150,5000,"sd","14:08:35",9850900
13300,150,400,"sd","14:08:35",9845900
13300,150,1500,"sd","14:08:35",9845500
13300,150,100,"sd","14:08:35",9844000
13300,150,500,"sd","14:08:35",9843900
13300,150,600,"sd","14:08:35",9843400
13300,150,100,"sd","14:08:35",9842800
13300,150,200,"sd","14:08:35",9842700
13300,150,400,"sd","14:08:35",9842500
13300,150,100,"sd","14:08:35",9842100
13300,150,200,"sd","14:08:35",9842000
13300,150,100,"sd","14:08:35",9841800
13350,200,500,"bu","14:08:30",9841700
13300,150,2000,"sd","14:08:17",9841200
13300,150,200,"sd","14:08:17",9839200
13300,150,800,"sd","14:08:17",9839000
13300,150,2000,"sd","14:08:12",9838200
13300,150,200,"sd","14:07:54",9836200
13300,150,2800,"sd","14:07:54",9836000
13350,200,2000,"bu","14:07:44",9833200
13350,200,500,"bu","14:07:44",9831200
13350,200,2000,"bu","14:07:17",9830700
13350,200,400,"bu","14:07:09",9828700
13350,200,1000,"bu","14:07:09",9828300
13350,200,300,"bu","14:07:07",9827300
13350,200,500,"bu","14:07:07",9827000
13350,200,1000,"bu","14:06:55",9826500
13350,200,9000,"bu","14:06:55",9825500
13350,200,100,"bu","14:06:51",9816500
13350,200,900,"bu","14:06:48",9816400
13350,200,2100,"bu","14:06:48",9815500
13350,200,1000,"sd","14:06:03",9813400
13350,200,10000,"sd","14:06:03",9812400
13350,200,2000,"sd","14:06:03",9802400
13350,200,2300,"sd","14:06:03",9800400
13350,200,2700,"sd","14:05:58",9798100
13350,200,1000,"sd","14:05:58",9795400
13350,200,500,"sd","14:05:58",9794400
13350,200,400,"sd","14:05:58",9793900
13350,200,200,"sd","14:05:58",9793500
13350,200,100,"sd","14:05:58",9793300
13350,200,100,"sd","14:05:58",9793200
13350,200,400,"sd","14:05:47",9793100
13350,200,4900,"sd","14:05:47",9792700
13350,200,4700,"sd","14:05:47",9787800
13350,200,2300,"sd","14:05:27",9783100
13350,200,3000,"sd","14:05:19",9780800
13350,200,100,"sd","14:05:18",9777800
13350,200,5000,"sd","14:05:11",9777700
13350,200,500,"bu","14:05:01",9772700
13350,200,1000,"bu","14:05:01",9772200
13350,200,1500,"bu","14:05:01",9771200
13350,200,500,"bu","14:05:01",9769700
13350,200,700,"bu","14:05:01",9769200
13350,200,3700,"bu","14:05:01",9768500
13350,200,500,"bu","14:04:25",9764800
13300,150,10000,"sd","14:04:20",9764300
13350,200,1000,"sd","14:04:18",9754300
13350,200,500,"sd","14:04:18",9753300
13350,200,300,"sd","14:04:18",9752800
13350,200,700,"sd","14:04:18",9752500
13350,200,10000,"sd","14:04:18",9751800
13350,200,100,"sd","14:04:18",9741800
13350,200,600,"sd","14:04:18",9741700
13350,200,2600,"sd","14:04:18",9741100
13350,200,5000,"sd","14:04:12",9738500
13350,200,500,"sd","14:04:04",9733500
13350,200,4700,"sd","14:03:47",9733000
13350,200,300,"sd","14:03:47",9728300
13400,250,1200,"bu","14:03:44",9728000
13350,200,300,"bu","14:03:44",9726800
13350,200,1000,"bu","14:03:32",9726500
13350,200,300,"sd","14:03:25",9725500
13350,200,100,"sd","14:03:25",9725200
13350,200,1300,"sd","14:03:25",9725100
13350,200,1000,"sd","14:03:25",9723800
13350,200,700,"sd","14:03:21",9722800
13350,200,5000,"sd","14:03:08",9722100
13350,200,300,"bu","14:03:01",9717100
13350,200,600,"bu","14:03:01",9716800
13350,200,500,"bu","14:02:56",9716200
13350,200,2000,"bu","14:02:49",9715700
13350,200,100,"sd","14:02:48",9713700
13350,200,1000,"sd","14:02:48",9713600
13350,200,800,"sd","14:02:48",9712600
13350,200,100,"sd","14:02:36",9711800
13350,200,400,"sd","14:02:36",9711700
13350,200,500,"sd","14:02:36",9711300
13350,200,500,"sd","14:02:29",9710800
13350,200,300,"bu","14:02:25",9710300
13350,200,700,"bu","14:02:25",9710000
13350,200,300,"bu","14:02:14",9709300
13350,200,100,"bu","14:02:14",9709000
13300,150,100,"sd","14:02:13",9708900
13350,200,100,"bu","14:02:08",9708800
13350,200,1500,"bu","14:02:08",9708700
13350,200,1500,"bu","14:02:05",9707200
13350,200,100,"bu","14:01:47",9705700
13350,200,100,"bu","14:01:45",9705600
13350,200,1000,"bu","14:01:42",9705500
13350,200,500,"bu","14:01:31",9704500
13350,200,5000,"bu","14:01:28",9704000
13350,200,300,"sd","14:01:27",9699000
13350,200,2000,"bu","14:01:25",9698700
13350,200,500,"bu","14:01:25",9696700
13350,200,1200,"bu","14:01:25",9696200
13350,200,300,"bu","14:01:20",9695000
13350,200,500,"bu","14:01:04",9694700
13350,200,3000,"sd","14:01:04",9694200
13350,200,100,"sd","14:01:04",9691200
13350,200,1900,"sd","14:01:04",9691100
13350,200,100,"sd","14:01:00",9689200
13300,150,100,"sd","14:00:53",9689100
13350,200,100,"sd","14:00:20",9689000
13350,200,100,"bu","14:00:12",9688900
13350,200,1400,"bu","14:00:07",9688800
13350,200,500,"bu","14:00:03",9687400
13350,200,8000,"bu","14:00:03",9686900
13350,200,200,"bu","14:00:03",9678900
13350,200,1200,"bu","14:00:03",9678700
13350,200,100,"bu","13:59:50",9677500
13350,200,100,"bu","13:59:49",9677400
13350,200,600,"bu","13:59:44",9677300
13350,200,500,"bu","13:59:44",9676700
13350,200,100,"bu","13:59:44",9676200
13350,200,2000,"bu","13:59:44",9676100
13350,200,1000,"bu","13:59:44",9674100
13350,200,200,"bu","13:59:44",9673100
13350,200,100,"bu","13:59:39",9672900
13350,200,100,"bu","13:59:39",9672800
13350,200,2000,"bu","13:59:39",9672700
13350,200,800,"bu","13:59:39",9670700
13350,200,2000,"bu","13:59:39",9669900
13300,150,1000,"sd","13:59:36",9667900
13350,200,500,"bu","13:59:26",9666900
13350,200,100,"bu","13:59:26",9666400
13350,200,200,"bu","13:59:26",9666300
13350,200,3200,"bu","13:59:26",9666100
13300,150,1000,"sd","13:59:24",9662900
13300,150,800,"sd","13:59:24",9661900
13350,200,200,"bu","13:59:23",9661100
13300,150,1200,"sd","13:59:13",9660900
13300,150,1800,"sd","13:59:13",9659700
13350,200,100,"bu","13:58:55",9657900
13350,200,300,"bu","13:58:55",9657800
13350,200,6200,"bu","13:58:46",9657500
13350,200,9000,"bu","13:58:46",9651300
13350,200,1000,"bu","13:58:46",9642300
13350,200,1000,"bu","13:58:46",9641300
13350,200,2000,"bu","13:58:46",9640300
13350,200,500,"bu","13:58:46",9638300
13350,200,300,"bu","13:58:46",9637800
13350,200,4700,"bu","13:58:28",9637500
13350,200,5300,"bu","13:58:28",9632800
13350,200,3700,"bu","13:58:20",9627500
13350,200,10000,"bu","13:58:20",9623800
13350,200,200,"bu","13:58:20",9613800
13350,200,1000,"bu","13:58:20",9613600
13350,200,17200,"bu","13:58:20",9612600
13350,200,1000,"bu","13:58:20",9595400
13350,200,100,"bu","13:58:20",9594400
13350,200,700,"bu","13:58:20",9594300
13350,200,500,"bu","13:58:20",9593600
13350,200,1000,"bu","13:58:20",9593100
13350,200,10000,"bu","13:58:20",9592100
13350,200,600,"bu","13:58:20",9582100
13350,200,1000,"bu","13:58:20",9581500
13350,200,1800,"bu","13:58:20",9580500
13350,200,1200,"bu","13:58:20",9578700
13300,150,18200,"sd","13:58:15",9577500
13300,150,2000,"sd","13:58:15",9559300
13300,150,4000,"sd","13:58:15",9557300
13300,150,200,"sd","13:58:15",9553300
13300,150,3000,"sd","13:58:15",9553100
13300,150,600,"sd","13:58:15",9550100
13300,150,100,"sd","13:58:15",9549500
13300,150,1900,"sd","13:58:15",9549400
13350,200,400,"bu","13:58:08",9547500
13350,200,500,"bu","13:58:08",9547100
13350,200,200,"bu","13:58:08",9546600
13350,200,2000,"bu","13:58:08",9546400
13350,200,8000,"bu","13:58:02",9544400
13350,200,3000,"bu","13:58:02",9536400
13350,200,3000,"bu","13:58:02",9533400
13350,200,1000,"bu","13:58:02",9530400
13300,150,300,"sd","13:57:52",9529400
13350,200,1000,"bu","13:57:52",9529100
13300,150,2800,"sd","13:57:34",9528100
13300,150,500,"sd","13:57:34",9525300
13300,150,5000,"sd","13:57:34",9524800
13300,150,1000,"sd","13:57:34",9519800
13300,150,500,"sd","13:57:34",9518800
13300,150,200,"sd","13:57:34",9518300
13300,150,2000,"sd","13:57:17",9518100
13300,150,4300,"sd","13:57:06",9516100
13350,200,500,"bu","13:56:57",9511800
13350,200,500,"bu","13:56:36",9511300
13350,200,100,"bu","13:56:36",9510800
13350,200,1800,"bu","13:56:36",9510700
13350,200,500,"bu","13:56:35",9508900
13300,150,700,"sd","13:56:33",9508400
13350,200,300,"bu","13:56:17",9507700
13350,200,100,"bu","13:56:07",9507400
13350,200,3000,"bu","13:56:06",9507300
13300,150,200,"sd","13:55:56",9504300
13300,150,800,"sd","13:55:55",9504100
13300,150,500,"sd","13:55:35",9503300
13350,200,2000,"bu","13:55:33",9502800
13350,200,20000,"bu","13:55:24",9500800
13300,150,700,"sd","13:55:23",9480800
13300,150,100,"sd","13:55:05",9480100
13350,200,400,"bu","13:54:44",9480000
13350,200,1500,"bu","13:54:32",9479600
13300,150,500,"sd","13:54:03",9478100
13300,150,4500,"sd","13:54:03",9477600
13300,150,500,"sd","13:53:55",9473100
13300,150,100,"sd","13:53:50",9472600
13300,150,100,"sd","13:53:17",9472500
13350,200,300,"bu","13:53:11",9472400
13350,200,100,"bu","13:53:10",9472100
13300,150,100,"sd","13:53:10",9472000
13350,200,400,"bu","13:52:59",9471900
13350,200,1000,"bu","13:52:47",9471500
13350,200,1000,"bu","13:52:29",9470500
13350,200,3000,"bu","13:52:25",9469500
13350,200,400,"bu","13:51:38",9466500
13300,150,24700,"sd","13:51:36",9466100
13300,150,100,"sd","13:51:36",9441400
13300,150,3000,"sd","13:51:36",9441300
13300,150,500,"sd","13:51:36",9438300
13300,150,1700,"sd","13:51:36",9437800
13350,200,7600,"bu","13:51:31",9436100
13350,200,20000,"bu","13:51:26",9428500
13350,200,500,"bu","13:51:07",9408500
13350,200,300,"bu","13:50:58",9408000
13350,200,600,"sd","13:50:49",9407700
13350,200,300,"sd","13:50:49",9407100
13350,200,500,"sd","13:50:49",9406800
13350,200,15000,"sd","13:50:49",9406300
13350,200,10000,"sd","13:50:49",9391300
13350,200,300,"sd","13:50:49",9381300
13350,200,500,"sd","13:50:49",9381000
13350,200,8600,"sd","13:50:49",9380500
13350,200,400,"sd","13:50:45",9371900
13350,200,100,"sd","13:50:45",9371500
13400,250,100,"bu","13:50:28",9371400
13350,200,2000,"sd","13:50:26",9371300
13350,200,3500,"sd","13:50:24",9369300
13350,200,400,"sd","13:50:24",9365800
13350,200,1100,"sd","13:50:24",9365400
13350,200,1800,"sd","13:50:21",9364300
13350,200,100,"sd","13:50:11",9362500
13350,200,1000,"sd","13:50:11",9362400
13350,200,500,"sd","13:50:11",9361400
13350,200,100,"sd","13:50:06",9360900
13350,200,200,"sd","13:49:55",9360800
13350,200,1300,"sd","13:49:55",9360600
13350,200,4000,"sd","13:49:50",9359300
13400,250,100,"bu","13:49:37",9355300
13350,200,400,"sd","13:49:35",9355200
13350,200,200,"bu","13:49:27",9354800
13350,200,4100,"bu","13:49:27",9354600
13350,200,2400,"bu","13:49:21",9350500
13350,200,1000,"bu","13:49:14",9348100
13350,200,2000,"bu","13:49:10",9347100
13350,200,500,"bu","13:49:01",9345100
13300,150,1900,"sd","13:48:51",9344600
13350,200,2000,"sd","13:48:51",9342700
13350,200,100,"sd","13:48:51",9340700
13350,200,200,"sd","13:48:49",9340600
13350,200,2000,"sd","13:48:44",9340400
13350,200,3000,"sd","13:48:40",9338400
13400,250,400,"bu","13:48:34",9335400
13400,250,300,"bu","13:48:34",9335000
13400,250,800,"bu","13:48:34",9334700
13350,200,1500,"sd","13:48:33",9333900
13350,200,1000,"sd","13:48:32",9332400
13400,250,300,"bu","13:48:31",9331400
13400,250,900,"bu","13:48:27",9331100
13400,250,2100,"bu","13:48:27",9330200
13350,200,5000,"sd","13:48:20",9328100
13350,200,400,"sd","13:48:17",9323100
13350,200,100,"sd","13:48:17",9322700
13350,200,3000,"sd","13:48:13",9322600
13350,200,11000,"sd","13:48:09",9319600
13350,200,1000,"sd","13:48:05",9308600
13350,200,1500,"bu","13:48:02",9307600
13350,200,1500,"bu","13:48:02",9306100
13350,200,1000,"bu","13:48:02",9304600
13350,200,400,"bu","13:48:02",9303600
13350,200,4300,"bu","13:48:02",9303200
13350,200,5700,"bu","13:47:59",9298900
13350,200,100,"bu","13:47:59",9293200
13350,200,20000,"bu","13:47:59",9293100
13350,200,500,"bu","13:47:59",9273100
13350,200,700,"bu","13:47:59",9272600
13350,200,40000,"bu","13:47:59",9271900
13350,200,1000,"bu","13:47:59",9231900
13350,200,5000,"bu","13:47:59",9230900
13350,200,1000,"bu","13:47:59",9225900
13350,200,4700,"bu","13:47:59",9224900
13350,200,21300,"bu","13:47:59",9220200
13350,200,20000,"bu","13:47:47",9198900
13350,200,500,"bu","13:47:35",9178900
13350,200,1000,"bu","13:47:19",9178400
13300,150,1400,"sd","13:47:01",9177400
13300,150,600,"sd","13:47:01",9176000
13350,200,300,"bu","13:46:55",9175400
13300,150,400,"sd","13:46:49",9175100
13300,150,300,"sd","13:46:49",9174700
13300,150,4300,"sd","13:46:48",9174400
13350,200,1000,"bu","13:46:46",9170100
13300,150,100,"sd","13:46:45",9169100
13350,200,100,"bu","13:46:41",9169000
13350,200,500,"bu","13:46:33",9168900
13350,200,5000,"sd","13:46:11",9168400
13350,200,500,"sd","13:46:11",9163400
13350,200,1000,"sd","13:46:11",9162900
13350,200,300,"sd","13:46:11",9161900
13350,200,5000,"sd","13:46:11",9161600
13350,200,5000,"sd","13:46:11",9156600
13350,200,100,"sd","13:46:11",9151600
13350,200,300,"sd","13:46:11",9151500
13350,200,2500,"sd","13:46:11",9151200
13350,200,35000,"sd","13:46:11",9148700
13350,200,600,"sd","13:46:11",9113700
13400,250,400,"bu","13:45:25",9113100
13350,200,1000,"sd","13:45:24",9112700
13400,250,2000,"bu","13:45:23",9111700
13400,250,500,"bu","13:45:22",9109700
13400,250,500,"bu","13:45:22",9109200
13400,250,1000,"bu","13:45:10",9108700
13400,250,500,"bu","13:45:10",9107700
13400,250,1000,"bu","13:45:10",9107200
13400,250,100,"bu","13:45:10",9106200
13400,250,100,"bu","13:45:10",9106100
13400,250,500,"bu","13:45:10",9106000
13400,250,100,"bu","13:45:10",9105500
13400,250,2000,"bu","13:45:10",9105400
13400,250,100,"bu","13:45:10",9103400
13400,250,700,"bu","13:45:10",9103300
13400,250,500,"bu","13:45:10",9102600
13400,250,3500,"bu","13:45:10",9102100
13400,250,100,"bu","13:45:10",9098600
13400,250,2000,"bu","13:45:10",9098500
13400,250,800,"bu","13:45:10",9096500
13400,250,200,"bu","13:45:10",9095700
13400,250,2400,"bu","13:45:10",9095500
13400,250,100,"bu","13:45:10",9093100
13400,250,300,"bu","13:45:10",9093000
13400,250,200,"bu","13:45:10",9092700
13400,250,3000,"bu","13:45:10",9092500
13400,250,1000,"bu","13:45:10",9089500
13400,250,9800,"bu","13:45:10",9088500
13400,250,10200,"bu","13:44:51",9078700
13400,250,1000,"bu","13:44:51",9068500
13400,250,2100,"bu","13:44:51",9067500
13400,250,500,"bu","13:44:51",9065400
13400,250,300,"bu","13:44:35",9064900
13400,250,100,"bu","13:44:07",9064600
13400,250,500,"bu","13:44:07",9064500
13400,250,100,"bu","13:44:07",9064000
13400,250,200,"bu","13:44:07",9063900
13400,250,200,"bu","13:44:07",9063700
13350,200,100,"sd","13:43:47",9063500
13350,200,100,"sd","13:43:47",9063400
13350,200,1000,"sd","13:43:43",9063300
13350,200,200,"bu","13:43:38",9062300
13350,200,800,"sd","13:43:36",9062100
13350,200,200,"bu","13:43:35",9061300
13350,200,400,"bu","13:43:35",9061100
13350,200,1000,"bu","13:43:25",9060700
13350,200,500,"sd","13:43:20",9059700
13350,200,20000,"sd","13:43:20",9059200
13350,200,2000,"sd","13:43:20",9039200
13350,200,5000,"sd","13:43:20",9037200
13350,200,38000,"sd","13:43:20",9032200
13350,200,1000,"sd","13:43:20",8994200
13350,200,400,"sd","13:43:19",8993200
13350,200,6700,"sd","13:43:19",8992800
13350,200,5000,"sd","13:43:16",8986100
13350,200,1300,"sd","13:42:51",8981100
13350,200,3500,"sd","13:42:51",8979800
13350,200,400,"sd","13:42:51",8976300
13350,200,100,"sd","13:42:51",8975900
13350,200,1500,"sd","13:42:51",8975800
13350,200,100,"sd","13:42:51",8974300
13350,200,100,"sd","13:42:51",8974200
13350,200,1000,"sd","13:42:51",8974100
13350,200,300,"sd","13:42:49",8973100
13350,200,3000,"sd","13:42:32",8972800
13400,250,100,"bu","13:42:32",8969800
13350,200,100,"sd","13:42:25",8969700
13350,200,200,"sd","13:42:14",8969600
13350,200,5400,"sd","13:41:59",8969400
13350,200,10000,"sd","13:41:59",8964000
13350,200,15000,"sd","13:41:59",8954000
13350,200,1000,"sd","13:41:59",8939000
13350,200,2000,"sd","13:41:59",8938000
13350,200,1000,"sd","13:41:59",8936000
13350,200,700,"sd","13:41:59",8935000
13350,200,100,"sd","13:41:59",8934300
13350,200,4800,"sd","13:41:58",8934200
13350,200,5000,"sd","13:41:54",8929400
13400,250,800,"bu","13:41:50",8924400
13400,250,500,"bu","13:41:50",8923600
13400,250,100,"bu","13:41:50",8923100
13400,250,100,"bu","13:41:50",8923000
13350,200,200,"sd","13:41:47",8922900
13350,200,1000,"sd","13:41:47",8922700
13350,200,1800,"sd","13:41:47",8921700
13350,200,200,"sd","13:41:38",8919900
13350,200,1000,"sd","13:41:34",8919700
13400,250,900,"bu","13:41:28",8918700
13400,250,500,"bu","13:41:28",8917800
13400,250,20000,"bu","13:41:28",8917300
13400,250,2000,"bu","13:41:28",8897300
13400,250,10000,"bu","13:41:28",8895300
13400,250,1000,"bu","13:41:28",8885300
13400,250,1000,"bu","13:41:28",8884300
13400,250,200,"bu","13:41:28",8883300
13400,250,100,"bu","13:41:28",8883100
13400,250,1000,"bu","13:41:28",8883000
13400,250,2000,"bu","13:41:28",8882000
13400,250,200,"bu","13:41:28",8880000
13400,250,1000,"bu","13:41:28",8879800
13400,250,100,"bu","13:41:28",8878800
13400,250,500,"bu","13:41:28",8878700
13400,250,2000,"bu","13:41:28",8878200
13400,250,100,"bu","13:41:28",8876200
13400,250,1000,"bu","13:41:28",8876100
13400,250,2000,"bu","13:41:28",8875100
13400,250,700,"bu","13:41:28",8873100
13400,250,500,"bu","13:41:28",8872400
13400,250,3200,"bu","13:41:28",8871900
13350,200,1500,"sd","13:41:26",8868700
13350,200,500,"sd","13:41:21",8867200
13350,200,300,"sd","13:41:21",8866700
13350,200,200,"sd","13:41:21",8866400
13350,200,100,"sd","13:41:17",8866200
13350,200,400,"sd","13:41:14",8866100
13350,200,1500,"sd","13:41:12",8865700
13350,200,600,"sd","13:41:08",8864200
13350,200,500,"sd","13:40:52",8863600
13350,200,700,"sd","13:40:47",8863100
13350,200,200,"sd","13:40:47",8862400
13350,200,1000,"sd","13:40:47",8862200
13350,200,2700,"sd","13:40:47",8861200
13350,200,600,"sd","13:40:27",8858500
13350,200,4000,"sd","13:40:23",8857900
13350,200,500,"sd","13:40:16",8853900
13350,200,100,"sd","13:40:01",8853400
13350,200,1000,"sd","13:39:59",8853300
13350,200,200,"sd","13:39:57",8852300
13350,200,1000,"bu","13:39:48",8852100
13350,200,100,"bu","13:39:48",8851100
13350,200,2000,"bu","13:39:48",8851000
13350,200,7700,"bu","13:39:48",8849000
13350,200,500,"bu","13:39:48",8841300
13300,150,300,"sd","13:39:44",8840800
13350,200,1800,"bu","13:39:29",8840500
13350,200,200,"bu","13:39:29",8838700
13350,200,500,"bu","13:39:26",8838500
13350,200,1400,"bu","13:39:25",8838000
13350,200,200,"bu","13:39:19",8836600
13350,200,1800,"bu","13:39:15",8836400
13350,200,400,"bu","13:39:13",8834600
13350,200,5000,"bu","13:39:08",8834200
13350,200,100,"bu","13:39:00",8829200
13350,200,2000,"bu","13:38:50",8829100
13350,200,2000,"bu","13:38:35",8827100
13350,200,1500,"bu","13:38:30",8825100
13350,200,3400,"bu","13:38:28",8823600
13350,200,600,"bu","13:38:28",8820200
13350,200,600,"bu","13:38:24",8819600
13350,200,1500,"bu","13:38:22",8819000
13350,200,200,"bu","13:38:19",8817500
13350,200,3100,"sd","13:38:15",8817300
13350,200,900,"bu","13:38:13",8814200
13350,200,100,"sd","13:38:12",8813300
13350,200,9900,"bu","13:38:07",8813200
13350,200,300,"bu","13:38:04",8803300
13350,200,400,"sd","13:37:56",8803000
13350,200,300,"sd","13:37:56",8802600
13350,200,4100,"sd","13:37:56",8802300
13350,200,1000,"sd","13:37:53",8798200
13350,200,1000,"sd","13:37:53",8797200
13350,200,400,"sd","13:37:50",8796200
13350,200,100,"sd","13:37:50",8795800
13350,200,100,"sd","13:37:50",8795700
13350,200,300,"sd","13:37:33",8795600
13350,200,2000,"sd","13:37:33",8795300
13350,200,3000,"sd","13:37:25",8793300
13350,200,7000,"sd","13:37:25",8790300
13350,200,1000,"sd","13:37:22",8783300
13350,200,100,"sd","13:37:16",8782300
13350,200,1900,"bu","13:37:13",8782200
13350,200,300,"sd","13:37:12",8780300
13350,200,1000,"sd","13:37:12",8780000
13350,200,800,"sd","13:37:12",8779000
13350,200,200,"sd","13:37:03",8778200
13350,200,300,"sd","13:37:03",8778000
13350,200,100,"sd","13:36:58",8777700
13350,200,900,"sd","13:36:58",8777600
13350,200,100,"bu","13:36:44",8776700
13350,200,400,"bu","13:36:42",8776600
13350,200,1000,"bu","13:36:42",8776200
13350,200,500,"bu","13:36:42",8775200
13350,200,1000,"bu","13:36:42",8774700
13350,200,100,"bu","13:36:42",8773700
13350,200,3000,"bu","13:36:42",8773600
13350,200,500,"bu","13:36:42",8770600
13350,200,2000,"bu","13:36:42",8770100
13350,200,200,"bu","13:36:42",8768100
13350,200,100,"bu","13:36:42",8767900
13350,200,1200,"bu","13:36:42",8767800
13350,200,900,"bu","13:36:39",8766600
13350,200,200,"bu","13:36:36",8765700
13350,200,5000,"bu","13:36:31",8765500
13350,200,1100,"bu","13:36:15",8760500
13350,200,300,"bu","13:36:06",8759400
13350,200,1000,"bu","13:36:06",8759100
13350,200,100,"bu","13:36:05",8758100
13350,200,500,"bu","13:35:58",8758000
13350,200,2700,"sd","13:35:36",8757500
13350,200,200,"sd","13:35:35",8754800
13350,200,100,"sd","13:35:29",8754600
13350,200,600,"sd","13:35:27",8754500
13350,200,16400,"bu","13:35:23",8753900
13350,200,500,"bu","13:35:23",8737500
13350,200,100,"sd","13:35:22",8737000
13350,200,13000,"sd","13:35:22",8736900
13350,200,100,"sd","13:35:18",8723900
13350,200,1000,"sd","13:35:17",8723800
13350,200,7400,"sd","13:35:14",8722800
13350,200,2000,"sd","13:35:14",8715400
13350,200,500,"sd","13:35:14",8713400
13350,200,100,"sd","13:35:14",8712900
13350,200,300,"sd","13:35:11",8712800
13350,200,500,"sd","13:35:11",8712500
13350,200,300,"sd","13:35:11",8712000
13350,200,800,"sd","13:35:11",8711700
13350,200,100,"sd","13:35:11",8710900
13350,200,100,"sd","13:35:11",8710800
13350,200,900,"sd","13:35:11",8710700
13350,200,100,"sd","13:35:08",8709800
13350,200,100,"sd","13:35:08",8709700
13350,200,1000,"sd","13:35:06",8709600
13350,200,700,"sd","13:35:05",8708600
13350,200,1000,"sd","13:35:05",8707900
13350,200,1200,"sd","13:34:59",8706900
13350,200,3800,"sd","13:34:59",8705700
13350,200,4000,"sd","13:34:56",8701900
13350,200,5000,"sd","13:34:52",8697900
13350,200,1000,"sd","13:34:48",8692900
13350,200,2000,"sd","13:34:48",8691900
13350,200,700,"sd","13:34:28",8689900
13350,200,200,"sd","13:34:20",8689200
13350,200,13300,"sd","13:34:06",8689000
13350,200,300,"sd","13:34:06",8675700
13350,200,300,"sd","13:34:06",8675400
13350,200,15100,"sd","13:34:06",8675100
13350,200,2000,"sd","13:34:04",8660000
13350,200,600,"sd","13:34:00",8658000
13350,200,400,"sd","13:33:55",8657400
13350,200,500,"sd","13:33:47",8657000
13350,200,1000,"sd","13:33:45",8656500
13350,200,400,"sd","13:33:25",8655500
13350,200,100,"sd","13:33:25",8655100
13350,200,700,"sd","13:33:15",8655000
13350,200,4300,"sd","13:33:08",8654300
13350,200,5000,"sd","13:33:08",8650000
13350,200,400,"sd","13:33:08",8645000
13350,200,300,"sd","13:33:08",8644600
13350,200,200,"sd","13:32:56",8644300
13400,250,1800,"bu","13:32:51",8644100
13400,250,600,"bu","13:32:51",8642300
13400,250,200,"bu","13:32:51",8641700
13400,250,100,"bu","13:32:51",8641500
13400,250,2000,"bu","13:32:51",8641400
13400,250,300,"bu","13:32:51",8639400
13400,250,700,"bu","13:32:46",8639100
13400,250,5000,"bu","13:32:46",8638400
13400,250,200,"bu","13:32:46",8633400
13400,250,2200,"bu","13:32:46",8633200
13350,200,500,"bu","13:32:46",8631000
13350,200,900,"bu","13:32:46",8630500
13350,200,100,"bu","13:32:46",8629600
13350,200,900,"bu","13:32:45",8629500
13350,200,4100,"bu","13:32:45",8628600
13350,200,800,"bu","13:32:44",8624500
13350,200,100,"bu","13:32:41",8623700
13350,200,100,"bu","13:32:41",8623600
13350,200,1500,"bu","13:32:41",8623500
13350,200,100,"bu","13:32:41",8622000
13350,200,100,"bu","13:32:41",8621900
13350,200,500,"bu","13:32:41",8621800
13350,200,600,"bu","13:32:41",8621300
13350,200,200,"bu","13:32:35",8620700
13350,200,4200,"bu","13:32:33",8620500
13350,200,1000,"bu","13:32:33",8616300
13350,200,2000,"bu","13:32:31",8615300
13350,200,1000,"bu","13:32:31",8613300
13350,200,5000,"bu","13:32:15",8612300
13300,150,100,"sd","13:32:08",8607300
13350,200,2000,"bu","13:32:03",8607200
13350,200,6000,"bu","13:31:56",8605200
13350,200,5000,"bu","13:31:41",8599200
13350,200,1000,"bu","13:31:40",8594200
13350,200,4000,"bu","13:31:40",8593200
13350,200,100,"bu","13:31:32",8589200
13350,200,400,"bu","13:31:27",8589100
13350,200,2500,"bu","13:31:23",8588700
13350,200,3000,"bu","13:31:19",8586200
13350,200,1000,"bu","13:31:19",8583200
13350,200,400,"bu","13:31:19",8582200
13350,200,700,"bu","13:31:19",8581800
13350,200,2600,"bu","13:31:19",8581100
13350,200,500,"bu","13:31:11",8578500
13350,200,1000,"bu","13:31:04",8578000
13350,200,10000,"bu","13:30:54",8577000
13350,200,4500,"bu","13:30:52",8567000
13350,200,5000,"bu","13:30:41",8562500
13300,150,100,"sd","13:30:35",8557500
13350,200,100,"bu","13:30:26",8557400
13350,200,1000,"bu","13:30:22",8557300
13350,200,500,"bu","13:30:15",8556300
13350,200,2000,"bu","13:30:11",8555800
13350,200,3000,"bu","13:30:05",8553800
13350,200,1000,"bu","13:30:03",8550800
13350,200,3300,"bu","13:30:01",8549800
13350,200,400,"sd","13:30:00",8546500
13350,200,1000,"sd","13:30:00",8546100
13350,200,3800,"sd","13:30:00",8545100
13350,200,1000,"sd","13:30:00",8541300
13350,200,1200,"sd","13:29:55",8540300
13350,200,1600,"sd","13:29:55",8539100
13350,200,1000,"sd","13:29:50",8537500
13350,200,400,"sd","13:29:44",8536500
13350,200,400,"sd","13:29:39",8536100
13350,200,1000,"sd","13:29:39",8535700
13350,200,200,"sd","13:29:39",8534700
13350,200,3000,"sd","13:29:39",8534500
13350,200,400,"sd","13:29:39",8531500
13350,200,1600,"sd","13:29:34",8531100
13350,200,400,"sd","13:29:34",8529500
13350,200,500,"sd","13:29:26",8529100
13350,200,1500,"sd","13:29:24",8528600
13350,200,600,"sd","13:29:12",8527100
13350,200,300,"sd","13:29:11",8526500
13350,200,100,"sd","13:29:11",8526200
13350,200,300,"sd","13:29:11",8526100
13350,200,500,"sd","13:29:11",8525800
13350,200,4200,"sd","13:29:11",8525300
13350,200,200,"sd","13:29:11",8521100
13350,200,500,"sd","13:29:05",8520900
13350,200,1300,"sd","13:28:56",8520400
13350,200,200,"sd","13:28:56",8519100
13350,200,7000,"sd","13:28:56",8518900
13350,200,1500,"sd","13:28:56",8511900
13350,200,500,"sd","13:28:37",8510400
13350,200,500,"sd","13:28:37",8509900
13350,200,2500,"sd","13:28:25",8509400
13350,200,500,"sd","13:28:25",8506900
13400,250,100,"bu","13:28:24",8506400
13350,200,100,"sd","13:28:13",8506300
13350,200,1000,"sd","13:27:50",8506200
13400,250,100,"bu","13:27:47",8505200
13350,200,400,"bu","13:27:36",8505100
13350,200,3000,"bu","13:27:36",8504700
13350,200,2000,"bu","13:27:36",8501700
13350,200,100,"bu","13:27:30",8499700
13350,200,400,"bu","13:27:22",8499600
13350,200,1000,"bu","13:27:22",8499200
13350,200,200,"bu","13:27:22",8498200
13350,200,100,"bu","13:27:22",8498000
13350,200,300,"bu","13:27:22",8497900
13350,200,500,"bu","13:27:21",8497600
13350,200,1200,"bu","13:27:15",8497100
13350,200,1300,"bu","13:27:15",8495900
13350,200,200,"bu","13:27:05",8494600
13350,200,1000,"bu","13:27:01",8494400
13350,200,2500,"bu","13:26:56",8493400
13350,200,2500,"bu","13:26:56",8490900
13350,200,400,"bu","13:26:48",8488400
13350,200,100,"bu","13:26:37",8488000
13350,200,9900,"bu","13:26:37",8487900
13350,200,100,"bu","13:26:27",8478000
13300,150,100,"sd","13:26:25",8477900
13350,200,700,"sd","13:26:09",8477800
13350,200,100,"bu","13:25:54",8477100
13350,200,300,"bu","13:25:54",8477000
13350,200,500,"bu","13:25:54",8476700
13350,200,1000,"bu","13:25:54",8476200
13350,200,1000,"bu","13:25:54",8475200
13350,200,1000,"bu","13:25:54",8474200
13350,200,400,"bu","13:25:54",8473200
13350,200,500,"bu","13:25:51",8472800
13350,200,200,"bu","13:25:34",8472300
13350,200,200,"bu","13:25:26",8472100
13350,200,2000,"bu","13:25:26",8471900
13350,200,300,"bu","13:25:17",8469900
13350,200,300,"bu","13:25:15",8469600
13350,200,1100,"bu","13:25:12",8469300
13350,200,4000,"bu","13:25:12",8468200
13350,200,5000,"bu","13:25:12",8464200
13350,200,500,"bu","13:25:12",8459200
13350,200,500,"bu","13:25:12",8458700
13350,200,100,"bu","13:25:12",8458200
13350,200,3800,"bu","13:25:12",8458100
13350,200,1200,"bu","13:24:26",8454300
13350,200,2000,"bu","13:24:26",8453100
13350,200,2000,"bu","13:24:26",8451100
13350,200,2000,"bu","13:24:26",8449100
13350,200,7100,"bu","13:24:26",8447100
13350,200,100,"bu","13:24:15",8440000
13350,200,400,"bu","13:23:42",8439900
13350,200,3000,"bu","13:23:33",8439500
13350,200,5000,"bu","13:23:23",8436500
13350,200,1500,"bu","13:23:16",8431500
13350,200,1000,"bu","13:23:07",8430000
13350,200,1900,"sd","13:23:06",8429000
13350,200,100,"sd","13:23:03",8427100
13350,200,1000,"sd","13:22:58",8427000
13350,200,500,"sd","13:22:54",8426000
13400,250,200,"bu","13:22:53",8425500
13350,200,3500,"sd","13:22:51",8425300
13350,200,500,"sd","13:22:51",8421800
13400,250,100,"bu","13:22:51",8421300
13350,200,300,"sd","13:22:39",8421200
13350,200,1200,"bu","13:22:39",8420900
13350,200,300,"sd","13:22:37",8419700
13350,200,500,"sd","13:22:33",8419400
13350,200,200,"bu","13:22:27",8418900
13350,200,1000,"bu","13:22:23",8418700
13350,200,100,"bu","13:22:10",8417700
13350,200,400,"bu","13:22:08",8417600
13350,200,2000,"sd","13:22:07",8417200
13350,200,1000,"sd","13:22:07",8415200
13350,200,3000,"sd","13:22:07",8414200
13350,200,1000,"sd","13:22:07",8411200
13350,200,1300,"sd","13:22:07",8410200
13350,200,100,"sd","13:22:05",8408900
13350,200,1400,"sd","13:22:04",8408800
13400,250,100,"bu","13:21:53",8407400
13350,200,1000,"unknown","13:21:47",8407300
13350,200,200,"bu","13:21:34",8406300
13350,200,1000,"bu","13:21:34",8406100
13350,200,10000,"bu","13:21:34",8405100
13350,200,13000,"bu","13:21:34",8395100
13350,200,100,"bu","13:21:34",8382100
13350,200,300,"bu","13:21:34",8382000
13350,200,100,"bu","13:21:34",8381700
13350,200,100,"bu","13:21:34",8381600
13350,200,5000,"bu","13:21:34",8381500
13350,200,200,"bu","13:21:34",8376500
13350,200,700,"bu","13:21:34",8376300
13350,200,4000,"bu","13:21:34",8375600
13350,200,600,"bu","13:21:34",8371600
13350,200,800,"bu","13:21:34",8371000
13350,200,900,"bu","13:21:34",8370200
13350,200,600,"bu","13:21:34",8369300
13350,200,1000,"bu","13:21:34",8368700
13350,200,1000,"bu","13:21:34",8367700
13350,200,100,"bu","13:21:34",8366700
13350,200,2000,"bu","13:21:34",8366600
13350,200,300,"bu","13:21:34",8364600
13350,200,5000,"bu","13:21:34",8364300
13350,200,3000,"bu","13:21:34",8359300
13350,200,1500,"bu","13:21:32",8356300
13350,200,2500,"bu","13:21:19",8354800
13350,200,1000,"bu","13:21:18",8352300
13350,200,2100,"bu","13:21:04",8351300
13350,200,1000,"bu","13:21:04",8349200
13350,200,1000,"bu","13:21:04",8348200
13350,200,100,"bu","13:21:04",8347200
13350,200,100,"bu","13:21:04",8347100
13350,200,700,"bu","13:21:04",8347000
13350,200,600,"bu","13:20:45",8346300
13350,200,2400,"bu","13:20:45",8345700
13350,200,100,"bu","13:20:44",8343300
13300,150,300,"sd","13:20:43",8343200
13300,150,1000,"sd","13:20:43",8342900
13350,200,1500,"bu","13:20:43",8341900
13300,150,300,"sd","13:20:36",8340400
13300,150,2000,"bu","13:20:32",8340100
13300,150,2600,"bu","13:20:31",8338100
13300,150,1000,"bu","13:20:30",8335500
13300,150,100,"bu","13:20:29",8334500
13300,150,900,"bu","13:20:29",8334400
13300,150,1100,"bu","13:20:23",8333500
13300,150,2000,"bu","13:20:23",8332400
13300,150,900,"bu","13:20:23",8330400
13300,150,1000,"bu","13:20:23",8329500
13300,150,3000,"bu","13:20:15",8328500
13300,150,1500,"bu","13:20:15",8325500
13300,150,500,"bu","13:20:15",8324000
13300,150,500,"bu","13:20:15",8323500
13250,100,16500,"sd","13:20:13",8323000
13250,100,8300,"sd","13:20:13",8306500
13250,100,500,"sd","13:20:13",8298200
13250,100,100,"sd","13:20:13",8297700
13250,100,5800,"sd","13:20:13",8297600
13250,100,1000,"sd","13:20:13",8291800
13250,100,500,"sd","13:20:13",8290800
13250,100,500,"sd","13:20:13",8290300
13250,100,10000,"sd","13:20:13",8289800
13250,100,400,"sd","13:20:13",8279800
13250,100,1000,"sd","13:20:13",8279400
13250,100,1000,"sd","13:20:13",8278400
13250,100,2000,"sd","13:20:13",8277400
13250,100,1000,"sd","13:20:13",8275400
13250,100,1400,"sd","13:20:13",8274400
13250,100,1000,"sd","13:19:58",8273000
13300,150,1000,"bu","13:19:52",8272000
13300,150,2000,"bu","13:19:47",8271000
13300,150,100,"bu","13:19:47",8269000
13300,150,500,"bu","13:19:47",8268900
13300,150,900,"bu","13:19:47",8268400
13300,150,800,"bu","13:19:47",8267500
13300,150,700,"bu","13:19:47",8266700
13250,100,2000,"sd","13:19:44",8266000
13250,100,22200,"sd","13:19:38",8264000
13250,100,2000,"sd","13:19:38",8241800
13250,100,500,"sd","13:19:38",8239800
13250,100,10000,"sd","13:19:38",8239300
13250,100,400,"sd","13:19:38",8229300
13250,100,400,"sd","13:19:38",8228900
13250,100,2000,"sd","13:19:38",8228500
13250,100,500,"sd","13:19:38",8226500
13300,150,300,"bu","13:19:35",8226000
13300,150,100,"bu","13:19:35",8225700
13300,150,100,"bu","13:19:35",8225600
13300,150,900,"bu","13:19:35",8225500
13300,150,200,"bu","13:19:35",8224600
13300,150,1000,"bu","13:19:35",8224400
13300,150,1000,"bu","13:19:35",8223400
13300,150,5000,"bu","13:19:35",8222400
13300,150,1400,"bu","13:19:35",8217400
13250,100,500,"sd","13:19:32",8216000
13250,100,200,"sd","13:19:32",8215500
13250,100,500,"sd","13:19:32",8215300
13250,100,300,"sd","13:19:32",8214800
13250,100,3600,"sd","13:19:32",8214500
13300,150,400,"bu","13:19:32",8210900
13300,150,1200,"bu","13:19:31",8210500
13300,150,500,"bu","13:19:31",8209300
13300,150,1000,"bu","13:19:31",8208800
13300,150,1000,"bu","13:19:31",8207800
13300,150,3000,"bu","13:19:31",8206800
13300,150,2000,"bu","13:19:31",8203800
13300,150,500,"bu","13:19:31",8201800
13300,150,1000,"bu","13:19:31",8201300
13300,150,100,"bu","13:19:31",8200300
13300,150,9700,"bu","13:19:31",8200200
13300,150,300,"bu","13:19:25",8190500
13300,150,1000,"bu","13:19:25",8190200
13300,150,100,"bu","13:19:25",8189200
13300,150,700,"bu","13:19:11",8189100
13300,150,400,"bu","13:19:03",8188400
13300,150,200,"bu","13:18:55",8188000
13300,150,1000,"bu","13:18:55",8187800
13300,150,1100,"bu","13:18:55",8186800
13250,100,3200,"sd","13:18:44",8185700
13250,100,5000,"sd","13:18:44",8182500
13250,100,3000,"sd","13:18:35",8177500
13300,150,500,"bu","13:18:22",8174500
13300,150,2400,"bu","13:18:11",8174000
13300,150,2600,"bu","13:18:11",8171600
13250,100,5000,"sd","13:17:57",8169000
13250,100,1000,"sd","13:17:42",8164000
13250,100,200,"sd","13:17:26",8163000
13250,100,700,"sd","13:17:15",8162800
13300,150,500,"bu","13:17:07",8162100
13300,150,3000,"bu","13:17:05",8161600
13300,150,1000,"bu","13:16:52",8158600
13250,100,10000,"sd","13:16:38",8157600
13250,100,2700,"sd","13:16:31",8147600
13250,100,100,"sd","13:16:02",8144900
13300,150,100,"bu","13:16:00",8144800
13250,100,500,"sd","13:15:59",8144700
13250,100,200,"sd","13:15:59",8144200
13250,100,100,"sd","13:15:59",8144000
13250,100,200,"sd","13:15:59",8143900
13250,100,300,"sd","13:15:59",8143700
13250,100,1500,"sd","13:15:59",8143400
13250,100,1000,"sd","13:15:59",8141900
13250,100,200,"sd","13:15:59",8140900
13250,100,9800,"sd","13:15:55",8140700
13250,100,5000,"sd","13:15:55",8130900
13250,100,500,"sd","13:15:55",8125900
13250,100,5000,"sd","13:15:55",8125400
13250,100,700,"sd","13:15:55",8120400
13250,100,200,"sd","13:15:55",8119700
13250,100,100,"sd","13:15:55",8119500
13250,100,8700,"sd","13:15:55",8119400
13250,100,100,"sd","13:15:46",8110700
13250,100,1000,"sd","13:15:43",8110600
13250,100,4000,"sd","13:15:28",8109600
13250,100,1800,"sd","13:15:28",8105600
13250,100,500,"sd","13:15:10",8103800
13250,100,3300,"sd","13:15:05",8103300
13250,100,600,"sd","13:14:36",8100000
13250,100,200,"sd","13:14:36",8099400
13250,100,100,"sd","13:14:36",8099200
13250,100,100,"sd","13:14:36",8099100
13300,150,1000,"bu","13:13:08",8099000
13300,150,1000,"bu","13:12:55",8098000
13250,100,100,"sd","13:12:54",8097000
13250,100,5000,"sd","13:12:54",8096900
13250,100,2000,"sd","13:12:54",8091900
13250,100,100,"sd","13:12:54",8089900
13250,100,5000,"sd","13:12:54",8089800
13250,100,200,"sd","13:12:54",8084800
13250,100,1000,"sd","13:12:54",8084600
13250,100,5000,"sd","13:12:54",8083600
13250,100,2500,"sd","13:12:54",8078600
13250,100,2000,"sd","13:12:54",8076100
13250,100,7100,"sd","13:12:54",8074100
13300,150,800,"bu","13:12:50",8067000
13300,150,200,"bu","13:12:50",8066200
13250,100,300,"sd","13:12:34",8066000
13300,150,800,"bu","13:12:29",8065700
13300,150,200,"bu","13:12:29",8064900
13300,150,200,"sd","13:12:25",8064700
13250,100,2800,"sd","13:12:20",8064500
13300,150,700,"sd","13:12:20",8061700
13300,150,100,"sd","13:12:13",8061000
13250,100,5000,"sd","13:11:43",8060900
13250,100,50000,"sd","13:11:20",8055900
13300,150,4000,"sd","13:11:20",8005900
13300,150,100,"sd","13:11:20",8001900
13300,150,500,"sd","13:11:20",8001800
13300,150,30000,"sd","13:11:20",8001300
13300,150,7300,"sd","13:11:20",7971300
13350,200,1600,"bu","13:10:52",7964000
13350,200,3400,"bu","13:10:52",7962400
13350,200,1600,"bu","13:10:45",7959000
13350,200,1000,"bu","13:10:45",7957400
13350,200,1500,"bu","13:10:45",7956400
13350,200,900,"bu","13:10:45",7954900
13350,200,20000,"bu","13:10:27",7954000
13300,150,2000,"sd","13:10:26",7934000
13300,150,3000,"sd","13:10:13",7932000
13300,150,3000,"sd","13:10:13",7929000
13300,150,7000,"sd","13:10:13",7926000
13300,150,1100,"sd","13:10:13",7919000
13300,150,5000,"sd","13:10:13",7917900
13300,150,6900,"sd","13:10:13",7912900
13300,150,1500,"sd","13:10:12",7906000
13300,150,500,"sd","13:10:00",7904500
13300,150,500,"sd","13:09:55",7904000
13300,150,600,"sd","13:09:29",7903500
13300,150,100,"sd","13:09:29",7902900
13300,150,2300,"sd","13:09:29",7902800
13300,150,100,"sd","13:09:22",7900500
13300,150,600,"sd","13:09:06",7900400
13300,150,2000,"sd","13:08:59",7899800
13300,150,2400,"sd","13:08:59",7897800
13300,150,3000,"sd","13:08:53",7895400
13300,150,500,"sd","13:08:51",7892400
13300,150,200,"sd","13:08:49",7891900
13300,150,3500,"sd","13:08:32",7891700
13300,150,100,"sd","13:08:29",7888200
13300,150,300,"sd","13:08:18",7888100
13300,150,200,"sd","13:08:18",7887800
13300,150,6400,"sd","13:08:12",7887600
13300,150,15000,"sd","13:08:10",7881200
13300,150,3000,"bu","13:08:03",7866200
13300,150,6000,"bu","13:08:03",7863200
13300,150,1000,"bu","13:08:03",7857200
13300,150,9100,"bu","13:08:03",7856200
13300,150,5000,"bu","13:08:02",7847100
13300,150,5000,"bu","13:07:58",7842100
13250,100,200,"sd","13:07:53",7837100
13300,150,700,"sd","13:07:53",7836900
13300,150,5500,"sd","13:07:53",7836200
13300,150,3000,"sd","13:07:53",7830700
13300,150,2500,"sd","13:07:53",7827700
13300,150,100,"sd","13:07:53",7825200
13300,150,2000,"sd","13:07:53",7825100
13300,150,10000,"sd","13:07:53",7823100
13300,150,100,"sd","13:07:53",7813100
13300,150,5000,"sd","13:07:53",7813000
13300,150,100,"sd","13:07:53",7808000
13300,150,1000,"sd","13:07:53",7807900
13300,150,29900,"sd","13:07:53",7806900
13300,150,100,"sd","13:07:52",7777000
13300,150,4000,"sd","13:07:49",7776900
13300,150,1500,"sd","13:07:46",7772900
13300,150,10000,"sd","13:07:43",7771400
13300,150,100,"sd","13:07:39",7761400
13300,150,800,"sd","13:07:37",7761300
13300,150,1000,"sd","13:07:35",7760500
13300,150,4000,"sd","13:07:31",7759500
13300,150,1300,"sd","13:07:31",7755500
13300,150,2600,"sd","13:07:31",7754200
13300,150,4000,"sd","13:07:31",7751600
13300,150,100,"sd","13:07:28",7747600
13300,150,5000,"sd","13:07:28",7747500
13300,150,100,"sd","13:07:25",7742500
13300,150,2100,"sd","13:07:24",7742400
13300,150,500,"sd","13:07:18",7740300
13350,200,2000,"bu","13:07:12",7739800
13350,200,1000,"bu","13:07:06",7737800
13350,200,2000,"sd","13:07:01",7736800
13350,200,100,"sd","13:07:01",7734800
13350,200,1300,"sd","13:07:01",7734700
13350,200,2700,"sd","13:07:01",7733400
13350,200,400,"sd","13:07:00",7730700
13350,200,2400,"sd","13:07:00",7730300
13350,200,200,"sd","13:07:00",7727900
13350,200,200,"sd","13:07:00",7727700
13350,200,1100,"sd","13:07:00",7727500
13350,200,500,"sd","13:07:00",7726400
13350,200,5600,"sd","13:07:00",7725900
13350,200,11500,"sd","13:06:59",7720300
13350,200,1000,"sd","13:06:55",7708800
13350,200,100,"sd","13:06:52",7707800
13350,200,1000,"sd","13:06:49",7707700
13350,200,1500,"sd","13:06:48",7706700
13350,200,500,"sd","13:06:45",7705200
13350,200,2500,"sd","13:06:43",7704700
13350,200,1200,"sd","13:06:43",7702200
13350,200,5000,"sd","13:06:42",7701000
13350,200,500,"sd","13:06:41",7696000
13350,200,500,"sd","13:06:41",7695500
13350,200,10000,"sd","13:06:39",7695000
13350,200,2000,"sd","13:06:38",7685000
13350,200,100,"sd","13:06:29",7683000
13350,200,10000,"sd","13:06:27",7682900
13350,200,9600,"sd","13:06:24",7672900
13350,200,200,"sd","13:06:17",7663300
13400,250,7200,"bu","13:06:17",7663100
13400,250,1000,"bu","13:06:17",7655900
13400,250,1000,"bu","13:06:17",7654900
13400,250,200,"bu","13:06:17",7653900
13400,250,11000,"bu","13:06:17",7653700
13400,250,100,"bu","13:06:17",7642700
13400,250,5000,"bu","13:06:17",7642600
13400,250,100,"bu","13:06:17",7637600
13400,250,900,"bu","13:06:17",7637500
13400,250,2000,"bu","13:06:17",7636600
13400,250,1500,"bu","13:06:17",7634600
13400,250,2000,"bu","13:06:14",7633100
13350,200,37200,"sd","13:06:13",7631100
13350,200,500,"sd","13:06:13",7593900
13350,200,1000,"sd","13:06:13",7593400
13350,200,7400,"sd","13:06:13",7592400
13400,250,100,"bu","13:06:08",7585000
13400,250,2400,"bu","13:06:06",7584900
13400,250,5000,"bu","13:06:06",7582500
13400,250,100,"bu","13:06:06",7577500
13400,250,100,"bu","13:06:06",7577400
13400,250,100,"bu","13:06:06",7577300
13400,250,200,"bu","13:06:06",7577200
13400,250,400,"bu","13:06:06",7577000
13400,250,1000,"bu","13:06:06",7576600
13400,250,300,"bu","13:06:06",7575600
13400,250,200,"bu","13:06:06",7575300
13400,250,200,"bu","13:06:06",7575100
13350,200,600,"sd","13:06:03",7574900
13350,200,200,"sd","13:06:01",7574300
13350,200,300,"sd","13:05:55",7574100
13400,250,300,"bu","13:05:51",7573800
13400,250,6000,"bu","13:05:51",7573500
13350,200,4000,"bu","13:05:45",7567500
13350,200,1500,"bu","13:05:45",7563500
13350,200,1000,"bu","13:05:45",7562000
13350,200,4000,"bu","13:05:45",7561000
13350,200,1000,"bu","13:05:45",7557000
13350,200,1000,"bu","13:05:35",7556000
13350,200,50000,"bu","13:05:35",7555000
13350,200,400,"bu","13:05:35",7505000
13350,200,700,"bu","13:05:35",7504600
13350,200,500,"bu","13:05:35",7503900
13350,200,100,"bu","13:05:35",7503400
13350,200,1000,"bu","13:05:35",7503300
13350,200,200,"bu","13:05:35",7502300
13350,200,500,"bu","13:05:35",7502100
13350,200,4000,"bu","13:05:35",7501600
13350,200,500,"bu","13:05:35",7497600
13350,200,2000,"bu","13:05:35",7497100
13350,200,100,"bu","13:05:35",7495100
13350,200,2000,"bu","13:05:35",7495000
13350,200,1000,"bu","13:05:35",7493000
13350,200,100,"bu","13:05:35",7492000
13350,200,5000,"bu","13:05:35",7491900
13350,200,500,"bu","13:05:35",7486900
13350,200,5000,"bu","13:05:35",7486400
13350,200,4800,"bu","13:05:35",7481400
13350,200,2400,"bu","13:05:35",7476600
13350,200,300,"bu","13:05:35",7474200
13350,200,2000,"bu","13:05:35",7473900
13350,200,500,"bu","13:05:35",7471900
13350,200,500,"bu","13:05:35",7471400
13350,200,500,"bu","13:05:35",7470900
13350,200,1600,"bu","13:05:35",7470400
13350,200,1000,"bu","13:05:35",7468800
13350,200,5000,"bu","13:05:35",7467800
13350,200,200,"bu","13:05:35",7462800
13350,200,1000,"bu","13:05:35",7462600
13350,200,5600,"bu","13:05:35",7461600
13300,150,1000,"sd","13:05:34",7456000
13350,200,4300,"bu","13:05:31",7455000
13300,150,1000,"sd","13:05:27",7450700
13350,200,100,"bu","13:05:24",7449700
13350,200,200,"bu","13:05:24",7449600
13350,200,200,"bu","13:05:24",7449400
13350,200,500,"bu","13:05:24",7449200
13300,150,100,"sd","13:05:24",7448700
13300,150,100,"sd","13:05:23",7448600
13300,150,2000,"sd","13:05:15",7448500
13300,150,2000,"sd","13:05:11",7446500
13350,200,1500,"bu","13:05:10",7444500
13300,150,100,"bu","13:05:10",7443000
13300,150,1100,"bu","13:05:10",7442900
13300,150,500,"bu","13:05:10",7441800
13300,150,200,"bu","13:05:10",7441300
13300,150,500,"bu","13:05:10",7441100
13300,150,500,"bu","13:05:10",7440600
13300,150,200,"bu","13:05:10",7440100
13300,150,500,"bu","13:05:10",7439900
13300,150,1100,"bu","13:05:10",7439400
13300,150,5500,"bu","13:05:05",7438300
13300,150,1700,"bu","13:05:03",7432800
13300,150,1700,"bu","13:04:55",7431100
13300,150,2000,"bu","13:04:55",7429400
13300,150,600,"bu","13:04:55",7427400
13300,150,500,"bu","13:04:55",7426800
13300,150,500,"bu","13:04:55",7426300
13300,150,500,"bu","13:04:55",7425800
13300,150,300,"bu","13:04:55",7425300
13300,150,2500,"bu","13:04:55",7425000
13300,150,3900,"bu","13:04:55",7422500
13300,150,1000,"bu","13:04:55",7418600
13300,150,100,"bu","13:04:55",7417600
13300,150,1000,"bu","13:04:55",7417500
13300,150,1000,"bu","13:04:55",7416500
13300,150,1000,"bu","13:04:55",7415500
13300,150,1000,"bu","13:04:55",7414500
13300,150,200,"bu","13:04:55",7413500
13300,150,500,"bu","13:04:55",7413300
13300,150,500,"bu","13:04:55",7412800
13300,150,200,"bu","13:04:55",7412300
13300,150,1000,"bu","13:04:55",7412100
13250,100,500,"sd","13:04:50",7411100
13250,100,100,"sd","13:04:37",7410600
13250,100,100,"sd","13:04:27",7410500
13250,100,1000,"bu","13:04:20",7410400
13250,100,500,"bu","13:04:20",7409400
13250,100,3500,"bu","13:04:20",7408900
13250,100,500,"bu","13:04:20",7405400
13250,100,1500,"bu","13:04:20",7404900
13250,100,2500,"bu","13:04:20",7403400
13250,100,500,"bu","13:04:20",7400900
13250,100,5000,"bu","13:04:20",7400400
13250,100,100,"bu","13:04:20",7395400
13250,100,3000,"bu","13:04:20",7395300
13250,100,3000,"bu","13:04:20",7392300
13250,100,500,"bu","13:04:20",7389300
13250,100,500,"bu","13:04:20",7388800
13250,100,400,"bu","13:04:20",7388300
13250,100,500,"bu","13:04:20",7387900
13250,100,100,"bu","13:04:20",7387400
13250,100,4800,"bu","13:04:20",7387300
13200,50,1000,"sd","13:04:15",7382500
13250,100,5500,"bu","13:04:15",7381500
13250,100,4000,"bu","13:04:14",7376000
13200,50,700,"sd","13:04:01",7372000
13200,50,5000,"sd","13:03:59",7371300
13200,50,1000,"sd","13:03:56",7366300
13200,50,200,"sd","13:03:55",7365300
13200,50,200,"sd","13:03:54",7365100
13200,50,3000,"sd","13:03:53",7364900
13200,50,3000,"sd","13:03:49",7361900
13200,50,500,"sd","13:03:37",7358900
13250,100,300,"bu","13:03:22",7358400
13200,50,100,"sd","13:03:14",7358100
13200,50,2000,"sd","13:03:07",7358000
13200,50,100,"sd","13:02:56",7356000
13250,100,5000,"bu","13:02:56",7355900
13250,100,200,"bu","13:02:54",7350900
13200,50,1500,"sd","13:02:47",7350700
13200,50,1400,"sd","13:02:45",7349200
13200,50,2000,"sd","13:02:34",7347800
13250,100,100,"bu","13:02:34",7345800
13200,50,32100,"sd","13:02:31",7345700
13200,50,200,"sd","13:02:31",7313600
13200,50,10000,"sd","13:02:31",7313400
13200,50,300,"sd","13:02:31",7303400
13200,50,100,"sd","13:02:31",7303100
13200,50,1800,"sd","13:02:31",7303000
13200,50,5500,"sd","13:02:31",7301200
13250,100,100,"bu","13:02:19",7295700
13250,100,3900,"bu","13:02:19",7295600
13250,100,500,"bu","13:02:19",7291700
13250,100,2000,"bu","13:02:19",7291200
13250,100,500,"bu","13:02:19",7289200
13200,50,200,"sd","13:02:18",7288700
13200,50,1000,"sd","13:02:15",7288500
13200,50,100,"sd","13:02:11",7287500
13200,50,200,"sd","13:02:01",7287400
13200,50,100,"sd","13:02:01",7287200
13200,50,1200,"sd","13:02:01",7287100
13200,50,800,"sd","13:01:56",7285900
13200,50,200,"sd","13:01:56",7285100
13200,50,800,"sd","13:01:49",7284900
13200,50,200,"sd","13:01:49",7284100
13200,50,5000,"sd","13:01:42",7283900
13250,100,800,"bu","13:01:40",7278900
13250,100,6800,"bu","13:01:40",7278100
13250,100,500,"bu","13:01:40",7271300
13250,100,2300,"bu","13:01:40",7270800
13250,100,7700,"bu","13:01:34",7268500
13250,100,2000,"bu","13:01:34",7260800
13250,100,20300,"bu","13:01:34",7258800
13250,100,1000,"bu","13:01:26",7238500
13250,100,700,"bu","13:01:24",7237500
13250,100,19300,"sd","13:01:19",7236800
13250,100,3900,"bu","13:01:14",7217500
13250,100,20000,"bu","13:01:14",7213600
13250,100,500,"bu","13:01:14",7193600
13250,100,300,"bu","13:01:14",7193100
13250,100,1000,"bu","13:01:14",7192800
13250,100,800,"bu","13:01:14",7191800
13250,100,400,"bu","13:01:14",7191000
13250,100,1500,"bu","13:01:14",7190600
13250,100,1500,"bu","13:01:14",7189100
13250,100,200,"bu","13:01:14",7187600
13250,100,600,"bu","13:01:14",7187400
13250,100,2400,"bu","13:01:08",7186800
13250,100,1000,"bu","13:01:08",7184400
13250,100,500,"bu","13:01:08",7183400
13250,100,200,"bu","13:01:08",7182900
13250,100,100,"bu","13:01:08",7182700
13250,100,2000,"bu","13:01:08",7182600
13250,100,500,"bu","13:01:08",7180600
13250,100,300,"bu","13:01:08",7180100
13250,100,4500,"bu","13:01:08",7179800
13250,100,800,"bu","13:01:08",7175300
13250,100,1000,"bu","13:01:08",7174500
13250,100,1000,"bu","13:01:08",7173500
13250,100,1000,"bu","13:01:08",7172500
13250,100,4700,"bu","13:01:08",7171500
13200,50,400,"sd","13:01:02",7166800
13200,50,2700,"sd","13:01:01",7166400
13200,50,100,"sd","13:00:55",7163700
13200,50,500,"sd","13:00:50",7163600
13200,50,200,"sd","13:00:49",7163100
13250,100,15300,"bu","13:00:40",7162900
13250,100,600,"bu","13:00:40",7147600
13250,100,1200,"bu","13:00:40",7147000
13250,100,200,"bu","13:00:40",7145800
13250,100,2900,"bu","13:00:40",7145600
13250,100,29800,"bu","13:00:40",7142700
13250,100,1800,"bu","13:00:35",7112900
13250,100,300,"bu","13:00:24",7111100
13200,50,100,"sd","13:00:14",7110800
13250,100,2000,"bu","13:00:02",7110700
13250,100,100,"bu","13:00:01",7108700
13250,100,400,"bu","13:00:01",7108600
13250,100,6000,"bu","13:00:01",7108200
13250,100,500,"unknown","13:00:01",7102200
13250,100,100,"unknown","13:00:01",7101700
13200,50,800,"sd","13:00:00",7101600
13200,50,500,"sd","13:00:00",7100800
13200,50,5000,"sd","13:00:00",7100300
13200,50,100,"sd","13:00:00",7095300
13200,50,500,"sd","13:00:00",7095200
13250,100,1000,"sd","13:00:00",7094700
13250,100,3600,"sd","13:00:00",7093700
13250,100,25400,"sd","13:00:00",7090100
13250,100,2000,"sd","13:00:00",7064700
13250,100,2500,"sd","13:00:00",7062700
13250,100,1000,"sd","11:29:53",7060200
13250,100,1000,"sd","11:29:40",7059200
13250,100,500,"sd","11:29:36",7058200
13250,100,200,"sd","11:29:33",7057700
13250,100,700,"sd","11:29:19",7057500
13250,100,3000,"bu","11:29:19",7056800
13250,100,1000,"bu","11:29:19",7053800
13250,100,3000,"bu","11:29:19",7052800
13250,100,1000,"sd","11:29:07",7049800
13250,100,600,"bu","11:29:00",7048800
13200,50,200,"sd","11:28:50",7048200
13200,50,900,"sd","11:28:42",7048000
13200,50,100,"sd","11:28:42",7047100
13200,50,400,"sd","11:28:32",7047000
13250,100,1300,"sd","11:28:17",7046600
13250,100,700,"sd","11:28:12",7045300
13250,100,300,"sd","11:28:12",7044600
13250,100,500,"sd","11:28:10",7044300
13250,100,1500,"sd","11:28:09",7043800
13250,100,1000,"sd","11:28:07",7042300
13250,100,1700,"sd","11:27:59",7041300
13250,100,100,"sd","11:27:59",7039600
13250,100,5000,"sd","11:27:59",7039500
13250,100,2000,"sd","11:27:59",7034500
13250,100,500,"sd","11:27:59",7032500
13250,100,300,"sd","11:27:59",7032000
13250,100,1000,"sd","11:27:59",7031700
13250,100,1000,"sd","11:27:59",7030700
13250,100,500,"sd","11:27:59",7029700
13250,100,1000,"sd","11:27:59",7029200
13250,100,5000,"sd","11:27:59",7028200
13250,100,400,"sd","11:27:59",7023200
13250,100,1000,"sd","11:27:59",7022800
13250,100,500,"sd","11:27:59",7021800
13250,100,200,"sd","11:27:50",7021300
13250,100,300,"sd","11:27:44",7021100
13250,100,200,"sd","11:27:44",7020800
13250,100,100,"sd","11:27:44",7020600
13250,100,4400,"sd","11:27:44",7020500
13250,100,1000,"sd","11:27:42",7016100
13250,100,1000,"sd","11:27:33",7015100
13250,100,2000,"sd","11:27:22",7014100
13250,100,100,"sd","11:27:20",7012100
13250,100,1500,"sd","11:26:14",7012000
13250,100,2000,"sd","11:26:01",7010500
13250,100,500,"sd","11:25:44",7008500
13250,100,1000,"sd","11:25:42",7008000
13250,100,3700,"sd","11:25:22",7007000
13250,100,1300,"sd","11:25:22",7003300
13250,100,5000,"sd","11:25:08",7002000
13250,100,1000,"sd","11:24:48",6997000
13250,100,700,"sd","11:24:41",6996000
13250,100,800,"sd","11:24:41",6995300
13300,150,200,"bu","11:24:25",6994500
13300,150,2000,"bu","11:24:25",6994300
13300,150,100,"bu","11:24:25",6992300
13300,150,500,"bu","11:24:25",6992200
13300,150,1000,"bu","11:24:25",6991700
13300,150,2000,"bu","11:24:25",6990700
13300,150,7300,"bu","11:24:25",6988700
13300,150,500,"bu","11:24:25",6981400
13300,150,400,"bu","11:24:25",6980900
13250,100,200,"bu","11:24:14",6980500
13300,150,100,"bu","11:24:00",6980300
13300,150,100,"bu","11:24:00",6980200
13300,150,1100,"bu","11:24:00",6980100
13300,150,1000,"bu","11:24:00",6979000
13300,150,1600,"bu","11:24:00",6978000
13300,150,200,"bu","11:24:00",6976400
13300,150,14000,"bu","11:24:00",6976200
13300,150,2900,"bu","11:24:00",6962200
13300,150,100,"bu","11:24:00",6959300
13300,150,500,"bu","11:24:00",6959200
13300,150,1000,"bu","11:24:00",6958700
13300,150,400,"bu","11:24:00",6957700
13300,150,20000,"bu","11:24:00",6957300
13300,150,1500,"bu","11:24:00",6937300
13300,150,5000,"bu","11:24:00",6935800
13300,150,19000,"bu","11:24:00",6930800
13300,150,1600,"bu","11:24:00",6911800
13300,150,1000,"bu","11:24:00",6910200
13300,150,1500,"bu","11:24:00",6909200
13300,150,5000,"bu","11:24:00",6907700
13300,150,100,"bu","11:24:00",6902700
13300,150,200,"bu","11:24:00",6902600
13300,150,100,"bu","11:24:00",6902400
13300,150,1000,"bu","11:24:00",6902300
13300,150,500,"bu","11:24:00",6901300
13300,150,500,"bu","11:24:00",6900800
13300,150,1100,"bu","11:24:00",6900300
13250,100,100,"bu","11:24:00",6899200
13250,100,17900,"bu","11:24:00",6899100
13250,100,2100,"bu","11:24:00",6881200
13250,100,1000,"bu","11:24:00",6879100
13250,100,1000,"bu","11:24:00",6878100
13250,100,500,"bu","11:24:00",6877100
13250,100,16300,"bu","11:24:00",6876600
13250,100,500,"bu","11:23:38",6860300
13250,100,300,"bu","11:23:37",6859800
13250,100,100,"bu","11:23:16",6859500
13250,100,9000,"sd","11:23:05",6859400
13250,100,1000,"sd","11:23:05",6850400
13250,100,100,"sd","11:23:05",6849400
13250,100,5000,"sd","11:23:05",6849300
13250,100,200,"sd","11:23:05",6844300
13250,100,300,"sd","11:23:05",6844100
13250,100,300,"sd","11:23:05",6843800
13250,100,7500,"sd","11:23:05",6843500
13250,100,17400,"sd","11:23:05",6836000
13250,100,400,"sd","11:23:05",6818600
13250,100,100,"sd","11:23:05",6818200
13250,100,1000,"sd","11:23:05",6818100
13250,100,300,"sd","11:23:05",6817100
13250,100,100,"sd","11:23:05",6816800
13250,100,500,"sd","11:23:05",6816700
13250,100,200,"sd","11:23:05",6816200
13250,100,2100,"sd","11:23:05",6816000
13250,100,100,"sd","11:23:05",6813900
13250,100,7000,"sd","11:23:05",6813800
13250,100,1000,"sd","11:23:05",6806800
13250,100,4000,"sd","11:23:05",6805800
13250,100,700,"sd","11:23:05",6801800
13250,100,24500,"sd","11:23:05",6801100
13250,100,1000,"sd","11:22:58",6776600
13250,100,500,"sd","11:22:56",6775600
13250,100,3800,"sd","11:22:54",6775100
13250,100,700,"sd","11:22:50",6771300
13250,100,19500,"sd","11:22:47",6770600
13250,100,1500,"sd","11:22:47",6751100
13250,100,500,"sd","11:22:47",6749600
13250,100,200,"sd","11:22:47",6749100
13250,100,300,"sd","11:22:47",6748900
13250,100,6000,"sd","11:22:47",6748600
13250,100,30000,"sd","11:22:47",6742600
13250,100,2000,"sd","11:22:47",6712600
13250,100,1000,"sd","11:22:47",6710600
13250,100,200,"sd","11:22:47",6709600
13250,100,12500,"sd","11:22:47",6709400
13250,100,200,"sd","11:22:41",6696900
13250,100,1500,"sd","11:22:37",6696700
13250,100,300,"sd","11:22:28",6695200
13250,100,800,"sd","11:22:25",6694900
13250,100,1000,"sd","11:22:23",6694100
13250,100,3000,"sd","11:22:11",6693100
13250,100,700,"sd","11:22:09",6690100
13250,100,1000,"sd","11:22:09",6689400
13250,100,300,"sd","11:22:09",6688400
13250,100,100,"sd","11:22:04",6688100
13250,100,900,"sd","11:22:04",6688000
13250,100,1000,"sd","11:21:57",6687100
13250,100,1200,"sd","11:21:44",6686100
13250,100,1000,"sd","11:21:43",6684900
13250,100,1000,"sd","11:21:28",6683900
13250,100,1500,"sd","11:21:16",6682900
13250,100,700,"sd","11:21:10",6681400
13250,100,100,"sd","11:21:10",6680700
13250,100,1100,"sd","11:21:10",6680600
13250,100,1300,"sd","11:21:10",6679500
13250,100,1000,"sd","11:21:05",6678200
13250,100,500,"sd","11:20:38",6677200
13250,100,500,"sd","11:20:23",6676700
13250,100,500,"sd","11:20:20",6676200
13250,100,2000,"sd","11:20:07",6675700
13250,100,4000,"sd","11:19:53",6673700
13300,150,100,"bu","11:19:23",6669700
13250,100,1000,"sd","11:19:11",6669600
13300,150,200,"bu","11:18:30",6668600
13250,100,4000,"sd","11:17:55",6668400
13300,150,500,"bu","11:17:26",6664400
13250,100,100,"sd","11:17:15",6663900
13250,100,100,"sd","11:17:12",6663800
13250,100,1000,"sd","11:17:12",6663700
13250,100,400,"sd","11:17:12",6662700
13250,100,500,"sd","11:17:12",6662300
13250,100,3500,"sd","11:17:03",6661800
13250,100,100,"sd","11:17:03",6658300
13250,100,4400,"sd","11:17:03",6658200
13250,100,5600,"sd","11:16:56",6653800
13250,100,10000,"sd","11:16:56",6648200
13250,100,14400,"sd","11:16:56",6638200
13250,100,200,"sd","11:16:49",6623800
13250,100,3000,"sd","11:16:32",6623600
13250,100,1000,"sd","11:16:23",6620600
13300,150,1000,"bu","11:16:18",6619600
13300,150,2100,"bu","11:15:45",6618600
13300,150,5900,"bu","11:15:45",6616500
13300,150,100,"bu","11:15:42",6610600
13300,150,200,"bu","11:15:42",6610500
13300,150,400,"bu","11:15:42",6610300
13300,150,1600,"sd","11:14:41",6609900
13300,150,2200,"sd","11:14:37",6608300
13300,150,200,"sd","11:14:37",6606100
13300,150,2600,"sd","11:14:37",6605900
13300,150,400,"sd","11:14:36",6603300
13300,150,1600,"sd","11:14:36",6602900
13300,150,100,"sd","11:14:34",6601300
13300,150,400,"sd","11:14:34",6601200
13300,150,500,"sd","11:14:34",6600800
13300,150,1800,"sd","11:14:32",6600300
13300,150,100,"sd","11:14:32",6598500
13300,150,200,"sd","11:14:32",6598400
13300,150,100,"sd","11:14:32",6598200
13300,150,1500,"sd","11:14:32",6598100
13300,150,1000,"sd","11:14:32",6596600
13300,150,2300,"sd","11:14:32",6595600
13300,150,7700,"sd","11:14:30",6593300
13300,150,100,"sd","11:14:30",6585600
13300,150,500,"sd","11:14:30",6585500
13300,150,1700,"sd","11:14:30",6585000
13300,150,30000,"sd","11:14:29",6583300
13300,150,1000,"sd","11:14:26",6553300
13300,150,1000,"sd","11:14:25",6552300
13300,150,100,"sd","11:14:23",6551300
13300,150,5000,"sd","11:14:23",6551200
13300,150,500,"sd","11:14:22",6546200
13300,150,300,"sd","11:14:20",6545700
13300,150,700,"sd","11:14:17",6545400
13300,150,100,"sd","11:14:17",6544700
13300,150,2500,"sd","11:14:17",6544600
13300,150,7100,"sd","11:14:16",6542100
13300,150,900,"sd","11:14:16",6535000
13300,150,2000,"sd","11:14:16",6534100
13300,150,1000,"sd","11:14:12",6532100
13300,150,800,"sd","11:14:05",6531100
13300,150,100,"sd","11:14:05",6530300
13300,150,100,"sd","11:14:03",6530200
13300,150,1900,"sd","11:14:03",6530100
13300,150,1000,"sd","11:13:53",6528200
13300,150,100,"sd","11:13:38",6527200
13300,150,700,"sd","11:13:14",6527100
13300,150,500,"sd","11:13:14",6526400
13300,150,1100,"sd","11:13:14",6525900
13300,150,3000,"sd","11:13:14",6524800
13300,150,900,"sd","11:13:12",6521800
13300,150,100,"sd","11:13:12",6520900
13300,150,1000,"sd","11:13:06",6520800
13300,150,7000,"sd","11:12:46",6519800
13300,150,1500,"sd","11:12:41",6512800
13300,150,400,"sd","11:12:40",6511300
13300,150,400,"sd","11:12:40",6510900
13300,150,100,"sd","11:12:33",6510500
13300,150,500,"sd","11:12:05",6510400
13300,150,100,"sd","11:12:05",6509900
13350,200,1000,"bu","11:11:52",6509800
13350,200,1000,"bu","11:11:15",6508800
13300,150,500,"sd","11:11:09",6507800
13300,150,300,"sd","11:11:09",6507300
13300,150,100,"sd","11:11:09",6507000
13300,150,1000,"sd","11:11:09",6506900
13300,150,300,"sd","11:11:09",6505900
13300,150,800,"sd","11:11:09",6505600
13350,200,300,"bu","11:10:49",6504800
13300,150,5000,"sd","11:10:35",6504500
13300,150,3000,"sd","11:10:06",6499500
13350,200,1700,"bu","11:09:36",6496500
13350,200,300,"bu","11:09:36",6494800
13350,200,9700,"sd","11:08:48",6494500
13350,200,200,"sd","11:08:33",6484800
13350,200,600,"sd","11:08:28",6484600
13350,200,3000,"bu","11:08:25",6484000
13350,200,1000,"bu","11:08:25",6481000
13350,200,500,"bu","11:08:25",6480000
13350,200,1000,"bu","11:08:25",6479500
13350,200,14000,"bu","11:08:25",6478500
13350,200,1000,"bu","11:08:14",6464500
13350,200,2000,"bu","11:08:14",6463500
13350,200,500,"sd","11:08:00",6461500
13350,200,400,"sd","11:08:00",6461000
13350,200,300,"sd","11:08:00",6460600
13350,200,100,"sd","11:08:00",6460300
13350,200,1700,"sd","11:08:00",6460200
13350,200,200,"sd","11:07:56",6458500
13350,200,200,"sd","11:07:52",6458300
13350,200,4000,"sd","11:07:50",6458100
13350,200,2000,"sd","11:07:41",6454100
13350,200,2000,"sd","11:07:35",6452100
13350,200,1000,"sd","11:07:22",6450100
13350,200,1000,"sd","11:07:11",6449100
13350,200,1500,"sd","11:07:00",6448100
13350,200,4500,"sd","11:06:44",6446600
13350,200,100,"sd","11:06:32",6442100
13350,200,10000,"sd","11:06:26",6442000
13350,200,100,"sd","11:06:26",6432000
13350,200,200,"sd","11:06:25",6431900
13350,200,2000,"sd","11:06:16",6431700
13350,200,100,"sd","11:06:15",6429700
13350,200,500,"sd","11:06:13",6429600
13350,200,300,"sd","11:06:11",6429100
13350,200,100,"sd","11:06:10",6428800
13350,200,1000,"sd","11:06:05",6428700
13350,200,100,"sd","11:06:04",6427700
13350,200,10000,"sd","11:05:51",6427600
13350,200,500,"sd","11:05:45",6417600
13400,250,1000,"bu","11:05:36",6417100
13350,200,800,"sd","11:05:23",6416100
13350,200,1100,"sd","11:05:16",6415300
13350,200,200,"sd","11:05:12",6414200
13350,200,200,"sd","11:05:11",6414000
13350,200,300,"sd","11:04:57",6413800
13350,200,500,"sd","11:04:53",6413500
13350,200,100,"sd","11:04:45",6413000
13350,200,1500,"sd","11:04:45",6412900
13350,200,2200,"sd","11:04:41",6411400
13350,200,1800,"sd","11:04:41",6409200
13350,200,300,"sd","11:04:39",6407400
13350,200,100,"sd","11:04:13",6407100
13350,200,1500,"bu","11:03:48",6407000
13350,200,200,"bu","11:03:48",6405500
13350,200,2000,"bu","11:03:48",6405300
13350,200,600,"bu","11:03:48",6403300
13350,200,16500,"bu","11:03:48",6402700
13350,200,500,"bu","11:03:48",6386200
13350,200,2500,"bu","11:03:48",6385700
13350,200,300,"bu","11:03:48",6383200
13350,200,5000,"bu","11:03:48",6382900
13350,200,500,"bu","11:03:48",6377900
13350,200,1000,"bu","11:03:48",6377400
13350,200,16000,"bu","11:03:48",6376400
13350,200,1200,"bu","11:03:48",6360400
13350,200,800,"bu","11:03:40",6359200
13350,200,1000,"bu","11:03:40",6358400
13350,200,100,"bu","11:03:40",6357400
13350,200,1000,"bu","11:03:40",6357300
13350,200,500,"bu","11:03:40",6356300
13350,200,4600,"bu","11:03:40",6355800
13350,200,400,"bu","11:03:40",6351200
13350,200,1000,"bu","11:03:40",6350800
13350,200,2000,"bu","11:03:40",6349800
13350,200,1500,"bu","11:03:40",6347800
13350,200,200,"bu","11:03:40",6346300
13350,200,100,"bu","11:03:40",6346100
13350,200,100,"bu","11:03:40",6346000
13350,200,2000,"bu","11:03:40",6345900
13350,200,1600,"bu","11:03:40",6343900
13350,200,200,"bu","11:03:40",6342300
13350,200,2000,"bu","11:03:40",6342100
13350,200,1000,"bu","11:03:40",6340100
13350,200,2700,"bu","11:03:40",6339100
13350,200,100,"bu","11:03:40",6336400
13350,200,1000,"bu","11:03:40",6336300
13350,200,26100,"bu","11:03:40",6335300
13350,200,3900,"bu","11:03:33",6309200
13350,200,100,"bu","11:03:33",6305300
13350,200,3900,"bu","11:03:33",6305200
13350,200,200,"bu","11:03:33",6301300
13350,200,100,"bu","11:03:33",6301100
13350,200,100,"bu","11:03:33",6301000
13350,200,2000,"bu","11:03:33",6300900
13350,200,300,"bu","11:03:33",6298900
13350,200,5000,"bu","11:03:33",6298600
13350,200,300,"bu","11:03:33",6293600
13350,200,1000,"bu","11:03:33",6293300
13350,200,1000,"bu","11:03:33",6292300
13350,200,2000,"bu","11:03:33",6291300
13350,200,3000,"bu","11:03:33",6289300
13350,200,500,"bu","11:03:33",6286300
13350,200,500,"bu","11:03:33",6285800
13350,200,1000,"bu","11:03:33",6285300
13350,200,1500,"bu","11:03:33",6284300
13350,200,2000,"bu","11:03:33",6282800
13350,200,100,"bu","11:03:33",6280800
13350,200,1000,"bu","11:03:33",6280700
13350,200,2000,"bu","11:03:33",6279700
13350,200,100,"bu","11:03:33",6277700
13350,200,200,"bu","11:03:33",6277600
13350,200,2000,"bu","11:03:33",6277400
13350,200,300,"bu","11:03:33",6275400
13350,200,100,"bu","11:03:33",6275100
13350,200,100,"bu","11:03:33",6275000
13350,200,15700,"bu","11:03:33",6274900
13300,150,100,"sd","11:03:29",6259200
13300,150,500,"sd","11:03:29",6259100
13300,150,500,"sd","11:03:20",6258600
13300,150,1000,"sd","11:03:18",6258100
13300,150,500,"sd","11:03:10",6257100
13300,150,300,"sd","11:03:05",6256600
13300,150,3000,"sd","11:03:05",6256300
13300,150,600,"sd","11:02:41",6253300
13300,150,700,"sd","11:02:33",6252700
13300,150,4800,"sd","11:02:33",6252000
13300,150,300,"sd","11:02:33",6247200
13300,150,1000,"sd","11:02:33",6246900
13300,150,300,"sd","11:02:33",6245900
13300,150,400,"sd","11:02:33",6245600
13300,150,600,"sd","11:02:12",6245200
13300,150,100,"sd","11:02:12",6244600
13300,150,200,"sd","11:02:12",6244500
13300,150,300,"sd","11:02:12",6244300
13300,150,200,"sd","11:02:12",6244000
13300,150,3600,"sd","11:02:12",6243800
13300,150,600,"sd","11:02:07",6240200
13300,150,300,"sd","11:01:31",6239600
13350,200,300,"bu","11:01:26",6239300
13300,150,300,"sd","11:01:11",6239000
13300,150,300,"sd","11:01:06",6238700
13300,150,4000,"sd","11:01:04",6238400
13300,150,100,"sd","11:00:58",6234400
13300,150,200,"sd","11:00:53",6234300
13300,150,400,"sd","11:00:46",6234100
13300,150,200,"sd","11:00:44",6233700
13300,150,2800,"sd","11:00:44",6233500
13300,150,3000,"sd","11:00:42",6230700
13300,150,100,"sd","11:00:30",6227700
13300,150,200,"sd","11:00:00",6227600
13300,150,4000,"sd","10:59:59",6227400
13300,150,1000,"sd","10:59:43",6223400
13300,150,100,"sd","10:59:32",6222400
13300,150,1500,"sd","10:59:23",6222300
13300,150,1000,"sd","10:59:16",6220800
13300,150,5000,"sd","10:59:03",6219800
13300,150,1000,"sd","10:58:53",6214800
13350,200,300,"bu","10:58:13",6213800
13300,150,1000,"sd","10:58:05",6213500
13300,150,2000,"sd","10:58:00",6212500
13300,150,3000,"sd","10:57:56",6210500
13300,150,1000,"sd","10:57:50",6207500
13300,150,1000,"sd","10:57:40",6206500
13300,150,5000,"sd","10:57:37",6205500
13300,150,10000,"sd","10:57:33",6200500
13300,150,7300,"sd","10:57:27",6190500
13300,150,2700,"sd","10:57:27",6183200
13300,150,100,"sd","10:57:20",6180500
13300,150,100,"sd","10:57:19",6180400
13350,200,1000,"bu","10:56:27",6180300
13300,150,300,"sd","10:56:24",6179300
13300,150,2000,"sd","10:56:18",6179000
13300,150,400,"sd","10:55:42",6177000
13300,150,600,"sd","10:55:42",6176600
13300,150,500,"sd","10:55:26",6176000
13300,150,500,"sd","10:55:23",6175500
13300,150,100,"sd","10:54:52",6175000
13300,150,300,"sd","10:54:32",6174900
13300,150,100,"sd","10:54:32",6174600
13300,150,500,"sd","10:54:32",6174500
13300,150,2100,"sd","10:54:32",6174000
13300,150,600,"sd","10:54:23",6171900
13300,150,300,"sd","10:54:20",6171300
13300,150,1000,"sd","10:54:02",6171000
13300,150,4000,"sd","10:54:02",6170000
13300,150,100,"sd","10:53:55",6166000
13300,150,100,"sd","10:53:05",6165900
13350,200,1000,"bu","10:52:33",6165800
13300,150,5000,"sd","10:52:25",6164800
13300,150,100,"sd","10:52:24",6159800
13300,150,100,"sd","10:52:13",6159700
13300,150,600,"sd","10:51:56",6159600
13300,150,1000,"sd","10:51:56",6159000
13300,150,400,"sd","10:51:56",6158000
13300,150,100,"sd","10:51:56",6157600
13300,150,2500,"sd","10:51:26",6157500
13300,150,200,"sd","10:51:26",6155000
13300,150,2300,"sd","10:51:26",6154800
13300,150,2000,"sd","10:51:07",6152500
13300,150,200,"sd","10:51:06",6150500
13300,150,200,"sd","10:50:52",6150300
13300,150,300,"sd","10:50:43",6150100
13300,150,2000,"sd","10:50:43",6149800
13300,150,7700,"sd","10:50:43",6147800
13350,200,2000,"bu","10:50:10",6140100
13300,150,5000,"sd","10:50:05",6138100
13300,150,1000,"sd","10:49:57",6133100
13300,150,10000,"sd","10:49:32",6132100
13300,150,1000,"bu","10:49:29",6122100
13300,150,1000,"bu","10:49:29",6121100
13300,150,200,"bu","10:49:29",6120100
13300,150,500,"bu","10:49:29",6119900
13300,150,1000,"bu","10:49:29",6119400
13300,150,500,"bu","10:49:29",6118400
13300,150,1000,"bu","10:49:29",6117900
13300,150,500,"bu","10:49:29",6116900
13300,150,1000,"bu","10:49:29",6116400
13300,150,15000,"bu","10:49:29",6115400
13300,150,4600,"bu","10:49:29",6100400
13300,150,800,"bu","10:49:25",6095800
13300,150,900,"bu","10:49:13",6095000
13300,150,500,"bu","10:49:12",6094100
13300,150,200,"bu","10:49:10",6093600
13300,150,500,"bu","10:49:10",6093400
13300,150,1300,"bu","10:49:10",6092900
13300,150,500,"bu","10:49:02",6091600
13300,150,1200,"bu","10:48:57",6091100
13300,150,100,"bu","10:48:57",6089900
13300,150,5000,"bu","10:48:57",6089800
13300,150,200,"bu","10:48:57",6084800
13300,150,200,"bu","10:48:57",6084600
13300,150,300,"bu","10:48:57",6084400
13300,150,5000,"bu","10:48:57",6084100
13300,150,300,"bu","10:48:57",6079100
13300,150,200,"bu","10:48:57",6078800
13300,150,300,"bu","10:48:57",6078600
13300,150,200,"bu","10:48:57",6078300
13300,150,400,"bu","10:48:57",6078100
13300,150,6000,"bu","10:48:57",6077700
13300,150,11400,"bu","10:48:57",6071700
13300,150,2000,"bu","10:48:57",6060300
13300,150,2000,"bu","10:48:57",6058300
13300,150,500,"bu","10:48:57",6056300
13300,150,100,"bu","10:48:57",6055800
13300,150,14600,"bu","10:48:57",6055700
13250,100,100,"sd","10:48:22",6041100
13250,100,200,"sd","10:48:19",6041000
13250,100,1100,"sd","10:48:16",6040800
13250,100,1000,"sd","10:48:16",6039700
13250,100,400,"sd","10:48:16",6038700
13250,100,1000,"sd","10:48:16",6038300
13250,100,1500,"sd","10:48:16",6037300
13250,100,100,"sd","10:47:38",6035800
13250,100,300,"sd","10:47:37",6035700
13250,100,2100,"sd","10:47:23",6035400
13250,100,200,"sd","10:47:23",6033300
13250,100,1700,"sd","10:47:23",6033100
13250,100,5000,"sd","10:47:17",6031400
13250,100,200,"sd","10:47:01",6026400
13250,100,1000,"sd","10:46:54",6026200
13250,100,200,"sd","10:46:40",6025200
13250,100,1000,"sd","10:46:33",6025000
13250,100,5000,"sd","10:46:26",6024000
13250,100,900,"sd","10:46:17",6019000
13250,100,1000,"sd","10:46:17",6018100
13250,100,500,"sd","10:46:17",6017100
13250,100,500,"sd","10:46:17",6016600
13250,100,1100,"sd","10:46:17",6016100
13250,100,5000,"sd","10:46:11",6015000
13250,100,2000,"sd","10:46:04",6010000
13250,100,4700,"sd","10:45:47",6008000
13250,100,1000,"sd","10:45:11",6003300
