"price","change","match_qtty","side","time","total_vol"
7500,-100,5300,"unknown","14:45:02",245800
7500,-100,4200,"bu","14:29:19",240500
7500,-100,1300,"sd","14:28:51",236300
7500,-100,7000,"sd","14:27:55",235000
7500,-100,2700,"bu","14:27:08",228000
7500,-100,10000,"bu","14:25:59",225300
7500,-100,200,"bu","14:24:22",215300
7500,-100,3900,"sd","14:21:44",215100
7500,-100,3000,"sd","14:20:24",211200
7500,-100,400,"sd","14:12:14",208200
7500,-100,1000,"sd","14:08:26",207800
7500,-100,1700,"bu","14:06:17",206800
7500,-100,2000,"bu","14:06:03",205100
7500,-100,100,"bu","14:05:46",203100
7500,-100,2200,"sd","14:05:10",203000
7500,-100,1000,"sd","14:03:35",200800
7500,-100,100,"sd","14:03:13",199800
7500,-100,400,"bu","13:54:16",199700
7500,-100,100,"bu","13:53:01",199300
7500,-100,1500,"bu","13:52:28",199200
7500,-100,3400,"bu","13:47:46",197700
7500,-100,200,"bu","13:45:49",194300
7500,-100,6400,"bu","13:44:23",194100
7500,-100,100,"sd","13:32:13",187700
7600,0,100,"bu","13:30:03",187600
7500,-100,6200,"sd","13:25:33",187500
7500,-100,1000,"bu","13:22:48",181300
7500,-100,8100,"sd","13:22:06",180300
7500,-100,1400,"sd","13:14:58",172200
7500,-100,300,"sd","13:13:53",170800
7600,0,300,"bu","13:13:40",170500
7500,-100,600,"sd","13:10:26",170200
7500,-100,4000,"bu","13:10:12",169600
7500,-100,3600,"bu","13:08:56",165600
7500,-100,10000,"bu","13:07:39",162000
7500,-100,100,"bu","13:05:26",152000
7500,-100,19800,"sd","13:04:56",151900
7500,-100,6000,"sd","13:00:51",132100
7500,-100,100,"sd","13:00:14",126100
7500,-100,10000,"sd","11:24:38",126000
7600,0,3000,"bu","11:15:51",116000
7600,0,500,"bu","11:15:07",113000
7600,0,500,"unknown","11:04:09",112500
7600,0,500,"bu","11:03:22",112000
7600,0,500,"sd","11:01:02",111500
7600,0,100,"sd","10:57:13",111000
7600,0,1000,"sd","10:53:38",110900
7600,0,500,"unknown","10:53:05",109900
7600,0,1500,"bu","10:39:31",109400
7600,0,3500,"bu","10:38:56",107900
7600,0,1000,"bu","10:33:18",104400
7600,0,1000,"bu","10:32:55",103400
7600,0,100,"bu","10:30:10",102400
7600,0,100,"sd","10:27:25",102300
7600,0,19800,"bu","10:24:00",102200
7600,0,35000,"bu","10:22:40",82400
7600,0,300,"bu","10:18:12",47400
7500,-100,3000,"sd","10:02:54",47100
7500,-100,700,"sd","10:00:52",44100
7500,-100,300,"sd","09:56:09",43400
7500,-100,100,"sd","09:55:15",43100
7500,-100,14300,"bu","09:54:19",43000
7400,-200,1000,"sd","09:54:01",28700
7500,-100,1000,"bu","09:53:04",27700
7500,-100,500,"bu","09:52:42",26700
7500,-100,4400,"sd","09:51:37",26200
7500,-100,5000,"sd","09:50:54",21800
7500,-100,2000,"sd","09:43:37",16800
7500,-100,200,"sd","09:42:14",14800
7500,-100,12000,"sd","09:41:01",14600
7500,-100,600,"sd","09:38:00",2600
7500,-100,500,"sd","09:30:51",2000
7500,-100,100,"sd","09:25:13",1500
7500,-100,1200,"sd","09:21:00",1400
7600,0,200,"bu","09:18:12",200
