"price","change","match_qtty","side","time","total_vol"
21400,300,96100,"unknown","14:45:02",3285100
21400,300,3000,"bu","14:29:47",3189000
21400,300,500,"bu","14:29:47",3186000
21400,300,1200,"bu","14:29:44",3185500
21400,300,2000,"bu","14:29:43",3184300
21400,300,900,"bu","14:29:41",3182300
21400,300,10000,"bu","14:29:30",3181400
21400,300,14400,"bu","14:29:19",3171400
21400,300,2900,"bu","14:29:19",3157000
21400,300,1000,"bu","14:29:19",3154100
21400,300,500,"bu","14:29:19",3153100
21400,300,1000,"bu","14:29:19",3152600
21400,300,100,"bu","14:29:19",3151600
21400,300,100,"bu","14:29:19",3151500
21400,300,600,"bu","14:29:19",3151400
21400,300,4400,"bu","14:29:19",3150800
21400,300,2600,"bu","14:29:12",3146400
21400,300,200,"bu","14:29:12",3143800
21400,300,1000,"bu","14:29:12",3143600
21400,300,100,"bu","14:29:12",3142600
21400,300,1000,"bu","14:29:12",3142500
21400,300,100,"bu","14:29:12",3141500
21400,300,800,"bu","14:29:07",3141400
21400,300,100,"bu","14:28:58",3140600
21350,250,300,"sd","14:28:57",3140500
21350,250,1500,"bu","14:28:54",3140200
21350,250,600,"bu","14:28:52",3138700
21350,250,4200,"sd","14:28:52",3138100
21350,250,800,"sd","14:28:52",3133900
21350,250,1900,"sd","14:28:52",3133100
21350,250,100,"sd","14:28:51",3131200
21350,250,2000,"sd","14:28:27",3131100
21350,250,1000,"sd","14:28:27",3129100
21350,250,500,"sd","14:28:24",3128100
21350,250,500,"sd","14:28:23",3127600
21350,250,100,"sd","14:28:20",3127100
21350,250,100,"sd","14:28:20",3127000
21350,250,1000,"sd","14:28:20",3126900
21350,250,1000,"sd","14:28:20",3125900
21350,250,1000,"sd","14:28:20",3124900
21350,250,1000,"sd","14:28:20",3123900
21350,250,1000,"sd","14:28:20",3122900
21350,250,2000,"sd","14:28:20",3121900
21350,250,100,"sd","14:28:20",3119900
21350,250,700,"sd","14:28:20",3119800
21350,250,3300,"sd","14:28:20",3119100
21350,250,1000,"sd","14:28:20",3115800
21350,250,700,"sd","14:28:19",3114800
21350,250,400,"bu","14:28:06",3114100
21350,250,1000,"bu","14:28:01",3113700
21350,250,200,"bu","14:27:55",3112700
21300,200,700,"sd","14:27:52",3112500
21350,250,900,"bu","14:27:52",3111800
21350,250,800,"bu","14:27:47",3110900
21350,250,500,"bu","14:27:47",3110100
21350,250,5300,"bu","14:27:47",3109600
21350,250,2000,"bu","14:27:47",3104300
21350,250,1400,"bu","14:27:47",3102300
21350,250,400,"bu","14:27:38",3100900
21350,250,1000,"bu","14:27:38",3100500
21350,250,500,"bu","14:27:38",3099500
21350,250,100,"bu","14:27:38",3099000
21300,200,100,"sd","14:27:37",3098900
21300,200,200,"sd","14:27:29",3098800
21300,200,2000,"sd","14:27:29",3098600
21300,200,1800,"sd","14:27:29",3096600
21300,200,300,"sd","14:27:15",3094800
21350,250,10000,"bu","14:27:09",3094500
21300,200,1000,"sd","14:26:32",3084500
21300,200,2000,"sd","14:26:27",3083500
21300,200,600,"sd","14:26:24",3081500
21300,200,1000,"sd","14:26:20",3080900
21300,200,1000,"bu","14:26:17",3079900
21300,200,300,"bu","14:26:17",3078900
21300,200,300,"bu","14:26:17",3078600
21300,200,1000,"bu","14:26:17",3078300
21300,200,1200,"bu","14:26:17",3077300
21300,200,100,"bu","14:26:17",3076100
21300,200,100,"bu","14:26:17",3076000
21300,200,100,"bu","14:26:17",3075900
21300,200,8400,"bu","14:26:17",3075800
21300,200,300,"bu","14:26:17",3067400
21300,200,500,"bu","14:26:17",3067100
21300,200,3000,"bu","14:26:09",3066600
21300,200,600,"bu","14:26:09",3063600
21300,200,2300,"bu","14:26:09",3063000
21300,200,100,"bu","14:26:09",3060700
21250,150,100,"sd","14:26:09",3060600
21300,200,1000,"bu","14:26:08",3060500
21300,200,500,"bu","14:26:06",3059500
21300,200,4500,"bu","14:26:00",3059000
21300,200,500,"bu","14:26:00",3054500
21300,200,100,"bu","14:26:00",3054000
21300,200,21200,"bu","14:26:00",3053900
21300,200,300,"bu","14:25:32",3032700
21250,150,200,"sd","14:25:29",3032400
21250,150,100,"sd","14:25:23",3032200
21300,200,1000,"bu","14:25:01",3032100
21300,200,2000,"bu","14:24:55",3031100
21300,200,200,"bu","14:24:17",3029100
21300,200,300,"bu","14:24:00",3028900
21250,150,200,"sd","14:23:39",3028600
21250,150,200,"sd","14:23:14",3028400
21250,150,600,"sd","14:23:05",3028200
21250,150,100,"sd","14:23:05",3027600
21300,200,100,"bu","14:22:54",3027500
21250,150,100,"sd","14:22:19",3027400
21300,200,100,"bu","14:22:05",3027300
21250,150,100,"sd","14:21:34",3027200
21250,150,200,"sd","14:21:09",3027100
21250,150,400,"sd","14:21:09",3026900
21300,200,500,"bu","14:21:07",3026500
21300,200,4300,"sd","14:20:48",3026000
21300,200,100,"sd","14:20:47",3021700
21300,200,400,"sd","14:20:47",3021600
21300,200,200,"sd","14:20:47",3021200
21300,200,1000,"sd","14:20:47",3021000
21300,200,100,"sd","14:20:47",3020000
21300,200,700,"sd","14:20:47",3019900
21300,200,200,"bu","14:20:20",3019200
21300,200,300,"bu","14:20:19",3019000
21250,150,200,"sd","14:20:19",3018700
21250,150,100,"sd","14:20:19",3018500
21250,150,4500,"sd","14:20:19",3018400
21250,150,200,"sd","14:20:19",3013900
21300,200,100,"bu","14:20:14",3013700
21300,200,1000,"bu","14:20:12",3013600
21250,150,1800,"sd","14:20:07",3012600
21250,150,1200,"sd","14:20:07",3010800
21300,200,200,"bu","14:19:57",3009600
21300,200,2700,"bu","14:19:56",3009400
21300,200,500,"bu","14:19:56",3006700
21300,200,600,"bu","14:19:56",3006200
21300,200,1400,"bu","14:19:29",3005600
21300,200,100,"bu","14:19:10",3004200
21300,200,400,"bu","14:19:10",3004100
21300,200,300,"bu","14:18:46",3003700
21300,200,100,"bu","14:18:44",3003400
21300,200,200,"bu","14:18:43",3003300
21300,200,800,"bu","14:18:43",3003100
21300,200,4200,"sd","14:18:23",3002300
21300,200,6200,"bu","14:18:19",2998100
21300,200,100,"sd","14:18:17",2991900
21300,200,2800,"sd","14:18:17",2991800
21300,200,100,"sd","14:18:17",2989000
21300,200,500,"sd","14:18:17",2988900
21300,200,100,"sd","14:18:17",2988400
21300,200,1100,"sd","14:18:17",2988300
21300,200,2000,"sd","14:18:17",2987200
21300,200,7100,"sd","14:18:17",2985200
21300,200,900,"sd","14:18:16",2978100
21300,200,100,"sd","14:18:16",2977200
21300,200,100,"sd","14:18:13",2977100
21300,200,900,"sd","14:18:13",2977000
21300,200,300,"sd","14:18:13",2976100
21300,200,1000,"sd","14:18:12",2975800
21300,200,1000,"sd","14:18:12",2974800
21300,200,2400,"sd","14:18:12",2973800
21300,200,100,"sd","14:18:12",2971400
21300,200,500,"sd","14:18:12",2971300
21300,200,200,"sd","14:17:56",2970800
21300,200,100,"sd","14:17:56",2970600
21300,200,200,"sd","14:17:56",2970500
21300,200,1300,"sd","14:17:53",2970300
21300,200,800,"sd","14:17:53",2969000
21300,200,100,"sd","14:17:53",2968200
21300,200,1000,"sd","14:17:53",2968100
21300,200,100,"sd","14:17:53",2967100
21300,200,1000,"sd","14:17:53",2967000
21300,200,500,"sd","14:17:53",2966000
21300,200,200,"sd","14:17:53",2965500
21300,200,300,"sd","14:17:49",2965300
21300,200,200,"sd","14:17:46",2965000
21300,200,1000,"sd","14:17:44",2964800
21300,200,5000,"sd","14:17:41",2963800
21300,200,1000,"sd","14:17:38",2958800
21300,200,2200,"sd","14:17:38",2957800
21300,200,1000,"sd","14:17:38",2955600
21300,200,500,"sd","14:17:38",2954600
21300,200,1000,"sd","14:17:38",2954100
21300,200,5000,"sd","14:17:38",2953100
21300,200,2000,"sd","14:17:38",2948100
21300,200,200,"sd","14:17:38",2946100
21300,200,1000,"sd","14:17:38",2945900
21300,200,3000,"sd","14:17:38",2944900
21300,200,100,"sd","14:17:38",2941900
21300,200,100,"sd","14:17:38",2941800
21300,200,100,"sd","14:17:38",2941700
21300,200,400,"sd","14:17:38",2941600
21300,200,1100,"sd","14:17:38",2941200
21300,200,5000,"sd","14:17:38",2940100
21300,200,1000,"sd","14:17:38",2935100
21300,200,2200,"sd","14:17:38",2934100
21300,200,1000,"sd","14:17:38",2931900
21300,200,700,"sd","14:17:38",2930900
21300,200,300,"sd","14:17:38",2930200
21300,200,1000,"sd","14:17:38",2929900
21300,200,100,"sd","14:17:38",2928900
21350,250,100,"bu","14:17:34",2928800
21350,250,200,"bu","14:17:00",2928700
21350,250,400,"bu","14:16:37",2928500
21350,250,2500,"bu","14:16:33",2928100
21350,250,700,"bu","14:16:06",2925600
21350,250,10000,"bu","14:16:05",2924900
21300,200,200,"sd","14:16:05",2914900
21350,250,600,"bu","14:16:05",2914700
21300,200,100,"sd","14:15:59",2914100
21300,200,1000,"sd","14:15:58",2914000
21300,200,1500,"sd","14:15:52",2913000
21300,200,1900,"sd","14:15:40",2911500
21300,200,1000,"sd","14:15:40",2909600
21300,200,500,"sd","14:15:40",2908600
21300,200,200,"sd","14:15:40",2908100
21300,200,400,"sd","14:15:40",2907900
21300,200,1000,"sd","14:15:40",2907500
21300,200,400,"sd","14:15:35",2906500
21300,200,600,"sd","14:15:32",2906100
21300,200,1000,"sd","14:15:06",2905500
21300,200,200,"sd","14:14:59",2904500
21300,200,1000,"sd","14:14:51",2904300
21300,200,1000,"sd","14:14:48",2903300
21300,200,100,"sd","14:14:48",2902300
21300,200,1000,"sd","14:14:42",2902200
21300,200,2400,"sd","14:14:36",2901200
21350,250,1700,"bu","14:14:36",2898800
21350,250,10000,"bu","14:14:34",2897100
21350,250,500,"bu","14:14:18",2887100
21350,250,500,"bu","14:14:13",2886600
21350,250,2700,"sd","14:13:52",2886100
21350,250,100,"sd","14:13:51",2883400
21350,250,100,"bu","14:13:51",2883300
21350,250,100,"bu","14:13:51",2883200
21350,250,1600,"bu","14:13:51",2883100
21350,250,100,"bu","14:13:51",2881500
21350,250,3000,"bu","14:13:51",2881400
21350,250,800,"bu","14:13:51",2878400
21350,250,1200,"bu","14:13:48",2877600
21350,250,1500,"bu","14:13:48",2876400
21350,250,400,"bu","14:13:48",2874900
21350,250,2000,"bu","14:13:48",2874500
21350,250,300,"bu","14:13:48",2872500
21350,250,300,"bu","14:13:48",2872200
21350,250,1000,"bu","14:13:48",2871900
21350,250,200,"bu","14:13:48",2870900
21350,250,3000,"bu","14:13:48",2870700
21350,250,1100,"bu","14:13:48",2867700
21350,250,8900,"bu","14:13:19",2866600
21350,250,100,"bu","14:13:19",2857700
21350,250,100,"bu","14:12:38",2857600
21300,200,300,"sd","14:12:35",2857500
21300,200,400,"sd","14:12:32",2857200
21300,200,1000,"sd","14:12:18",2856800
21300,200,600,"sd","14:12:10",2855800
21300,200,300,"sd","14:11:25",2855200
21300,200,3000,"sd","14:11:07",2854900
21350,250,900,"bu","14:10:32",2851900
21350,250,300,"bu","14:10:32",2851000
21350,250,1000,"bu","14:10:32",2850700
21350,250,2000,"bu","14:10:32",2849700
21350,250,500,"bu","14:10:32",2847700
21350,250,300,"bu","14:10:32",2847200
21350,250,3000,"sd","14:10:01",2846900
21350,250,3500,"sd","14:10:01",2843900
21350,250,700,"sd","14:10:01",2840400
21350,250,800,"sd","14:10:01",2839700
21350,250,100,"sd","14:10:01",2838900
21350,250,100,"sd","14:10:01",2838800
21350,250,500,"sd","14:10:01",2838700
21350,250,100,"sd","14:10:01",2838200
21350,250,100,"sd","14:10:01",2838100
21350,250,100,"sd","14:10:01",2838000
21350,250,3700,"sd","14:10:01",2837900
21350,250,6300,"sd","14:10:00",2834200
21350,250,2000,"sd","14:10:00",2827900
21350,250,1000,"sd","14:10:00",2825900
21350,250,700,"sd","14:10:00",2824900
21350,250,1000,"sd","14:09:59",2824200
21350,250,4000,"sd","14:09:58",2823200
21350,250,300,"sd","14:09:56",2819200
21350,250,1000,"sd","14:09:55",2818900
21350,250,5000,"sd","14:09:53",2817900
21350,250,100,"sd","14:09:51",2812900
21350,250,200,"sd","14:09:49",2812800
21350,250,3600,"sd","14:09:46",2812600
21350,250,1000,"sd","14:09:46",2809000
21350,250,5000,"sd","14:09:46",2808000
21350,250,8100,"sd","14:09:44",2803000
21350,250,6000,"sd","14:09:44",2794900
21350,250,4200,"sd","14:09:44",2788900
21350,250,100,"sd","14:09:43",2784700
21350,250,1100,"sd","14:09:43",2784600
21350,250,3000,"sd","14:09:41",2783500
21350,250,10400,"sd","14:09:40",2780500
21350,250,7000,"sd","14:09:37",2770100
21350,250,1000,"sd","14:09:31",2763100
21350,250,10000,"sd","14:09:30",2762100
21350,250,2000,"sd","14:09:26",2752100
21350,250,1600,"sd","14:09:24",2750100
21350,250,1200,"sd","14:09:20",2748500
21350,250,1500,"sd","14:09:14",2747300
21350,250,6900,"sd","14:09:11",2745800
21350,250,2200,"sd","14:09:11",2738900
21350,250,10900,"sd","14:09:11",2736700
21400,300,500,"bu","14:09:11",2725800
21400,300,200,"bu","14:09:11",2725300
21350,250,2700,"sd","14:09:08",2725100
21350,250,10000,"sd","14:09:03",2722400
21350,250,5000,"sd","14:08:56",2712400
21350,250,4000,"sd","14:08:52",2707400
21350,250,400,"sd","14:08:47",2703400
21350,250,100,"sd","14:08:40",2703000
21350,250,2000,"sd","14:08:40",2702900
21350,250,500,"sd","14:08:18",2700900
21350,250,100,"sd","14:07:53",2700400
21400,300,2000,"bu","14:07:15",2700300
21350,250,10000,"sd","14:07:14",2698300
21350,250,10000,"sd","14:06:21",2688300
21350,250,5000,"sd","14:06:18",2678300
21400,300,300,"bu","14:06:10",2673300
21400,300,500,"bu","14:04:40",2673000
21400,300,200,"bu","14:04:16",2672500
21400,300,800,"bu","14:04:11",2672300
21400,300,800,"bu","14:04:11",2671500
21400,300,200,"bu","14:03:54",2670700
21400,300,500,"bu","14:03:54",2670500
21400,300,500,"bu","14:03:54",2670000
21400,300,300,"bu","14:03:54",2669500
21400,300,1000,"bu","14:03:54",2669200
21400,300,300,"bu","14:03:54",2668200
21400,300,300,"bu","14:03:54",2667900
21400,300,500,"bu","14:03:54",2667600
21400,300,100,"bu","14:03:54",2667100
21400,300,1300,"bu","14:03:54",2667000
21350,250,4000,"sd","14:02:11",2665700
21350,250,22900,"sd","14:02:04",2661700
21350,250,100,"sd","14:02:04",2638800
21400,300,100,"bu","14:01:33",2638700
21400,300,400,"bu","14:01:33",2638600
21350,250,200,"sd","14:00:55",2638200
21350,250,300,"sd","14:00:55",2638000
21350,250,1300,"sd","14:00:55",2637700
21350,250,100,"sd","14:00:52",2636400
21350,250,100,"sd","14:00:26",2636300
21350,250,100,"sd","13:59:36",2636200
21350,250,500,"sd","13:59:30",2636100
21350,250,100,"sd","13:58:57",2635600
21350,250,1500,"sd","13:58:49",2635500
21350,250,200,"sd","13:58:37",2634000
21400,300,100,"bu","13:57:13",2633800
21400,300,200,"bu","13:57:13",2633700
21400,300,300,"bu","13:57:13",2633500
21400,300,1500,"bu","13:57:13",2633200
21400,300,900,"bu","13:57:13",2631700
21400,300,1000,"bu","13:57:12",2630800
21400,300,100,"bu","13:56:52",2629800
21350,250,1000,"sd","13:56:32",2629700
21350,250,200,"sd","13:56:27",2628700
21350,250,100,"sd","13:55:28",2628500
21350,250,200,"sd","13:55:20",2628400
21350,250,4600,"sd","13:55:13",2628200
21350,250,400,"sd","13:55:13",2623600
21350,250,100,"sd","13:54:41",2623200
21350,250,1500,"sd","13:54:36",2623100
21350,250,3000,"sd","13:54:34",2621600
21350,250,3000,"sd","13:54:34",2618600
21350,250,4000,"sd","13:54:34",2615600
21400,300,500,"bu","13:54:26",2611600
21350,250,200,"sd","13:54:18",2611100
21350,250,400,"sd","13:54:05",2610900
21350,250,400,"sd","13:53:18",2610500
21350,250,600,"sd","13:53:18",2610100
21350,250,500,"sd","13:53:18",2609500
21400,300,500,"bu","13:53:17",2609000
21400,300,300,"bu","13:53:17",2608500
21350,250,5000,"sd","13:53:04",2608200
21350,250,200,"sd","13:52:36",2603200
21350,250,500,"sd","13:52:29",2603000
21350,250,100,"sd","13:52:26",2602500
21350,250,3700,"sd","13:52:13",2602400
21350,250,6300,"sd","13:52:13",2598700
21350,250,500,"sd","13:52:09",2592400
21350,250,100,"sd","13:52:07",2591900
21350,250,500,"sd","13:52:05",2591800
21350,250,1000,"sd","13:51:55",2591300
21350,250,1600,"sd","13:51:38",2590300
21350,250,3400,"sd","13:51:38",2588700
21350,250,100,"sd","13:51:24",2585300
21350,250,1000,"sd","13:51:05",2585200
21350,250,100,"bu","13:50:54",2584200
21350,250,800,"bu","13:50:54",2584100
21350,250,400,"bu","13:50:54",2583300
21350,250,1300,"bu","13:50:54",2582900
21350,250,500,"bu","13:50:54",2581600
21350,250,1300,"bu","13:50:53",2581100
21350,250,100,"bu","13:50:53",2579800
21350,250,1000,"bu","13:50:53",2579700
21350,250,500,"bu","13:50:48",2578700
21350,250,500,"bu","13:50:08",2578200
21350,250,100,"bu","13:49:43",2577700
21350,250,7900,"sd","13:49:34",2577600
21350,250,1000,"sd","13:49:27",2569700
21350,250,1100,"bu","13:48:58",2568700
21350,250,200,"sd","13:48:58",2567600
21350,250,8700,"sd","13:48:58",2567400
21350,250,1000,"sd","13:48:54",2558700
21350,250,300,"sd","13:48:49",2557700
21350,250,400,"sd","13:48:49",2557400
21350,250,400,"sd","13:48:47",2557000
21350,250,700,"sd","13:48:39",2556600
21350,250,1000,"sd","13:48:38",2555900
21350,250,900,"sd","13:48:26",2554900
21350,250,1000,"sd","13:48:25",2554000
21350,250,1000,"sd","13:48:18",2553000
21350,250,1000,"sd","13:48:05",2552000
21350,250,200,"sd","13:47:53",2551000
21350,250,2700,"sd","13:47:50",2550800
21350,250,700,"sd","13:47:40",2548100
21350,250,300,"sd","13:47:40",2547400
21350,250,4000,"sd","13:47:40",2547100
21350,250,3000,"sd","13:47:31",2543100
21350,250,1000,"sd","13:47:27",2540100
21350,250,1000,"sd","13:47:14",2539100
21400,300,200,"bu","13:46:55",2538100
21400,300,300,"bu","13:46:55",2537900
21350,250,1000,"bu","13:46:51",2537600
21350,250,200,"bu","13:46:44",2536600
21350,250,300,"bu","13:46:44",2536400
21350,250,2000,"bu","13:46:38",2536100
21350,250,700,"sd","13:46:27",2534100
21350,250,3300,"sd","13:46:24",2533400
21350,250,1700,"sd","13:46:24",2530100
21350,250,500,"sd","13:46:22",2528400
21350,250,500,"sd","13:46:21",2527900
21350,250,100,"sd","13:46:20",2527400
21350,250,100,"sd","13:46:18",2527300
21350,250,3100,"sd","13:46:12",2527200
21350,250,200,"sd","13:46:12",2524100
21350,250,200,"sd","13:46:12",2523900
21350,250,100,"sd","13:46:12",2523700
21350,250,1000,"sd","13:46:12",2523600
21350,250,1000,"sd","13:46:12",2522600
21350,250,1000,"sd","13:46:12",2521600
21350,250,500,"sd","13:46:12",2520600
21350,250,500,"sd","13:46:12",2520100
21350,250,2400,"sd","13:46:12",2519600
21350,250,600,"sd","13:46:10",2517200
21350,250,100,"sd","13:46:10",2516600
21350,250,2000,"sd","13:46:10",2516500
21350,250,300,"sd","13:46:10",2514500
21350,250,9700,"sd","13:44:53",2514200
21350,250,500,"sd","13:44:53",2504500
21350,250,1900,"sd","13:44:53",2504000
21350,250,800,"sd","13:44:53",2502100
21350,250,100,"sd","13:44:53",2501300
21350,250,2000,"sd","13:44:53",2501200
21350,250,5000,"sd","13:44:53",2499200
21400,300,200,"bu","13:44:44",2494200
21400,300,100,"bu","13:43:00",2494000
21400,300,200,"bu","13:43:00",2493900
21400,300,200,"bu","13:43:00",2493700
21400,300,300,"bu","13:43:00",2493500
21400,300,1000,"bu","13:43:00",2493200
21400,300,500,"bu","13:43:00",2492200
21400,300,300,"bu","13:43:00",2491700
21400,300,600,"bu","13:42:21",2491400
21400,300,500,"bu","13:42:16",2490800
21350,250,200,"sd","13:41:49",2490300
21350,250,400,"sd","13:41:45",2490100
21350,250,700,"sd","13:40:20",2489700
21400,300,500,"bu","13:40:11",2489000
21400,300,1100,"bu","13:39:29",2488500
21400,300,3000,"bu","13:39:29",2487400
21400,300,600,"bu","13:39:29",2484400
21400,300,300,"bu","13:39:29",2483800
21400,300,500,"bu","13:39:13",2483500
21400,300,500,"bu","13:39:01",2483000
21400,300,500,"bu","13:38:39",2482500
21400,300,100,"bu","13:38:33",2482000
21400,300,600,"bu","13:38:07",2481900
21400,300,100,"bu","13:37:57",2481300
21400,300,1900,"bu","13:37:34",2481200
21400,300,1400,"bu","13:37:34",2479300
21400,300,100,"bu","13:37:34",2477900
21400,300,5000,"bu","13:37:34",2477800
21400,300,300,"bu","13:37:34",2472800
21400,300,2000,"bu","13:37:34",2472500
21400,300,500,"bu","13:37:34",2470500
21400,300,2000,"bu","13:37:34",2470000
21400,300,200,"bu","13:37:34",2468000
21350,250,700,"sd","13:37:06",2467800
21350,250,1000,"sd","13:37:06",2467100
21400,300,100,"bu","13:37:02",2466100
21400,300,100,"bu","13:37:01",2466000
21400,300,200,"bu","13:37:01",2465900
21400,300,100,"bu","13:37:01",2465700
21400,300,300,"bu","13:37:01",2465600
21400,300,200,"bu","13:37:01",2465300
21400,300,100,"bu","13:37:01",2465100
21400,300,300,"bu","13:37:01",2465000
21400,300,300,"bu","13:37:01",2464700
21400,300,500,"bu","13:37:01",2464400
21400,300,4800,"bu","13:37:01",2463900
21350,250,1000,"sd","13:36:55",2459100
21350,250,7500,"sd","13:35:50",2458100
21400,300,1500,"bu","13:35:31",2450600
21400,300,500,"bu","13:35:31",2449100
21400,300,100,"bu","13:34:47",2448600
21350,250,100,"bu","13:33:24",2448500
21350,250,400,"bu","13:33:24",2448400
21350,250,300,"bu","13:33:23",2448000
21350,250,500,"bu","13:33:20",2447700
21350,250,100,"bu","13:33:20",2447200
21350,250,200,"bu","13:33:20",2447100
21350,250,100,"bu","13:33:20",2446900
21350,250,100,"bu","13:33:20",2446800
21350,250,300,"bu","13:33:18",2446700
21350,250,100,"bu","13:33:18",2446400
21350,250,100,"bu","13:33:18",2446300
21350,250,100,"bu","13:33:13",2446200
21300,200,1000,"sd","13:33:04",2446100
21350,250,100,"bu","13:32:58",2445100
21350,250,100,"bu","13:32:58",2445000
21350,250,300,"bu","13:32:58",2444900
21350,250,6800,"bu","13:32:58",2444600
21350,250,100,"bu","13:32:58",2437800
21350,250,2600,"bu","13:32:58",2437700
21300,200,1100,"sd","13:32:57",2435100
21300,200,2000,"sd","13:32:40",2434000
21300,200,100,"sd","13:32:34",2432000
21300,200,100,"sd","13:32:23",2431900
21350,250,300,"bu","13:32:05",2431800
21350,250,100,"bu","13:31:03",2431500
21350,250,200,"bu","13:30:45",2431400
21350,250,100,"bu","13:30:41",2431200
21350,250,200,"bu","13:30:31",2431100
21300,200,100,"sd","13:30:22",2430900
21350,250,100,"bu","13:30:00",2430800
21350,250,1000,"bu","13:29:22",2430700
21350,250,1500,"bu","13:29:22",2429700
21350,250,500,"bu","13:29:22",2428200
21350,250,500,"bu","13:29:17",2427700
21300,200,1000,"sd","13:28:57",2427200
21300,200,4000,"sd","13:28:57",2426200
21300,200,300,"sd","13:28:57",2422200
21300,200,5500,"sd","13:28:57",2421900
21300,200,100,"bu","13:28:57",2416400
21300,200,2000,"bu","13:28:33",2416300
21300,200,500,"bu","13:28:14",2414300
21300,200,100,"bu","13:28:03",2413800
21300,200,1900,"bu","13:28:02",2413700
21300,200,100,"bu","13:28:02",2411800
21250,150,2300,"sd","13:27:50",2411700
21250,150,400,"sd","13:27:50",2409400
21250,150,1500,"sd","13:27:50",2409000
21250,150,400,"sd","13:27:50",2407500
21250,150,400,"sd","13:27:50",2407100
21250,150,1000,"sd","13:27:50",2406700
21300,200,100,"bu","13:27:32",2405700
21300,200,2000,"sd","13:27:29",2405600
21300,200,8900,"sd","13:27:29",2403600
21300,200,800,"sd","13:27:27",2394700
21300,200,200,"bu","13:27:22",2393900
21300,200,100,"bu","13:27:22",2393700
21300,200,600,"bu","13:27:19",2393600
21300,200,500,"bu","13:27:19",2393000
21300,200,100,"bu","13:27:19",2392500
21300,200,300,"bu","13:27:19",2392400
21300,200,2200,"bu","13:27:19",2392100
21300,200,200,"bu","13:27:18",2389900
21300,200,200,"bu","13:27:18",2389700
21300,200,500,"bu","13:27:13",2389500
21300,200,100,"bu","13:27:11",2389000
21300,200,600,"bu","13:27:08",2388900
21300,200,1200,"bu","13:26:59",2388300
21300,200,1000,"bu","13:26:59",2387100
21300,200,8200,"bu","13:26:59",2386100
21300,200,7000,"bu","13:26:59",2377900
21300,200,2600,"bu","13:26:59",2370900
21300,200,1000,"bu","13:26:49",2368300
21250,150,2000,"sd","13:26:46",2367300
21250,150,2000,"sd","13:26:46",2365300
21250,150,10000,"sd","13:26:46",2363300
21250,150,5000,"sd","13:26:46",2353300
21250,150,100,"sd","13:26:46",2348300
21250,150,9900,"sd","13:26:46",2348200
21250,150,1000,"sd","13:26:43",2338300
21250,150,500,"sd","13:26:13",2337300
21300,200,300,"bu","13:25:58",2336800
21300,200,1000,"sd","13:25:56",2336500
21300,200,100,"sd","13:25:56",2335500
21300,200,500,"sd","13:25:56",2335400
21300,200,500,"sd","13:25:56",2334900
21300,200,100,"sd","13:25:56",2334400
21300,200,1900,"sd","13:25:56",2334300
21300,200,100,"sd","13:25:43",2332400
21300,200,900,"sd","13:25:42",2332300
21300,200,2100,"sd","13:25:25",2331400
21300,200,200,"sd","13:25:25",2329300
21300,200,3000,"sd","13:25:25",2329100
21300,200,10000,"sd","13:25:25",2326100
21300,200,10000,"sd","13:25:25",2316100
21300,200,500,"sd","13:25:25",2306100
21300,200,500,"sd","13:25:25",2305600
21300,200,1200,"sd","13:25:25",2305100
21300,200,5000,"sd","13:25:25",2303900
21300,200,500,"sd","13:25:25",2298900
21300,200,100,"sd","13:25:25",2298400
21300,200,300,"sd","13:25:25",2298300
21300,200,200,"sd","13:25:25",2298000
21300,200,600,"sd","13:25:25",2297800
21300,200,4200,"sd","13:25:25",2297200
21300,200,5800,"sd","13:25:25",2293000
21300,200,500,"sd","13:25:25",2287200
21300,200,200,"sd","13:25:25",2286700
21300,200,100,"sd","13:25:25",2286500
21300,200,4900,"sd","13:24:20",2286400
21300,200,200,"sd","13:24:20",2281500
21300,200,1000,"sd","13:24:20",2281300
21300,200,2300,"sd","13:24:20",2280300
21350,250,3000,"sd","13:24:06",2278000
21350,250,11200,"sd","13:24:06",2275000
21350,250,13000,"sd","13:24:06",2263800
21350,250,7600,"sd","13:24:06",2250800
21350,250,1000,"sd","13:24:06",2243200
21350,250,500,"sd","13:24:06",2242200
21350,250,500,"sd","13:24:06",2241700
21350,250,5000,"sd","13:24:06",2241200
21350,250,4000,"sd","13:24:01",2236200
21350,250,1000,"sd","13:23:53",2232200
21350,250,4000,"sd","13:23:53",2231200
21350,250,300,"sd","13:23:39",2227200
21350,250,100,"sd","13:23:11",2226900
21400,300,400,"bu","13:22:37",2226800
21350,250,1300,"sd","13:21:47",2226400
21400,300,300,"bu","13:21:46",2225100
21400,300,100,"bu","13:21:31",2224800
21400,300,200,"bu","13:21:09",2224700
21400,300,300,"bu","13:21:09",2224500
21350,250,500,"sd","13:21:06",2224200
21350,250,100,"sd","13:21:02",2223700
21350,250,100,"sd","13:20:56",2223600
21350,250,1200,"bu","13:20:44",2223500
21350,250,1400,"bu","13:20:44",2222300
21350,250,500,"sd","13:20:31",2220900
21350,250,500,"sd","13:20:31",2220400
21350,250,1000,"sd","13:20:31",2219900
21350,250,100,"sd","13:20:31",2218900
21350,250,200,"sd","13:20:31",2218800
21350,250,300,"sd","13:20:31",2218600
21350,250,100,"sd","13:20:14",2218300
21350,250,500,"sd","13:19:56",2218200
21350,250,100,"sd","13:19:47",2217700
21400,300,100,"bu","13:19:36",2217600
21400,300,600,"bu","13:19:36",2217500
21400,300,300,"bu","13:19:36",2216900
21400,300,200,"bu","13:19:11",2216600
21400,300,100,"bu","13:19:11",2216400
21400,300,500,"bu","13:19:11",2216300
21400,300,200,"bu","13:19:11",2215800
21400,300,100,"bu","13:19:11",2215600
21400,300,400,"bu","13:19:11",2215500
21400,300,300,"bu","13:19:11",2215100
21400,300,600,"bu","13:19:11",2214800
21400,300,100,"bu","13:19:11",2214200
21400,300,600,"bu","13:19:11",2214100
21400,300,1000,"bu","13:19:11",2213500
21400,300,1000,"bu","13:19:11",2212500
21350,250,2800,"bu","13:19:11",2211500
21350,250,100,"bu","13:19:11",2208700
21350,250,200,"sd","13:18:55",2208600
21350,250,1800,"sd","13:18:49",2208400
21350,250,500,"sd","13:18:49",2206600
21350,250,2700,"sd","13:18:49",2206100
21350,250,300,"sd","13:18:23",2203400
21350,250,1000,"sd","13:18:23",2203100
21350,250,100,"bu","13:18:12",2202100
21350,250,200,"bu","13:18:12",2202000
21350,250,100,"bu","13:18:08",2201800
21350,250,400,"bu","13:18:01",2201700
21350,250,200,"bu","13:17:58",2201300
21300,200,7700,"sd","13:17:52",2201100
21300,200,2300,"sd","13:17:52",2193400
21350,250,100,"bu","13:17:52",2191100
21300,200,100,"sd","13:17:33",2191000
21350,250,200,"sd","13:17:21",2190900
21350,250,1000,"bu","13:17:04",2190700
21350,250,1000,"sd","13:16:57",2189700
21350,250,100,"bu","13:16:33",2188700
21300,200,7600,"sd","13:16:23",2188600
21300,200,100,"sd","13:16:23",2181000
21300,200,100,"sd","13:16:23",2180900
21300,200,7000,"sd","13:16:23",2180800
21300,200,3300,"sd","13:16:23",2173800
21350,250,1900,"bu","13:16:16",2170500
21350,250,900,"bu","13:16:16",2168600
21350,250,300,"sd","13:15:45",2167700
21350,250,3800,"sd","13:15:45",2167400
21350,250,500,"sd","13:15:36",2163600
21350,250,100,"bu","13:15:29",2163100
21350,250,15600,"bu","13:15:29",2163000
21350,250,700,"bu","13:15:23",2147400
21350,250,100,"bu","13:14:53",2146700
21350,250,300,"unknown","13:14:29",2146600
21350,250,300,"bu","13:14:22",2146300
21350,250,500,"bu","13:14:12",2146000
21350,250,200,"bu","13:14:02",2145500
21350,250,200,"bu","13:14:02",2145300
21350,250,500,"bu","13:14:02",2145100
21350,250,2000,"bu","13:14:02",2144600
21350,250,100,"bu","13:14:02",2142600
21350,250,100,"bu","13:13:56",2142500
21350,250,500,"bu","13:13:43",2142400
21350,250,500,"bu","13:13:31",2141900
21300,200,100,"sd","13:13:31",2141400
21300,200,2000,"sd","13:13:26",2141300
21300,200,1000,"sd","13:13:22",2139300
21350,250,600,"bu","13:13:19",2138300
21300,200,5000,"sd","13:12:55",2137700
21350,250,3300,"bu","13:12:53",2132700
21350,250,100,"bu","13:12:53",2129400
21350,250,6600,"bu","13:12:53",2129300
21350,250,1400,"bu","13:12:37",2122700
21300,200,500,"sd","13:12:24",2121300
21350,250,2000,"bu","13:12:13",2120800
21300,200,900,"sd","13:12:10",2118800
21300,200,7200,"sd","13:10:52",2117900
21300,200,4700,"sd","13:10:52",2110700
21300,200,100,"sd","13:10:52",2106000
21300,200,400,"sd","13:10:36",2105900
21300,200,600,"sd","13:10:36",2105500
21300,200,400,"sd","13:10:27",2104900
21300,200,100,"sd","13:10:27",2104500
21300,200,200,"sd","13:10:19",2104400
21300,200,800,"sd","13:10:19",2104200
21300,200,100,"sd","13:10:14",2103400
21300,200,100,"bu","13:09:37",2103300
21300,200,3000,"bu","13:09:32",2103200
21300,200,1000,"sd","13:09:29",2100200
21300,200,1000,"sd","13:09:29",2099200
21300,200,100,"sd","13:09:29",2098200
21300,200,1000,"sd","13:09:29",2098100
21300,200,100,"sd","13:09:29",2097100
21300,200,100,"sd","13:09:29",2097000
21300,200,1200,"sd","13:09:29",2096900
21300,200,2000,"sd","13:09:29",2095700
21300,200,2000,"sd","13:09:29",2093700
21300,200,1500,"sd","13:09:29",2091700
21300,200,400,"sd","13:09:29",2090200
21300,200,5000,"sd","13:09:29",2089800
21300,200,1000,"sd","13:09:29",2084800
21300,200,500,"sd","13:09:29",2083800
21300,200,200,"sd","13:09:22",2083300
21300,200,300,"sd","13:09:22",2083100
21300,200,200,"sd","13:09:21",2082800
21300,200,100,"sd","13:09:19",2082600
21300,200,400,"sd","13:09:05",2082500
21300,200,500,"sd","13:09:05",2082100
21300,200,700,"sd","13:08:45",2081600
21300,200,100,"sd","13:08:18",2080900
21300,200,1200,"sd","13:07:58",2080800
21300,200,5000,"sd","13:07:58",2079600
21300,200,300,"sd","13:07:58",2074600
21300,200,300,"sd","13:07:58",2074300
21350,250,3200,"unknown","13:07:58",2074000
21350,250,100,"bu","13:07:54",2070800
21350,250,200,"bu","13:07:54",2070700
21350,250,1500,"bu","13:07:54",2070500
21300,200,2000,"sd","13:07:52",2069000
21300,200,600,"sd","13:07:49",2067000
21300,200,1000,"sd","13:07:49",2066400
21300,200,100,"sd","13:07:37",2065400
21350,250,500,"bu","13:07:24",2065300
21350,250,2300,"bu","13:06:48",2064800
21350,250,300,"bu","13:06:48",2062500
21350,250,2000,"bu","13:06:48",2062200
21350,250,400,"bu","13:06:48",2060200
21350,250,500,"bu","13:06:35",2059800
21300,200,500,"sd","13:06:31",2059300
21300,200,400,"sd","13:06:17",2058800
21300,200,2000,"bu","13:06:16",2058400
21300,200,1700,"bu","13:06:15",2056400
21300,200,1300,"bu","13:06:14",2054700
21300,200,2900,"bu","13:06:14",2053400
21300,200,800,"bu","13:06:14",2050500
21300,200,200,"bu","13:06:12",2049700
21300,200,2000,"bu","13:06:11",2049500
21300,200,600,"bu","13:06:11",2047500
21300,200,100,"bu","13:06:09",2046900
21300,200,1000,"bu","13:06:09",2046800
21300,200,300,"bu","13:06:09",2045800
21300,200,600,"bu","13:06:09",2045500
21300,200,100,"bu","13:06:08",2044900
21300,200,1300,"bu","13:06:03",2044800
21300,200,200,"bu","13:06:03",2043500
21300,200,100,"bu","13:06:02",2043300
21300,200,200,"bu","13:06:02",2043200
21300,200,700,"bu","13:06:02",2043000
21300,200,500,"bu","13:06:01",2042300
21300,200,800,"bu","13:05:52",2041800
21300,200,200,"bu","13:05:52",2041000
21250,150,1900,"sd","13:05:47",2040800
21250,150,6700,"sd","13:05:12",2038900
21250,150,300,"sd","13:05:12",2032200
21300,200,3000,"bu","13:05:12",2031900
21250,150,500,"bu","13:04:56",2028900
21250,150,1000,"bu","13:04:56",2028400
21250,150,600,"bu","13:04:56",2027400
21250,150,2600,"bu","13:04:56",2026800
21250,150,2000,"bu","13:04:56",2024200
21250,150,200,"bu","13:04:48",2022200
21250,150,1000,"bu","13:04:48",2022000
21250,150,2000,"bu","13:04:36",2021000
21200,100,3000,"sd","13:04:35",2019000
21200,100,500,"sd","13:04:35",2016000
21200,100,1000,"sd","13:04:35",2015500
21200,100,100,"sd","13:04:35",2014500
21200,100,400,"sd","13:04:35",2014400
21250,150,3000,"bu","13:04:34",2014000
21200,100,4600,"sd","13:04:31",2011000
21200,100,200,"sd","13:04:31",2006400
21200,100,200,"sd","13:04:31",2006200
21250,150,1000,"bu","13:04:26",2006000
21250,150,1900,"bu","13:04:26",2005000
21250,150,100,"bu","13:04:26",2003100
21250,150,600,"bu","13:04:26",2003000
21250,150,100,"unknown","13:04:26",2002400
21250,150,100,"sd","13:04:26",2002300
21250,150,100,"sd","13:04:26",2002200
21250,150,300,"sd","13:04:26",2002100
21250,150,100,"sd","13:04:24",2001800
21250,150,300,"sd","13:04:12",2001700
21250,150,1000,"sd","13:04:10",2001400
21250,150,500,"sd","13:04:10",2000400
21250,150,1200,"sd","13:04:10",1999900
21300,200,500,"bu","13:04:08",1998700
21250,150,1800,"sd","13:03:34",1998200
21250,150,5000,"sd","13:03:34",1996400
21250,150,200,"sd","13:03:34",1991400
21250,150,1000,"sd","13:03:34",1991200
21250,150,500,"sd","13:03:34",1990200
21250,150,500,"sd","13:03:34",1989700
21250,150,1400,"sd","13:03:34",1989200
21250,150,500,"sd","13:03:34",1987800
21250,150,1000,"sd","13:03:34",1987300
21250,150,1000,"sd","13:03:34",1986300
21250,150,1000,"sd","13:03:34",1985300
21250,150,300,"sd","13:03:34",1984300
21250,150,800,"sd","13:03:34",1984000
21250,150,2200,"sd","13:03:34",1983200
21250,150,800,"sd","13:03:34",1981000
21250,150,200,"sd","13:03:33",1980200
21250,150,1400,"sd","13:03:33",1980000
21250,150,500,"sd","13:03:29",1978600
21250,150,500,"sd","13:03:24",1978100
21250,150,200,"sd","13:03:14",1977600
21250,150,10000,"sd","13:03:11",1977400
21250,150,7400,"sd","13:03:09",1967400
21250,150,500,"sd","13:03:09",1960000
21250,150,100,"sd","13:03:09",1959500
21250,150,1000,"sd","13:03:09",1959400
21250,150,200,"sd","13:02:48",1958400
21250,150,100,"sd","13:02:44",1958200
21250,150,500,"sd","13:02:41",1958100
21250,150,100,"sd","13:02:20",1957600
21250,150,4400,"sd","13:02:04",1957500
21250,150,5600,"sd","13:02:04",1953100
21250,150,500,"sd","13:01:55",1947500
21250,150,900,"sd","13:01:51",1947000
21250,150,500,"sd","13:01:48",1946100
21250,150,200,"sd","13:01:47",1945600
21250,150,300,"sd","13:01:33",1945400
21250,150,200,"sd","13:01:33",1945100
21250,150,2000,"sd","13:01:29",1944900
21250,150,100,"sd","13:01:29",1942900
21250,150,900,"sd","13:01:29",1942800
21300,200,500,"sd","13:01:10",1941900
21300,200,800,"sd","13:01:10",1941400
21300,200,200,"sd","13:01:09",1940600
21300,200,300,"sd","13:01:09",1940400
21300,200,500,"sd","13:01:09",1940100
21300,200,1400,"sd","13:01:03",1939600
21300,200,200,"sd","13:00:59",1938200
21300,200,100,"sd","13:00:53",1938000
21300,200,200,"sd","13:00:49",1937900
21300,200,1000,"sd","13:00:44",1937700
21300,200,2000,"sd","13:00:44",1936700
21300,200,2000,"sd","13:00:38",1934700
21300,200,1000,"sd","13:00:38",1932700
21350,250,200,"bu","13:00:38",1931700
21350,250,100,"bu","13:00:38",1931500
21350,250,200,"bu","13:00:37",1931400
21300,200,200,"sd","13:00:35",1931200
21300,200,4000,"sd","13:00:32",1931000
21300,200,800,"sd","13:00:32",1927000
21300,200,100,"sd","13:00:31",1926200
21350,250,100,"bu","13:00:24",1926100
21350,250,100,"bu","13:00:24",1926000
21300,200,200,"sd","13:00:21",1925900
21300,200,500,"bu","13:00:19",1925700
21300,200,1500,"bu","13:00:19",1925200
21300,200,3000,"bu","13:00:19",1923700
21300,200,1300,"bu","13:00:19",1920700
21300,200,10000,"bu","13:00:19",1919400
21300,200,1000,"bu","13:00:17",1909400
21250,150,1600,"sd","13:00:17",1908400
21250,150,100,"sd","13:00:17",1906800
21250,150,1000,"sd","13:00:17",1906700
21250,150,1000,"sd","13:00:17",1905700
21250,150,200,"sd","13:00:17",1904700
21250,150,200,"sd","13:00:10",1904500
21300,200,200,"bu","13:00:06",1904300
21300,200,1500,"bu","13:00:06",1904100
21250,150,100,"sd","13:00:05",1902600
21250,150,2900,"sd","13:00:05",1902500
21250,150,5000,"sd","13:00:05",1899600
21250,150,1500,"sd","13:00:05",1894600
21250,150,100,"sd","13:00:04",1893100
21250,150,1000,"sd","13:00:04",1893000
21250,150,100,"sd","13:00:04",1892000
21300,200,2000,"bu","13:00:04",1891900
21250,150,1100,"sd","13:00:04",1889900
21300,200,900,"bu","13:00:04",1888800
21300,200,2300,"bu","13:00:04",1887900
21300,200,5900,"bu","13:00:04",1885600
21300,200,5000,"bu","13:00:04",1879700
21300,200,100,"bu","13:00:04",1874700
21300,200,1600,"unknown","13:00:04",1874600
21300,200,100,"unknown","13:00:03",1873000
21350,250,100,"unknown","13:00:03",1872900
21350,250,500,"unknown","13:00:03",1872800
21350,250,1900,"unknown","13:00:03",1872300
21350,250,5500,"unknown","13:00:03",1870400
21300,200,14200,"sd","13:00:03",1864900
21300,200,100,"sd","13:00:03",1850700
21300,200,500,"sd","13:00:02",1850600
21300,200,500,"sd","13:00:02",1850100
21300,200,1600,"sd","13:00:01",1849600
21350,250,100,"sd","13:00:01",1848000
21350,250,300,"sd","13:00:01",1847900
21350,250,100,"sd","13:00:00",1847600
21400,300,100,"bu","11:29:45",1847500
21350,250,200,"bu","11:29:43",1847400
21350,250,300,"sd","11:29:32",1847200
21350,250,2000,"sd","11:29:19",1846900
21350,250,200,"sd","11:29:07",1844900
21400,300,100,"bu","11:29:06",1844700
21400,300,3000,"bu","11:29:00",1844600
21400,300,1000,"bu","11:29:00",1841600
21400,300,1000,"bu","11:29:00",1840600
21400,300,10000,"bu","11:29:00",1839600
21350,250,1000,"bu","11:28:33",1829600
21350,250,1000,"bu","11:28:33",1828600
21300,200,1000,"sd","11:27:38",1827600
21350,250,500,"sd","11:27:38",1826600
21350,250,5500,"sd","11:27:34",1826100
21300,200,2900,"sd","11:27:22",1820600
21300,200,400,"sd","11:27:22",1817700
21300,200,1600,"sd","11:27:22",1817300
21350,250,100,"sd","11:27:22",1815700
21350,250,100,"bu","11:27:20",1815600
21350,250,900,"bu","11:27:09",1815500
21350,250,100,"bu","11:27:09",1814600
21350,250,100,"bu","11:27:07",1814500
21350,250,400,"bu","11:27:07",1814400
21300,200,500,"sd","11:26:44",1814000
21350,250,600,"bu","11:26:44",1813500
21350,250,800,"bu","11:26:44",1812900
21350,250,500,"bu","11:26:44",1812100
21350,250,1000,"bu","11:26:44",1811600
21350,250,2000,"bu","11:26:44",1810600
21300,200,600,"bu","11:26:31",1808600
21300,200,800,"bu","11:26:31",1808000
21300,200,100,"bu","11:26:31",1807200
21300,200,2000,"bu","11:26:31",1807100
21300,200,5000,"bu","11:26:31",1805100
21300,200,100,"bu","11:26:31",1800100
21300,200,4300,"bu","11:26:31",1800000
21300,200,2000,"bu","11:26:30",1795700
21300,200,3700,"bu","11:26:21",1793700
21300,200,200,"bu","11:26:21",1790000
21300,200,100,"bu","11:26:21",1789800
21300,200,1000,"bu","11:26:21",1789700
21300,200,5000,"bu","11:26:21",1788700
21300,200,3000,"bu","11:26:21",1783700
21300,200,5000,"bu","11:26:18",1780700
21250,150,100,"sd","11:26:15",1775700
21250,150,100,"sd","11:25:51",1775600
21300,200,2000,"bu","11:25:44",1775500
21300,200,500,"bu","11:25:44",1773500
21300,200,5000,"bu","11:25:44",1773000
21300,200,2500,"bu","11:25:44",1768000
21250,150,600,"sd","11:25:39",1765500
21250,150,2000,"sd","11:25:36",1764900
21300,200,1000,"bu","11:25:11",1762900
21300,200,1500,"bu","11:24:58",1761900
21300,200,8500,"bu","11:24:58",1760400
21300,200,200,"bu","11:24:47",1751900
21250,150,600,"sd","11:24:43",1751700
21250,150,100,"sd","11:24:34",1751100
21300,200,600,"bu","11:24:28",1751000
21300,200,700,"bu","11:23:50",1750400
21300,200,200,"bu","11:23:50",1749700
21300,200,100,"bu","11:23:50",1749500
21300,200,500,"bu","11:23:12",1749400
21300,200,400,"bu","11:22:58",1748900
21300,200,600,"bu","11:22:58",1748500
21300,200,500,"bu","11:22:57",1747900
21300,200,100,"bu","11:22:51",1747400
21250,150,3000,"sd","11:22:25",1747300
21300,200,2000,"bu","11:22:24",1744300
21250,150,500,"sd","11:22:20",1742300
21250,150,11300,"sd","11:22:15",1741800
21250,150,500,"sd","11:22:10",1730500
21250,150,1100,"sd","11:21:57",1730000
21250,150,100,"sd","11:21:57",1728900
21250,150,400,"sd","11:21:57",1728800
21250,150,2000,"sd","11:21:49",1728400
21250,150,100,"sd","11:21:36",1726400
21250,150,300,"sd","11:21:17",1726300
21250,150,200,"sd","11:20:37",1726000
21250,150,800,"sd","11:20:37",1725800
21250,150,500,"sd","11:20:25",1725000
21250,150,700,"sd","11:20:21",1724500
21250,150,200,"sd","11:19:54",1723800
21250,150,2800,"sd","11:19:52",1723600
21250,150,5400,"sd","11:19:52",1720800
21250,150,1000,"sd","11:19:52",1715400
21250,150,200,"sd","11:19:52",1714400
21250,150,10600,"sd","11:19:52",1714200
21250,150,20200,"sd","11:19:41",1703600
21250,150,1900,"sd","11:19:37",1683400
21250,150,5000,"sd","11:19:32",1681500
21250,150,200,"sd","11:19:32",1676500
21250,150,200,"sd","11:19:31",1676300
21250,150,4400,"sd","11:19:15",1676100
21250,150,100,"sd","11:19:11",1671700
21250,150,800,"sd","11:19:01",1671600
21250,150,100,"sd","11:18:52",1670800
21250,150,400,"sd","11:18:47",1670700
21250,150,6100,"sd","11:18:22",1670300
21250,150,200,"sd","11:18:22",1664200
21250,150,100,"sd","11:18:22",1664000
21250,150,200,"sd","11:18:22",1663900
21250,150,100,"sd","11:18:22",1663700
21250,150,100,"sd","11:18:22",1663600
21250,150,200,"sd","11:18:22",1663500
21300,200,1000,"bu","11:17:38",1663300
21250,150,300,"sd","11:17:37",1662300
21250,150,1000,"sd","11:17:37",1662000
21250,150,100,"sd","11:17:37",1661000
21250,150,600,"sd","11:17:37",1660900
21300,200,1300,"bu","11:17:21",1660300
21300,200,300,"bu","11:16:42",1659000
21300,200,100,"bu","11:16:17",1658700
21250,150,100,"sd","11:15:58",1658600
21250,150,5000,"sd","11:15:58",1658500
21250,150,300,"sd","11:15:58",1653500
21300,200,1600,"sd","11:15:58",1653200
21300,200,300,"sd","11:15:51",1651600
21300,200,1000,"sd","11:15:44",1651300
21300,200,100,"bu","11:15:44",1650300
21300,200,200,"bu","11:15:39",1650200
21300,200,300,"sd","11:15:22",1650000
21300,200,200,"sd","11:15:22",1649700
21300,200,200,"sd","11:15:22",1649500
21300,200,1000,"sd","11:15:22",1649300
21300,200,500,"sd","11:15:21",1648300
21300,200,200,"sd","11:15:21",1647800
21300,200,100,"sd","11:15:21",1647600
21300,200,300,"sd","11:15:21",1647500
21300,200,200,"sd","11:15:21",1647200
21300,200,100,"sd","11:15:21",1647000
21300,200,1500,"sd","11:15:21",1646900
21300,200,200,"sd","11:15:21",1645400
21300,200,200,"sd","11:15:20",1645200
21300,200,1000,"sd","11:15:20",1645000
21300,200,100,"sd","11:15:20",1644000
21300,200,1000,"sd","11:15:20",1643900
21300,200,100,"sd","11:15:20",1642900
21300,200,500,"sd","11:15:20",1642800
21300,200,100,"sd","11:15:20",1642300
21300,200,500,"sd","11:15:20",1642200
21300,200,100,"sd","11:15:20",1641700
21300,200,100,"sd","11:15:20",1641600
21300,200,200,"sd","11:15:20",1641500
21300,200,500,"sd","11:15:20",1641300
21300,200,900,"sd","11:15:20",1640800
21300,200,500,"sd","11:15:20",1639900
21300,200,100,"sd","11:15:20",1639400
21300,200,1800,"sd","11:15:20",1639300
21300,200,400,"sd","11:15:20",1637500
21300,200,1000,"sd","11:15:20",1637100
21300,200,2500,"sd","11:15:20",1636100
21300,200,500,"sd","11:14:49",1633600
21300,200,3000,"sd","11:14:45",1633100
21300,200,1500,"sd","11:14:36",1630100
21300,200,500,"sd","11:14:05",1628600
21300,200,2000,"sd","11:13:30",1628100
21300,200,8000,"sd","11:13:30",1626100
21350,250,200,"bu","11:13:30",1618100
21300,200,1000,"sd","11:13:06",1617900
21350,250,7100,"bu","11:12:52",1616900
21350,250,1200,"bu","11:12:52",1609800
21350,250,1700,"bu","11:12:52",1608600
21300,200,500,"sd","11:12:44",1606900
21350,250,1300,"bu","11:12:37",1606400
21350,250,200,"bu","11:12:37",1605100
21350,250,500,"bu","11:12:37",1604900
21350,250,400,"bu","11:12:37",1604400
21300,200,500,"sd","11:12:18",1604000
21350,250,100,"sd","11:11:39",1603500
21350,250,100,"sd","11:11:24",1603400
21350,250,5000,"sd","11:11:24",1603300
21350,250,1000,"sd","11:11:24",1598300
21350,250,100,"sd","11:11:24",1597300
21350,250,1000,"sd","11:11:24",1597200
21350,250,1000,"sd","11:11:24",1596200
21350,250,700,"sd","11:11:24",1595200
21350,250,200,"sd","11:11:24",1594500
21350,250,300,"sd","11:11:24",1594300
21350,250,9600,"sd","11:11:24",1594000
21350,250,2000,"sd","11:11:22",1584400
21350,250,2000,"sd","11:10:48",1582400
21350,250,3300,"sd","11:09:35",1580400
21350,250,8100,"sd","11:08:50",1577100
21350,250,100,"sd","11:08:50",1569000
21350,250,5000,"sd","11:08:50",1568900
21350,250,200,"sd","11:08:50",1563900
21350,250,1400,"sd","11:08:50",1563700
21350,250,200,"sd","11:08:50",1562300
21350,250,100,"sd","11:08:50",1562100
21350,250,1000,"sd","11:08:50",1562000
21350,250,100,"sd","11:08:50",1561000
21350,250,10000,"sd","11:08:50",1560900
21350,250,400,"sd","11:08:50",1550900
21350,250,5000,"sd","11:08:50",1550500
21400,300,2000,"bu","11:08:39",1545500
21400,300,200,"bu","11:08:39",1543500
21400,300,1000,"bu","11:08:39",1543300
21400,300,100,"bu","11:08:39",1542300
21400,300,1000,"bu","11:08:39",1542200
21400,300,100,"bu","11:08:39",1541200
21400,300,100,"unknown","11:08:39",1541100
21400,300,2600,"sd","11:08:39",1541000
21400,300,100,"sd","11:08:39",1538400
21400,300,500,"sd","11:08:39",1538300
21400,300,500,"sd","11:08:39",1537800
21400,300,100,"sd","11:08:39",1537300
21400,300,100,"sd","11:08:39",1537200
21400,300,200,"sd","11:08:39",1537100
21400,300,300,"sd","11:08:39",1536900
21400,300,1000,"sd","11:08:39",1536600
21400,300,100,"sd","11:08:39",1535600
21400,300,5500,"sd","11:08:39",1535500
21400,300,200,"sd","11:08:39",1530000
21400,300,500,"sd","11:08:39",1529800
21400,300,1500,"sd","11:08:39",1529300
21400,300,200,"sd","11:08:39",1527800
21400,300,500,"sd","11:08:39",1527600
21450,350,1000,"bu","11:08:16",1527100
21450,350,1000,"bu","11:07:51",1526100
21450,350,500,"bu","11:06:40",1525100
21450,350,500,"bu","11:06:17",1524600
21400,300,400,"sd","11:06:11",1524100
21400,300,3600,"sd","11:05:49",1523700
21400,300,100,"sd","11:05:49",1520100
21400,300,100,"sd","11:05:49",1520000
21400,300,1000,"sd","11:05:49",1519900
21400,300,200,"sd","11:05:48",1518900
21400,300,100,"sd","11:05:24",1518700
21400,300,100,"sd","11:04:59",1518600
21400,300,100,"sd","11:04:59",1518500
21400,300,500,"sd","11:04:59",1518400
21400,300,1000,"sd","11:04:59",1517900
21400,300,1000,"sd","11:04:59",1516900
21400,300,100,"sd","11:04:59",1515900
21400,300,400,"sd","11:04:59",1515800
21400,300,1000,"sd","11:04:59",1515400
21400,300,5800,"sd","11:04:59",1514400
21450,350,500,"bu","11:03:47",1508600
21450,350,100,"bu","11:03:47",1508100
21450,350,600,"bu","11:03:19",1508000
21400,300,500,"sd","11:03:11",1507400
21450,350,2000,"bu","11:02:54",1506900
21450,350,500,"bu","11:02:53",1504900
21450,350,300,"sd","11:02:52",1504400
21450,350,200,"sd","11:02:52",1504100
21450,350,300,"sd","11:02:52",1503900
21450,350,5900,"sd","11:02:52",1503600
21500,400,100,"bu","11:02:41",1497700
21450,350,300,"sd","11:02:08",1497600
21500,400,2000,"bu","11:01:34",1497300
21450,350,1000,"sd","11:01:32",1495300
21450,350,200,"sd","11:01:11",1494300
21450,350,2300,"bu","11:00:53",1494100
21450,350,4000,"bu","11:00:53",1491800
21450,350,3700,"bu","11:00:53",1487800
21450,350,100,"bu","11:00:53",1484100
21450,350,2000,"bu","11:00:53",1484000
21450,350,300,"bu","11:00:53",1482000
21450,350,200,"bu","11:00:53",1481700
21450,350,100,"bu","11:00:41",1481500
21450,350,1100,"bu","10:59:59",1481400
21450,350,200,"bu","10:59:59",1480300
21450,350,500,"bu","10:59:59",1480100
21450,350,200,"bu","10:59:59",1479600
21450,350,500,"bu","10:59:47",1479400
21450,350,500,"bu","10:59:20",1478900
21450,350,200,"sd","10:58:17",1478400
21450,350,200,"sd","10:58:17",1478200
21450,350,300,"sd","10:58:17",1478000
21450,350,200,"sd","10:58:17",1477700
21450,350,100,"sd","10:58:17",1477500
21450,350,800,"sd","10:58:17",1477400
21450,350,100,"sd","10:58:14",1476600
21450,350,100,"sd","10:58:08",1476500
21450,350,1000,"sd","10:58:04",1476400
21500,400,100,"bu","10:57:50",1475400
21450,350,100,"sd","10:57:11",1475300
21450,350,2000,"sd","10:57:11",1475200
21450,350,400,"sd","10:57:11",1473200
21450,350,7500,"sd","10:57:11",1472800
21450,350,1000,"sd","10:56:57",1465300
21500,400,100,"bu","10:56:17",1464300
21450,350,1500,"sd","10:55:54",1464200
21450,350,100,"sd","10:55:54",1462700
21450,350,300,"sd","10:55:54",1462600
21450,350,100,"sd","10:55:54",1462300
21500,400,1000,"bu","10:55:50",1462200
21500,400,1000,"bu","10:55:45",1461200
21450,350,500,"sd","10:55:44",1460200
21450,350,500,"sd","10:55:44",1459700
21500,400,200,"bu","10:55:18",1459200
21450,350,100,"sd","10:55:10",1459000
21500,400,500,"bu","10:54:34",1458900
21450,350,200,"sd","10:54:33",1458400
21500,400,1900,"bu","10:53:36",1458200
21500,400,500,"bu","10:52:38",1456300
21500,400,1700,"bu","10:52:38",1455800
21500,400,3100,"bu","10:52:38",1454100
21500,400,4000,"bu","10:52:38",1451000
21500,400,200,"bu","10:52:38",1447000
21500,400,500,"bu","10:52:38",1446800
21450,350,200,"sd","10:52:15",1446300
21450,350,9000,"sd","10:52:12",1446100
21450,350,200,"sd","10:52:12",1437100
21450,350,800,"sd","10:52:12",1436900
21450,350,1000,"sd","10:51:37",1436100
21450,350,400,"sd","10:51:33",1435100
21450,350,400,"sd","10:51:25",1434700
21450,350,3000,"sd","10:51:04",1434300
21450,350,700,"sd","10:50:53",1431300
21450,350,200,"sd","10:50:53",1430600
21450,350,600,"sd","10:50:50",1430400
21450,350,500,"sd","10:50:49",1429800
21450,350,300,"sd","10:50:46",1429300
21450,350,1400,"sd","10:50:11",1429000
21450,350,1000,"sd","10:50:11",1427600
21450,350,100,"sd","10:50:11",1426600
21450,350,500,"sd","10:50:11",1426500
21450,350,2000,"sd","10:50:11",1426000
21450,350,100,"sd","10:49:54",1424000
21450,350,1000,"sd","10:49:45",1423900
21450,350,2100,"sd","10:49:20",1422900
21450,350,900,"sd","10:49:16",1420800
21450,350,3800,"sd","10:49:08",1419900
21450,350,2000,"sd","10:48:59",1416100
21450,350,5000,"sd","10:48:59",1414100
21500,400,300,"sd","10:47:21",1409100
21500,400,200,"sd","10:47:18",1408800
21500,400,100,"sd","10:47:18",1408600
21500,400,700,"sd","10:47:18",1408500
21500,400,1000,"sd","10:47:10",1407800
21500,400,1000,"sd","10:46:53",1406800
21500,400,1800,"sd","10:46:47",1405800
21500,400,500,"bu","10:46:39",1404000
21500,400,500,"sd","10:46:25",1403500
21500,400,200,"sd","10:46:25",1403000
21500,400,500,"sd","10:46:24",1402800
21500,400,500,"sd","10:46:24",1402300
21500,400,1100,"sd","10:46:24",1401800
21500,400,1000,"sd","10:46:19",1400700
21500,400,600,"sd","10:46:18",1399700
21500,400,5000,"sd","10:46:13",1399100
21500,400,800,"sd","10:46:10",1394100
21500,400,500,"sd","10:45:59",1393300
21550,450,500,"bu","10:45:40",1392800
21500,400,300,"sd","10:45:39",1392300
21500,400,600,"sd","10:45:38",1392000
21500,400,100,"sd","10:45:30",1391400
21500,400,100,"sd","10:45:30",1391300
21500,400,200,"sd","10:45:30",1391200
21500,400,600,"sd","10:45:30",1391000
21500,400,300,"sd","10:45:29",1390400
21500,400,100,"sd","10:45:26",1390100
21500,400,400,"sd","10:45:26",1390000
21500,400,400,"sd","10:45:23",1389600
21500,400,100,"sd","10:45:23",1389200
21500,400,100,"sd","10:45:15",1389100
21500,400,100,"sd","10:45:15",1389000
21500,400,800,"sd","10:45:15",1388900
21500,400,4200,"sd","10:44:58",1388100
21500,400,800,"sd","10:44:58",1383900
21550,450,100,"bu","10:44:48",1383100
21500,400,300,"sd","10:44:34",1383000
21500,400,400,"sd","10:44:30",1382700
21500,400,300,"sd","10:43:57",1382300
21500,400,500,"sd","10:43:57",1382000
21500,400,500,"sd","10:43:57",1381500
21500,400,100,"sd","10:43:57",1381000
21500,400,200,"sd","10:43:57",1380900
21500,400,3000,"sd","10:43:57",1380700
21500,400,300,"sd","10:43:57",1377700
21500,400,400,"sd","10:43:56",1377400
21500,400,300,"sd","10:43:43",1377000
21500,400,100,"sd","10:43:43",1376700
21500,400,200,"sd","10:43:43",1376600
21500,400,400,"sd","10:43:43",1376400
21500,400,200,"sd","10:43:43",1376000
21500,400,100,"sd","10:43:43",1375800
21500,400,100,"sd","10:43:43",1375700
21500,400,500,"sd","10:43:43",1375600
21500,400,500,"sd","10:43:42",1375100
21500,400,300,"sd","10:43:42",1374600
21500,400,100,"sd","10:43:42",1374300
21500,400,1000,"sd","10:43:42",1374200
21500,400,600,"sd","10:43:42",1373200
21500,400,500,"sd","10:43:42",1372600
21500,400,100,"sd","10:43:42",1372100
21500,400,300,"sd","10:43:41",1372000
21500,400,600,"sd","10:43:36",1371700
21500,400,100,"sd","10:43:36",1371100
21500,400,100,"sd","10:43:33",1371000
21500,400,1900,"sd","10:43:26",1370900
21500,400,100,"sd","10:43:26",1369000
21500,400,1000,"sd","10:43:26",1368900
21500,400,1000,"sd","10:43:26",1367900
21500,400,300,"sd","10:43:26",1366900
21500,400,200,"sd","10:43:26",1366600
21500,400,100,"sd","10:43:26",1366400
21500,400,200,"sd","10:42:45",1366300
21550,450,200,"bu","10:42:25",1366100
21550,450,100,"sd","10:42:15",1365900
21550,450,100,"sd","10:42:15",1365800
21550,450,500,"sd","10:42:15",1365700
21550,450,1200,"sd","10:42:15",1365200
21550,450,500,"sd","10:42:04",1364000
21550,450,500,"sd","10:42:03",1363500
21550,450,1000,"sd","10:41:58",1363000
21550,450,500,"sd","10:41:54",1362000
21550,450,5000,"sd","10:41:52",1361500
21550,450,3000,"sd","10:41:50",1356500
21550,450,2000,"sd","10:41:41",1353500
21600,500,200,"bu","10:41:20",1351500
21600,500,200,"bu","10:41:20",1351300
21600,500,100,"bu","10:41:20",1351100
21550,450,200,"sd","10:41:10",1351000
21550,450,100,"sd","10:40:40",1350800
21550,450,600,"sd","10:40:39",1350700
21550,450,500,"sd","10:40:29",1350100
21550,450,500,"sd","10:40:27",1349600
21550,450,500,"sd","10:40:27",1349100
21550,450,100,"sd","10:40:16",1348600
21550,450,700,"sd","10:40:15",1348500
21550,450,500,"sd","10:40:03",1347800
21550,450,1500,"sd","10:40:03",1347300
21550,450,1100,"sd","10:39:55",1345800
21550,450,100,"sd","10:39:55",1344700
21550,450,100,"sd","10:39:41",1344600
21550,450,2200,"sd","10:39:41",1344500
21550,450,100,"sd","10:39:34",1342300
21550,450,10000,"sd","10:38:58",1342200
21550,450,500,"sd","10:38:41",1332200
21550,450,500,"bu","10:38:14",1331700
21550,450,100,"bu","10:38:14",1331200
21550,450,500,"bu","10:38:14",1331100
21550,450,100,"bu","10:38:14",1330600
21550,450,3000,"bu","10:38:14",1330500
21550,450,3000,"bu","10:38:14",1327500
21550,450,1000,"bu","10:38:08",1324500
21550,450,1000,"bu","10:38:08",1323500
21550,450,100,"bu","10:38:08",1322500
21550,450,300,"bu","10:38:08",1322400
21550,450,200,"bu","10:37:42",1322100
21550,450,500,"bu","10:37:42",1321900
21550,450,500,"bu","10:37:42",1321400
21550,450,100,"bu","10:37:27",1320900
21550,450,200,"bu","10:37:07",1320800
21550,450,100,"bu","10:36:44",1320600
21550,450,100,"bu","10:36:38",1320500
21550,450,500,"bu","10:36:16",1320400
21550,450,1000,"sd","10:35:02",1319900
21550,450,1000,"sd","10:35:02",1318900
21550,450,300,"sd","10:35:02",1317900
21550,450,200,"sd","10:35:02",1317600
21550,450,100,"sd","10:35:02",1317400
21550,450,2000,"sd","10:35:02",1317300
21550,450,400,"sd","10:35:02",1315300
21550,450,2000,"sd","10:34:50",1314900
21550,450,1100,"sd","10:34:45",1312900
21550,450,1000,"sd","10:34:30",1311800
21550,450,200,"sd","10:34:23",1310800
21550,450,200,"sd","10:33:39",1310600
21550,450,300,"sd","10:33:34",1310400
21550,450,100,"sd","10:33:25",1310100
21550,450,500,"sd","10:33:22",1310000
21550,450,1000,"sd","10:33:03",1309500
21550,450,200,"sd","10:32:51",1308500
21550,450,3000,"sd","10:32:51",1308300
21550,450,2000,"sd","10:32:51",1305300
21550,450,100,"sd","10:32:50",1303300
21550,450,1900,"sd","10:32:47",1303200
21550,450,200,"sd","10:32:47",1301300
21550,450,100,"sd","10:32:47",1301100
21550,450,600,"sd","10:32:47",1301000
21550,450,1000,"sd","10:32:45",1300400
21550,450,1000,"sd","10:32:37",1299400
21550,450,700,"sd","10:32:35",1298400
21550,450,3000,"sd","10:32:34",1297700
21550,450,500,"sd","10:32:20",1294700
21550,450,200,"sd","10:31:50",1294200
21550,450,2200,"sd","10:31:47",1294000
21550,450,200,"sd","10:31:46",1291800
21550,450,100,"sd","10:31:42",1291600
21550,450,100,"sd","10:31:42",1291500
21550,450,200,"sd","10:31:31",1291400
21550,450,700,"sd","10:31:15",1291200
21550,450,8500,"sd","10:31:15",1290500
21550,450,1500,"sd","10:31:00",1282000
21550,450,500,"sd","10:31:00",1280500
21600,500,300,"bu","10:30:43",1280000
21600,500,400,"bu","10:30:32",1279700
21600,500,500,"bu","10:30:32",1279300
21600,500,100,"bu","10:30:08",1278800
21600,500,1100,"bu","10:29:23",1278700
21600,500,1000,"bu","10:29:21",1277600
21600,500,200,"bu","10:28:48",1276600
21600,500,900,"bu","10:28:47",1276400
21600,500,200,"bu","10:28:25",1275500
21600,500,100,"bu","10:28:05",1275300
21600,500,200,"sd","10:27:34",1275200
21600,500,400,"sd","10:27:34",1275000
21600,500,400,"sd","10:27:34",1274600
21600,500,100,"sd","10:27:32",1274200
21600,500,500,"sd","10:27:32",1274100
21600,500,100,"sd","10:27:32",1273600
21600,500,2000,"sd","10:27:32",1273500
21600,500,2000,"sd","10:27:32",1271500
21600,500,300,"sd","10:27:32",1269500
21600,500,300,"sd","10:27:31",1269200
21600,500,100,"sd","10:27:24",1268900
21600,500,300,"sd","10:27:20",1268800
21600,500,600,"sd","10:27:20",1268500
21600,500,1000,"sd","10:27:20",1267900
21600,500,2100,"sd","10:27:20",1266900
21600,500,900,"sd","10:27:16",1264800
21600,500,500,"sd","10:27:16",1263900
21600,500,3600,"sd","10:27:16",1263400
21600,500,300,"sd","10:27:06",1259800
21600,500,3000,"sd","10:27:06",1259500
21650,550,500,"bu","10:26:47",1256500
21600,500,3100,"sd","10:26:46",1256000
21600,500,500,"sd","10:26:46",1252900
21600,500,500,"sd","10:26:46",1252400
21600,500,1000,"sd","10:26:46",1251900
21600,500,1000,"sd","10:26:46",1250900
21600,500,100,"sd","10:26:46",1249900
21600,500,400,"sd","10:26:46",1249800
21600,500,2500,"sd","10:26:46",1249400
21600,500,900,"sd","10:26:46",1246900
21600,500,100,"sd","10:26:43",1246000
21600,500,1000,"sd","10:26:42",1245900
21600,500,2000,"sd","10:26:42",1244900
21600,500,500,"sd","10:26:42",1242900
21600,500,200,"sd","10:26:42",1242400
21600,500,100,"sd","10:26:42",1242200
21600,500,1200,"sd","10:26:42",1242100
21600,500,700,"sd","10:26:38",1240900
21600,500,1300,"sd","10:26:38",1240200
21600,500,200,"sd","10:26:38",1238900
21600,500,100,"sd","10:26:38",1238700
21600,500,100,"sd","10:26:38",1238600
21600,500,400,"sd","10:26:38",1238500
21650,550,200,"bu","10:26:24",1238100
21600,500,200,"sd","10:26:19",1237900
21600,500,400,"sd","10:26:15",1237700
21600,500,100,"sd","10:26:15",1237300
21600,500,500,"sd","10:26:15",1237200
21600,500,300,"sd","10:26:11",1236700
21600,500,500,"sd","10:26:07",1236400
21600,500,4000,"sd","10:26:00",1235900
21600,500,100,"sd","10:25:58",1231900
21650,550,1300,"bu","10:25:55",1231800
21650,550,700,"bu","10:25:55",1230500
21600,500,1500,"sd","10:25:49",1229800
21600,500,100,"sd","10:25:49",1228300
21600,500,1000,"sd","10:25:49",1228200
21600,500,500,"sd","10:25:49",1227200
21650,550,300,"bu","10:25:36",1226700
21650,550,200,"bu","10:25:36",1226400
21650,550,600,"bu","10:25:36",1226200
21650,550,500,"bu","10:25:20",1225600
21650,550,100,"bu","10:25:13",1225100
21650,550,1000,"bu","10:23:41",1225000
21650,550,500,"bu","10:23:34",1224000
21600,500,100,"sd","10:23:26",1223500
21600,500,100,"sd","10:23:23",1223400
21600,500,300,"sd","10:23:18",1223300
21600,500,500,"sd","10:23:14",1223000
21600,500,100,"sd","10:22:59",1222500
21600,500,1000,"sd","10:22:42",1222400
21650,550,200,"bu","10:22:40",1221400
21600,500,100,"sd","10:22:36",1221200
21600,500,1000,"sd","10:22:27",1221100
21600,500,1000,"sd","10:22:21",1220100
21600,500,1000,"sd","10:22:20",1219100
21600,500,1000,"sd","10:22:14",1218100
21600,500,100,"sd","10:21:52",1217100
21600,500,500,"sd","10:21:47",1217000
21600,500,400,"sd","10:21:46",1216500
21600,500,100,"sd","10:21:34",1216100
21600,500,1100,"sd","10:21:29",1216000
21650,550,600,"bu","10:20:49",1214900
21650,550,1500,"bu","10:20:22",1214300
21650,550,500,"bu","10:20:22",1212800
21600,500,100,"sd","10:20:18",1212300
21650,550,500,"bu","10:20:02",1212200
21650,550,1000,"bu","10:19:51",1211700
21650,550,300,"bu","10:19:51",1210700
21650,550,200,"bu","10:18:55",1210400
21650,550,300,"bu","10:18:55",1210200
21650,550,500,"bu","10:18:55",1209900
21650,550,100,"bu","10:18:48",1209400
21650,550,500,"bu","10:18:48",1209300
21650,550,2000,"bu","10:18:48",1208800
21650,550,200,"bu","10:18:48",1206800
21650,550,2200,"bu","10:18:48",1206600
21650,550,400,"bu","10:18:44",1204400
21650,550,100,"bu","10:18:44",1204000
21650,550,100,"bu","10:18:44",1203900
21650,550,400,"bu","10:18:44",1203800
21650,550,1200,"bu","10:18:33",1203400
21650,550,1000,"bu","10:18:29",1202200
21650,550,3400,"bu","10:18:26",1201200
21650,550,1000,"bu","10:18:26",1197800
21650,550,200,"bu","10:18:26",1196800
21650,550,200,"bu","10:18:26",1196600
21650,550,100,"bu","10:18:26",1196400
21650,550,600,"bu","10:18:26",1196300
21650,550,100,"bu","10:18:23",1195700
21650,550,700,"bu","10:17:46",1195600
21650,550,500,"bu","10:17:46",1194900
21650,550,200,"bu","10:17:46",1194400
21650,550,500,"bu","10:17:46",1194200
21650,550,200,"bu","10:17:46",1193700
21650,550,2500,"bu","10:17:46",1193500
21600,500,500,"sd","10:17:36",1191000
21650,550,100,"bu","10:17:27",1190500
21650,550,1000,"bu","10:17:26",1190400
21650,550,4000,"bu","10:17:17",1189400
21650,550,100,"bu","10:17:08",1185400
21650,550,10000,"bu","10:17:02",1185300
21600,500,10000,"sd","10:16:54",1175300
21650,550,1000,"bu","10:16:53",1165300
21650,550,300,"bu","10:16:50",1164300
21650,550,100,"sd","10:16:39",1164000
21650,550,800,"sd","10:16:39",1163900
21650,550,700,"sd","10:16:39",1163100
21650,550,500,"sd","10:16:34",1162400
21650,550,6000,"sd","10:16:34",1161900
21650,550,500,"sd","10:16:34",1155900
21650,550,1000,"sd","10:16:34",1155400
21650,550,400,"sd","10:16:34",1154400
21650,550,1000,"sd","10:16:34",1154000
21650,550,600,"sd","10:16:34",1153000
21650,550,200,"sd","10:16:25",1152400
21650,550,1000,"sd","10:16:04",1152200
21650,550,10000,"sd","10:15:58",1151200
21700,600,100,"bu","10:15:57",1141200
21650,550,2000,"sd","10:15:50",1141100
21650,550,500,"sd","10:15:48",1139100
21650,550,100,"sd","10:15:47",1138600
21650,550,5000,"sd","10:15:31",1138500
21650,550,100,"sd","10:15:29",1133500
21650,550,10000,"sd","10:15:26",1133400
21650,550,500,"sd","10:15:24",1123400
21650,550,100,"sd","10:15:15",1122900
21650,550,10000,"sd","10:15:07",1122800
21650,550,500,"sd","10:15:06",1112800
21650,550,1100,"sd","10:15:04",1112300
21650,550,2000,"sd","10:15:04",1111200
21650,550,1900,"sd","10:14:48",1109200
21650,550,200,"sd","10:14:43",1107300
21650,550,1000,"sd","10:14:42",1107100
21650,550,100,"sd","10:14:31",1106100
21650,550,3100,"sd","10:14:27",1106000
21650,550,1900,"sd","10:14:27",1102900
21650,550,100,"sd","10:14:18",1101000
21650,550,300,"sd","10:14:14",1100900
21650,550,500,"sd","10:14:13",1100600
21700,600,100,"bu","10:14:05",1100100
21650,550,100,"sd","10:13:59",1100000
21650,550,2700,"sd","10:13:58",1099900
21650,550,500,"sd","10:13:48",1097200
21700,600,500,"bu","10:13:45",1096700
21700,600,400,"bu","10:13:45",1096200
21700,600,100,"bu","10:13:45",1095800
21650,550,100,"sd","10:13:22",1095700
21650,550,500,"sd","10:13:19",1095600
21650,550,1000,"sd","10:13:15",1095100
21650,550,5000,"sd","10:13:13",1094100
21650,550,300,"bu","10:12:56",1089100
21650,550,100,"bu","10:12:56",1088800
21650,550,1500,"bu","10:12:56",1088700
21650,550,1000,"bu","10:12:56",1087200
21650,550,300,"bu","10:12:56",1086200
21650,550,2000,"bu","10:12:56",1085900
21650,550,500,"bu","10:12:56",1083900
21650,550,800,"bu","10:12:56",1083400
21650,550,800,"bu","10:12:56",1082600
21600,500,500,"sd","10:12:54",1081800
21650,550,1200,"bu","10:12:47",1081300
21650,550,1000,"bu","10:12:47",1080100
21650,550,1000,"bu","10:12:41",1079100
21650,550,500,"bu","10:12:37",1078100
21650,550,200,"bu","10:12:32",1077600
21600,500,1000,"sd","10:12:32",1077400
21650,550,5000,"bu","10:12:31",1076400
21650,550,500,"bu","10:12:31",1071400
21650,550,100,"bu","10:12:28",1070900
21650,550,1700,"sd","10:12:07",1070800
21650,550,100,"sd","10:12:06",1069100
21650,550,200,"sd","10:12:01",1069000
21650,550,100,"sd","10:12:01",1068800
21650,550,100,"sd","10:12:01",1068700
21650,550,1300,"sd","10:12:01",1068600
21650,550,500,"sd","10:12:01",1067300
21650,550,800,"sd","10:12:01",1066800
21650,550,100,"sd","10:11:58",1066000
21650,550,200,"sd","10:11:58",1065900
21650,550,100,"sd","10:11:58",1065700
21650,550,100,"sd","10:11:58",1065600
21650,550,100,"sd","10:11:58",1065500
21650,550,2000,"sd","10:11:57",1065400
21650,550,1100,"sd","10:11:57",1063400
21650,550,7000,"sd","10:11:56",1062300
21650,550,5000,"sd","10:11:56",1055300
21700,600,400,"bu","10:11:55",1050300
21700,600,300,"bu","10:11:55",1049900
21700,600,100,"bu","10:11:55",1049600
21650,550,1000,"sd","10:11:53",1049500
21650,550,3700,"sd","10:11:52",1048500
21650,550,200,"sd","10:11:52",1044800
21650,550,100,"sd","10:11:52",1044600
21650,550,2800,"sd","10:11:52",1044500
21650,550,2200,"sd","10:11:49",1041700
21650,550,500,"sd","10:11:49",1039500
21650,550,700,"sd","10:11:49",1039000
21650,550,1300,"sd","10:11:49",1038300
21650,550,100,"sd","10:11:49",1037000
21650,550,200,"sd","10:11:49",1036900
21650,550,100,"sd","10:11:49",1036700
21650,550,4900,"sd","10:11:49",1036600
21650,550,5000,"sd","10:11:46",1031700
21700,600,100,"bu","10:11:43",1026700
21650,550,100,"sd","10:11:30",1026600
21650,550,100,"sd","10:11:30",1026500
21650,550,400,"sd","10:11:30",1026400
21650,550,500,"sd","10:11:24",1026000
21650,550,1000,"sd","10:11:22",1025500
21650,550,10500,"sd","10:11:01",1024500
21700,600,200,"bu","10:10:56",1014000
21650,550,1000,"sd","10:10:42",1013800
21700,600,200,"bu","10:10:38",1012800
21650,550,200,"sd","10:10:38",1012600
21700,600,300,"bu","10:10:36",1012400
21700,600,2000,"bu","10:10:21",1012100
21700,600,4500,"bu","10:10:18",1010100
21700,600,5000,"bu","10:10:18",1005600
21700,600,200,"bu","10:10:18",1000600
21700,600,300,"bu","10:10:18",1000400
21700,600,200,"sd","10:10:12",1000100
21700,600,2000,"sd","10:10:12",999900
21700,600,2800,"sd","10:10:11",997900
21700,600,1000,"sd","10:10:11",995100
21700,600,1000,"sd","10:10:11",994100
21700,600,100,"sd","10:10:11",993100
21700,600,900,"sd","10:10:11",993000
21700,600,100,"sd","10:10:11",992100
21700,600,1000,"sd","10:10:11",992000
21700,600,2000,"sd","10:10:11",991000
21700,600,500,"sd","10:10:11",989000
21700,600,600,"sd","10:10:11",988500
21700,600,200,"sd","10:10:10",987900
21700,600,200,"sd","10:10:10",987700
21700,600,1500,"sd","10:10:10",987500
21700,600,2000,"sd","10:10:10",986000
21700,600,1300,"sd","10:10:10",984000
21700,600,3700,"sd","10:10:10",982700
21700,600,200,"sd","10:10:10",979000
21700,600,800,"sd","10:10:10",978800
21700,600,300,"sd","10:10:10",978000
21700,600,200,"sd","10:10:08",977700
21700,600,1000,"sd","10:10:08",977500
21700,600,100,"sd","10:10:04",976500
21700,600,1000,"sd","10:10:04",976400
21700,600,500,"sd","10:10:04",975400
21700,600,6900,"sd","10:10:03",974900
21700,600,800,"sd","10:10:03",968000
21700,600,2500,"sd","10:10:00",967200
21700,600,2500,"sd","10:10:00",964700
21700,600,200,"sd","10:09:56",962200
21700,600,100,"sd","10:09:54",962000
21700,600,200,"sd","10:09:39",961900
21700,600,1000,"sd","10:09:39",961700
21700,600,100,"sd","10:09:39",960700
21700,600,500,"sd","10:09:33",960600
21700,600,1000,"sd","10:09:14",960100
21750,650,100,"bu","10:09:09",958800
21750,650,200,"bu","10:09:09",959100
21750,650,100,"bu","10:09:09",958900
21700,600,100,"sd","10:08:53",958700
21700,600,1000,"sd","10:08:52",958600
21700,600,200,"sd","10:08:49",957600
21700,600,100,"sd","10:08:49",957400
21700,600,1000,"sd","10:08:47",957300
21700,600,8800,"sd","10:08:46",956300
21700,600,100,"sd","10:08:40",947500
21700,600,1000,"sd","10:08:31",947400
21700,600,1500,"sd","10:08:28",946400
21700,600,200,"bu","10:08:26",944900
21700,600,400,"bu","10:08:26",944700
21700,600,100,"sd","10:08:26",944300
21700,600,100,"bu","10:08:23",944200
21700,600,100,"bu","10:08:23",944100
21700,600,700,"bu","10:08:23",944000
21700,600,300,"bu","10:08:23",943300
21700,600,200,"bu","10:08:23",943000
21700,600,500,"bu","10:08:23",942800
21700,600,100,"bu","10:08:23",942300
21700,600,100,"bu","10:08:23",942200
21700,600,200,"bu","10:08:23",942100
21700,600,5000,"bu","10:08:23",941900
21700,600,1300,"bu","10:08:23",936900
21700,600,2300,"bu","10:08:23",935600
21700,600,500,"bu","10:08:22",933300
21700,600,2200,"bu","10:08:20",932800
21700,600,500,"bu","10:08:20",930600
21700,600,100,"bu","10:08:20",930100
21700,600,200,"bu","10:08:20",930000
21700,600,1200,"bu","10:08:19",929800
21700,600,800,"bu","10:08:19",928600
21700,600,500,"bu","10:08:19",927800
21700,600,500,"bu","10:08:19",927300
21700,600,200,"bu","10:08:19",926800
21700,600,1000,"bu","10:08:19",926600
21700,600,100,"bu","10:08:19",925600
21700,600,900,"bu","10:08:19",925500
21700,600,100,"bu","10:08:19",924600
21700,600,100,"bu","10:08:19",924500
21700,600,100,"bu","10:08:19",924400
21700,600,200,"bu","10:08:19",924300
21700,600,200,"bu","10:08:16",924100
21700,600,1400,"bu","10:08:13",923900
21700,600,600,"bu","10:08:13",922500
21700,600,400,"bu","10:08:13",921900
21700,600,1400,"bu","10:08:13",921500
21700,600,3200,"bu","10:08:13",920100
21700,600,1800,"bu","10:08:12",916900
21700,600,200,"bu","10:08:12",915100
21650,550,700,"sd","10:08:11",914900
21650,550,100,"sd","10:08:09",914200
21700,600,100,"bu","10:08:09",914100
21700,600,100,"bu","10:08:09",914000
21700,600,100,"bu","10:08:09",913900
21700,600,5900,"bu","10:08:09",913800
21700,600,800,"bu","10:08:09",907900
21700,600,1000,"bu","10:08:09",907100
21700,600,200,"bu","10:08:08",906100
21650,550,300,"sd","10:08:05",905900
21650,550,200,"sd","10:08:05",905600
21700,600,1000,"bu","10:08:03",905400
21700,600,2900,"bu","10:07:58",904400
21700,600,100,"bu","10:07:58",901500
21700,600,100,"bu","10:07:58",901400
21700,600,100,"bu","10:07:58",901300
21700,600,400,"bu","10:07:58",901200
21700,600,1000,"bu","10:07:58",900800
21700,600,3000,"bu","10:07:58",899800
21700,600,200,"bu","10:07:58",896800
21700,600,1000,"bu","10:07:58",896600
21700,600,100,"bu","10:07:58",895600
21700,600,100,"bu","10:07:58",895500
21700,600,500,"bu","10:07:58",895400
21700,600,500,"bu","10:07:58",894900
21650,550,1000,"sd","10:07:49",894400
21650,550,300,"sd","10:07:45",893400
21700,600,100,"bu","10:07:43",893100
21700,600,100,"bu","10:07:36",893000
21700,600,1000,"bu","10:07:35",892900
21700,600,1000,"bu","10:07:35",891900
21700,600,600,"bu","10:07:35",890900
21700,600,100,"bu","10:07:35",890300
21700,600,500,"bu","10:07:35",890200
21700,600,1000,"bu","10:07:35",889700
21700,600,100,"bu","10:07:35",888700
21700,600,700,"bu","10:07:35",888600
21700,600,1000,"bu","10:07:31",887900
21700,600,500,"bu","10:07:28",886900
21700,600,500,"bu","10:07:28",886400
21700,600,300,"bu","10:07:25",885900
21700,600,1000,"bu","10:07:24",885600
21650,550,2000,"sd","10:07:23",884600
21700,600,300,"bu","10:07:19",882600
21700,600,700,"bu","10:07:12",882300
21700,600,100,"bu","10:07:12",881600
21700,600,300,"bu","10:07:12",881500
21650,550,500,"sd","10:06:59",881200
21650,550,100,"sd","10:06:56",880700
21650,550,1200,"sd","10:06:52",880600
21650,550,2000,"sd","10:06:52",879400
21650,550,1800,"sd","10:06:52",877400
21650,550,100,"sd","10:06:51",875600
21650,550,700,"sd","10:06:41",875500
21650,550,500,"sd","10:06:27",874800
21650,550,200,"sd","10:06:27",874300
21650,550,300,"sd","10:06:27",874100
21650,550,100,"bu","10:06:22",873800
21650,550,100,"bu","10:06:22",873700
21650,550,200,"bu","10:06:22",873600
21650,550,700,"bu","10:06:22",873400
21650,550,300,"bu","10:06:17",872700
21650,550,200,"bu","10:06:17",872400
21650,550,200,"bu","10:06:11",872200
21650,550,500,"bu","10:06:05",872000
21650,550,100,"bu","10:06:04",871500
21650,550,400,"bu","10:06:04",871400
21650,550,100,"bu","10:06:02",871000
21650,550,100,"bu","10:06:02",870900
21650,550,100,"bu","10:06:01",870800
21650,550,100,"bu","10:06:01",870700
21650,550,100,"bu","10:06:01",870600
21650,550,3900,"bu","10:05:58",870500
21650,550,500,"bu","10:05:58",866600
21650,550,100,"bu","10:05:58",866100
21600,500,100,"sd","10:05:58",866000
21600,500,100,"sd","10:05:55",865900
21600,500,1200,"bu","10:05:50",865800
21600,500,300,"bu","10:05:50",864600
21600,500,100,"bu","10:05:50",864300
21600,500,6000,"bu","10:05:50",864200
21600,500,1000,"bu","10:05:50",858200
21600,500,500,"bu","10:05:50",857200
21600,500,1500,"bu","10:05:50",856700
21600,500,300,"bu","10:05:50",855200
21600,500,500,"bu","10:05:50",854900
21600,500,2000,"bu","10:05:50",854400
21600,500,100,"bu","10:05:50",852400
21600,500,100,"bu","10:05:50",852300
21600,500,100,"bu","10:05:50",852200
21600,500,200,"bu","10:05:50",852100
21600,500,200,"bu","10:05:50",851900
21600,500,300,"bu","10:05:50",851700
21600,500,500,"bu","10:05:50",851400
21600,500,1000,"bu","10:05:50",850900
21600,500,500,"bu","10:05:50",849900
21600,500,200,"bu","10:05:50",849400
21600,500,1000,"bu","10:05:50",849200
21600,500,1000,"bu","10:05:50",848200
21600,500,1000,"bu","10:05:50",847200
21600,500,500,"bu","10:05:50",846200
21600,500,1000,"bu","10:05:50",845700
21600,500,600,"bu","10:05:50",844700
21600,500,1500,"bu","10:05:50",844100
21600,500,100,"bu","10:05:50",842600
21600,500,100,"bu","10:05:50",842500
21600,500,200,"bu","10:05:50",842400
21600,500,900,"bu","10:05:50",842200
21600,500,400,"bu","10:05:50",841300
21600,500,1000,"bu","10:05:50",840900
21600,500,1000,"bu","10:05:50",839900
21600,500,500,"bu","10:05:50",838900
21600,500,100,"bu","10:05:50",838400
21550,450,1000,"bu","10:05:46",838300
21550,450,100,"bu","10:05:46",837300
21550,450,1000,"bu","10:05:46",837200
21550,450,500,"bu","10:05:46",836200
21550,450,1000,"bu","10:05:46",835700
21550,450,100,"bu","10:05:46",834700
21550,450,100,"bu","10:05:46",834600
21550,450,3100,"bu","10:05:46",834500
21550,450,1000,"bu","10:05:46",831400
21550,450,2000,"bu","10:05:46",830400
21550,450,1000,"bu","10:05:46",828400
21550,450,500,"bu","10:05:46",827400
21550,450,300,"bu","10:05:46",826900
21550,450,100,"bu","10:05:46",826600
21550,450,100,"bu","10:05:46",826500
21500,400,200,"sd","10:05:36",826400
21500,400,100,"bu","10:05:36",826200
21500,400,500,"bu","10:05:36",826100
21500,400,2300,"bu","10:05:36",825600
21500,400,300,"bu","10:05:36",823300
21500,400,200,"bu","10:05:36",823000
21500,400,800,"bu","10:05:36",822800
21500,400,100,"bu","10:05:36",822000
21500,400,100,"bu","10:05:36",821900
21500,400,100,"bu","10:05:35",821800
21500,400,7000,"bu","10:05:35",821700
21500,400,2800,"bu","10:05:33",814700
21500,400,1000,"bu","10:05:33",811900
21500,400,100,"bu","10:05:33",810900
21500,400,500,"bu","10:05:33",810800
21500,400,100,"bu","10:05:33",810300
21500,400,1000,"bu","10:05:33",810200
21500,400,2000,"bu","10:05:33",809200
21500,400,2000,"bu","10:05:33",807200
21500,400,500,"bu","10:05:33",805200
21500,400,500,"bu","10:05:32",804700
21500,400,500,"bu","10:05:32",804200
21500,400,400,"bu","10:05:32",803700
21500,400,500,"bu","10:05:32",803300
21500,400,100,"bu","10:05:32",802800
21500,400,100,"bu","10:05:32",802700
21500,400,2400,"bu","10:05:32",802600
21500,400,500,"bu","10:05:32",800200
21500,400,1200,"bu","10:05:28",799700
21500,400,3000,"bu","10:05:28",798500
21500,400,1000,"bu","10:05:27",795500
21500,400,1900,"bu","10:05:24",794500
21500,400,200,"bu","10:05:24",792600
21500,400,100,"bu","10:05:24",792400
21500,400,1000,"bu","10:05:24",792300
21500,400,200,"bu","10:05:24",791300
21500,400,1000,"bu","10:05:24",791100
21500,400,100,"bu","10:05:24",790100
21500,400,200,"bu","10:05:24",790000
21500,400,5000,"bu","10:05:24",789800
21500,400,100,"bu","10:05:24",784800
21500,400,200,"bu","10:05:24",784700
21500,400,200,"bu","10:05:24",784500
21500,400,200,"bu","10:05:24",784300
21500,400,100,"bu","10:05:24",784100
21500,400,1200,"bu","10:05:24",784000
21500,400,500,"bu","10:05:24",782800
21500,400,100,"bu","10:05:24",782300
21500,400,200,"bu","10:05:24",782200
21500,400,100,"bu","10:05:24",782000
21500,400,1000,"bu","10:05:24",781900
21500,400,3000,"bu","10:05:24",780900
21500,400,200,"bu","10:05:24",777900
21500,400,500,"bu","10:05:24",777700
21500,400,15000,"bu","10:05:24",777200
21500,400,100,"bu","10:05:24",762200
21500,400,1000,"bu","10:05:24",762100
21500,400,500,"bu","10:05:24",761100
21500,400,200,"bu","10:05:24",760600
21500,400,100,"bu","10:05:24",760400
21500,400,10000,"bu","10:05:24",760300
21500,400,500,"bu","10:05:24",750300
21500,400,200,"bu","10:05:24",749800
21500,400,400,"bu","10:05:24",749600
21500,400,10000,"bu","10:05:24",749200
21500,400,500,"bu","10:05:24",739200
21500,400,200,"bu","10:05:24",738700
21500,400,500,"bu","10:05:24",738500
21500,400,600,"bu","10:05:24",738000
21500,400,800,"bu","10:05:24",737400
21500,400,100,"bu","10:05:24",736600
21500,400,100,"bu","10:05:24",736500
21500,400,1000,"bu","10:05:24",736400
21500,400,5000,"bu","10:05:24",735400
21500,400,900,"bu","10:05:24",730400
21500,400,3100,"bu","10:05:23",729500
21500,400,100,"bu","10:05:23",726400
21500,400,1800,"bu","10:05:23",726300
21500,400,200,"bu","10:05:17",724500
21500,400,500,"bu","10:05:17",724300
21500,400,500,"bu","10:05:17",723800
21500,400,100,"bu","10:05:17",723300
21500,400,1000,"bu","10:05:17",723200
21500,400,100,"bu","10:05:17",722200
21500,400,200,"bu","10:05:17",722100
21500,400,400,"bu","10:05:17",721900
21450,350,100,"sd","10:05:11",721500
21500,400,1600,"bu","10:05:11",721400
21500,400,500,"bu","10:05:11",719800
21500,400,100,"bu","10:05:11",719300
21500,400,1700,"bu","10:05:11",719200
21500,400,1100,"bu","10:05:11",717500
21500,400,200,"bu","10:04:57",716400
21450,350,100,"sd","10:04:57",716200
21500,400,700,"bu","10:04:56",716100
21500,400,200,"bu","10:04:56",715400
21500,400,100,"bu","10:04:56",715200
21500,400,100,"bu","10:04:56",715100
21500,400,100,"bu","10:04:56",715000
21500,400,400,"bu","10:04:50",714900
21500,400,1000,"bu","10:04:50",714500
21500,400,1600,"bu","10:04:50",713500
21500,400,500,"bu","10:04:49",711900
21500,400,1100,"bu","10:04:38",711400
21450,350,400,"sd","10:04:37",710300
21450,350,600,"sd","10:04:37",709900
21500,400,800,"bu","10:04:27",709300
21500,400,500,"bu","10:04:23",708500
21450,350,800,"sd","10:04:20",708000
21450,350,600,"sd","10:04:19",707200
21450,350,200,"sd","10:04:19",706600
21450,350,2200,"sd","10:04:19",706400
21450,350,1000,"sd","10:04:15",704200
21450,350,500,"sd","10:04:14",703200
21450,350,100,"sd","10:04:11",702700
21500,400,500,"bu","10:04:08",702600
21500,400,100,"bu","10:04:08",702100
21500,400,200,"bu","10:04:08",702000
21500,400,500,"bu","10:04:08",701800
21500,400,2700,"bu","10:04:08",701300
21500,400,100,"bu","10:04:08",698600
21500,400,400,"bu","10:04:08",698500
21500,400,7300,"bu","10:04:08",698100
21500,400,200,"bu","10:04:08",690800
21500,400,2000,"bu","10:04:08",690600
21450,350,100,"sd","10:03:55",688600
21450,350,100,"sd","10:03:54",688500
21450,350,5300,"sd","10:03:54",688400
21450,350,200,"bu","10:03:44",683100
21450,350,500,"bu","10:03:43",682900
21450,350,10000,"sd","10:03:41",682400
21500,400,100,"bu","10:03:21",672400
21450,350,400,"bu","10:03:21",672300
21450,350,200,"bu","10:03:17",671900
21450,350,1400,"sd","10:03:15",671700
21450,350,600,"bu","10:03:13",670300
21450,350,1000,"sd","10:03:12",669700
21450,350,400,"sd","10:03:12",668700
21450,350,100,"sd","10:03:11",668300
21450,350,300,"sd","10:03:11",668200
21450,350,500,"sd","10:03:11",667900
21450,350,1100,"sd","10:03:11",667400
21450,350,300,"sd","10:03:09",666300
21450,350,2600,"sd","10:03:04",666000
21450,350,6400,"sd","10:03:04",663400
21450,350,100,"sd","10:02:51",657000
21500,400,200,"bu","10:02:49",656900
21450,350,500,"bu","10:02:38",656700
21450,350,3000,"bu","10:02:38",656200
21450,350,1000,"bu","10:02:33",653200
21450,350,200,"bu","10:02:32",652200
21450,350,200,"sd","10:02:26",652000
21450,350,500,"sd","10:02:26",651800
21450,350,100,"sd","10:02:26",651300
21500,400,100,"bu","10:02:23",651200
21500,400,300,"bu","10:02:23",651100
21500,400,600,"bu","10:02:23",650800
21450,350,500,"sd","10:02:17",650200
21500,400,3000,"bu","10:02:10",649700
21450,350,100,"sd","10:02:09",646700
21500,400,1400,"bu","10:02:04",646600
21500,400,500,"bu","10:02:04",645200
21500,400,300,"bu","10:02:04",644700
21500,400,300,"bu","10:02:04",644400
21500,400,200,"bu","10:02:04",644100
21500,400,200,"bu","10:02:04",643900
21500,400,100,"bu","10:02:04",643700
21450,350,200,"sd","10:02:03",643600
21500,400,500,"bu","10:02:00",643400
21450,350,2000,"sd","10:02:00",642900
21450,350,300,"sd","10:02:00",640900
21500,400,2000,"bu","10:01:52",640600
21500,400,400,"bu","10:01:48",638600
21500,400,1100,"bu","10:01:48",638200
21450,350,500,"bu","10:01:48",637100
21450,350,700,"bu","10:01:48",636600
21450,350,500,"sd","10:01:39",635900
21450,350,8800,"sd","10:01:39",635400
21450,350,1000,"sd","10:01:35",626600
21450,350,200,"bu","10:01:33",625600
21450,350,800,"sd","10:01:32",625400
21450,350,100,"sd","10:01:31",624600
21450,350,500,"sd","10:01:31",624500
21450,350,400,"sd","10:01:31",624000
21450,350,200,"sd","10:01:31",623600
21450,350,800,"sd","10:01:31",623400
21450,350,100,"sd","10:01:31",622600
21450,350,1500,"sd","10:01:31",622500
21450,350,5500,"bu","10:01:31",621000
21450,350,100,"bu","10:01:31",615500
21450,350,8500,"bu","10:01:29",615400
21450,350,100,"bu","10:01:29",606900
21450,350,500,"bu","10:01:29",606800
21450,350,1000,"bu","10:01:29",606300
21450,350,300,"bu","10:01:29",605300
21450,350,9600,"bu","10:01:29",605000
21400,300,1000,"sd","10:01:28",595400
21450,350,100,"bu","10:01:26",594400
21450,350,400,"bu","10:01:26",594300
21400,300,1000,"sd","10:01:22",593900
21400,300,1500,"sd","10:01:17",592900
21400,300,500,"sd","10:01:06",591400
21400,300,2500,"sd","10:01:06",590900
21400,300,100,"sd","10:01:06",588400
21400,300,7000,"sd","10:01:06",588300
21400,300,100,"sd","10:01:06",581300
21400,300,500,"sd","10:01:06",581200
21400,300,100,"sd","10:01:06",580700
21400,300,1600,"bu","10:01:06",580600
21400,300,200,"bu","10:01:06",579000
21400,300,200,"bu","10:01:06",578800
21400,300,1200,"bu","10:01:06",578600
21400,300,100,"bu","10:01:06",577400
21400,300,2300,"bu","10:01:06",577300
21400,300,100,"bu","10:01:06",575000
21400,300,1800,"bu","10:01:06",574900
21400,300,600,"bu","10:01:06",573100
21400,300,500,"bu","10:01:06",572500
21400,300,10000,"bu","10:01:06",572000
21400,300,200,"bu","10:01:06",562000
21400,300,1000,"bu","10:01:06",561800
21400,300,200,"bu","10:01:06",560800
21400,300,800,"bu","10:01:06",560600
21400,300,1300,"bu","10:01:06",559800
21400,300,700,"bu","10:01:06",558500
21400,300,300,"bu","10:01:06",557800
21400,300,200,"bu","10:01:06",557500
21400,300,3500,"bu","10:01:06",557300
21400,300,2500,"bu","10:01:06",553800
21400,300,100,"bu","10:01:06",551300
21400,300,200,"bu","10:00:57",551200
21400,300,1000,"bu","10:00:57",551000
21400,300,100,"bu","10:00:57",550000
21400,300,300,"bu","10:00:57",549900
21400,300,300,"bu","10:00:57",549600
21400,300,100,"bu","10:00:57",549300
21400,300,100,"bu","10:00:57",549200
21400,300,500,"bu","10:00:57",549100
21400,300,200,"bu","10:00:57",548600
21400,300,200,"bu","10:00:57",548400
21350,250,1000,"bu","10:00:53",548200
21350,250,100,"bu","10:00:53",547200
21350,250,100,"bu","10:00:53",547100
21350,250,500,"bu","10:00:53",547000
21350,250,7800,"bu","10:00:53",546500
21350,250,1000,"bu","10:00:53",538700
21350,250,1000,"bu","10:00:53",537700
21350,250,300,"bu","10:00:53",536700
21350,250,2200,"bu","10:00:53",536400
21350,250,100,"bu","10:00:53",534200
21350,250,500,"bu","10:00:53",534100
21350,250,1000,"bu","10:00:53",533600
21350,250,2000,"bu","10:00:53",532600
21350,250,200,"bu","10:00:53",530600
21350,250,1400,"bu","10:00:51",530400
21350,250,100,"bu","10:00:51",529000
21350,250,100,"bu","10:00:51",528900
21350,250,200,"bu","10:00:51",528800
21350,250,1000,"bu","10:00:51",528600
21350,250,300,"bu","10:00:51",527600
21350,250,100,"bu","10:00:51",527300
21350,250,6800,"bu","10:00:51",527200
21350,250,2500,"bu","10:00:50",520400
21350,250,500,"bu","10:00:44",517900
21300,200,2500,"sd","10:00:43",517400
21300,200,500,"sd","10:00:43",514900
21350,250,300,"bu","10:00:40",514200
21350,250,200,"bu","10:00:40",514400
21300,200,1000,"bu","10:00:37",513900
21300,200,400,"bu","10:00:37",512900
21300,200,100,"bu","10:00:37",512500
21300,200,4900,"bu","10:00:36",512400
21300,200,1200,"bu","10:00:36",507500
21300,200,8900,"bu","10:00:36",506300
21300,200,3000,"bu","10:00:36",497400
21300,200,2000,"bu","10:00:36",494400
21300,200,500,"bu","10:00:36",492400
21300,200,100,"bu","10:00:36",491900
21300,200,400,"bu","10:00:36",491800
21300,200,300,"bu","10:00:36",491400
21300,200,100,"bu","10:00:36",491100
21300,200,1100,"bu","10:00:36",491000
21300,200,200,"bu","10:00:36",489900
21300,200,500,"bu","10:00:36",489700
21300,200,500,"bu","10:00:36",489200
21300,200,2300,"bu","10:00:36",488700
21300,200,2500,"bu","10:00:34",486400
21300,200,1000,"bu","10:00:34",483900
21300,200,400,"bu","10:00:34",482900
21300,200,100,"bu","10:00:34",482500
21300,200,200,"bu","10:00:34",482400
21300,200,900,"bu","10:00:34",482200
21300,200,200,"bu","10:00:34",481300
21300,200,100,"bu","10:00:34",481100
21300,200,2000,"bu","10:00:34",481000
21300,200,100,"bu","10:00:34",479000
21300,200,1000,"bu","10:00:34",478900
21300,200,100,"bu","10:00:34",477900
21300,200,1000,"bu","10:00:34",477800
21300,200,100,"bu","10:00:34",476800
21300,200,100,"bu","10:00:34",476700
21300,200,200,"bu","10:00:34",476600
21300,200,2900,"bu","10:00:34",476400
21300,200,100,"bu","10:00:34",473500
21300,200,600,"bu","10:00:34",473400
21300,200,100,"bu","10:00:34",472800
21300,200,100,"bu","10:00:34",472700
21300,200,200,"bu","10:00:34",472600
21300,200,5300,"bu","10:00:33",472400
21300,200,4100,"bu","10:00:32",467100
21300,200,400,"bu","10:00:32",463000
21300,200,500,"bu","10:00:32",462600
21300,200,300,"bu","10:00:32",462100
21300,200,100,"bu","10:00:32",461800
21300,200,100,"bu","10:00:32",461700
21300,200,1000,"bu","10:00:32",461600
21300,200,100,"bu","10:00:32",460600
21300,200,1000,"bu","10:00:32",460500
21300,200,12400,"bu","10:00:32",459500
21300,200,2500,"bu","10:00:30",447100
21300,200,5000,"bu","10:00:28",444600
21300,200,2500,"bu","10:00:27",439600
21300,200,1000,"bu","10:00:27",437100
21300,200,5000,"bu","10:00:25",436100
21300,200,100,"bu","10:00:22",431100
21300,200,5000,"bu","10:00:22",431000
21300,200,100,"bu","10:00:22",426000
21300,200,200,"bu","10:00:22",425900
21300,200,100,"bu","10:00:22",425700
21300,200,4500,"bu","10:00:22",425600
21300,200,1600,"bu","10:00:17",421100
21300,200,5000,"bu","10:00:11",419500
21300,200,300,"bu","09:59:52",414500
21250,150,6200,"sd","09:56:11",414200
21300,200,1600,"bu","09:56:07",408000
21300,200,1000,"bu","09:56:07",406400
21300,200,1000,"bu","09:56:07",405400
21300,200,3000,"bu","09:56:07",404400
21300,200,100,"bu","09:56:07",401400
21300,200,200,"bu","09:56:07",401300
21300,200,200,"bu","09:56:07",401100
21300,200,100,"bu","09:56:07",400900
21300,200,1000,"bu","09:56:07",400800
21300,200,2800,"bu","09:56:07",399800
21300,200,500,"bu","09:56:01",397000
21250,150,1300,"sd","09:55:59",396500
21300,200,100,"bu","09:55:52",395200
21300,200,5400,"bu","09:55:52",395100
21300,200,1500,"bu","09:55:52",389700
21300,200,3000,"bu","09:55:52",388200
21300,200,100,"bu","09:55:52",385200
21250,150,700,"bu","09:55:39",385100
21250,150,200,"bu","09:55:39",384400
21250,150,500,"bu","09:55:39",384200
21200,100,2000,"sd","09:55:37",383700
21250,150,2000,"bu","09:55:26",381700
21250,150,500,"bu","09:55:26",379700
21250,150,500,"bu","09:55:26",379200
21250,150,100,"bu","09:55:26",378700
21250,150,2700,"bu","09:55:26",378600
21250,150,3300,"bu","09:55:23",375900
21250,150,500,"bu","09:55:23",372600
21250,150,200,"bu","09:55:23",372100
21250,150,2000,"bu","09:55:23",371900
21250,150,100,"bu","09:55:23",369900
21250,150,5000,"bu","09:55:23",369800
21250,150,5000,"bu","09:55:23",364800
21250,150,100,"bu","09:55:23",359800
21250,150,8000,"bu","09:55:23",359700
21250,150,100,"bu","09:55:23",351700
21250,150,100,"bu","09:55:23",351600
21250,150,500,"bu","09:55:23",351500
21250,150,1000,"bu","09:55:23",351000
21250,150,200,"bu","09:55:23",350000
21250,150,3000,"bu","09:55:23",349800
21250,150,1000,"bu","09:55:23",346800
21250,150,500,"bu","09:55:23",345800
21250,150,2500,"bu","09:55:23",345300
21250,150,100,"bu","09:55:23",342800
21250,150,100,"bu","09:55:23",342700
21250,150,3000,"bu","09:55:23",342600
21250,150,100,"bu","09:55:23",339600
21250,150,500,"bu","09:55:23",339500
21250,150,1900,"bu","09:55:23",339000
21250,150,300,"bu","09:55:23",337100
21250,150,300,"bu","09:55:23",336800
21250,150,2700,"bu","09:55:23",336500
21250,150,2000,"bu","09:55:23",333800
21250,150,2000,"bu","09:55:23",331800
21250,150,100,"bu","09:55:23",329800
21250,150,100,"bu","09:55:23",329700
21250,150,1300,"bu","09:55:23",329600
21250,150,2000,"bu","09:55:23",328300
21250,150,200,"bu","09:55:23",326300
21250,150,100,"bu","09:55:23",326100
21250,150,100,"bu","09:55:23",326000
21250,150,1000,"bu","09:55:10",325900
21250,150,200,"bu","09:55:00",324900
21250,150,200,"bu","09:54:33",324700
21200,100,1000,"sd","09:54:30",324500
21250,150,500,"bu","09:54:05",323500
21200,100,400,"sd","09:53:38",323000
21200,100,1000,"sd","09:53:32",322600
21200,100,100,"sd","09:53:15",321600
21200,100,100,"sd","09:52:52",321500
21250,150,500,"bu","09:52:41",321400
21250,150,500,"bu","09:52:01",320900
21250,150,300,"bu","09:51:23",320400
21250,150,400,"bu","09:51:15",320100
21250,150,100,"bu","09:51:01",319700
21250,150,300,"bu","09:50:37",319600
21250,150,1600,"bu","09:50:36",319300
21250,150,200,"bu","09:50:33",317700
21250,150,2300,"bu","09:50:33",317500
21250,150,200,"bu","09:50:33",315200
21250,150,2100,"bu","09:49:42",315000
21250,150,800,"bu","09:49:42",312900
21250,150,500,"bu","09:49:42",312100
21250,150,500,"bu","09:49:42",311600
21250,150,100,"bu","09:49:42",311100
21250,150,400,"bu","09:49:36",311000
21250,150,100,"bu","09:49:36",310600
21250,150,100,"bu","09:49:00",310500
21200,100,100,"sd","09:48:57",310400
21200,100,300,"bu","09:48:47",310300
21200,100,5000,"bu","09:48:47",310000
21200,100,1000,"bu","09:48:47",305000
21200,100,500,"bu","09:48:47",304000
21200,100,4200,"bu","09:48:47",303500
21200,100,500,"bu","09:48:45",299300
21200,100,300,"bu","09:48:41",298800
21200,100,400,"bu","09:48:41",298500
21200,100,200,"bu","09:48:41",298100
21200,100,2000,"bu","09:48:41",297900
21200,100,500,"bu","09:48:41",295900
21200,100,2000,"bu","09:48:41",295400
21200,100,1000,"bu","09:48:41",293400
21200,100,500,"bu","09:48:41",292400
21200,100,200,"bu","09:48:41",291900
21200,100,1900,"bu","09:48:41",291700
21200,100,100,"bu","09:48:34",289800
21200,100,1000,"bu","09:48:34",289700
21200,100,200,"bu","09:48:34",288700
21200,100,500,"bu","09:48:34",288500
21200,100,1700,"bu","09:48:34",288000
21200,100,100,"bu","09:48:34",286300
21200,100,100,"bu","09:48:34",286200
21200,100,4100,"bu","09:48:34",286100
21200,100,500,"bu","09:48:30",282000
21200,100,400,"bu","09:48:09",281500
21200,100,100,"bu","09:47:50",281100
21200,100,2900,"bu","09:47:45",281000
21200,100,1000,"bu","09:47:45",278100
21200,100,100,"bu","09:47:45",277100
21200,100,500,"bu","09:47:45",277000
21200,100,500,"bu","09:47:45",276500
21200,100,500,"bu","09:47:32",276000
21200,100,500,"bu","09:47:27",275500
21200,100,300,"bu","09:47:08",275000
21200,100,200,"bu","09:47:06",274700
21200,100,200,"bu","09:46:29",274500
21200,100,100,"bu","09:46:27",274300
21200,100,300,"bu","09:46:09",274200
21200,100,1000,"bu","09:45:11",273900
21150,50,400,"sd","09:45:05",272900
21150,50,1000,"sd","09:45:05",272500
21150,50,300,"sd","09:45:05",271500
21150,50,300,"sd","09:45:05",271200
21150,50,700,"sd","09:44:22",270900
21150,50,500,"sd","09:44:22",270200
21150,50,1000,"sd","09:44:22",269700
21150,50,2800,"sd","09:44:22",268700
21200,100,2000,"bu","09:43:54",265900
21150,50,1000,"sd","09:42:16",263900
21200,100,200,"bu","09:42:16",262900
21150,50,500,"sd","09:42:13",262700
21150,50,700,"sd","09:42:06",262200
21150,50,600,"sd","09:42:06",261500
21150,50,1000,"sd","09:42:06",260900
21150,50,3000,"sd","09:42:06",259900
21150,50,5700,"sd","09:42:06",256900
21200,100,500,"bu","09:42:05",251200
21200,100,10000,"bu","09:41:47",250700
21150,50,400,"sd","09:41:36",240700
21150,50,100,"sd","09:41:23",240300
21150,50,1000,"sd","09:40:27",240200
21150,50,2000,"sd","09:40:25",239200
21200,100,300,"bu","09:40:24",237200
21150,50,800,"sd","09:40:05",236900
21150,50,200,"sd","09:40:05",236100
21150,50,1800,"sd","09:39:29",235900
21150,50,100,"sd","09:39:29",234100
21150,50,200,"sd","09:39:29",234000
21150,50,500,"sd","09:39:29",233800
21150,50,200,"sd","09:39:21",233300
21150,50,400,"sd","09:39:18",233100
21150,50,900,"sd","09:39:17",232700
21150,50,600,"sd","09:39:17",231800
21150,50,400,"sd","09:39:16",231200
21200,100,1000,"bu","09:39:04",230800
21200,100,200,"bu","09:39:03",229800
21150,50,2000,"sd","09:39:02",229600
21200,100,2700,"bu","09:38:51",227600
21200,100,2300,"sd","09:37:37",224900
21200,100,1500,"sd","09:37:37",222600
21200,100,3000,"sd","09:37:37",221100
21200,100,300,"sd","09:37:37",218100
21200,100,1000,"sd","09:37:37",217800
21200,100,1000,"sd","09:37:37",216800
21200,100,1900,"sd","09:37:37",215800
21200,100,6500,"sd","09:37:37",213900
21200,100,200,"sd","09:37:37",207400
21200,100,300,"sd","09:37:37",207200
21200,100,500,"sd","09:37:37",206900
21200,100,500,"sd","09:37:37",206400
21200,100,500,"sd","09:37:37",205900
21200,100,100,"sd","09:37:33",205400
21200,100,4600,"sd","09:37:18",205300
21200,100,5900,"sd","09:37:18",200700
21200,100,5000,"sd","09:37:18",194800
21200,100,500,"sd","09:37:18",189800
21200,100,400,"sd","09:37:09",189300
21200,100,100,"sd","09:36:57",188900
21200,100,900,"sd","09:36:57",188800
21200,100,3600,"sd","09:36:40",187900
21200,100,1600,"sd","09:36:40",184300
21200,100,100,"sd","09:36:11",182700
21200,100,100,"sd","09:36:10",182600
21200,100,200,"sd","09:35:56",182500
21200,100,5700,"sd","09:35:56",182300
21200,100,100,"sd","09:35:45",176600
21200,100,1000,"sd","09:35:18",176500
21200,100,100,"sd","09:34:32",175500
21250,150,600,"bu","09:33:24",175400
21200,100,100,"sd","09:33:22",174800
21250,150,400,"bu","09:33:09",174700
21200,100,1300,"sd","09:31:41",174300
21200,100,300,"sd","09:31:32",173000
21200,100,100,"sd","09:31:20",172700
21200,100,1000,"sd","09:31:19",172600
21200,100,1000,"bu","09:30:25",171600
21200,100,600,"bu","09:30:25",170600
21200,100,200,"bu","09:30:25",170000
21200,100,500,"bu","09:30:25",169800
21150,50,3500,"sd","09:30:25",169300
21200,100,1400,"bu","09:30:25",165800
21150,50,500,"sd","09:30:25",164400
21200,100,700,"bu","09:30:25",163900
21200,100,200,"bu","09:30:25",163200
21150,50,600,"sd","09:30:25",163000
21150,50,200,"sd","09:30:25",162400
21150,50,3900,"sd","09:30:25",162200
21150,50,300,"sd","09:30:25",158300
21150,50,600,"sd","09:30:25",158000
21150,50,3000,"sd","09:30:25",157400
21150,50,1000,"sd","09:30:25",154400
21150,50,300,"sd","09:30:25",153400
21150,50,100,"sd","09:30:25",153100
21150,50,200,"sd","09:30:25",153000
21150,50,200,"sd","09:30:25",152800
21150,50,200,"sd","09:30:25",152600
21150,50,300,"sd","09:30:25",152400
21200,100,100,"bu","09:30:22",152100
21200,100,2900,"bu","09:30:22",152000
21200,100,2000,"bu","09:30:20",149100
21200,100,500,"bu","09:30:10",147100
21200,100,100,"bu","09:29:56",146600
21200,100,600,"bu","09:29:56",146500
21200,100,200,"bu","09:29:56",145900
21200,100,500,"bu","09:29:56",145700
21200,100,500,"bu","09:29:56",145200
21200,100,100,"bu","09:29:56",144700
21200,100,100,"bu","09:29:52",144600
21200,100,400,"bu","09:29:52",144500
21200,100,2000,"bu","09:29:41",144100
21200,100,200,"bu","09:29:41",142100
21200,100,1900,"bu","09:29:41",141900
21200,100,3000,"bu","09:29:40",140000
21200,100,100,"bu","09:29:35",137000
21200,100,1000,"bu","09:29:20",136900
21200,100,100,"bu","09:29:20",135900
21200,100,1000,"bu","09:29:20",135800
21200,100,100,"bu","09:29:20",134800
21200,100,2400,"bu","09:29:20",134700
21200,100,12400,"bu","09:29:20",132300
21200,100,2000,"bu","09:29:20",119900
21200,100,900,"bu","09:29:08",117900
21200,100,3000,"bu","09:28:03",117000
21200,100,1000,"bu","09:28:03",114000
21200,100,300,"bu","09:28:03",113000
21200,100,500,"bu","09:28:03",112700
21200,100,100,"bu","09:28:03",112200
21200,100,100,"bu","09:28:03",112100
21200,100,100,"bu","09:27:23",112000
21150,50,1000,"sd","09:27:08",111900
21150,50,100,"sd","09:27:07",110900
21150,50,1900,"sd","09:27:07",110800
21150,50,100,"sd","09:26:15",108900
21150,50,2000,"sd","09:26:15",108800
21150,50,1000,"sd","09:25:39",106800
21200,100,300,"bu","09:25:28",105800
21200,100,300,"bu","09:25:28",105500
21200,100,400,"bu","09:25:28",105200
21150,50,200,"sd","09:25:13",104800
21200,100,300,"bu","09:24:07",104600
21200,100,1000,"bu","09:23:25",104300
21200,100,3300,"bu","09:23:19",103300
21200,100,500,"bu","09:23:19",100000
21200,100,300,"bu","09:23:19",99500
21200,100,100,"bu","09:23:19",99200
21200,100,100,"bu","09:23:19",99100
21200,100,100,"bu","09:23:19",99000
21200,100,200,"bu","09:22:22",98900
21200,100,500,"bu","09:22:14",98700
21200,100,200,"bu","09:21:42",98200
21200,100,500,"sd","09:21:29",98000
21200,100,500,"sd","09:21:23",97500
21200,100,1000,"sd","09:21:22",97000
21200,100,400,"sd","09:21:16",96000
21200,100,600,"sd","09:21:16",95600
21200,100,1000,"bu","09:20:57",95000
21200,100,1500,"bu","09:20:57",94000
21200,100,500,"bu","09:20:57",92500
21200,100,200,"bu","09:20:57",92000
21200,100,100,"bu","09:20:57",91800
21200,100,100,"bu","09:20:57",91700
21200,100,3000,"bu","09:20:57",91600
21200,100,200,"bu","09:20:57",88600
21200,100,100,"bu","09:20:57",88400
21200,100,100,"bu","09:20:57",88300
21200,100,1000,"bu","09:20:57",88200
21200,100,100,"bu","09:20:57",87200
21200,100,2000,"bu","09:20:57",87100
21200,100,500,"bu","09:20:57",85100
21150,50,400,"sd","09:20:46",84600
21150,50,200,"sd","09:20:46",84200
21150,50,1700,"sd","09:20:46",84000
21200,100,4200,"bu","09:20:39",82300
21150,50,100,"sd","09:20:23",78100
21150,50,200,"sd","09:20:15",78000
21150,50,500,"sd","09:20:15",77800
21150,50,1000,"sd","09:20:15",77300
21150,50,5000,"sd","09:20:15",76300
21150,50,200,"sd","09:20:15",71300
21150,50,200,"sd","09:20:15",71100
21150,50,400,"sd","09:20:15",70900
21150,50,400,"sd","09:20:15",70500
21150,50,900,"sd","09:20:14",70100
21150,50,100,"sd","09:20:14",69200
21150,50,300,"sd","09:20:14",69100
21150,50,100,"sd","09:20:14",68800
21150,50,500,"sd","09:20:14",68700
21150,50,100,"sd","09:20:14",68200
21150,50,100,"sd","09:20:14",68100
21150,50,4000,"sd","09:20:14",68000
21200,100,1800,"bu","09:20:09",64000
21200,100,200,"bu","09:19:57",62200
21200,100,800,"bu","09:19:33",62000
21200,100,100,"bu","09:19:33",61200
21200,100,100,"bu","09:19:33",61100
21200,100,100,"bu","09:19:22",61000
21200,100,400,"bu","09:19:22",60900
21200,100,100,"bu","09:19:13",60500
21200,100,500,"sd","09:19:00",60400
21200,100,400,"sd","09:18:48",59900
21200,100,600,"sd","09:18:42",59500
21200,100,400,"sd","09:18:42",58900
21200,100,100,"sd","09:18:19",58500
21200,100,100,"sd","09:18:19",58400
21200,100,300,"sd","09:18:19",58300
21200,100,100,"sd","09:18:09",58000
21200,100,100,"bu","09:18:07",57900
21200,100,4900,"sd","09:18:03",57800
21200,100,100,"sd","09:18:03",52900
21200,100,2000,"sd","09:17:47",52800
21200,100,500,"sd","09:17:46",50800
21200,100,500,"sd","09:17:41",50300
21200,100,500,"sd","09:17:41",49800
21200,100,3000,"sd","09:17:34",49300
21200,100,400,"sd","09:17:34",46300
21200,100,200,"sd","09:17:34",45900
21200,100,1000,"sd","09:17:34",45700
21200,100,400,"sd","09:17:34",44700
21200,100,2000,"sd","09:17:14",44300
21200,100,100,"sd","09:17:05",42300
21200,100,1200,"bu","09:17:04",42200
21200,100,500,"bu","09:17:04",41000
21200,100,100,"bu","09:17:04",40500
21200,100,200,"bu","09:17:04",40400
21200,100,1800,"bu","09:16:31",40200
21200,100,200,"bu","09:16:31",38400
21200,100,500,"bu","09:16:31",38200
21200,100,300,"bu","09:16:31",37700
21200,100,100,"bu","09:16:31",37400
21200,100,300,"bu","09:16:31",37300
21200,100,700,"bu","09:16:31",37000
21200,100,500,"bu","09:16:31",36300
21200,100,600,"bu","09:16:31",35800
21200,100,100,"bu","09:16:19",35200
21200,100,200,"bu","09:16:19",35100
21200,100,900,"bu","09:16:19",34900
21200,100,300,"bu","09:16:19",34000
21200,100,500,"bu","09:16:19",33700
21200,100,100,"bu","09:16:15",33200
21200,100,5000,"bu","09:16:14",33100
21200,100,300,"bu","09:15:48",28100
21200,100,1000,"bu","09:15:19",27800
21150,50,26800,"sd","09:15:02",26800
