"price","change","match_qtty","side","time","total_vol"
2100,100,2500,"sd","14:45:01",298600
2200,200,600,"bu","14:20:53",296100
2100,100,900,"sd","14:20:43",295500
2100,100,100,"sd","14:20:12",294600
2100,100,2700,"bu","14:16:19",294500
2100,100,11300,"bu","14:15:14",291800
2100,100,600,"bu","14:08:22",280500
2100,100,20000,"bu","14:08:07",279900
2100,100,7200,"bu","14:04:40",259900
2100,100,100,"bu","14:01:44",252700
2100,100,100,"bu","14:00:49",252600
2100,100,20000,"bu","13:59:50",252500
2100,100,100,"bu","13:58:41",232500
2100,100,500,"bu","13:47:39",232400
2100,100,300,"bu","13:46:20",231900
2100,100,2000,"bu","13:38:23",231600
2100,100,100,"bu","13:27:52",229600
2100,100,1000,"unknown","13:19:47",229500
2100,100,700,"bu","13:16:45",228500
2100,100,1000,"bu","13:16:28",227800
2100,100,300,"bu","13:15:24",226800
2100,100,10000,"bu","13:13:42",226500
2100,100,10000,"bu","13:13:09",216500
2100,100,1400,"bu","13:11:03",206500
2100,100,5900,"bu","13:10:55",205100
2100,100,10000,"bu","13:03:11",199200
2100,100,1000,"bu","13:01:39",189200
2100,100,300,"bu","13:00:10",188200
2100,100,200,"bu","11:27:12",187900
2100,100,2000,"bu","11:25:34",187700
2100,100,2300,"bu","11:24:24",185700
2100,100,1000,"sd","11:24:15",183400
2100,100,35000,"sd","11:24:05",182400
2100,100,1700,"sd","11:23:26",147400
2100,100,10000,"sd","11:17:18",145700
2100,100,200,"sd","11:13:48",135700
2200,200,100,"bu","11:10:55",135500
2100,100,1000,"sd","10:58:54",135400
2100,100,500,"sd","10:57:22",134400
2100,100,100,"sd","10:57:20",133900
2200,200,100,"bu","10:56:59",133800
2100,100,7900,"sd","10:55:58",133700
2100,100,400,"bu","10:55:45",125800
2100,100,22000,"bu","10:55:38",125400
2100,100,100,"bu","10:54:59",103400
2100,100,700,"bu","10:53:02",103300
2100,100,20000,"bu","10:52:55",102600
2100,100,300,"bu","10:25:59",82600
2100,100,1200,"bu","10:24:48",82300
2100,100,8700,"bu","10:20:09",81100
2100,100,6900,"bu","10:20:01",72400
2100,100,1000,"bu","10:18:47",65500
2100,100,100,"bu","10:13:01",64500
2100,100,500,"bu","10:11:26",64400
2100,100,3000,"bu","10:09:04",63900
2100,100,2000,"bu","10:08:34",60900
2100,100,100,"bu","10:04:41",58900
2100,100,1000,"bu","10:00:09",58800
2100,100,500,"bu","09:59:00",57800
2100,100,3400,"bu","09:56:14",57300
2100,100,1000,"bu","09:54:13",53900
2000,0,10000,"sd","09:50:55",52900
2000,0,3000,"sd","09:26:21",42900
2000,0,1000,"sd","09:23:13",39900
2000,0,1000,"sd","09:20:45",38900
2000,0,100,"sd","09:19:12",37900
2100,100,20300,"bu","09:19:07",37800
2000,0,1000,"sd","09:18:54",17500
2100,100,500,"bu","09:17:03",16500
2100,100,500,"bu","09:10:49",16000
2100,100,1000,"bu","09:10:32",15500
2100,100,100,"bu","09:07:50",14500
2100,100,100,"bu","09:02:19",14400
2100,100,3200,"bu","09:01:57",14300
2100,100,1000,"bu","09:01:50",11100
2100,100,100,"bu","09:00:10",10100
2100,100,9900,"bu","09:00:09",10000
2100,100,100,"bu","02:00:08",100
