"price","change","match_qtty","side","time","total_vol"
11,0.15,2900,"bu","14:45:00",31400
11,0.15,100,"bu","14:17:07",28500
10.8,-0.05,500,"sd","14:17:00",28400
10.8,-0.05,1000,"sd","14:17:00",27900
10.8,-0.05,100,"sd","14:17:00",26900
10.8,-0.05,100,"sd","14:17:00",26800
10.8,-0.05,100,"sd","14:17:00",26700
10.8,-0.05,100,"sd","14:17:00",26600
10.85,0,100,"sd","14:17:00",26500
10.85,0,900,"sd","14:11:51",26400
10.85,0,100,"sd","14:11:51",25500
10.85,0,300,"sd","14:05:31",25400
10.85,0,100,"sd","14:05:31",25100
10.85,0,100,"sd","14:05:31",25000
10.85,0,100,"sd","14:05:31",24900
10.85,0,400,"sd","14:05:31",24800
10.95,0.1,100,"bu","13:56:02",24400
11,0.15,100,"bu","13:52:38",24300
10.85,0,100,"sd","13:49:37",24200
10.9,0.05,1000,"sd","13:49:37",24100
10.9,0.05,900,"sd","13:49:37",23100
11,0.15,200,"bu","13:49:31",22200
11,0.15,400,"bu","13:49:31",22000
11,0.15,100,"bu","13:45:24",21600
10.9,0.05,1000,"sd","13:33:19",21500
10.9,0.05,1900,"sd","13:32:37",20500
10.9,0.05,600,"sd","13:32:37",18600
10.9,0.05,100,"sd","13:31:37",18000
10.9,0.05,300,"sd","13:30:43",17900
10.9,0.05,400,"sd","13:30:43",17600
10.9,0.05,100,"sd","13:17:47",17200
10.9,0.05,100,"sd","13:17:47",17100
10.9,0.05,500,"sd","13:06:16",17000
10.9,0.05,300,"sd","13:05:26",16500
10.9,0.05,4600,"sd","13:05:26",16200
10.9,0.05,600,"sd","13:03:56",11600
10.9,0.05,200,"sd","13:02:28",11000
11,0.15,100,"bu","13:00:10",10800
11.1,0.25,200,"sd","11:29:50",10700
11.1,0.25,100,"sd","11:29:50",10500
11.15,0.3,100,"bu","11:29:35",10400
11.1,0.25,100,"sd","11:25:37",10300
11.1,0.25,500,"sd","11:25:20",10200
11.15,0.3,100,"bu","11:23:43",9700
11.1,0.25,100,"sd","11:20:30",9600
11.1,0.25,200,"bu","11:19:32",9500
10.9,0.05,100,"sd","11:19:31",9300
10.9,0.05,100,"sd","11:19:31",9200
11.2,0.35,100,"bu","10:54:15",9100
11.1,0.25,1000,"sd","10:52:39",9000
11.2,0.35,100,"bu","10:26:18",8000
11.2,0.35,400,"bu","10:26:18",7900
11.2,0.35,600,"bu","10:23:39",7500
11.2,0.35,600,"bu","10:23:39",6900
11.15,0.3,500,"bu","10:23:39",6300
11.2,0.35,400,"bu","09:48:08",5800
11.2,0.35,600,"bu","09:48:08",5400
11.2,0.35,100,"bu","09:42:54",4800
10.9,0.05,2100,"sd","09:39:48",4700
10.9,0.05,100,"sd","09:38:39",2600
11.2,0.35,100,"bu","09:33:31",2500
10.9,0.05,100,"sd","09:32:04",2400
11.2,0.35,100,"bu","09:31:59",2300
11.1,0.25,300,"sd","09:30:57",2200
11.1,0.25,500,"sd","09:29:50",1900
11.1,0.25,200,"sd","09:27:32",1400
11.2,0.35,100,"bu","09:25:17",1200
11.1,0.25,200,"bu","09:24:52",1100
11.1,0.25,100,"bu","09:24:52",900
11.1,0.25,100,"sd","09:23:17",800
11.2,0.35,100,"bu","09:22:02",700
11.1,0.25,500,"bu","09:21:49",600
11.1,0.25,100,"bu","09:21:49",100
"price","change","match_qtty","side","time","total_vol"
11,0.15,2900,"bu","14:45:00",31400
11,0.15,100,"bu","14:17:09",28500
10.8,-0.05,500,"sd","14:17:03",28400
10.8,-0.05,1000,"sd","14:17:03",27900
10.8,-0.05,100,"sd","14:17:03",26900
10.8,-0.05,100,"sd","14:17:03",26800
10.8,-0.05,100,"sd","14:17:03",26700
10.8,-0.05,100,"sd","14:17:03",26600
10.85,0,100,"sd","14:17:02",26500
10.85,0,900,"sd","14:11:51",26400
10.85,0,100,"sd","14:11:51",25500
10.85,0,300,"sd","14:05:31",25400
10.85,0,100,"sd","14:05:31",25100
10.85,0,100,"sd","14:05:31",25000
10.85,0,100,"sd","14:05:31",24900
10.85,0,400,"sd","14:05:31",24800
10.95,0.1,100,"bu","13:56:02",24400
11,0.15,100,"bu","13:52:38",24300
10.85,0,100,"sd","13:49:37",24200
10.9,0.05,1000,"sd","13:49:37",24100
10.9,0.05,900,"sd","13:49:37",23100
11,0.15,200,"bu","13:49:31",22200
11,0.15,400,"bu","13:49:31",22000
11,0.15,100,"bu","13:45:24",21600
10.9,0.05,1000,"sd","13:33:19",21500
10.9,0.05,1900,"sd","13:32:37",20500
10.9,0.05,600,"sd","13:32:37",18600
10.9,0.05,100,"sd","13:31:37",18000
10.9,0.05,300,"sd","13:30:43",17900
10.9,0.05,400,"sd","13:30:43",17600
10.9,0.05,100,"sd","13:17:47",17200
10.9,0.05,100,"sd","13:17:47",17100
10.9,0.05,500,"unknown","13:06:16",17000
10.9,0.05,300,"sd","13:05:26",16500
10.9,0.05,4600,"sd","13:05:26",16200
10.9,0.05,600,"sd","13:03:56",11600
10.9,0.05,200,"sd","13:02:29",11000
11,0.15,100,"bu","13:00:16",10800
11.1,0.25,200,"sd","11:29:50",10700
11.1,0.25,100,"sd","11:29:50",10500
11.15,0.3,100,"bu","11:29:35",10400
11.1,0.25,100,"sd","11:25:37",10300
11.1,0.25,500,"sd","11:25:20",10200
11.15,0.3,100,"bu","11:23:43",9700
11.1,0.25,100,"sd","11:20:30",9600
11.1,0.25,200,"bu","11:19:32",9500
10.9,0.05,100,"sd","11:19:31",9300
10.9,0.05,100,"sd","11:19:31",9200
11.2,0.35,100,"bu","10:54:15",9100
11.1,0.25,1000,"sd","10:52:39",9000
11.2,0.35,100,"bu","10:26:18",8000
11.2,0.35,400,"bu","10:26:18",7900
11.2,0.35,600,"bu","10:23:39",7500
11.2,0.35,600,"bu","10:23:39",6900
11.15,0.3,500,"bu","10:23:39",6300
11.2,0.35,400,"bu","09:48:08",5800
11.2,0.35,600,"bu","09:48:08",5400
11.2,0.35,100,"bu","09:42:56",4800
10.9,0.05,2100,"sd","09:39:48",4700
10.9,0.05,100,"sd","09:38:39",2600
11.2,0.35,100,"bu","09:33:31",2500
10.9,0.05,100,"sd","09:32:04",2400
11.2,0.35,100,"bu","09:31:59",2300
11.1,0.25,300,"sd","09:30:57",2200
11.1,0.25,500,"sd","09:29:50",1900
11.1,0.25,200,"sd","09:27:32",1400
11.2,0.35,100,"bu","09:25:17",1200
11.1,0.25,200,"sd","09:24:52",1100
11.1,0.25,100,"bu","09:24:52",900
11.1,0.25,100,"sd","09:23:17",800
11.2,0.35,100,"bu","09:22:02",700
11.1,0.25,500,"unknown","09:21:49",600
11.1,0.25,100,"unknown","09:21:49",100
