"price","change","match_qtty","side","time","total_vol"
17,0.2,2000,"bu","14:45:01",36700
16.7,-0.1,100,"bu","14:28:47",34700
16.7,-0.1,500,"bu","14:27:50",34600
16.5,-0.3,100,"bu","14:25:03",34100
16.5,-0.3,300,"bu","14:25:02",34000
16.5,-0.3,300,"sd","14:24:39",33700
16.5,-0.3,100,"sd","14:24:39",33400
16.5,-0.3,100,"sd","14:24:39",33300
16.5,-0.3,100,"sd","14:24:39",33200
16.5,-0.3,900,"sd","14:16:56",33100
16.5,-0.3,500,"sd","14:16:56",32200
16.5,-0.3,100,"sd","14:16:56",31700
16.5,-0.3,100,"sd","14:16:56",31600
16.5,-0.3,500,"sd","14:16:56",31500
16.5,-0.3,500,"sd","14:16:56",31000
16.5,-0.3,200,"sd","14:16:56",30500
16.7,-0.1,1000,"sd","14:16:56",30300
16.7,-0.1,100,"sd","14:16:56",29300
16.7,-0.1,100,"sd","14:16:56",29200
16.7,-0.1,500,"sd","14:14:06",29100
16.7,-0.1,100,"sd","14:14:06",28600
16.75,-0.05,500,"sd","14:14:06",28500
16.75,-0.05,100,"sd","14:12:35",28000
16.8,0,400,"sd","14:12:00",27900
16.8,0,100,"sd","14:10:55",27500
16.8,0,1000,"sd","14:01:02",27400
16.8,0,500,"sd","13:57:40",26400
16.8,0,100,"sd","13:57:40",25900
16.8,0,100,"sd","13:57:40",25800
16.8,0,100,"sd","13:52:40",25700
17,0.2,100,"sd","13:51:41",25600
17,0.2,200,"sd","13:51:30",25500
17,0.2,200,"sd","13:50:42",25300
17.05,0.25,100,"sd","13:38:21",25100
17.05,0.25,500,"sd","13:38:18",25000
17.05,0.25,200,"sd","13:38:18",24500
17.05,0.25,100,"sd","13:38:18",24300
17.15,0.35,400,"sd","13:33:53",24200
17.15,0.35,100,"sd","13:31:52",23800
17.15,0.35,100,"sd","13:31:45",23700
17.15,0.35,100,"sd","13:31:36",23600
17.15,0.35,100,"sd","13:31:36",23500
17.15,0.35,200,"sd","13:28:41",23400
17.15,0.35,100,"sd","13:27:20",23200
17.15,0.35,100,"sd","13:27:13",23100
17.2,0.4,1000,"bu","13:21:07",23000
17.15,0.35,100,"sd","13:20:39",22000
17.15,0.35,100,"sd","13:15:28",21900
17.15,0.35,100,"sd","13:15:22",21800
17.15,0.35,100,"sd","13:14:27",21700
17.15,0.35,200,"sd","13:10:03",21600
17.15,0.35,1000,"sd","13:08:11",21400
17.15,0.35,300,"sd","13:03:15",20400
17.15,0.35,200,"sd","13:01:58",20100
17.15,0.35,400,"sd","13:01:48",19900
17.2,0.4,400,"sd","13:00:41",19500
17.2,0.4,200,"bu","13:00:17",19100
17.2,0.4,100,"bu","11:22:10",18900
17.15,0.35,100,"sd","11:21:54",18800
17.15,0.35,100,"sd","11:21:45",18700
17.15,0.35,100,"sd","11:13:59",18600
17.15,0.35,100,"sd","11:13:44",18500
17.2,0.4,100,"sd","11:12:30",18400
17.2,0.4,100,"sd","11:10:32",18300
17.2,0.4,100,"sd","11:10:12",18200
17.2,0.4,100,"sd","11:10:05",18100
17.3,0.5,100,"bu","11:08:13",18000
17.2,0.4,100,"sd","11:04:02",17900
17.2,0.4,1700,"sd","11:04:02",17800
17.2,0.4,300,"bu","10:54:14",16100
17.25,0.45,200,"bu","10:47:39",15800
17.25,0.45,100,"bu","10:43:54",15600
17.3,0.5,300,"bu","10:42:51",15500
17.3,0.5,100,"bu","10:42:51",15200
17.3,0.5,100,"bu","10:42:51",14600
17.3,0.5,500,"bu","10:42:51",15100
17.2,0.4,300,"bu","10:39:30",14500
17.2,0.4,100,"bu","10:37:25",14200
17.2,0.4,500,"bu","10:37:25",14100
17.2,0.4,200,"bu","10:35:59",13600
17.2,0.4,200,"bu","10:35:59",13400
17.15,0.35,900,"sd","10:35:31",13200
17.15,0.35,100,"sd","10:35:31",12300
17.2,0.4,400,"bu","10:34:34",12200
17.2,0.4,500,"bu","10:29:54",11800
17.15,0.35,100,"bu","10:29:33",11300
17.15,0.35,200,"bu","10:28:58",11200
17.15,0.35,500,"bu","10:28:58",11000
17.15,0.35,200,"bu","10:28:58",10500
17.15,0.35,100,"bu","10:09:17",10300
17.1,0.3,100,"sd","10:02:49",10200
17.1,0.3,200,"bu","10:01:23",10100
17,0.2,500,"sd","10:00:40",9900
17,0.2,300,"sd","09:55:58",9400
17.15,0.35,200,"sd","09:55:58",9100
17.15,0.35,100,"unknown","09:54:11",8900
17.15,0.35,100,"bu","09:51:22",8800
17.15,0.35,100,"bu","09:50:40",8700
17.2,0.4,400,"bu","09:48:01",8600
17.2,0.4,700,"bu","09:43:54",8200
17.15,0.35,300,"bu","09:43:54",7500
17,0.2,1000,"sd","09:41:50",7200
17,0.2,1000,"bu","09:35:37",6200
16.95,0.15,100,"sd","09:34:18",5200
16.95,0.15,900,"sd","09:32:21",5100
16.95,0.15,100,"sd","09:28:50",4200
16.95,0.15,100,"sd","09:28:50",4100
17.2,0.4,100,"bu","09:28:18",4000
17.2,0.4,700,"bu","09:25:46",3900
17.2,0.4,200,"bu","09:25:46",3200
17.15,0.35,100,"bu","09:25:46",3000
17.15,0.35,200,"bu","09:25:13",2900
17.2,0.4,800,"bu","09:20:03",2700
17,0.2,200,"bu","09:20:03",1900
16.95,0.15,100,"bu","09:19:21",1700
17,0.2,300,"bu","09:17:57",1600
16.9,0.1,600,"bu","09:17:57",1300
16.9,0.1,100,"bu","09:17:56",700
16.5,-0.3,600,"sd","09:15:01",600
"price","change","match_qtty","side","time","total_vol"
17,0.2,2000,"bu","14:45:01",36700
16.7,-0.1,100,"bu","14:28:47",34700
16.7,-0.1,500,"bu","14:27:50",34600
16.5,-0.3,100,"bu","14:25:03",34100
16.5,-0.3,300,"bu","14:25:02",34000
16.5,-0.3,300,"sd","14:24:39",33700
16.5,-0.3,100,"sd","14:24:39",33400
16.5,-0.3,100,"sd","14:24:39",33300
16.5,-0.3,100,"sd","14:24:39",33200
16.5,-0.3,900,"sd","14:16:56",33100
16.5,-0.3,500,"sd","14:16:56",32200
16.5,-0.3,100,"sd","14:16:56",31700
16.5,-0.3,100,"sd","14:16:56",31600
16.5,-0.3,500,"sd","14:16:56",31500
16.5,-0.3,500,"sd","14:16:56",31000
16.5,-0.3,200,"sd","14:16:56",30500
16.7,-0.1,1000,"sd","14:16:56",30300
16.7,-0.1,100,"sd","14:16:56",29300
16.7,-0.1,100,"sd","14:16:56",29200
16.7,-0.1,500,"sd","14:14:06",29100
16.7,-0.1,100,"sd","14:14:06",28600
16.75,-0.05,500,"sd","14:14:06",28500
16.75,-0.05,100,"sd","14:12:35",28000
16.8,0,400,"sd","14:12:00",27900
16.8,0,100,"sd","14:10:55",27500
16.8,0,1000,"sd","14:01:02",27400
16.8,0,500,"sd","13:57:40",26400
16.8,0,100,"sd","13:57:40",25900
16.8,0,100,"sd","13:57:40",25800
16.8,0,100,"sd","13:52:40",25700
17,0.2,100,"sd","13:51:41",25600
17,0.2,200,"sd","13:51:30",25500
17,0.2,200,"sd","13:50:42",25300
17.05,0.25,100,"sd","13:38:21",25100
17.05,0.25,500,"sd","13:38:18",25000
17.05,0.25,200,"sd","13:38:18",24500
17.05,0.25,100,"sd","13:38:18",24300
17.15,0.35,400,"sd","13:33:53",24200
17.15,0.35,100,"sd","13:31:52",23800
17.15,0.35,100,"sd","13:31:45",23700
17.15,0.35,100,"sd","13:31:36",23600
17.15,0.35,100,"sd","13:31:36",23500
17.15,0.35,200,"sd","13:28:41",23400
17.15,0.35,100,"sd","13:27:20",23200
17.15,0.35,100,"sd","13:27:13",23100
17.2,0.4,1000,"bu","13:21:07",23000
17.15,0.35,100,"sd","13:20:39",22000
17.15,0.35,100,"sd","13:15:28",21900
17.15,0.35,100,"sd","13:15:22",21800
17.15,0.35,100,"sd","13:14:27",21700
17.15,0.35,200,"sd","13:10:03",21600
17.15,0.35,1000,"sd","13:08:11",21400
17.15,0.35,300,"sd","13:03:15",20400
17.15,0.35,200,"sd","13:01:58",20100
17.15,0.35,400,"sd","13:01:48",19900
17.2,0.4,400,"sd","13:00:41",19500
17.2,0.4,200,"bu","13:00:17",19100
17.2,0.4,100,"bu","11:22:10",18900
17.15,0.35,100,"sd","11:21:54",18800
17.15,0.35,100,"sd","11:21:45",18700
17.15,0.35,100,"sd","11:13:59",18600
17.15,0.35,100,"sd","11:13:44",18500
17.2,0.4,100,"sd","11:12:30",18400
17.2,0.4,100,"sd","11:10:32",18300
17.2,0.4,100,"sd","11:10:12",18200
17.2,0.4,100,"sd","11:10:05",18100
17.3,0.5,100,"bu","11:08:13",18000
17.2,0.4,100,"sd","11:04:02",17900
17.2,0.4,1700,"sd","11:04:02",17800
17.2,0.4,300,"bu","10:54:14",16100
17.25,0.45,200,"bu","10:47:39",15800
17.25,0.45,100,"bu","10:43:54",15600
17.3,0.5,300,"bu","10:42:51",15500
17.3,0.5,100,"bu","10:42:51",15200
17.3,0.5,500,"bu","10:42:51",15100
17.3,0.5,100,"bu","10:42:51",14600
17.2,0.4,300,"bu","10:39:30",14500
17.2,0.4,100,"bu","10:37:25",14200
17.2,0.4,500,"bu","10:37:25",14100
17.2,0.4,200,"bu","10:35:59",13600
17.2,0.4,200,"bu","10:35:59",13400
17.15,0.35,900,"sd","10:35:31",13200
17.15,0.35,100,"sd","10:35:31",12300
17.2,0.4,400,"bu","10:34:34",12200
17.2,0.4,500,"bu","10:29:54",11800
17.15,0.35,100,"bu","10:29:33",11300
17.15,0.35,200,"bu","10:28:58",11200
17.15,0.35,500,"bu","10:28:58",11000
17.15,0.35,200,"bu","10:28:58",10500
17.15,0.35,100,"bu","10:09:17",10300
17.1,0.3,100,"sd","10:02:49",10200
17.1,0.3,200,"bu","10:01:23",10100
17,0.2,500,"sd","10:00:40",9900
17,0.2,300,"sd","09:55:58",9400
17.15,0.35,200,"sd","09:55:58",9100
17.15,0.35,100,"unknown","09:54:11",8900
17.15,0.35,100,"bu","09:51:22",8800
17.15,0.35,100,"bu","09:50:40",8700
17.2,0.4,400,"bu","09:48:01",8600
17.2,0.4,700,"bu","09:43:54",8200
17.15,0.35,300,"bu","09:43:54",7500
17,0.2,1000,"sd","09:41:50",7200
17,0.2,1000,"bu","09:35:37",6200
16.95,0.15,100,"sd","09:34:18",5200
16.95,0.15,900,"sd","09:32:21",5100
16.95,0.15,100,"sd","09:28:50",4200
16.95,0.15,100,"sd","09:28:50",4100
17.2,0.4,100,"bu","09:28:18",4000
17.2,0.4,700,"bu","09:25:46",3900
17.2,0.4,200,"bu","09:25:46",3200
17.15,0.35,100,"bu","09:25:46",3000
17.15,0.35,200,"bu","09:25:13",2900
17.2,0.4,800,"bu","09:20:03",2700
17,0.2,200,"bu","09:20:03",1900
16.95,0.15,100,"bu","09:19:21",1700
17,0.2,300,"bu","09:17:57",1600
16.9,0.1,600,"bu","09:17:57",1300
16.9,0.1,100,"bu","09:17:56",700
16.5,-0.3,600,"sd","09:15:01",600
