"price","change","match_qtty","side","time","total_vol"
12.85,0.05,900,"unknown","14:45:01",25500
12.85,0.05,100,"sd","14:18:52",24600
12.8,0,400,"sd","14:13:25",24500
12.8,0,1000,"sd","13:59:21",24100
12.8,0,300,"sd","13:59:21",23100
12.8,0,200,"sd","13:45:51",22800
12.8,0,500,"sd","13:45:51",22600
12.85,0.05,500,"bu","13:26:12",22100
12.85,0.05,500,"bu","13:26:11",21600
12.8,0,500,"sd","13:16:32",21100
12.75,-0.05,100,"sd","13:04:19",20600
12.7,-0.1,100,"sd","13:00:51",20500
12.7,-0.1,300,"sd","13:00:51",20400
12.7,-0.1,200,"sd","13:00:31",20100
12.75,-0.05,100,"sd","13:00:18",19900
12.75,-0.05,1000,"sd","13:00:14",19800
12.75,-0.05,100,"sd","13:00:13",18800
12.75,-0.05,200,"sd","13:00:13",18700
12.8,0,100,"sd","11:11:14",18500
12.8,0,500,"sd","11:08:16",18400
12.8,0,1000,"sd","11:04:48",17900
12.8,0,400,"bu","10:57:34",16900
12.75,-0.05,100,"sd","10:56:22",16500
12.75,-0.05,100,"sd","10:55:51",16400
12.75,-0.05,100,"sd","10:44:39",16300
12.75,-0.05,200,"sd","10:44:13",16200
12.75,-0.05,100,"sd","10:38:25",16000
12.75,-0.05,100,"sd","10:38:10",15900
12.75,-0.05,100,"sd","10:32:24",15800
12.75,-0.05,100,"sd","10:32:24",15700
12.75,-0.05,100,"sd","10:31:50",15600
12.75,-0.05,200,"sd","10:31:26",15500
12.75,-0.05,100,"sd","10:30:15",15300
12.8,0,100,"sd","10:25:31",15200
12.8,0,700,"sd","10:25:31",15100
12.8,0,100,"sd","10:23:31",14400
12.8,0,200,"sd","10:16:10",14300
12.8,0,100,"bu","10:14:53",14100
12.8,0,100,"bu","10:14:35",14000
12.8,0,200,"sd","10:12:49",13900
12.8,0,100,"sd","10:12:49",13700
12.8,0,1300,"sd","10:12:49",13600
12.8,0,100,"sd","10:12:44",12300
12.8,0,200,"sd","10:12:01",12200
12.8,0,200,"sd","10:07:41",12000
12.8,0,200,"sd","10:07:00",11800
12.8,0,100,"sd","10:07:00",11600
12.8,0,2600,"sd","10:06:17",11500
12.8,0,100,"sd","10:04:42",8900
12.8,0,100,"sd","09:58:48",8800
12.8,0,200,"sd","09:58:06",8700
12.8,0,100,"sd","09:55:18",8500
12.85,0.05,400,"sd","09:49:03",8400
12.85,0.05,1000,"sd","09:49:03",8000
12.95,0.15,100,"sd","09:44:57",7000
12.95,0.15,1000,"sd","09:43:27",6900
12.95,0.15,700,"sd","09:43:23",5900
12.95,0.15,500,"bu","09:42:13",5200
12.95,0.15,700,"bu","09:42:13",4700
12.95,0.15,100,"bu","09:40:52",4000
12.95,0.15,200,"bu","09:40:45",3900
12.95,0.15,200,"sd","09:40:30",3700
12.95,0.15,100,"sd","09:40:11",3500
12.95,0.15,500,"bu","09:39:51",3400
12.95,0.15,200,"sd","09:31:57",2900
12.95,0.15,2000,"bu","09:31:50",2700
12.9,0.1,100,"bu","09:31:50",700
13.2,0.4,100,"bu","09:15:38",600
13.1,0.3,100,"unknown","09:15:38",500
13.05,0.25,100,"unknown","09:15:38",400
13,0.2,100,"bu","09:15:38",300
12.95,0.15,100,"bu","09:15:38",200
12.9,0.1,100,"unknown","09:15:02",100
