"price","change","match_qtty","side","time","total_vol"
3.83,-0.01,1300,"unknown","14:45:03",123000
3.84,0,100,"bu","14:29:12",121700
3.83,-0.01,200,"bu","14:28:45",121600
3.81,-0.03,600,"bu","14:24:21",121400
3.81,-0.03,1100,"bu","14:24:07",120800
3.81,-0.03,700,"bu","14:24:01",119700
3.8,-0.04,100,"sd","14:23:01",119000
3.81,-0.03,200,"bu","14:22:50",118900
3.81,-0.03,600,"sd","14:22:31",118700
3.83,-0.01,700,"sd","14:19:01",118100
3.83,-0.01,800,"sd","14:18:39",117400
3.83,-0.01,700,"sd","14:18:39",116600
3.83,-0.01,300,"sd","14:17:32",115900
3.84,0,100,"bu","14:17:26",115600
3.83,-0.01,900,"sd","14:16:30",115500
3.83,-0.01,100,"sd","14:15:24",114600
3.84,0,200,"bu","14:13:31",114500
3.84,0,200,"bu","14:11:35",114300
3.84,0,100,"bu","14:11:35",114100
3.84,0,100,"bu","14:11:21",114000
3.83,-0.01,2900,"bu","14:08:21",113900
3.83,-0.01,500,"bu","14:07:55",111000
3.82,-0.02,1500,"bu","14:07:24",110500
3.82,-0.02,100,"bu","14:06:38",109000
3.82,-0.02,1100,"bu","14:06:13",108900
3.82,-0.02,200,"bu","14:05:22",107800
3.82,-0.02,1000,"bu","14:05:19",107600
3.82,-0.02,1100,"bu","14:04:05",106600
3.82,-0.02,1600,"bu","14:03:11",105500
3.81,-0.03,300,"sd","14:03:02",103900
3.82,-0.02,300,"sd","13:59:57",103600
3.83,-0.01,100,"bu","13:58:17",103300
3.84,0,100,"bu","13:57:21",103200
3.83,-0.01,200,"sd","13:56:56",103100
3.84,0,100,"bu","13:55:08",102900
3.84,0,200,"bu","13:51:58",102800
3.83,-0.01,800,"bu","13:51:29",102600
3.83,-0.01,100,"bu","13:51:26",101800
3.83,-0.01,100,"sd","13:51:18",101700
3.83,-0.01,500,"bu","13:50:59",101600
3.83,-0.01,400,"bu","13:50:41",101100
3.83,-0.01,100,"bu","13:50:41",100700
3.83,-0.01,500,"bu","13:50:24",100600
3.83,-0.01,1000,"bu","13:50:21",100100
3.83,-0.01,300,"bu","13:50:15",99100
3.83,-0.01,100,"bu","13:49:45",98800
3.82,-0.02,300,"bu","13:48:36",98700
3.82,-0.02,1000,"bu","13:48:08",98400
3.82,-0.02,300,"bu","13:48:00",97400
3.82,-0.02,100,"bu","13:37:47",97100
3.82,-0.02,100,"bu","13:35:38",97000
3.8,-0.04,100,"bu","13:32:11",96900
3.8,-0.04,100,"bu","13:32:11",96800
3.8,-0.04,2100,"bu","13:32:11",96700
3.8,-0.04,1100,"bu","13:32:11",94600
3.8,-0.04,5000,"bu","13:31:58",93500
3.8,-0.04,10000,"bu","13:31:49",88500
3.8,-0.04,1100,"bu","13:31:41",78500
3.8,-0.04,200,"bu","13:31:24",77400
3.8,-0.04,100,"bu","13:30:01",77200
3.8,-0.04,500,"bu","13:30:00",77100
3.79,-0.05,1600,"sd","13:29:58",76600
3.79,-0.05,200,"sd","13:29:58",75000
3.79,-0.05,700,"sd","13:29:58",74800
3.8,-0.04,100,"bu","13:29:57",74100
3.8,-0.04,400,"bu","13:27:34",74000
3.8,-0.04,900,"sd","13:24:10",73600
3.8,-0.04,500,"bu","13:24:00",72700
3.8,-0.04,1300,"sd","13:21:47",72200
3.8,-0.04,1000,"sd","13:21:47",70900
3.8,-0.04,700,"sd","13:18:17",69900
3.8,-0.04,300,"sd","13:18:17",69200
3.82,-0.02,100,"bu","13:12:22",68900
3.82,-0.02,100,"sd","13:10:28",68800
3.82,-0.02,100,"bu","13:09:25",68700
3.82,-0.02,200,"bu","13:09:19",68600
3.82,-0.02,200,"bu","13:09:13",68400
3.8,-0.04,200,"bu","13:08:26",68200
3.8,-0.04,200,"bu","13:08:24",68000
3.8,-0.04,200,"bu","13:08:20",67800
3.8,-0.04,200,"bu","13:08:14",67600
3.8,-0.04,100,"bu","13:07:55",67400
3.8,-0.04,100,"sd","13:07:04",67300
3.8,-0.04,500,"sd","13:07:04",67200
3.8,-0.04,100,"sd","13:07:04",66700
3.8,-0.04,2400,"sd","13:07:04",66600
3.8,-0.04,4000,"sd","13:06:43",64200
3.82,-0.02,6500,"bu","13:06:06",60200
3.82,-0.02,100,"bu","13:00:23",53700
3.8,-0.04,2500,"sd","13:00:06",53600
3.82,-0.02,800,"bu","13:00:05",51100
3.81,-0.03,100,"unknown","13:00:05",50300
3.82,-0.02,200,"bu","13:00:04",50200
3.8,-0.04,100,"sd","13:00:02",50000
3.8,-0.04,500,"sd","13:00:02",49900
3.8,-0.04,500,"sd","13:00:02",49400
3.8,-0.04,900,"sd","11:29:23",48900
3.81,-0.03,200,"bu","11:28:04",48000
3.81,-0.03,1800,"sd","11:27:54",47800
3.8,-0.04,600,"sd","11:16:33",46000
3.81,-0.03,3900,"sd","11:16:33",45400
3.81,-0.03,100,"sd","11:16:25",41500
3.85,0.01,100,"bu","11:05:28",41400
3.82,-0.02,100,"sd","11:04:37",41300
3.82,-0.02,200,"sd","11:04:37",41200
3.83,-0.01,100,"sd","11:04:37",41000
3.82,-0.02,700,"bu","11:00:40",40900
3.82,-0.02,200,"bu","10:58:35",40200
3.82,-0.02,100,"bu","10:57:33",40000
3.82,-0.02,1000,"bu","10:56:28",39900
3.82,-0.02,600,"sd","10:54:53",38900
3.8,-0.04,500,"unknown","10:54:22",38300
3.8,-0.04,1000,"unknown","10:54:22",37800
3.8,-0.04,2000,"unknown","10:54:22",36800
3.8,-0.04,500,"unknown","10:54:22",34800
3.8,-0.04,3000,"unknown","10:54:22",34300
3.8,-0.04,100,"sd","10:54:22",31300
3.81,-0.03,200,"sd","10:54:22",31200
3.81,-0.03,100,"sd","10:54:22",31000
3.81,-0.03,100,"sd","10:54:22",30900
3.81,-0.03,3000,"sd","10:54:22",30800
3.82,-0.02,500,"sd","10:52:37",27800
3.82,-0.02,100,"sd","10:52:37",27300
3.82,-0.02,900,"sd","10:52:37",27200
3.83,-0.01,500,"sd","10:52:37",26300
3.83,-0.01,1000,"sd","10:52:37",25800
3.83,-0.01,300,"sd","10:52:37",24800
3.83,-0.01,200,"sd","10:52:37",24500
3.83,-0.01,300,"sd","10:40:57",24300
3.83,-0.01,500,"sd","10:40:57",24000
3.83,-0.01,800,"sd","10:40:57",23500
3.83,-0.01,200,"sd","10:37:51",22700
3.85,0.01,100,"sd","10:37:48",22500
3.85,0.01,300,"sd","10:36:40",22400
3.85,0.01,200,"bu","10:31:42",22100
3.85,0.01,100,"bu","10:31:31",21900
3.83,-0.01,100,"bu","10:31:31",21800
3.83,-0.01,700,"sd","10:30:16",21700
3.83,-0.01,900,"sd","10:28:43",21000
3.83,-0.01,300,"sd","10:24:22",20100
3.83,-0.01,400,"sd","10:24:22",19800
3.84,0,2300,"sd","10:23:15",19400
3.84,0,300,"sd","10:21:56",17100
3.84,0,400,"sd","10:19:20",16800
3.84,0,600,"sd","10:19:20",16400
3.84,0,500,"sd","10:18:59",15800
3.84,0,900,"sd","10:17:19",15300
3.84,0,1000,"sd","10:17:19",14400
3.84,0,200,"sd","10:17:19",13400
3.86,0.02,100,"bu","10:08:12",13200
3.86,0.02,1500,"bu","10:03:57",13100
3.85,0.01,500,"bu","10:03:57",11600
3.85,0.01,500,"sd","09:53:32",11100
3.85,0.01,500,"bu","09:53:07",10600
3.84,0,6000,"sd","09:53:05",10100
3.84,0,300,"sd","09:53:05",4100
3.84,0,1000,"sd","09:53:05",3800
3.84,0,100,"sd","09:53:05",2800
3.85,0.01,500,"sd","09:50:39",2700
3.85,0.01,500,"bu","09:47:40",2200
3.85,0.01,500,"sd","09:47:30",1700
3.85,0.01,500,"sd","09:42:11",1200
3.85,0.01,200,"unknown","09:30:12",700
3.85,0.01,300,"sd","09:30:06",500
3.9,0.06,200,"bu","09:15:01",200
