"price","change","match_qtty","side","time","total_vol"
11.45,0.05,7000,"unknown","14:45:03",494000
11.5,0.1,1000,"sd","14:29:35",487000
11.5,0.1,100,"sd","14:29:02",486000
11.5,0.1,4600,"sd","14:29:02",485900
11.5,0.1,200,"sd","14:28:31",481300
11.5,0.1,1000,"sd","14:27:41",481100
11.5,0.1,1000,"sd","14:27:16",480100
11.5,0.1,500,"sd","14:27:00",479100
11.5,0.1,200,"bu","14:26:55",478600
11.5,0.1,2000,"bu","14:26:55",478400
11.5,0.1,5500,"bu","14:26:55",476400
11.5,0.1,200,"bu","14:26:48",470900
11.5,0.1,500,"bu","14:26:48",470700
11.45,0.05,100,"sd","14:26:47",470200
11.45,0.05,1800,"sd","14:26:30",470100
11.45,0.05,200,"sd","14:26:30",468300
11.5,0.1,500,"bu","14:26:00",468100
11.5,0.1,100,"bu","14:26:00",467600
11.5,0.1,100,"bu","14:26:00",467500
11.5,0.1,1100,"bu","14:26:00",467400
11.5,0.1,100,"bu","14:25:42",466300
11.5,0.1,300,"bu","14:25:40",466200
11.5,0.1,2000,"bu","14:25:40",465900
11.5,0.1,100,"bu","14:25:40",463900
11.5,0.1,100,"bu","14:25:40",463800
11.5,0.1,100,"bu","14:25:40",463700
11.5,0.1,500,"bu","14:25:40",463600
11.5,0.1,200,"bu","14:25:40",463100
11.5,0.1,500,"bu","14:25:40",462900
11.45,0.05,900,"sd","14:24:15",462400
11.45,0.05,5000,"sd","14:23:47",461500
11.5,0.1,500,"bu","14:21:58",456500
11.5,0.1,500,"bu","14:21:58",456000
11.45,0.05,300,"sd","14:21:43",455500
11.45,0.05,100,"sd","14:21:38",455200
11.45,0.05,3500,"sd","14:21:19",455100
11.5,0.1,100,"bu","14:19:06",451600
11.5,0.1,1000,"bu","14:18:56",451500
11.5,0.1,100,"bu","14:17:36",450500
11.5,0.1,100,"bu","14:17:10",450400
11.5,0.1,1200,"bu","14:16:44",450300
11.5,0.1,500,"bu","14:16:44",449100
11.5,0.1,500,"bu","14:16:44",448600
11.5,0.1,1000,"bu","14:13:46",448100
11.5,0.1,700,"bu","14:12:40",447100
11.5,0.1,7800,"sd","14:10:51",446400
11.5,0.1,4500,"sd","14:10:36",438600
11.5,0.1,1000,"sd","14:10:36",434100
11.5,0.1,500,"sd","14:10:35",433100
11.5,0.1,500,"sd","14:10:10",432600
11.5,0.1,1000,"sd","14:10:03",432100
11.5,0.1,1000,"sd","14:09:41",431100
11.5,0.1,1000,"sd","14:09:11",430100
11.5,0.1,1300,"sd","14:09:11",429100
11.5,0.1,700,"sd","14:09:11",427800
11.5,0.1,2000,"sd","14:08:40",427100
11.55,0.15,4600,"bu","14:06:43",425100
11.55,0.15,200,"bu","14:06:32",420500
11.55,0.15,1000,"bu","14:06:03",420300
11.55,0.15,500,"bu","14:04:32",419300
11.55,0.15,900,"bu","14:03:29",418800
11.55,0.15,100,"bu","14:03:29",417900
11.5,0.1,300,"bu","14:02:39",417800
11.5,0.1,200,"bu","14:02:36",417500
11.5,0.1,1500,"sd","14:02:15",417300
11.5,0.1,100,"bu","14:01:46",415800
11.5,0.1,100,"bu","14:01:46",415700
11.5,0.1,300,"bu","14:01:46",415600
11.5,0.1,200,"bu","14:01:04",415300
11.5,0.1,500,"sd","14:00:04",415100
11.5,0.1,700,"bu","13:59:27",414600
11.4,0,1400,"sd","13:58:48",413900
11.45,0.05,100,"sd","13:58:48",412500
11.5,0.1,500,"sd","13:57:44",412400
11.5,0.1,800,"sd","13:57:44",411900
11.5,0.1,400,"sd","13:57:41",411100
11.5,0.1,300,"sd","13:57:41",410700
11.5,0.1,1300,"sd","13:57:41",410400
11.5,0.1,300,"sd","13:57:18",409100
11.5,0.1,100,"sd","13:55:54",408800
11.5,0.1,100,"sd","13:54:26",408700
11.5,0.1,100,"sd","13:53:55",408600
11.5,0.1,100,"bu","13:52:42",408500
11.5,0.1,200,"bu","13:49:46",408400
11.5,0.1,4800,"bu","13:49:46",408200
11.45,0.05,100,"sd","13:48:18",403400
11.5,0.1,1000,"bu","13:48:02",403300
11.5,0.1,1200,"bu","13:47:58",402300
11.5,0.1,2000,"bu","13:47:58",401100
11.5,0.1,1000,"bu","13:47:58",399100
11.5,0.1,1800,"bu","13:47:58",398100
11.45,0.05,4600,"sd","13:47:49",396300
11.45,0.05,400,"sd","13:47:49",391700
11.5,0.1,1100,"bu","13:46:57",391300
11.45,0.05,500,"bu","13:46:37",390200
11.45,0.05,3000,"bu","13:46:12",389700
11.45,0.05,500,"sd","13:45:28",386700
11.45,0.05,400,"bu","13:45:04",386200
11.45,0.05,500,"bu","13:45:04",385800
11.45,0.05,700,"bu","13:45:04",385300
11.4,0,100,"sd","13:45:03",384600
11.4,0,2000,"sd","13:44:29",384500
11.4,0,900,"sd","13:44:06",382500
11.45,0.05,1200,"bu","13:43:50",381600
11.4,0,100,"sd","13:43:41",380400
11.4,0,500,"sd","13:42:16",380300
11.4,0,500,"sd","13:42:16",379800
11.45,0.05,100,"bu","13:38:46",379300
11.4,0,100,"sd","13:38:07",379200
11.4,0,200,"sd","13:37:29",379100
11.4,0,2100,"bu","13:36:42",378900
11.4,0,500,"bu","13:36:11",376800
11.4,0,100,"sd","13:35:27",376300
11.4,0,2000,"sd","13:35:27",376200
11.4,0,200,"sd","13:35:27",374200
11.4,0,100,"sd","13:35:27",374000
11.4,0,9900,"sd","13:34:18",373900
11.4,0,100,"sd","13:34:18",364000
11.4,0,400,"sd","13:32:44",363900
11.4,0,100,"sd","13:32:44",363500
11.45,0.05,500,"sd","13:32:44",363400
11.5,0.1,1000,"bu","13:32:12",362900
11.5,0.1,1100,"bu","13:32:00",361900
11.5,0.1,100,"bu","13:32:00",360800
11.5,0.1,800,"bu","13:32:00",360700
11.5,0.1,800,"bu","13:31:45",359900
11.5,0.1,400,"bu","13:31:45",359100
11.5,0.1,2000,"bu","13:31:45",358700
11.5,0.1,100,"bu","13:31:45",356700
11.5,0.1,200,"bu","13:31:45",356600
11.5,0.1,9200,"bu","13:31:45",356400
11.5,0.1,1100,"bu","13:31:45",347200
11.5,0.1,2000,"bu","13:31:45",346100
11.5,0.1,100,"bu","13:31:45",344100
11.5,0.1,100,"bu","13:31:45",344000
11.5,0.1,1000,"bu","13:31:45",343900
11.5,0.1,6600,"bu","13:31:45",342900
11.45,0.05,100,"bu","13:31:45",336300
11.45,0.05,16300,"bu","13:31:45",336200
11.45,0.05,1000,"bu","13:31:34",319900
11.45,0.05,1500,"bu","13:30:56",318900
11.4,0,100,"sd","13:30:55",317400
11.4,0,1800,"sd","13:30:55",317300
11.4,0,100,"sd","13:30:55",315500
11.45,0.05,100,"bu","13:30:41",315400
11.45,0.05,100,"bu","13:30:33",315300
11.45,0.05,1000,"bu","13:30:33",315200
11.5,0.1,1000,"bu","13:30:20",314200
11.45,0.05,100,"bu","13:30:11",313200
11.45,0.05,500,"bu","13:30:11",313100
11.45,0.05,100,"bu","13:30:11",312600
11.45,0.05,1300,"bu","13:30:11",312500
11.45,0.05,700,"bu","13:30:05",311200
11.45,0.05,300,"bu","13:30:05",310500
11.45,0.05,100,"bu","13:30:02",310200
11.45,0.05,200,"bu","13:29:25",310100
11.4,0,2000,"bu","13:29:15",309900
11.4,0,1000,"bu","13:29:15",307900
11.4,0,3400,"bu","13:29:15",306900
11.45,0.05,400,"bu","13:29:15",303500
11.45,0.05,3100,"bu","13:29:15",303100
11.4,0,100,"bu","13:29:15",300000
11.4,0,1600,"bu","13:29:08",299900
11.4,0,100,"bu","13:29:08",298300
11.4,0,3300,"bu","13:29:08",298200
11.35,-0.05,300,"sd","13:29:03",294900
11.35,-0.05,200,"sd","13:28:28",294600
11.35,-0.05,100,"sd","13:28:28",294400
11.35,-0.05,100,"sd","13:28:28",294300
11.35,-0.05,1000,"bu","13:27:29",294200
11.35,-0.05,100,"bu","13:26:05",293200
11.35,-0.05,1000,"bu","13:25:56",293100
11.35,-0.05,2300,"bu","13:25:45",292100
11.35,-0.05,1000,"bu","13:25:43",289800
11.35,-0.05,200,"sd","13:24:30",288800
11.35,-0.05,100,"sd","13:24:30",288600
11.35,-0.05,400,"sd","13:24:30",288500
11.35,-0.05,100,"sd","13:22:53",288100
11.35,-0.05,400,"sd","13:22:53",288000
11.35,-0.05,800,"sd","13:21:41",287600
11.35,-0.05,1400,"bu","13:20:03",286800
11.35,-0.05,400,"bu","13:20:03",285400
11.3,-0.1,1600,"sd","13:19:50",285000
11.3,-0.1,1500,"sd","13:19:50",283400
11.3,-0.1,200,"sd","13:19:50",281900
11.3,-0.1,1000,"sd","13:19:50",281700
11.3,-0.1,500,"sd","13:19:50",280700
11.3,-0.1,200,"sd","13:19:50",280200
11.3,-0.1,100,"sd","13:19:50",280000
11.3,-0.1,300,"sd","13:19:50",279900
11.3,-0.1,2000,"sd","13:19:50",279600
11.3,-0.1,100,"sd","13:19:50",277600
11.3,-0.1,1000,"sd","13:19:50",277500
11.3,-0.1,1000,"sd","13:19:50",276500
11.3,-0.1,100,"sd","13:19:50",275500
11.3,-0.1,800,"sd","13:19:50",275400
11.4,0,100,"bu","13:16:03",274600
11.35,-0.05,200,"bu","13:15:44",274500
11.35,-0.05,300,"sd","13:15:35",274300
11.35,-0.05,500,"sd","13:15:35",274000
11.4,0,100,"bu","13:15:34",273500
11.35,-0.05,1500,"bu","13:14:07",273400
11.35,-0.05,3000,"bu","13:14:07",271900
11.35,-0.05,1000,"bu","13:13:37",268900
11.35,-0.05,1000,"bu","13:13:15",267900
11.35,-0.05,500,"bu","13:13:15",266900
11.35,-0.05,1000,"bu","13:12:57",266400
11.35,-0.05,300,"bu","13:11:29",265400
11.35,-0.05,200,"bu","13:11:27",265100
11.35,-0.05,3400,"bu","13:08:23",264900
11.3,-0.1,5000,"sd","13:07:40",261500
11.3,-0.1,200,"sd","13:07:03",256500
11.3,-0.1,500,"sd","13:05:04",256300
11.3,-0.1,400,"sd","13:04:42",255800
11.3,-0.1,3200,"sd","13:04:05",255400
11.3,-0.1,2000,"sd","13:04:05",252200
11.3,-0.1,300,"sd","13:04:05",250200
11.3,-0.1,700,"sd","13:04:05",249900
11.3,-0.1,300,"sd","13:04:05",249200
11.3,-0.1,100,"sd","13:04:05",248900
11.3,-0.1,500,"sd","13:04:05",248800
11.3,-0.1,200,"sd","13:04:05",248300
11.3,-0.1,1000,"sd","13:04:05",248100
11.3,-0.1,100,"sd","13:04:05",247100
11.3,-0.1,100,"sd","13:04:05",247000
11.3,-0.1,100,"sd","13:04:05",246900
11.35,-0.05,400,"sd","13:04:01",246800
11.35,-0.05,100,"sd","13:04:01",246400
11.35,-0.05,400,"sd","13:03:07",246300
11.35,-0.05,100,"sd","13:03:07",245900
11.35,-0.05,300,"sd","13:03:07",245800
11.35,-0.05,400,"sd","13:02:32",245500
11.35,-0.05,300,"sd","13:01:55",245100
11.35,-0.05,100,"sd","13:01:55",244800
11.35,-0.05,100,"sd","13:01:55",244700
11.35,-0.05,1300,"sd","13:01:55",244600
11.35,-0.05,800,"sd","13:01:15",243300
11.35,-0.05,100,"sd","13:00:40",242500
11.35,-0.05,200,"sd","13:00:40",242400
11.35,-0.05,700,"sd","13:00:40",242200
11.35,-0.05,500,"sd","13:00:29",241500
11.35,-0.05,100,"sd","13:00:29",241000
11.35,-0.05,700,"sd","13:00:29",240900
11.35,-0.05,500,"sd","13:00:29",240200
11.4,0,400,"bu","13:00:12",239700
11.35,-0.05,400,"sd","13:00:11",239300
11.35,-0.05,600,"sd","13:00:10",238900
11.35,-0.05,100,"sd","13:00:08",238300
11.35,-0.05,1000,"sd","13:00:08",238200
11.35,-0.05,200,"sd","13:00:08",237200
11.35,-0.05,100,"sd","13:00:07",237000
11.4,0,100,"unknown","13:00:03",236900
11.35,-0.05,100,"sd","13:00:02",236800
11.35,-0.05,600,"sd","13:00:02",236700
11.35,-0.05,1000,"sd","13:00:02",236100
11.35,-0.05,1300,"sd","13:00:01",235100
11.4,0,100,"sd","11:28:34",233800
11.4,0,100,"sd","11:28:34",233700
11.4,0,2000,"sd","11:28:08",233600
11.4,0,900,"sd","11:27:30",231600
11.4,0,100,"sd","11:27:12",230700
11.4,0,1800,"sd","11:24:50",230600
11.4,0,100,"bu","11:24:43",228800
11.4,0,200,"bu","11:24:43",228700
11.4,0,9300,"bu","11:24:43",228500
11.4,0,2700,"bu","11:24:27",219200
11.4,0,1600,"bu","11:24:27",216500
11.35,-0.05,600,"sd","11:23:21",214900
11.35,-0.05,100,"sd","11:17:41",214300
11.4,0,400,"bu","11:14:48",214200
11.4,0,100,"bu","11:14:48",213800
11.4,0,500,"bu","11:14:48",213700
11.4,0,3900,"bu","11:12:46",213200
11.4,0,1100,"bu","11:12:46",209300
11.4,0,200,"bu","11:08:51",208200
11.4,0,5000,"bu","11:08:26",208000
11.4,0,800,"bu","11:08:21",203000
11.4,0,500,"bu","11:06:42",202200
11.4,0,100,"bu","11:05:28",201700
11.35,-0.05,1000,"sd","11:03:55",201600
11.35,-0.05,2500,"sd","11:03:55",200600
11.4,0,300,"bu","11:02:55",198100
11.4,0,100,"bu","10:59:29",197800
11.4,0,1700,"bu","10:58:47",197700
11.35,-0.05,500,"sd","10:53:45",196000
11.35,-0.05,100,"sd","10:53:45",195500
11.4,0,200,"bu","10:51:29",195400
11.4,0,800,"bu","10:51:29",195200
11.35,-0.05,200,"sd","10:49:19",194400
11.35,-0.05,200,"sd","10:48:25",194200
11.35,-0.05,800,"sd","10:47:00",194000
11.35,-0.05,100,"sd","10:47:00",193200
11.35,-0.05,800,"sd","10:47:00",193100
11.35,-0.05,1000,"sd","10:45:13",192300
11.35,-0.05,300,"sd","10:44:52",191300
11.35,-0.05,100,"sd","10:44:48",191000
11.35,-0.05,2800,"sd","10:44:21",190900
11.35,-0.05,100,"sd","10:44:21",188100
11.35,-0.05,100,"sd","10:44:21",188000
11.4,0,200,"bu","10:44:07",187900
11.4,0,2000,"bu","10:38:55",187700
11.4,0,1000,"bu","10:38:45",185700
11.4,0,1000,"bu","10:38:13",184700
11.35,-0.05,200,"sd","10:37:14",183700
11.35,-0.05,200,"sd","10:36:27",183500
11.35,-0.05,12900,"sd","10:34:36",183300
11.35,-0.05,1000,"sd","10:34:36",170400
11.35,-0.05,300,"sd","10:34:36",169400
11.35,-0.05,1000,"sd","10:34:36",169100
11.35,-0.05,500,"sd","10:34:36",168100
11.35,-0.05,8300,"sd","10:34:36",167600
11.4,0,200,"bu","10:34:14",159300
11.4,0,4000,"sd","10:34:12",159100
11.4,0,500,"sd","10:34:10",155100
11.4,0,500,"sd","10:33:47",154600
11.4,0,100,"sd","10:33:47",154100
11.4,0,1000,"sd","10:33:47",154000
11.4,0,100,"sd","10:33:47",153000
11.4,0,1000,"sd","10:33:47",152900
11.4,0,300,"sd","10:33:47",151900
11.45,0.05,300,"bu","10:33:28",151600
11.4,0,1700,"sd","10:32:19",151300
11.4,0,1000,"sd","10:32:19",149600
11.4,0,100,"sd","10:32:19",148600
11.4,0,100,"sd","10:32:19",148500
11.45,0.05,1600,"sd","10:32:06",148400
11.45,0.05,3400,"sd","10:31:55",146800
11.45,0.05,100,"sd","10:31:55",143400
11.45,0.05,1500,"sd","10:31:55",143300
11.5,0.1,5400,"bu","10:28:49",141800
11.5,0.1,2600,"bu","10:28:49",136400
11.45,0.05,3500,"sd","10:28:27",133800
11.45,0.05,900,"sd","10:28:27",130300
11.45,0.05,1000,"sd","10:28:27",129400
11.45,0.05,4600,"sd","10:28:27",128400
11.5,0.1,2000,"bu","10:19:29",123800
11.5,0.1,500,"bu","10:16:57",121800
11.5,0.1,1600,"bu","10:16:57",121300
11.5,0.1,400,"bu","10:16:57",119700
11.45,0.05,400,"sd","10:12:19",119300
11.45,0.05,600,"sd","10:12:19",118900
11.45,0.05,100,"sd","10:12:12",118300
11.45,0.05,1900,"sd","10:12:12",118200
11.5,0.1,500,"bu","10:11:03",116300
11.5,0.1,900,"bu","10:10:22",115800
11.5,0.1,1000,"bu","10:10:22",114900
11.5,0.1,100,"bu","10:10:22",113900
11.5,0.1,1900,"sd","10:10:07",113800
11.6,0.2,100,"bu","10:09:08",111900
11.7,0.3,200,"bu","10:07:51",111800
11.7,0.3,200,"bu","10:07:51",111600
11.6,0.2,500,"bu","10:07:51",111400
11.7,0.3,9400,"bu","10:06:39",110900
11.7,0.3,500,"bu","10:06:39",101300
11.7,0.3,200,"bu","10:06:39",101500
11.65,0.25,500,"bu","10:06:39",100800
11.65,0.25,2000,"bu","10:06:39",100300
11.65,0.25,2400,"bu","10:06:39",98300
11.45,0.05,100,"sd","10:05:04",95900
11.65,0.25,100,"bu","10:04:38",95800
11.65,0.25,500,"bu","10:04:38",95700
11.65,0.25,1000,"bu","10:04:38",95200
11.65,0.25,200,"bu","10:04:38",94200
11.6,0.2,1000,"bu","10:04:29",94000
11.6,0.2,700,"bu","10:04:29",93000
11.6,0.2,1100,"sd","10:03:48",92300
11.6,0.2,1200,"sd","10:03:48",91200
11.6,0.2,300,"sd","10:02:28",90000
11.6,0.2,300,"sd","10:02:28",89700
11.6,0.2,1000,"sd","10:02:28",89400
11.6,0.2,100,"sd","10:02:28",88400
11.6,0.2,100,"sd","10:02:28",88300
11.6,0.2,500,"sd","10:02:28",88200
11.6,0.2,100,"sd","10:02:28",87700
11.6,0.2,3000,"bu","10:02:28",87600
11.6,0.2,2000,"bu","10:02:28",84600
11.6,0.2,500,"bu","10:02:28",82600
11.6,0.2,900,"bu","10:02:28",82100
11.6,0.2,100,"bu","10:02:28",81200
11.6,0.2,2800,"bu","10:02:28",81100
11.55,0.15,100,"bu","10:02:28",78300
11.55,0.15,2000,"bu","10:02:28",78200
11.45,0.05,200,"bu","10:02:28",76200
11.45,0.05,1400,"bu","10:02:15",76000
11.45,0.05,10000,"bu","10:01:53",74600
11.45,0.05,500,"sd","10:01:17",64600
11.45,0.05,5000,"sd","10:01:17",64100
11.45,0.05,1000,"sd","10:01:17",59100
11.45,0.05,100,"sd","10:01:17",58100
11.45,0.05,300,"sd","10:01:17",58000
11.45,0.05,100,"sd","10:01:17",57700
11.5,0.1,1400,"sd","10:01:17",57600
11.5,0.1,100,"sd","10:01:16",56200
11.5,0.1,1500,"bu","10:00:25",56100
11.5,0.1,2500,"sd","09:59:34",54600
11.5,0.1,1500,"sd","09:58:30",52100
11.5,0.1,1000,"bu","09:57:11",50600
11.5,0.1,200,"sd","09:50:51",49600
11.5,0.1,200,"sd","09:50:51",49400
11.5,0.1,1600,"sd","09:50:51",49200
11.5,0.1,100,"sd","09:49:24",47600
11.6,0.2,200,"bu","09:47:03",47500
11.5,0.1,100,"sd","09:46:47",47300
11.55,0.15,200,"sd","09:46:21",47200
11.55,0.15,700,"bu","09:44:59",47000
11.55,0.15,1000,"bu","09:44:59",46300
11.55,0.15,500,"bu","09:44:59",45300
11.55,0.15,500,"bu","09:44:49",44800
11.55,0.15,100,"bu","09:44:49",44300
11.55,0.15,100,"bu","09:42:20",44200
11.55,0.15,100,"bu","09:41:14",44100
11.5,0.1,200,"bu","09:40:41",44000
11.5,0.1,1000,"bu","09:40:41",43800
11.5,0.1,1000,"bu","09:40:24",42800
11.5,0.1,500,"bu","09:40:24",41800
11.5,0.1,500,"bu","09:40:24",41300
11.45,0.05,900,"sd","09:40:17",40800
11.45,0.05,200,"bu","09:39:01",39900
11.45,0.05,2300,"bu","09:39:01",39700
11.45,0.05,300,"bu","09:39:01",37400
11.45,0.05,1000,"bu","09:39:01",37100
11.45,0.05,200,"bu","09:39:01",36100
11.45,0.05,700,"bu","09:39:01",35900
11.45,0.05,100,"bu","09:38:33",35200
11.45,0.05,200,"bu","09:38:33",35100
11.45,0.05,500,"bu","09:38:33",34900
11.45,0.05,1800,"bu","09:38:33",34400
11.4,0,1800,"bu","09:38:33",32600
11.35,-0.05,1000,"sd","09:36:27",30800
11.35,-0.05,700,"bu","09:35:10",29800
11.35,-0.05,300,"sd","09:34:47",29100
11.35,-0.05,300,"bu","09:34:27",28800
11.3,-0.1,100,"bu","09:33:30",28500
11.3,-0.1,100,"bu","09:33:08",28400
11.3,-0.1,200,"sd","09:32:55",28300
11.3,-0.1,300,"sd","09:32:50",28100
11.3,-0.1,200,"sd","09:32:50",27800
11.3,-0.1,200,"sd","09:32:49",27600
11.3,-0.1,500,"sd","09:32:49",27400
11.3,-0.1,700,"sd","09:32:49",26900
11.3,-0.1,800,"sd","09:32:49",26200
11.35,-0.05,200,"bu","09:32:20",25400
11.35,-0.05,500,"bu","09:32:16",25200
11.35,-0.05,200,"bu","09:32:16",24700
11.35,-0.05,2000,"bu","09:31:44",24500
11.3,-0.1,200,"sd","09:30:37",22500
11.3,-0.1,300,"sd","09:30:37",22300
11.3,-0.1,200,"sd","09:29:12",22000
11.3,-0.1,800,"sd","09:29:12",21800
11.3,-0.1,200,"sd","09:28:00",21000
11.35,-0.05,500,"sd","09:26:18",20800
11.35,-0.05,100,"sd","09:26:18",20300
11.35,-0.05,1000,"sd","09:26:18",20200
11.4,0,200,"sd","09:25:03",19200
11.4,0,700,"sd","09:25:03",19000
11.4,0,1000,"sd","09:25:03",18300
11.4,0,300,"sd","09:25:03",17300
11.4,0,1000,"sd","09:25:03",17000
11.45,0.05,100,"bu","09:20:50",16000
11.45,0.05,200,"bu","09:20:00",15900
11.4,0,100,"sd","09:19:33",15700
11.4,0,1000,"sd","09:17:29",15600
11.4,0,6000,"sd","09:17:29",14600
11.4,0,2000,"sd","09:17:29",8600
11.4,0,400,"sd","09:17:29",6600
11.4,0,100,"sd","09:17:29",6200
11.4,0,100,"sd","09:17:29",6100
11.4,0,100,"sd","09:17:29",6000
11.4,0,300,"sd","09:17:29",5900
11.45,0.05,500,"bu","09:17:28",5600
11.45,0.05,1000,"sd","09:16:33",5100
11.45,0.05,100,"sd","09:16:33",4100
11.45,0.05,300,"sd","09:16:33",4000
11.45,0.05,3700,"sd","09:15:02",3700
