"price","change","match_qtty","side","time","total_vol"
6300,100,500,"sd","14:49:45",75500
6300,100,2500,"sd","14:48:11",75000
6300,100,500,"sd","14:26:38",72500
6200,0,300,"sd","13:42:29",72000
6200,0,500,"sd","13:22:16",71700
6300,100,4500,"sd","13:21:50",71200
6400,200,500,"sd","13:02:59",66700
6400,200,500,"sd","13:02:48",66200
6400,200,100,"bu","11:21:34",65700
6400,200,500,"sd","10:53:14",65600
6400,200,2200,"sd","10:50:19",65100
6400,200,2200,"bu","10:47:34",62900
6400,200,100,"bu","10:44:23",60700
6300,100,2800,"sd","10:44:03",60600
6300,100,300,"bu","10:39:21",57800
6300,100,1700,"bu","10:38:28",57500
6400,200,1400,"bu","10:28:42",55800
6400,200,500,"bu","10:24:07",54400
6400,200,200,"unknown","10:16:23",53900
6400,200,500,"bu","10:15:59",53700
6400,200,100,"bu","10:13:34",53200
6400,200,100,"bu","10:13:00",53100
6400,200,100,"bu","10:12:29",53000
6400,200,100,"bu","10:05:44",52900
6500,300,500,"bu","10:03:29",52800
6500,300,100,"sd","10:02:53",52300
6500,300,3400,"bu","10:02:50",52200
6400,200,100,"bu","10:01:26",48800
6400,200,1000,"bu","09:55:11",48700
6200,0,500,"sd","09:54:21",47700
6200,0,12900,"sd","09:35:25",47200
6400,200,100,"sd","09:34:36",34300
6400,200,100,"sd","09:33:48",34200
6400,200,500,"bu","09:33:33",34100
6400,200,900,"bu","09:32:55",33600
6400,200,100,"sd","09:30:20",32700
6500,300,5000,"bu","09:30:14",32600
6400,200,100,"sd","09:30:05",27600
6500,300,2100,"bu","09:28:48",27500
6500,300,300,"unknown","09:21:56",25400
6500,300,500,"bu","09:21:16",25100
6500,300,800,"bu","09:18:42",24600
6500,300,400,"unknown","09:16:46",23800
6600,400,500,"bu","09:13:31",23400
6600,400,300,"bu","09:13:22",22900
6600,400,300,"bu","09:12:16",22600
6600,400,1300,"bu","09:10:55",22300
6500,300,200,"bu","09:10:18",21000
6500,300,100,"bu","09:10:02",20800
6500,300,3000,"unknown","09:08:49",20700
6400,200,100,"sd","09:08:41",17700
6400,200,1900,"bu","09:08:13",17600
6300,100,1400,"sd","09:07:03",15700
6300,100,2600,"sd","09:06:15",14300
6300,100,800,"bu","09:05:42",11700
6300,100,400,"bu","09:05:09",10900
6300,100,100,"bu","09:05:04",10500
6300,100,100,"unknown","09:04:46",10400
6000,-200,4800,"bu","09:03:50",10300
6000,-200,5200,"sd","09:03:40",5500
6200,0,100,"unknown","09:02:03",300
6300,100,200,"bu","09:00:24",200
