"price","change","match_qtty","side","time","total_vol"
53400,400,28600,"unknown","14:45:01",1356400
53600,600,100,"sd","14:28:59",1327800
53700,700,100,"bu","14:28:11",1327700
53600,600,500,"sd","14:28:05",1327600
53600,600,300,"sd","14:28:05",1327100
53600,600,100,"sd","14:28:05",1326800
53600,600,200,"sd","14:28:05",1326700
53600,600,500,"sd","14:28:05",1326500
53600,600,100,"sd","14:27:14",1326000
53600,600,100,"sd","14:26:11",1325900
53600,600,400,"sd","14:25:53",1325800
53600,600,1600,"sd","14:25:53",1325400
53600,600,100,"sd","14:25:30",1323800
53600,600,900,"sd","14:24:57",1323700
53600,600,800,"sd","14:24:57",1322800
53600,600,300,"sd","14:24:57",1322000
53600,600,100,"sd","14:23:45",1321700
53700,700,300,"sd","14:23:42",1321600
53700,700,200,"sd","14:23:42",1321300
53700,700,1100,"sd","14:23:42",1321100
53700,700,1700,"sd","14:23:42",1320000
53700,700,900,"sd","14:23:42",1318300
53700,700,200,"sd","14:23:42",1317400
53700,700,600,"sd","14:23:38",1317200
53700,700,500,"sd","14:23:38",1316600
53700,700,700,"sd","14:23:38",1316100
53700,700,100,"sd","14:22:30",1315400
53700,700,500,"bu","14:22:14",1315300
53700,700,3000,"bu","14:22:14",1314800
53700,700,1900,"bu","14:22:14",1311800
53600,600,100,"sd","14:22:01",1309900
53700,700,200,"bu","14:21:46",1309800
53700,700,900,"bu","14:21:08",1309600
53700,700,100,"bu","14:21:08",1308700
53700,700,2000,"sd","14:20:44",1308600
53700,700,500,"sd","14:20:44",1306600
53700,700,400,"sd","14:20:44",1306100
53800,800,900,"bu","14:20:30",1305700
53800,800,900,"bu","14:20:25",1304800
53700,700,100,"sd","14:20:16",1303900
53800,800,600,"bu","14:19:56",1303800
53800,800,100,"bu","14:19:56",1303200
53800,800,100,"bu","14:19:56",1303100
53800,800,100,"bu","14:19:56",1303000
53800,800,100,"bu","14:19:56",1302900
53700,700,300,"sd","14:19:53",1302800
53700,700,100,"sd","14:19:49",1302500
53700,700,1000,"bu","14:19:20",1302400
53700,700,100,"bu","14:19:20",1301400
53700,700,100,"bu","14:19:20",1301300
53700,700,2000,"bu","14:19:00",1301200
53700,700,1000,"bu","14:19:00",1299200
53700,700,1000,"bu","14:19:00",1298200
53700,700,1200,"bu","14:18:18",1297200
53700,700,1000,"bu","14:18:18",1296000
53700,700,800,"bu","14:18:18",1295000
53700,700,1200,"bu","14:18:18",1294200
53700,700,600,"bu","14:18:18",1293000
53700,700,1000,"bu","14:18:18",1292400
53700,700,200,"sd","14:18:03",1291400
53700,700,3000,"sd","14:18:01",1291200
53800,800,1200,"bu","14:18:01",1288200
53800,800,1500,"bu","14:18:01",1287000
53800,800,300,"bu","14:18:01",1285500
53800,800,2100,"bu","14:18:01",1285200
53800,800,900,"bu","14:18:01",1283100
53800,800,300,"bu","14:18:01",1282200
53800,800,200,"bu","14:18:01",1281900
53800,800,500,"bu","14:18:01",1281700
53800,800,5000,"bu","14:17:55",1281200
53800,800,200,"bu","14:17:55",1276200
53800,800,3000,"bu","14:17:55",1276000
53800,800,200,"bu","14:17:55",1273000
53800,800,1100,"bu","14:17:55",1272800
53800,800,500,"bu","14:17:55",1271700
53700,700,100,"bu","14:17:41",1271200
53700,700,200,"bu","14:17:41",1271100
53700,700,900,"bu","14:17:41",1270900
53700,700,2100,"bu","14:17:32",1270000
53600,600,200,"sd","14:17:27",1267900
53700,700,100,"bu","14:17:02",1267700
53700,700,100,"bu","14:17:02",1267600
53700,700,100,"bu","14:17:02",1267500
53700,700,3000,"bu","14:17:02",1267400
53700,700,10000,"bu","14:17:02",1264400
53700,700,300,"bu","14:17:02",1254400
53700,700,400,"bu","14:17:02",1254100
53600,600,100,"sd","14:17:02",1253700
53600,600,100,"sd","14:16:59",1253600
53600,600,100,"bu","14:16:33",1253500
53600,600,3000,"bu","14:16:33",1253400
53600,600,100,"bu","14:16:33",1250400
53600,600,100,"bu","14:16:33",1250300
53600,600,100,"bu","14:16:33",1250200
53600,600,300,"bu","14:16:33",1250100
53600,600,100,"bu","14:16:33",1249800
53600,600,100,"bu","14:16:33",1249700
53600,600,2800,"bu","14:16:33",1249600
53600,600,1000,"bu","14:16:12",1246800
53500,500,100,"sd","14:16:12",1245800
53600,600,4100,"bu","14:16:01",1245700
53600,600,2600,"bu","14:15:49",1241600
53600,600,200,"bu","14:15:49",1239000
53600,600,100,"bu","14:15:49",1238800
53600,600,2800,"bu","14:15:49",1238700
53600,600,200,"bu","14:14:28",1235900
53600,600,500,"bu","14:14:28",1235700
53600,600,100,"bu","14:14:28",1235200
53600,600,100,"bu","14:14:28",1235100
53600,600,3000,"bu","14:14:28",1235000
53600,600,100,"bu","14:14:28",1232000
53600,600,300,"bu","14:14:27",1231900
53600,600,1400,"bu","14:14:27",1231600
53500,500,100,"bu","14:14:11",1230200
53500,500,500,"bu","14:14:11",1230100
53500,500,100,"bu","14:14:11",1229600
53500,500,300,"bu","14:14:08",1229500
53500,500,2700,"bu","14:13:41",1229200
53500,500,300,"bu","14:13:41",1226500
53500,500,100,"bu","14:13:41",1226200
53500,500,3000,"bu","14:13:41",1226100
53500,500,100,"bu","14:13:41",1223100
53500,500,100,"bu","14:13:41",1223000
53500,500,2000,"bu","14:13:41",1222900
53500,500,500,"bu","14:13:41",1220900
53500,500,1000,"bu","14:13:41",1220400
53500,500,100,"bu","14:13:41",1219400
53500,500,100,"bu","14:13:41",1219300
53500,500,2000,"bu","14:13:39",1219200
53400,400,100,"sd","14:13:04",1217200
53400,400,100,"sd","14:12:59",1217100
53400,400,100,"sd","14:12:29",1217000
53400,400,300,"sd","14:12:29",1216900
53400,400,1100,"sd","14:12:29",1216600
53400,400,1700,"sd","14:12:29",1215500
53400,400,900,"sd","14:12:29",1213800
53400,400,800,"sd","14:12:29",1212900
53400,400,500,"sd","14:12:29",1212100
53400,400,1600,"sd","14:12:29",1211600
53400,400,100,"sd","14:12:05",1210000
53400,400,500,"sd","14:12:05",1209900
53400,400,100,"sd","14:11:58",1209400
53400,400,100,"bu","14:11:09",1209300
53400,400,100,"bu","14:11:09",1209200
53400,400,100,"bu","14:11:09",1209100
53400,400,700,"bu","14:11:09",1209000
53400,400,100,"bu","14:11:09",1208300
53400,400,300,"bu","14:11:09",1208200
53400,400,1300,"bu","14:11:09",1207900
53400,400,400,"bu","14:10:27",1206600
53400,400,100,"bu","14:10:22",1206200
53400,400,1100,"bu","14:09:23",1206100
53400,400,500,"sd","14:09:22",1205000
53400,400,100,"sd","14:09:22",1204500
53400,400,600,"sd","14:09:22",1204400
53400,400,500,"sd","14:09:22",1203800
53400,400,500,"sd","14:09:22",1203300
53400,400,1100,"sd","14:09:22",1202800
53400,400,300,"sd","14:09:22",1201700
53400,400,600,"sd","14:09:22",1201400
53400,400,500,"sd","14:09:22",1200800
53400,400,500,"sd","14:09:22",1200300
53400,400,1100,"sd","14:09:22",1199800
53400,400,300,"sd","14:09:22",1198700
53400,400,500,"sd","14:09:22",1198400
53400,400,100,"sd","14:09:06",1197900
53400,400,100,"sd","14:08:57",1197800
53400,400,4300,"sd","14:08:50",1197700
53400,400,2700,"sd","14:08:50",1193400
53500,500,200,"bu","14:08:38",1190700
53500,500,900,"bu","14:08:28",1190500
53500,500,1200,"bu","14:07:32",1189600
53500,500,1000,"bu","14:07:29",1188400
53500,500,500,"bu","14:07:19",1187400
53500,500,1200,"bu","14:07:11",1186900
53500,500,200,"bu","14:07:11",1185700
53500,500,3000,"bu","14:07:11",1185500
53500,500,100,"bu","14:07:11",1182500
53500,500,100,"bu","14:07:11",1182400
53500,500,100,"bu","14:07:11",1182300
53500,500,300,"bu","14:07:11",1182200
53400,400,100,"sd","14:07:08",1181900
53400,400,100,"sd","14:06:57",1181800
53400,400,1900,"sd","14:06:27",1181700
53400,400,200,"bu","14:06:25",1179800
53400,400,300,"bu","14:06:11",1179600
53400,400,100,"bu","14:06:11",1179300
53400,400,100,"bu","14:06:11",1179200
53400,400,3000,"bu","14:06:11",1179100
53400,400,100,"bu","14:06:11",1176100
53400,400,800,"bu","14:06:11",1176000
53300,300,300,"sd","14:06:10",1175200
53300,300,100,"sd","14:06:08",1174900
53300,300,100,"sd","14:05:56",1174800
53300,300,100,"sd","14:05:37",1174700
53300,300,500,"sd","14:05:37",1174600
53300,300,100,"sd","14:05:37",1174100
53300,300,100,"sd","14:05:37",1174000
53300,300,400,"sd","14:05:37",1173900
53300,300,700,"sd","14:05:37",1173500
53300,300,400,"sd","14:05:23",1172800
53300,300,1500,"sd","14:05:23",1172400
53300,300,100,"sd","14:05:09",1170900
53300,300,100,"sd","14:04:56",1170800
53300,300,100,"sd","14:04:50",1170700
53300,300,900,"sd","14:04:50",1170600
53300,300,700,"sd","14:04:45",1169700
53300,300,500,"sd","14:04:45",1169000
53300,300,700,"sd","14:04:45",1168500
53400,400,200,"sd","14:03:54",1167800
53500,500,100,"bu","14:03:19",1167600
53400,400,100,"bu","14:03:19",1167500
53400,400,200,"bu","14:03:19",1167400
53400,400,1900,"bu","14:02:58",1167200
53400,400,1100,"bu","14:02:58",1165300
53400,400,100,"bu","14:02:58",1164200
53400,400,300,"bu","14:02:58",1164100
53400,400,900,"bu","14:02:58",1163800
53400,400,200,"bu","14:02:58",1162900
53400,400,200,"bu","14:02:58",1162700
53400,400,1000,"bu","14:02:58",1162500
53400,400,400,"bu","14:02:58",1161500
53400,400,100,"bu","14:02:58",1161100
53400,400,1200,"bu","14:02:58",1161000
53400,400,1600,"bu","14:02:58",1159800
53300,300,300,"sd","14:02:57",1158200
53300,300,500,"sd","14:02:57",1157900
53300,300,1100,"sd","14:02:57",1157400
53300,300,1700,"sd","14:02:57",1156300
53300,300,900,"sd","14:02:57",1154600
53300,300,800,"sd","14:02:57",1153700
53300,300,400,"sd","14:02:57",1152900
53300,300,100,"sd","14:02:57",1152500
53300,300,700,"bu","14:02:34",1152400
53300,300,100,"bu","14:02:34",1151700
53300,300,100,"bu","14:02:34",1151600
53300,300,300,"bu","14:02:34",1151500
53300,300,3000,"bu","14:02:34",1151200
53300,300,100,"bu","14:02:08",1148200
53300,300,400,"bu","14:01:18",1148100
53300,300,800,"sd","14:01:16",1147700
53400,400,200,"bu","14:01:13",1146900
53400,400,100,"bu","14:01:13",1146700
53400,400,100,"bu","14:01:13",1146600
53400,400,100,"bu","14:01:13",1146500
53300,300,100,"bu","14:01:13",1146400
53300,300,100,"bu","14:01:13",1146300
53300,300,100,"bu","14:00:36",1146200
53400,400,100,"bu","14:00:12",1146100
53200,200,400,"sd","14:00:11",1146000
53200,200,300,"sd","14:00:11",1145600
53200,200,100,"sd","14:00:11",1145300
53200,200,3000,"sd","14:00:11",1145200
53300,300,3000,"sd","14:00:11",1142200
53300,300,200,"sd","14:00:11",1139200
53400,400,100,"bu","13:58:51",1139000
53400,400,100,"bu","13:58:51",1138900
53400,400,100,"bu","13:58:51",1138800
53400,400,1000,"bu","13:58:51",1138700
53400,400,300,"bu","13:58:51",1137700
53400,400,1600,"bu","13:58:51",1137400
53300,300,300,"bu","13:58:51",1135800
53300,300,100,"bu","13:58:51",1135500
53200,200,1500,"sd","13:58:30",1135400
53200,200,100,"sd","13:58:13",1133900
53200,200,100,"sd","13:57:56",1133800
53200,200,300,"sd","13:57:54",1133700
53200,200,1100,"sd","13:57:54",1133400
53200,200,600,"sd","13:57:54",1132300
53300,300,100,"bu","13:57:11",1131700
53300,300,100,"bu","13:57:11",1131600
53300,300,400,"bu","13:57:11",1131500
53300,300,500,"bu","13:57:11",1131100
53300,300,500,"bu","13:57:11",1130600
53300,300,1100,"bu","13:57:10",1130100
53300,300,300,"bu","13:57:10",1129000
53300,300,100,"bu","13:57:03",1128700
53200,200,200,"sd","13:57:02",1128600
53200,200,100,"sd","13:57:02",1128400
53200,200,100,"sd","13:56:55",1128300
53200,200,100,"sd","13:56:14",1128200
53200,200,600,"sd","13:56:13",1128100
53200,200,300,"sd","13:56:13",1127500
53200,200,1400,"sd","13:55:57",1127200
53200,200,500,"sd","13:55:57",1125800
53200,200,2000,"sd","13:55:57",1125300
53200,200,100,"sd","13:55:57",1123300
53200,200,500,"sd","13:55:57",1123200
53200,200,1000,"sd","13:55:57",1122700
53200,200,1100,"sd","13:55:57",1121700
53200,200,400,"sd","13:55:57",1120600
53300,300,400,"bu","13:55:28",1120200
53300,300,200,"sd","13:55:10",1119800
53300,300,5000,"sd","13:55:10",1119600
53300,300,1100,"sd","13:55:10",1114600
53300,300,400,"sd","13:55:10",1113500
53300,300,1300,"sd","13:55:08",1113100
53300,300,700,"sd","13:55:08",1111800
53300,300,200,"sd","13:54:58",1111100
53300,300,300,"sd","13:54:58",1110900
53300,300,100,"sd","13:54:54",1110600
53300,300,200,"sd","13:54:53",1110500
53300,300,200,"sd","13:54:23",1110300
53300,300,500,"sd","13:54:23",1110100
53300,300,1100,"sd","13:54:23",1109600
53300,300,900,"sd","13:54:23",1108500
53300,300,1700,"sd","13:54:23",1107600
53300,300,800,"sd","13:54:23",1105900
53300,300,500,"sd","13:54:23",1105100
53400,400,1200,"bu","13:53:40",1104600
53400,400,200,"bu","13:52:54",1103400
53400,400,100,"bu","13:52:54",1103200
53400,400,100,"bu","13:51:58",1103100
53400,400,100,"bu","13:51:58",1103000
53400,400,500,"bu","13:51:10",1102900
53400,400,100,"bu","13:51:10",1102400
53400,400,900,"bu","13:51:10",1102300
53400,400,100,"bu","13:51:10",1101400
53400,400,100,"bu","13:51:10",1101300
53400,400,100,"bu","13:51:10",1101200
53400,400,100,"bu","13:51:10",1101100
53400,400,100,"bu","13:51:10",1101000
53400,400,100,"bu","13:51:10",1100900
53400,400,300,"bu","13:51:10",1100800
53400,400,500,"bu","13:51:10",1100500
53400,400,2100,"bu","13:51:03",1100000
53400,400,100,"bu","13:51:03",1097900
53400,400,100,"bu","13:51:03",1097800
53400,400,100,"bu","13:51:03",1097700
53400,400,1200,"bu","13:51:03",1097600
53300,300,100,"bu","13:51:03",1096400
53300,300,100,"bu","13:51:03",1096300
53300,300,100,"bu","13:51:03",1096200
53300,300,100,"bu","13:51:03",1096100
53300,300,100,"bu","13:49:45",1096000
53200,200,100,"sd","13:49:18",1095900
53200,200,200,"sd","13:49:16",1095800
53200,200,100,"sd","13:48:53",1095600
53200,200,100,"sd","13:48:19",1095500
53200,200,800,"sd","13:48:11",1095400
53200,200,900,"sd","13:48:11",1094600
53200,200,800,"sd","13:48:11",1093700
53200,200,500,"sd","13:48:11",1092900
53200,200,100,"sd","13:48:11",1092400
53200,200,900,"sd","13:48:11",1092300
53300,300,600,"sd","13:48:11",1091400
53300,300,100,"sd","13:48:11",1090800
53300,300,600,"sd","13:48:11",1090700
53300,300,500,"sd","13:48:11",1090100
53300,300,500,"sd","13:48:11",1089600
53300,300,700,"sd","13:48:11",1089100
53300,300,300,"sd","13:47:54",1088400
53300,300,100,"sd","13:47:53",1088100
53300,300,100,"sd","13:47:23",1088000
53300,300,100,"sd","13:47:19",1087900
53300,300,100,"sd","13:46:53",1087800
53300,300,100,"sd","13:46:20",1087700
53300,300,900,"sd","13:46:19",1087600
53300,300,100,"sd","13:46:19",1086700
53300,300,900,"sd","13:45:56",1086600
53300,300,100,"sd","13:45:56",1085700
53400,400,900,"bu","13:43:46",1085600
53300,300,3000,"bu","13:43:46",1084700
53300,300,100,"bu","13:43:46",1081700
53200,200,1000,"sd","13:43:32",1081600
53200,200,400,"sd","13:43:28",1080600
53200,200,100,"sd","13:43:22",1080200
53200,200,300,"sd","13:43:20",1080100
53200,200,700,"sd","13:43:10",1079800
53200,200,100,"sd","13:42:52",1079100
53200,200,500,"bu","13:42:33",1079000
53200,200,2500,"bu","13:42:22",1078500
53200,200,600,"bu","13:42:22",1076000
53100,100,100,"sd","13:42:22",1075400
53200,200,500,"bu","13:42:22",1075300
53100,100,100,"sd","13:41:53",1074800
53100,100,500,"sd","13:41:31",1074700
53100,100,100,"sd","13:41:23",1074200
53100,100,100,"sd","13:40:51",1074100
53100,100,6000,"sd","13:40:45",1074000
53100,100,100,"bu","13:40:28",1068000
53100,100,100,"bu","13:40:28",1067900
53100,100,7500,"bu","13:40:26",1067800
53100,100,7500,"bu","13:40:26",1060300
53100,100,100,"bu","13:40:24",1052800
53100,100,900,"bu","13:40:16",1052700
53100,100,100,"bu","13:40:14",1051800
53100,100,100,"sd","13:40:07",1051700
53100,100,10000,"sd","13:40:07",1051600
53100,100,100,"sd","13:40:07",1041600
53100,100,600,"sd","13:40:07",1041500
53100,100,200,"sd","13:40:07",1040900
53100,100,200,"sd","13:40:07",1040700
53100,100,5000,"sd","13:40:07",1040500
53100,100,5000,"sd","13:40:07",1035500
53100,100,200,"sd","13:40:07",1030500
53100,100,100,"sd","13:39:52",1030300
53100,100,100,"sd","13:39:24",1030200
53100,100,100,"sd","13:38:51",1030100
53100,100,300,"sd","13:38:46",1030000
53100,100,8100,"sd","13:38:35",1029700
53200,200,10000,"sd","13:38:35",1021600
53200,200,200,"sd","13:38:35",1011600
53200,200,300,"sd","13:38:35",1011400
53200,200,100,"sd","13:38:35",1011100
53200,200,1300,"sd","13:38:35",1011000
53200,200,100,"sd","13:38:25",1009700
53200,200,100,"sd","13:37:52",1009600
53200,200,100,"sd","13:37:26",1009500
53200,200,3000,"sd","13:37:11",1009400
53200,200,100,"sd","13:36:51",1006400
53200,200,100,"sd","13:36:26",1006300
53200,200,200,"sd","13:36:15",1006200
53200,200,3000,"sd","13:36:15",1006000
53200,200,1600,"sd","13:36:15",1003000
53200,200,100,"sd","13:36:15",1001400
53200,200,2200,"sd","13:36:15",1001300
53200,200,100,"sd","13:35:53",999100
53200,200,500,"sd","13:35:52",999000
53200,200,200,"sd","13:35:51",998500
53200,200,2700,"sd","13:35:51",998300
53200,200,100,"sd","13:35:50",995600
53200,200,100,"sd","13:35:26",995500
53200,200,100,"sd","13:34:50",995400
53200,200,100,"sd","13:34:27",995300
53200,200,200,"sd","13:34:23",995200
53200,200,1100,"sd","13:34:22",995000
53200,200,200,"bu","13:34:21",993900
53200,200,300,"bu","13:34:21",993700
53200,200,1000,"bu","13:34:21",993400
53200,200,100,"bu","13:34:21",992400
53200,200,100,"bu","13:34:21",992300
53200,200,200,"bu","13:34:21",992200
53200,200,1000,"bu","13:34:21",992000
53200,200,200,"bu","13:34:21",991000
53200,200,100,"bu","13:34:21",990800
53200,200,2400,"bu","13:34:21",990700
53200,200,1000,"bu","13:34:13",988300
53200,200,400,"bu","13:33:25",987300
53200,200,100,"bu","13:33:25",986900
53200,200,100,"bu","13:33:25",986800
53200,200,600,"bu","13:33:25",986700
53200,200,600,"bu","13:33:11",986100
53200,200,700,"bu","13:33:11",985500
53200,200,200,"bu","13:33:11",984800
53200,200,400,"bu","13:33:11",984600
53200,200,300,"bu","13:33:11",984200
53200,200,2700,"bu","13:33:11",983900
53200,200,100,"bu","13:33:11",981200
53200,200,1000,"bu","13:32:51",981100
53200,200,100,"bu","13:32:05",980100
53100,100,100,"sd","13:31:50",980000
53100,100,100,"bu","13:31:45",979900
53100,100,500,"bu","13:31:45",979800
53100,100,100,"bu","13:31:44",979300
53100,100,6000,"bu","13:31:39",979200
53100,100,100,"bu","13:31:34",973200
53100,100,200,"bu","13:31:23",973100
53000,0,800,"sd","13:31:06",972900
53000,0,1000,"sd","13:31:06",972100
53000,0,300,"sd","13:31:06",971100
53000,0,100,"sd","13:31:06",970800
53000,0,1000,"sd","13:31:06",970700
53000,0,100,"sd","13:31:06",969700
53000,0,100,"sd","13:31:06",969600
53000,0,300,"sd","13:31:06",969500
53000,0,100,"sd","13:31:06",969200
53100,100,1000,"bu","13:31:05",969100
53100,100,200,"sd","13:31:04",968100
53100,100,100,"sd","13:31:04",967900
53100,100,1800,"sd","13:31:04",967800
53100,100,100,"sd","13:31:00",966000
53100,100,500,"sd","13:31:00",965900
53100,100,1300,"sd","13:31:00",965400
53100,100,3700,"sd","13:30:59",964100
53100,100,3000,"sd","13:30:59",960400
53100,100,200,"sd","13:30:59",957400
53100,100,200,"sd","13:30:59",957200
53100,100,1000,"sd","13:30:59",957000
53100,100,500,"sd","13:30:59",956000
53100,100,500,"sd","13:30:59",955500
53100,100,100,"sd","13:30:59",955000
53100,100,500,"sd","13:30:59",954900
53100,100,100,"sd","13:30:59",954400
53100,100,200,"sd","13:30:59",954300
53100,100,1800,"sd","13:30:59",954100
53100,100,500,"sd","13:30:59",952300
53100,100,100,"sd","13:30:59",951800
53100,100,1400,"sd","13:30:59",951700
53100,100,100,"sd","13:30:55",950300
53100,100,2000,"sd","13:30:55",950200
53100,100,100,"sd","13:30:55",948200
53100,100,900,"sd","13:30:55",945600
53100,100,2500,"sd","13:30:55",948100
53200,200,100,"sd","13:30:55",944700
53200,200,100,"sd","13:30:54",944600
53200,200,500,"sd","13:30:54",944500
53200,200,1000,"sd","13:30:53",944000
53200,200,1000,"sd","13:30:53",943000
53200,200,100,"sd","13:30:53",942000
53200,200,200,"sd","13:30:53",941900
53200,200,700,"sd","13:30:53",941700
53200,200,4300,"sd","13:30:52",941000
53200,200,5000,"sd","13:30:52",936700
53200,200,5700,"sd","13:30:52",931700
53200,200,100,"sd","13:30:51",926000
53200,200,200,"sd","13:30:45",925900
53200,200,1300,"sd","13:30:44",925700
53200,200,800,"sd","13:30:43",924400
53200,200,5700,"sd","13:30:43",923600
53200,200,300,"sd","13:30:40",917900
53200,200,1900,"sd","13:30:39",917600
53300,300,4900,"sd","13:30:29",915700
53300,300,5100,"sd","13:30:28",910800
53300,300,600,"sd","13:30:28",905700
53300,300,2200,"sd","13:30:28",905100
53300,300,100,"sd","13:30:28",902900
53300,300,3400,"sd","13:30:28",902800
53300,300,300,"sd","13:30:18",899400
53300,300,1300,"sd","13:30:17",899100
53300,300,200,"sd","13:30:17",897800
53300,300,100,"sd","13:30:17",897600
53300,300,200,"sd","13:30:17",897500
53300,300,100,"sd","13:30:17",897300
53300,300,300,"sd","13:30:15",897200
53300,300,100,"sd","13:30:05",896900
53300,300,700,"sd","13:30:04",896800
53300,300,3800,"sd","13:30:03",896100
53300,300,100,"sd","13:29:58",892300
53300,300,700,"sd","13:29:57",892200
53300,300,3800,"sd","13:29:56",891500
53300,300,100,"sd","13:29:49",887700
53300,300,300,"sd","13:29:38",887600
53300,300,100,"sd","13:29:30",887300
53300,300,100,"sd","13:29:27",887200
53300,300,700,"sd","13:29:24",887100
53300,300,3800,"sd","13:29:23",886400
53300,300,100,"sd","13:28:49",882600
53300,300,100,"sd","13:28:30",882500
53300,300,200,"sd","13:28:02",882400
53300,300,100,"sd","13:28:01",882200
53300,300,1300,"sd","13:28:01",882100
53300,300,3700,"sd","13:27:59",880800
53300,300,3300,"sd","13:27:59",877100
53400,400,400,"bu","13:27:51",873800
53400,400,100,"bu","13:27:51",873400
53400,400,500,"bu","13:27:51",873300
53400,400,100,"bu","13:27:38",872800
53400,400,800,"bu","13:27:26",872700
53400,400,100,"bu","13:27:26",871900
53400,400,100,"bu","13:27:26",871800
53300,300,200,"sd","13:27:05",871700
53300,300,1000,"sd","13:27:04",871500
53400,400,900,"sd","13:26:12",870500
53400,400,100,"sd","13:26:06",869600
53300,300,100,"sd","13:25:57",869500
53300,300,400,"sd","13:25:56",869400
53300,300,200,"sd","13:25:56",869000
53300,300,3000,"sd","13:25:55",868800
53300,300,100,"sd","13:25:49",865800
53300,300,200,"sd","13:25:35",865700
53300,300,1200,"sd","13:25:34",865500
53300,300,300,"sd","13:25:33",864300
53300,300,100,"sd","13:25:33",864000
53300,300,5000,"sd","13:25:33",863900
53400,400,100,"sd","13:25:33",858900
53400,400,500,"sd","13:25:33",858800
53400,400,100,"sd","13:25:33",858300
53400,400,400,"sd","13:25:25",858200
53400,400,2000,"sd","13:25:24",857800
53400,400,300,"sd","13:25:04",855800
53400,400,100,"sd","13:24:48",855500
53400,400,100,"sd","13:24:33",855400
53400,400,100,"sd","13:24:02",855300
53400,400,100,"sd","13:23:48",855200
53400,400,100,"sd","13:23:33",855100
53400,400,100,"sd","13:22:49",855000
53400,400,100,"sd","13:22:37",854900
53400,400,100,"bu","13:22:08",854800
53400,400,100,"bu","13:22:08",854700
53400,400,100,"bu","13:21:57",854600
53400,400,100,"bu","13:21:57",854500
53400,400,1000,"bu","13:21:45",854400
53400,400,100,"sd","13:21:33",853400
53400,400,100,"sd","13:21:33",853300
53400,400,6000,"sd","13:21:32",853200
53400,400,400,"sd","13:21:12",847200
53400,400,2000,"sd","13:21:11",846800
53400,400,900,"sd","13:21:10",844800
53400,400,100,"sd","13:21:10",843900
53400,400,3000,"sd","13:21:10",843800
53400,400,200,"sd","13:21:10",840800
53400,400,3000,"sd","13:21:10",840600
53400,400,500,"sd","13:21:10",837600
53400,400,300,"sd","13:21:10",837100
53400,400,2000,"sd","13:21:10",836800
53500,500,100,"bu","13:21:00",834800
53500,500,100,"bu","13:21:00",834700
53500,500,4800,"bu","13:21:00",834600
53500,500,1000,"bu","13:20:52",829800
53500,500,400,"bu","13:19:45",828800
53500,500,200,"bu","13:19:45",828400
53500,500,500,"bu","13:19:45",828200
53500,500,100,"bu","13:19:45",827700
53500,500,100,"bu","13:19:45",827600
53500,500,100,"bu","13:19:45",827500
53500,500,100,"bu","13:19:45",827400
53500,500,500,"bu","13:19:45",827300
53500,500,100,"bu","13:19:45",826800
53500,500,100,"bu","13:19:45",826700
53500,500,300,"bu","13:19:45",826600
53500,500,100,"bu","13:19:45",826300
53500,500,100,"bu","13:19:45",826200
53500,500,100,"bu","13:19:45",826100
53500,500,600,"bu","13:19:45",826000
53500,500,100,"bu","13:19:45",825400
53500,500,100,"bu","13:19:45",825300
53500,500,200,"bu","13:19:45",825200
53500,500,100,"bu","13:19:45",825000
53500,500,1000,"bu","13:19:45",824900
53500,500,100,"bu","13:19:45",823900
53500,500,100,"bu","13:18:41",823800
53500,500,100,"bu","13:18:41",823700
53500,500,100,"bu","13:18:41",823600
53500,500,1000,"bu","13:18:41",823500
53500,500,100,"bu","13:18:41",822500
53500,500,100,"bu","13:18:41",822400
53500,500,1000,"bu","13:18:41",822300
53500,500,300,"bu","13:17:05",821300
53500,500,400,"bu","13:17:05",821000
53500,500,1800,"bu","13:17:05",820600
53400,400,100,"sd","13:16:48",818800
53400,400,100,"sd","13:16:42",818700
53400,400,800,"sd","13:16:41",818600
53500,500,500,"bu","13:16:16",817800
53500,500,200,"bu","13:16:08",817300
53500,500,500,"bu","13:15:49",817100
53500,500,1000,"bu","13:15:08",816600
53500,500,300,"bu","13:15:08",815600
53500,500,1700,"bu","13:15:08",815300
53500,500,300,"bu","13:14:38",813600
53500,500,700,"bu","13:14:38",813300
53500,500,300,"bu","13:14:37",812600
53500,500,200,"bu","13:14:37",812300
53500,500,500,"bu","13:14:37",812100
53500,500,5000,"bu","13:14:08",811600
53500,500,4500,"bu","13:13:32",806600
53500,500,500,"bu","13:13:32",802100
53500,500,100,"bu","13:12:10",801600
53500,500,4900,"bu","13:12:10",801500
53400,400,100,"sd","13:11:46",796600
53400,400,100,"sd","13:11:40",796500
53400,400,100,"sd","13:11:35",796400
53500,500,2000,"bu","13:11:14",796300
53400,400,100,"sd","13:10:47",794300
53400,400,100,"sd","13:10:41",794200
53400,400,200,"sd","13:09:47",794100
53400,400,1000,"sd","13:09:46",793900
53400,400,100,"sd","13:09:45",792900
53500,500,5000,"bu","13:09:45",792800
53400,400,100,"sd","13:09:41",787800
53400,400,100,"bu","13:09:16",787700
53400,400,300,"sd","13:09:11",787600
53400,400,1700,"sd","13:09:10",787300
53400,400,300,"sd","13:09:10",785600
53400,400,100,"sd","13:08:45",785300
53400,400,100,"sd","13:08:42",785200
53400,400,100,"sd","13:08:09",785100
53400,400,700,"sd","13:08:08",785000
53400,400,3700,"bu","13:08:07",784300
53400,400,300,"sd","13:07:52",780600
53400,400,100,"sd","13:07:45",780300
53400,400,100,"sd","13:07:43",780200
53400,400,100,"sd","13:07:22",780100
53400,400,700,"sd","13:07:21",780000
53400,400,3000,"bu","13:07:20",779300
53400,400,700,"bu","13:07:20",776300
53400,400,3300,"bu","13:07:16",775600
53400,400,5200,"bu","13:07:16",772300
53400,400,6500,"bu","13:07:16",767100
53400,400,4700,"bu","13:07:09",760600
53400,400,300,"bu","13:07:09",755900
53400,400,1400,"bu","13:07:09",755600
53400,400,2500,"bu","13:07:09",754200
53400,400,10000,"bu","13:07:09",751700
53400,400,200,"bu","13:07:09",741700
53400,400,100,"bu","13:07:09",741500
53400,400,100,"bu","13:07:09",741400
53400,400,100,"bu","13:07:09",741300
53400,400,100,"bu","13:07:09",741200
53400,400,300,"bu","13:07:09",741100
53400,400,200,"bu","13:07:08",740800
53300,300,300,"sd","13:06:48",740600
53300,300,100,"sd","13:06:46",740300
53300,300,100,"sd","13:06:43",740200
53300,300,100,"bu","13:06:23",740100
53200,200,200,"sd","13:06:17",740000
53200,200,1000,"sd","13:06:16",739800
53300,300,100,"sd","13:06:05",738800
53300,300,100,"sd","13:06:03",738700
53300,300,800,"sd","13:06:02",738600
53300,300,1000,"bu","13:06:01",737800
53300,300,100,"bu","13:06:01",736800
53300,300,2000,"bu","13:06:01",736700
53300,300,600,"bu","13:06:01",734700
53300,300,100,"bu","13:06:01",734100
53300,300,100,"bu","13:06:01",734000
53300,300,100,"bu","13:06:01",733900
53300,300,100,"bu","13:05:55",733800
53300,300,100,"bu","13:05:55",733700
53300,300,200,"bu","13:05:55",733600
53300,300,100,"bu","13:05:55",733400
53300,300,200,"bu","13:05:55",733300
53300,300,200,"bu","13:05:55",733100
53300,300,2000,"bu","13:05:55",732900
53300,300,2100,"bu","13:05:55",730900
53300,300,500,"bu","13:05:50",728800
53300,300,2400,"bu","13:05:49",728300
53300,300,100,"bu","13:05:49",725900
53300,300,100,"bu","13:05:49",725800
53300,300,200,"bu","13:05:49",725700
53300,300,7200,"bu","13:05:49",725500
53300,300,1100,"bu","13:04:36",718300
53300,300,100,"bu","13:03:38",717200
53300,300,400,"bu","13:03:23",717100
53300,300,200,"bu","13:03:23",716700
53300,300,100,"bu","13:03:23",716500
53300,300,100,"bu","13:03:23",716400
53300,300,300,"bu","13:03:23",716300
53200,200,100,"sd","13:02:46",716000
53200,200,200,"sd","13:02:44",715900
53200,200,400,"sd","13:02:32",715700
53200,200,400,"bu","13:02:31",715300
53200,200,1700,"bu","13:02:31",714900
53200,200,400,"sd","13:02:26",713200
53200,200,1700,"sd","13:02:26",712800
53200,200,1500,"sd","13:02:25",711100
53200,200,100,"sd","13:02:25",709600
53200,200,400,"sd","13:02:25",709500
53200,200,300,"sd","13:02:25",709100
53200,200,100,"sd","13:02:25",708800
53200,200,100,"sd","13:02:25",708700
53200,200,100,"sd","13:02:25",708600
53200,200,100,"sd","13:02:25",708500
53200,200,100,"sd","13:02:25",708400
53200,200,100,"sd","13:02:25",708300
53200,200,5900,"sd","13:02:25",708200
53200,200,400,"sd","13:02:20",702300
53200,200,2200,"sd","13:02:19",701900
53200,200,100,"sd","13:02:15",699700
53200,200,300,"sd","13:02:14",699600
53200,200,300,"sd","13:02:14",699300
53200,200,1800,"sd","13:02:13",699000
53200,200,200,"sd","13:02:08",697200
53200,200,100,"sd","13:01:54",697000
53200,200,500,"sd","13:01:53",696900
53200,200,2500,"sd","13:01:52",696400
53200,200,100,"sd","13:01:47",693900
53200,200,200,"sd","13:01:45",693800
53200,200,200,"sd","13:01:40",693600
53200,200,1000,"sd","13:01:38",693400
53200,200,4200,"sd","13:01:37",692400
53200,200,400,"sd","13:01:37",688200
53200,200,400,"sd","13:01:37",687800
53300,300,300,"bu","13:01:08",687400
53300,300,9400,"bu","13:00:58",687100
53300,300,100,"bu","13:00:57",677700
53300,300,200,"bu","13:00:57",677600
53300,300,300,"bu","13:00:57",677400
53300,300,600,"bu","13:00:50",677100
53300,300,100,"bu","13:00:24",676500
53300,300,100,"bu","13:00:24",676400
53300,300,200,"bu","13:00:24",676300
53300,300,100,"bu","13:00:24",676100
53300,300,200,"bu","13:00:24",676000
53300,300,200,"bu","13:00:24",675800
53300,300,100,"bu","13:00:24",675600
53300,300,200,"bu","13:00:18",675500
53300,300,300,"bu","13:00:18",675300
53200,200,300,"sd","13:00:10",675000
53300,300,100,"bu","13:00:01",674700
53300,300,200,"bu","13:00:00",674600
53300,300,300,"bu","13:00:00",674400
53300,300,100,"bu","11:29:48",674100
53300,300,100,"bu","11:29:44",674000
53300,300,1900,"bu","11:29:01",673900
53300,300,100,"bu","11:29:01",672000
53300,300,200,"bu","11:29:01",671900
53300,300,100,"bu","11:29:01",671700
53300,300,300,"bu","11:29:01",671600
53300,300,200,"bu","11:29:01",671300
53300,300,100,"bu","11:29:01",671100
53300,300,2100,"bu","11:29:01",671000
53200,200,100,"sd","11:28:48",668900
53200,200,200,"sd","11:28:43",668800
53200,200,200,"sd","11:27:53",668600
53200,200,1200,"sd","11:27:52",668400
53200,200,6000,"sd","11:27:51",667200
53200,200,100,"sd","11:27:48",661200
53200,200,200,"sd","11:27:43",661100
53200,200,300,"sd","11:27:40",660900
53200,200,400,"sd","11:27:22",660600
53200,200,2000,"sd","11:27:21",660200
53300,300,200,"bu","11:27:20",658200
53300,300,100,"bu","11:26:06",658000
53200,200,1200,"sd","11:26:06",657900
53200,200,200,"sd","11:26:01",656700
53200,200,1000,"sd","11:26:00",656500
53300,300,1400,"bu","11:25:59",655500
53200,200,100,"sd","11:25:50",654100
53200,200,200,"sd","11:25:44",654000
53200,200,100,"sd","11:25:20",653800
53200,200,900,"sd","11:25:19",653700
53200,200,800,"bu","11:25:18",652800
53200,200,100,"bu","11:25:18",652000
53200,200,200,"bu","11:25:18",651900
53200,200,100,"bu","11:25:18",651700
53200,200,200,"bu","11:25:18",651600
53200,200,300,"bu","11:25:18",651400
53200,200,100,"bu","11:25:18",651100
53200,200,200,"bu","11:25:18",651000
53200,200,100,"bu","11:25:18",650800
53200,200,200,"bu","11:25:18",650700
53200,200,200,"bu","11:25:18",650500
53200,200,100,"bu","11:25:18",650300
53200,200,200,"bu","11:25:18",650200
53200,200,100,"bu","11:25:18",650000
53200,200,200,"bu","11:25:18",649900
53200,200,100,"bu","11:25:18",649700
53200,200,200,"bu","11:25:18",649600
53200,200,300,"bu","11:25:18",649400
53200,200,1000,"bu","11:25:18",649100
53200,200,100,"bu","11:25:18",648100
53200,200,100,"bu","11:25:18",648000
53200,200,100,"bu","11:24:56",647900
53200,200,100,"bu","11:21:44",647800
53200,200,800,"bu","11:21:44",647700
53200,200,100,"bu","11:21:44",646900
53200,200,100,"bu","11:20:42",646800
53200,200,200,"bu","11:20:11",646700
53200,200,100,"bu","11:19:35",646500
53200,200,200,"bu","11:19:04",646400
53200,200,200,"bu","11:18:25",646200
53100,100,100,"sd","11:17:54",646000
53100,100,200,"sd","11:17:41",645900
53100,100,3800,"sd","11:17:25",645700
53100,100,1200,"sd","11:17:25",641900
53200,200,100,"bu","11:17:17",640700
53200,200,200,"bu","11:16:25",640600
53200,200,200,"bu","11:15:51",640400
53200,200,3200,"bu","11:15:51",640200
53200,200,600,"bu","11:15:51",637000
53200,200,5000,"bu","11:15:48",636400
53200,200,100,"sd","11:15:17",631400
53200,200,100,"sd","11:15:17",631300
53200,200,200,"sd","11:15:17",631200
53200,200,5000,"sd","11:15:17",631000
53200,200,300,"sd","11:15:17",626000
53200,200,6000,"sd","11:15:17",625700
53200,200,4700,"sd","11:15:17",619700
53300,300,1000,"bu","11:15:16",615000
53300,300,100,"bu","11:14:33",614000
53200,200,300,"sd","11:13:58",613900
53200,200,100,"sd","11:13:57",613600
53200,200,200,"sd","11:13:41",613500
53200,200,100,"sd","11:12:57",613300
53200,200,200,"sd","11:12:40",613200
53200,200,100,"sd","11:11:58",613000
53200,200,200,"sd","11:11:40",612900
53200,200,100,"sd","11:10:58",612700
53200,200,200,"sd","11:10:40",612600
53200,200,100,"sd","11:09:59",612400
53200,200,200,"sd","11:09:40",612300
53200,200,300,"sd","11:09:24",612100
53200,200,100,"sd","11:09:16",611800
53200,200,100,"sd","11:09:00",611700
53200,200,200,"sd","11:08:39",611600
53200,200,100,"sd","11:08:00",611400
53200,200,200,"sd","11:07:43",611300
53200,200,600,"sd","11:07:42",611100
53200,200,400,"sd","11:07:42",610500
53200,200,600,"sd","11:07:41",610100
53200,200,500,"sd","11:07:41",609500
53200,200,100,"sd","11:07:41",609000
53200,200,1000,"sd","11:07:41",608900
53200,200,100,"sd","11:07:41",607900
53200,200,1000,"sd","11:07:41",607800
53200,200,1500,"sd","11:07:41",606800
53200,200,200,"sd","11:07:41",605300
53300,300,400,"bu","11:04:31",605100
53200,200,400,"sd","11:04:24",604700
53200,200,2000,"sd","11:04:23",604300
53300,300,100,"sd","11:03:40",602300
53300,300,600,"sd","11:03:40",602200
53300,300,900,"sd","11:03:40",601600
53300,300,3100,"sd","11:03:40",600700
53300,300,200,"sd","11:03:40",597600
53300,300,100,"sd","11:03:03",597400
53300,300,200,"sd","11:02:38",597300
53300,300,200,"sd","11:02:07",597100
53300,300,1000,"sd","11:02:06",596900
53300,300,100,"sd","11:02:05",595900
53400,400,100,"bu","11:02:05",595800
53400,400,2800,"bu","11:02:05",595700
53400,400,200,"bu","11:02:05",592900
53400,400,1900,"bu","11:02:05",592700
53300,300,100,"sd","11:01:38",590800
53300,300,100,"sd","11:01:38",590700
53300,300,100,"sd","11:01:04",590600
53300,300,200,"sd","11:00:38",590500
53300,300,100,"sd","11:00:17",590300
53300,300,200,"sd","11:00:17",590200
53300,300,100,"sd","11:00:05",590000
53300,300,200,"sd","10:59:39",589900
53300,300,100,"sd","10:59:17",589700
53300,300,100,"sd","10:59:05",589600
53300,300,200,"sd","10:58:39",589500
53300,300,100,"sd","10:58:06",589300
53200,200,200,"sd","10:57:57",589200
53200,200,1000,"sd","10:57:56",589000
53200,200,1200,"sd","10:57:55",588000
53200,200,2000,"sd","10:57:55",586800
53300,300,1800,"sd","10:57:55",584800
53300,300,200,"sd","10:57:44",583000
53300,300,100,"sd","10:57:43",582800
53300,300,400,"sd","10:57:43",582700
53300,300,500,"sd","10:57:43",582300
53300,300,4500,"sd","10:57:42",581800
53300,300,500,"sd","10:57:42",577300
53300,300,200,"sd","10:57:37",576800
53300,300,100,"sd","10:57:07",576600
53300,300,200,"sd","10:56:42",576500
53300,300,200,"sd","10:56:37",576300
53300,300,100,"sd","10:56:07",576100
53300,300,300,"sd","10:55:43",576000
53300,300,200,"sd","10:55:38",575700
53300,300,100,"sd","10:55:08",575500
53300,300,200,"sd","10:54:37",575400
53300,300,400,"sd","10:54:12",575200
53300,300,2300,"sd","10:54:11",574800
53300,300,100,"sd","10:54:09",572500
53300,300,100,"sd","10:54:04",572400
53300,300,300,"sd","10:54:03",572300
53300,300,500,"sd","10:54:03",572000
53300,300,4000,"sd","10:54:02",571500
53300,300,100,"sd","10:53:56",567500
53300,300,400,"sd","10:53:55",567400
53300,300,100,"sd","10:53:55",567000
53300,300,200,"sd","10:53:37",566900
53300,300,100,"sd","10:53:10",566700
53300,300,200,"sd","10:52:36",566600
53300,300,200,"sd","10:52:26",566400
53300,300,1000,"sd","10:52:25",566200
53300,300,1200,"sd","10:52:24",565200
53300,300,100,"sd","10:52:24",564000
53300,300,3700,"sd","10:52:24",563900
53300,300,100,"sd","10:52:09",560200
53300,300,200,"sd","10:51:36",560100
53300,300,400,"sd","10:51:24",559900
53300,300,600,"sd","10:51:23",559500
53300,300,100,"sd","10:51:23",558900
53300,300,1000,"sd","10:51:23",558800
53300,300,100,"sd","10:51:23",557800
53300,300,200,"sd","10:51:23",557700
53300,300,100,"sd","10:51:10",557500
53300,300,300,"sd","10:51:09",557400
53300,300,100,"sd","10:51:08",557100
53300,300,100,"sd","10:51:07",557000
53300,300,400,"sd","10:51:07",556900
53300,300,200,"sd","10:51:06",556500
53300,300,400,"sd","10:51:06",556300
53400,400,200,"bu","10:50:56",555900
53400,400,300,"bu","10:48:53",555700
53400,400,1000,"bu","10:46:45",555400
53400,400,1200,"bu","10:46:30",554400
53300,300,100,"sd","10:46:13",553200
53300,300,100,"sd","10:45:20",553100
53300,300,700,"sd","10:45:19",553000
53300,300,3800,"sd","10:45:18",552300
53400,400,100,"bu","10:44:57",548500
53400,400,1000,"sd","10:44:39",548400
53400,400,200,"sd","10:44:21",547400
53400,400,1000,"sd","10:44:20",547200
53400,400,100,"sd","10:44:14",546200
53400,400,200,"sd","10:44:05",546100
53400,400,1100,"sd","10:44:04",545900
53400,400,1400,"sd","10:44:03",544800
53400,400,2900,"sd","10:44:03",543400
53400,400,1400,"sd","10:44:03",540500
53400,400,200,"sd","10:43:51",539100
53400,400,1400,"sd","10:43:50",538900
53400,400,2000,"sd","10:43:49",537500
53400,400,100,"sd","10:43:49",535500
53400,400,2000,"sd","10:43:49",535400
53400,400,2900,"sd","10:43:49",533400
53400,400,100,"sd","10:43:15",530500
53400,400,200,"sd","10:42:15",530400
53400,400,300,"sd","10:42:01",530200
53400,400,200,"sd","10:41:28",529900
53400,400,200,"sd","10:41:16",529700
53400,400,200,"sd","10:40:21",529500
53400,400,900,"sd","10:40:20",529300
53400,400,100,"sd","10:40:20",528400
53400,400,2900,"sd","10:40:19",528300
53400,400,100,"sd","10:40:19",525400
53400,400,2000,"sd","10:40:19",525300
53400,400,200,"sd","10:40:16",523300
53400,400,100,"sd","10:40:12",523100
53400,400,500,"sd","10:40:11",523000
53500,500,100,"bu","10:40:06",522500
53500,500,100,"bu","10:39:45",522400
53500,500,6900,"bu","10:39:12",522300
53500,500,200,"bu","10:39:12",515400
53500,500,800,"bu","10:39:12",515200
53500,500,12100,"bu","10:39:12",514400
53400,400,200,"sd","10:38:18",502300
53400,400,300,"sd","10:37:27",502100
53400,400,200,"sd","10:37:18",501800
53400,400,100,"sd","10:36:51",501600
53400,400,500,"sd","10:36:50",501500
53400,400,200,"sd","10:36:19",501000
53400,400,200,"sd","10:35:19",500800
53400,400,200,"sd","10:34:20",500600
53400,400,200,"bu","10:34:16",500400
53400,400,100,"bu","10:34:16",500200
53400,400,500,"sd","10:33:20",500100
53400,400,300,"sd","10:32:53",499600
53400,400,200,"sd","10:32:21",499300
53400,400,100,"sd","10:32:19",499100
53400,400,600,"sd","10:32:18",499000
53400,400,200,"bu","10:32:17",498400
53400,400,200,"bu","10:32:17",498200
53400,400,300,"bu","10:32:17",498000
53400,400,1900,"bu","10:32:17",497700
53400,400,700,"bu","10:32:17",495800
53300,300,200,"sd","10:31:22",495100
53300,300,200,"sd","10:30:22",494900
53300,300,200,"sd","10:30:05",494700
53300,300,1000,"sd","10:30:04",494500
53300,300,1300,"sd","10:30:03",493500
53300,300,500,"sd","10:30:03",492200
53300,300,3200,"sd","10:30:03",491700
53300,300,200,"sd","10:29:23",488500
53300,300,300,"sd","10:28:25",488300
53300,300,1300,"sd","10:28:24",488000
53300,300,300,"sd","10:28:24",486700
53300,300,300,"sd","10:28:24",486400
53400,400,300,"sd","10:27:36",486100
53400,400,200,"sd","10:27:25",485800
53400,400,200,"sd","10:27:25",485600
53400,400,200,"sd","10:27:24",485400
53400,400,1400,"sd","10:27:24",485200
53400,400,500,"sd","10:27:24",483800
53400,400,200,"sd","10:26:25",483300
53400,400,200,"sd","10:25:26",483100
53400,400,100,"sd","10:24:40",482900
53400,400,200,"sd","10:24:40",482800
53400,400,1900,"sd","10:24:39",482600
53400,400,200,"sd","10:24:26",480700
53400,400,300,"sd","10:24:23",480500
53400,400,100,"sd","10:24:22",480200
53400,400,900,"sd","10:24:21",480100
53400,400,300,"sd","10:23:45",479200
53400,400,400,"sd","10:23:44",478900
53400,400,100,"sd","10:23:43",478500
53400,400,500,"sd","10:23:42",478400
53400,400,100,"sd","10:23:32",477900
53500,500,1200,"bu","10:23:14",477800
53500,500,1000,"bu","10:23:14",476600
53500,500,1500,"bu","10:23:14",475600
53500,500,300,"bu","10:23:14",474100
53300,300,100,"sd","10:23:10",473800
53300,300,100,"sd","10:23:09",473700
53300,300,100,"sd","10:23:09",473600
53300,300,300,"sd","10:23:09",473500
53300,300,200,"sd","10:23:06",473200
53300,300,1100,"sd","10:23:05",473000
53300,300,2900,"sd","10:23:04",471900
53400,400,2100,"sd","10:23:04",469000
53400,400,500,"sd","10:23:04",466900
53400,400,200,"bu","10:22:59",466400
53400,400,100,"bu","10:22:59",466200
53400,400,400,"bu","10:22:29",466100
53400,400,500,"bu","10:22:29",465700
53400,400,100,"bu","10:22:29",465200
53300,300,200,"sd","10:22:28",465100
53300,300,300,"sd","10:22:27",464900
53300,300,100,"sd","10:22:27",464600
53300,300,100,"sd","10:22:26",464500
53300,300,500,"sd","10:22:25",464400
53300,300,100,"sd","10:22:12",463900
53300,300,500,"sd","10:22:11",463800
53300,300,100,"sd","10:22:06",463300
53300,300,500,"sd","10:22:05",463200
53300,300,400,"sd","10:21:37",462700
53300,300,100,"sd","10:21:34",462300
53300,300,500,"sd","10:21:33",462200
53300,300,100,"sd","10:21:18",461700
53300,300,100,"sd","10:21:17",461600
53300,300,100,"sd","10:21:17",461500
53300,300,100,"sd","10:21:17",461400
53300,300,200,"sd","10:21:17",461300
53300,300,100,"sd","10:21:13",461100
53300,300,500,"sd","10:21:12",461000
53400,400,100,"bu","10:20:29",460500
53300,300,100,"sd","10:20:29",460400
53300,300,300,"sd","10:20:24",460300
53300,300,100,"sd","10:20:24",460000
53300,300,100,"sd","10:20:23",459900
53300,300,500,"sd","10:20:22",459800
53300,300,200,"sd","10:19:45",459300
53300,300,100,"sd","10:19:44",459100
53300,300,100,"sd","10:19:44",459000
53300,300,100,"sd","10:19:44",458900
53300,300,700,"sd","10:19:44",458800
53300,300,2300,"sd","10:19:43",458100
53300,300,100,"sd","10:19:43",455800
53300,300,500,"sd","10:19:43",455700
53400,400,2100,"sd","10:19:43",455200
53400,400,100,"sd","10:19:41",453100
53400,400,700,"sd","10:19:40",453000
53400,400,2100,"sd","10:19:39",452300
53400,400,100,"sd","10:19:39",450200
53400,400,300,"sd","10:19:39",450100
53400,400,100,"sd","10:19:39",449800
53400,400,100,"sd","10:19:39",449700
53400,400,1200,"sd","10:19:39",449600
53400,400,300,"sd","10:19:11",448400
53400,400,100,"sd","10:18:52",448100
53400,400,200,"sd","10:18:51",448000
53400,400,300,"sd","10:18:51",447800
53400,400,1200,"sd","10:18:51",447500
53400,400,1500,"sd","10:18:49",446300
53400,400,300,"sd","10:18:38",444800
53400,400,1500,"sd","10:18:37",444500
53400,400,300,"sd","10:18:33",443000
53400,400,1500,"sd","10:18:32",442700
53400,400,100,"sd","10:18:23",441200
53400,400,700,"sd","10:18:22",441100
53400,400,800,"sd","10:18:21",440400
53400,400,200,"sd","10:18:21",439600
53400,400,100,"sd","10:18:21",439400
53400,400,100,"sd","10:18:21",439300
53400,400,2400,"sd","10:18:21",439200
53400,400,200,"sd","10:17:46",436800
53400,400,1200,"sd","10:17:45",436600
53400,400,300,"sd","10:17:44",435400
53400,400,900,"sd","10:17:43",435100
53400,400,400,"sd","10:17:43",434200
53400,400,200,"sd","10:17:43",433800
53400,400,400,"sd","10:17:33",433600
53400,400,600,"sd","10:17:32",433200
53400,400,1600,"sd","10:17:32",432600
53500,500,200,"sd","10:17:25",431000
53500,500,1500,"sd","10:17:25",430800
53500,500,500,"bu","10:17:24",429300
53500,500,800,"bu","10:17:24",428800
53500,500,100,"bu","10:17:21",428000
53500,500,2500,"bu","10:17:21",427900
53500,500,100,"bu","10:17:06",425400
53400,400,100,"sd","10:17:01",425300
53400,400,800,"sd","10:17:00",425200
53400,400,200,"sd","10:16:59",424400
53400,400,1000,"sd","10:16:58",424200
53500,500,400,"bu","10:16:47",423200
53500,500,100,"bu","10:16:47",422800
53400,400,1300,"sd","10:16:47",422700
53400,400,3100,"sd","10:16:47",421400
53400,400,200,"sd","10:16:46",418300
53400,400,1000,"sd","10:16:45",418100
53400,400,200,"sd","10:16:42",417100
53400,400,500,"sd","10:16:41",416900
53400,400,500,"sd","10:16:41",416400
53400,400,100,"sd","10:16:30",415900
53400,400,800,"sd","10:16:29",415800
53400,400,2200,"sd","10:16:28",415000
53400,400,1800,"sd","10:16:28",412800
53500,500,700,"sd","10:16:16",411000
53500,500,3600,"sd","10:16:15",410300
53500,500,100,"sd","10:15:59",406700
53500,500,800,"sd","10:15:58",406600
53500,500,200,"sd","10:15:57",405800
53500,500,500,"sd","10:15:56",405600
53500,500,200,"sd","10:15:56",405100
53500,500,300,"sd","10:15:56",404900
53500,500,200,"sd","10:15:43",404600
53500,500,1000,"sd","10:15:42",404400
53500,500,200,"sd","10:15:38",403400
53500,500,1000,"sd","10:15:37",403200
53500,500,400,"sd","10:15:06",402200
53500,500,100,"sd","10:15:05",401800
53500,500,500,"sd","10:15:04",401700
53500,500,100,"sd","10:14:53",401200
53500,500,500,"sd","10:14:52",401100
53500,500,100,"sd","10:14:48",400600
53500,500,500,"sd","10:14:47",400500
53600,600,1600,"bu","10:14:15",400000
53600,600,2000,"bu","10:14:15",398400
53600,600,300,"bu","10:14:15",396400
53600,600,500,"bu","10:14:15",396100
53500,500,100,"sd","10:13:03",395600
53600,600,8300,"bu","10:12:46",395500
53500,500,1000,"bu","10:12:46",387200
53500,500,500,"bu","10:12:46",386200
53500,500,200,"bu","10:12:46",385700
53400,400,100,"sd","10:12:31",385500
53400,400,500,"sd","10:12:30",385400
53500,500,1700,"bu","10:12:28",384900
53500,500,3000,"bu","10:12:28",383200
53500,500,300,"bu","10:12:28",380200
53400,400,400,"sd","10:12:21",379900
53400,400,100,"sd","10:12:20",379500
53400,400,100,"sd","10:12:18",379400
53400,400,400,"sd","10:12:18",379300
53500,500,100,"bu","10:12:10",378900
53500,500,100,"bu","10:12:10",378800
53400,400,100,"sd","10:12:05",378700
53400,400,100,"sd","10:12:04",378600
53400,400,400,"sd","10:12:04",378500
53400,400,100,"sd","10:12:00",378100
53400,400,500,"sd","10:11:59",378000
53400,400,300,"sd","10:10:03",377500
53400,400,100,"sd","10:09:02",377200
53400,400,500,"sd","10:09:01",377100
53500,500,100,"bu","10:08:11",376600
53500,500,900,"bu","10:08:05",376500
53500,500,1100,"bu","10:08:05",375600
53400,400,400,"sd","10:08:02",374500
53500,500,3400,"bu","10:08:00",374100
53500,500,1200,"bu","10:08:00",370700
53500,500,400,"bu","10:08:00",369500
53400,400,500,"sd","10:08:00",369100
53400,400,100,"sd","10:07:47",368600
53400,400,500,"sd","10:07:46",368500
53500,500,100,"bu","10:07:45",368000
53400,400,100,"sd","10:07:42",367900
53400,400,500,"sd","10:07:41",367800
53500,500,5000,"sd","10:06:49",367300
53500,500,300,"sd","10:06:49",362300
53500,500,800,"sd","10:06:49",362000
53500,500,100,"sd","10:06:33",361200
53500,500,100,"sd","10:06:25",361100
53500,500,100,"sd","10:06:25",361000
53500,500,200,"sd","10:06:25",360900
53500,500,100,"sd","10:06:24",360700
53500,500,500,"sd","10:06:23",360600
53500,500,400,"sd","10:06:18",360100
53500,500,2200,"sd","10:06:17",359700
53500,500,1600,"sd","10:06:16",357500
53500,500,2000,"sd","10:06:16",355900
53500,500,1100,"sd","10:06:16",353900
53500,500,2000,"sd","10:06:16",352800
53500,500,500,"sd","10:06:16",350800
53500,500,3800,"sd","10:06:16",350300
53500,500,200,"sd","10:06:11",346500
53500,500,1000,"sd","10:06:10",346300
53500,500,100,"sd","10:06:10",345300
53500,500,500,"sd","10:06:09",345200
53500,500,5000,"sd","10:06:09",344700
53500,500,100,"sd","10:06:06",339700
53500,500,500,"sd","10:06:05",339600
53600,600,4200,"bu","10:05:53",339100
53600,600,200,"bu","10:05:53",334900
53600,600,1900,"bu","10:05:53",334700
53600,600,200,"bu","10:05:53",332800
53600,600,200,"bu","10:05:53",332600
53600,600,2000,"bu","10:05:53",332400
53600,600,1000,"bu","10:05:53",330400
53600,600,300,"bu","10:05:53",329400
53600,600,1000,"bu","10:04:33",329100
53600,600,1000,"bu","10:04:21",328100
53600,600,100,"bu","10:03:58",327100
53600,600,1000,"bu","10:03:23",327000
53600,600,300,"bu","10:03:21",326000
53600,600,10000,"bu","10:03:15",325700
53600,600,5000,"bu","10:03:08",315700
53600,600,100,"bu","10:02:28",310700
53600,600,5000,"sd","10:02:12",310600
53600,600,6500,"sd","10:02:12",305600
53600,600,100,"sd","10:02:08",299100
53600,600,500,"sd","10:02:07",299000
53600,600,2200,"bu","10:02:06",298500
53600,600,700,"bu","10:02:06",296300
53600,600,9800,"bu","10:01:57",295600
53600,600,600,"bu","10:01:57",285800
53600,600,600,"bu","10:01:57",285200
53500,500,400,"sd","10:01:19",284600
53500,500,2000,"sd","10:01:18",284200
53500,500,100,"sd","10:00:56",282200
53500,500,300,"sd","10:00:55",282100
53500,500,400,"sd","10:00:55",281800
53500,500,100,"sd","10:00:54",281400
53500,500,500,"sd","10:00:53",281300
53500,500,100,"sd","10:00:42",280800
53500,500,100,"sd","10:00:41",280700
53500,500,400,"sd","10:00:41",280600
53500,500,100,"sd","10:00:37",280200
53500,500,500,"sd","10:00:36",280100
53600,600,900,"bu","10:00:07",279600
53600,600,2100,"bu","10:00:07",278700
53600,600,5000,"bu","09:59:56",276600
53600,600,200,"sd","09:59:56",271600
53600,600,1000,"sd","09:59:56",271400
53600,600,200,"sd","09:59:56",270400
53600,600,1000,"sd","09:59:56",270200
53600,600,100,"sd","09:59:56",269200
53600,600,400,"sd","09:59:56",269100
53600,600,200,"sd","09:58:41",268700
53600,600,1000,"sd","09:58:40",268500
53600,600,5000,"sd","09:58:39",267500
53600,600,100,"sd","09:57:44",262500
53600,600,800,"sd","09:57:43",262400
53600,600,4000,"sd","09:57:42",261600
53700,700,500,"bu","09:57:19",257600
53600,600,100,"sd","09:56:56",257100
53600,600,500,"sd","09:56:55",257000
53700,700,100,"bu","09:56:52",256500
53700,700,900,"bu","09:56:52",256400
53600,600,100,"sd","09:56:51",255500
53600,600,500,"sd","09:56:50",255400
53700,700,1000,"bu","09:56:14",254900
53700,700,500,"bu","09:56:14",253900
53600,600,100,"sd","09:56:10",253400
53600,600,700,"sd","09:56:09",253300
53600,600,3700,"sd","09:56:08",252600
53600,600,100,"sd","09:56:05",248900
53600,600,100,"sd","09:55:58",248800
53600,600,600,"sd","09:55:57",248700
53600,600,2000,"sd","09:55:56",248100
53600,600,1400,"sd","09:55:56",246100
53600,600,400,"sd","09:55:46",244700
53600,600,200,"sd","09:55:45",244300
53600,600,1900,"sd","09:55:45",244100
53600,600,400,"sd","09:54:36",242200
53600,600,500,"sd","09:54:34",241800
53600,600,200,"sd","09:54:22",241300
53600,600,300,"sd","09:54:22",241100
53600,600,400,"sd","09:54:17",240800
53600,600,100,"sd","09:54:17",240400
53700,700,100,"sd","09:52:52",240300
53700,700,100,"sd","09:52:20",240200
53700,700,200,"sd","09:52:20",240100
53700,700,1700,"sd","09:52:20",239900
53700,700,300,"sd","09:51:47",238200
53700,700,3000,"sd","09:51:03",237900
53700,700,800,"sd","09:51:03",234900
53700,700,1200,"sd","09:51:03",234100
53700,700,800,"sd","09:49:07",232900
53700,700,2600,"sd","09:49:07",232100
53800,800,1000,"sd","09:49:07",229500
53700,700,400,"sd","09:48:54",228500
53700,700,200,"sd","09:48:54",228100
53700,700,1000,"sd","09:48:54",227900
53800,800,500,"bu","09:48:12",226900
53800,800,9500,"sd","09:47:50",226400
53800,800,10000,"sd","09:47:26",216900
53800,800,500,"sd","09:47:20",206900
53800,800,200,"sd","09:47:13",206400
53800,800,100,"sd","09:47:13",206200
53800,800,100,"sd","09:46:07",206100
53800,800,3000,"sd","09:45:15",206000
53800,800,500,"sd","09:45:14",203000
53800,800,200,"sd","09:45:14",202500
53800,800,1300,"sd","09:45:14",202300
53900,900,100,"bu","09:44:17",201000
53900,900,200,"bu","09:43:43",200900
53800,800,300,"sd","09:42:54",200700
53800,800,300,"sd","09:42:39",200400
53800,800,200,"sd","09:42:21",200100
53800,800,2000,"sd","09:40:40",199900
53900,900,100,"bu","09:40:34",197900
53900,900,500,"bu","09:39:48",197800
53800,800,600,"sd","09:39:35",197300
53800,800,300,"bu","09:39:33",196700
53800,800,200,"bu","09:39:30",196400
53800,800,200,"bu","09:39:30",196200
53800,800,2000,"bu","09:39:30",196000
53800,800,500,"bu","09:39:30",194000
53800,800,2000,"bu","09:39:30",193500
53800,800,2400,"bu","09:39:29",191500
53800,800,5600,"bu","09:39:29",189100
53800,800,7000,"bu","09:39:29",183500
53700,700,100,"bu","09:38:54",176500
53700,700,2000,"bu","09:38:54",176400
53700,700,300,"bu","09:38:54",174400
53700,700,7700,"bu","09:38:54",174100
53700,700,1000,"bu","09:38:36",166400
53700,700,600,"sd","09:37:53",165400
53700,700,700,"sd","09:37:53",164800
53700,700,100,"sd","09:36:01",164100
53700,700,4200,"sd","09:35:27",164000
53700,700,400,"sd","09:35:27",159800
53700,700,2700,"sd","09:35:27",159400
53800,800,100,"bu","09:35:01",156700
53800,800,1000,"bu","09:34:43",156600
53800,800,1000,"bu","09:34:43",155600
53700,700,2000,"sd","09:34:03",154600
53700,700,300,"sd","09:33:31",152600
53700,700,3000,"bu","09:32:48",152300
53700,700,100,"bu","09:32:48",149300
53700,700,300,"bu","09:32:48",149200
53700,700,100,"bu","09:32:48",148900
53700,700,1500,"bu","09:32:48",148800
53600,600,400,"sd","09:32:43",147300
53500,500,100,"sd","09:29:59",146900
53400,400,300,"sd","09:28:57",146800
53400,400,700,"sd","09:28:50",146500
53400,400,2400,"sd","09:28:50",145800
53500,500,500,"sd","09:28:29",143400
53500,500,5000,"sd","09:28:29",142900
53500,500,2800,"sd","09:28:29",137900
53700,700,500,"sd","09:28:19",135100
53500,500,200,"bu","09:26:56",134600
53500,500,400,"bu","09:26:45",134400
53500,500,2000,"bu","09:26:45",134000
53500,500,200,"bu","09:26:45",132000
53500,500,100,"bu","09:26:45",131800
53500,500,1000,"bu","09:26:45",131700
53500,500,14300,"bu","09:26:45",130700
53500,500,200,"bu","09:26:42",116400
53400,400,2000,"bu","09:25:58",116200
53400,400,5600,"bu","09:25:58",114200
53400,400,100,"bu","09:25:47",108600
53400,400,100,"bu","09:25:47",108500
53400,400,300,"bu","09:25:47",108400
53400,400,100,"bu","09:25:16",108100
53300,300,4000,"sd","09:24:37",108000
53400,400,500,"bu","09:24:30",104000
53400,400,500,"bu","09:24:30",103500
53300,300,300,"sd","09:24:23",103000
53300,300,200,"bu","09:24:19",102700
53300,300,4000,"bu","09:24:14",102500
53300,300,1400,"bu","09:23:46",98500
53200,200,900,"sd","09:23:32",97100
53300,300,100,"bu","09:23:23",96200
53300,300,1400,"bu","09:23:23",96100
53300,300,4300,"bu","09:23:23",94700
53300,300,3700,"bu","09:23:23",90400
53200,200,2400,"bu","09:22:41",86700
53200,200,1000,"bu","09:22:32",84300
53200,200,2000,"bu","09:22:16",83300
53100,100,800,"sd","09:22:12",81300
53100,100,900,"sd","09:22:12",80500
53100,100,300,"sd","09:22:12",79600
53200,200,100,"bu","09:22:06",79300
53200,200,100,"bu","09:22:00",79200
53200,200,100,"bu","09:21:47",79100
53300,300,2000,"bu","09:21:28",79000
53400,400,1700,"bu","09:20:55",77000
53100,100,700,"bu","09:20:46",75300
53100,100,2000,"bu","09:20:45",74600
53100,100,3000,"bu","09:20:39",72600
53100,100,2000,"bu","09:20:39",69600
53100,100,100,"bu","09:20:39",67600
53100,100,100,"bu","09:20:35",67500
53100,100,100,"bu","09:20:31",67400
53100,100,100,"bu","09:20:30",67300
53100,100,2500,"sd","09:20:14",67200
53100,100,800,"sd","09:20:14",64700
53100,100,300,"bu","09:20:02",63900
53100,100,1900,"bu","09:20:02",63600
53100,100,500,"bu","09:19:59",61700
53100,100,200,"bu","09:19:50",61200
53100,100,400,"sd","09:19:47",61000
53100,100,2000,"sd","09:19:47",60600
53100,100,600,"sd","09:19:47",58600
53200,200,100,"sd","09:19:47",58000
53100,100,1900,"sd","09:19:37",57900
53100,100,2000,"sd","09:19:37",56000
53100,100,500,"sd","09:19:37",54000
53500,500,12700,"bu","09:19:33",53500
53400,400,2600,"bu","09:19:33",40800
53400,400,200,"bu","09:19:33",38200
53300,300,2500,"bu","09:19:33",38000
53100,100,200,"bu","09:18:40",35500
53100,100,100,"bu","09:18:40",35300
53100,100,400,"sd","09:18:39",35200
53100,100,5000,"sd","09:18:39",34800
53300,300,1800,"bu","09:18:38",29800
53200,200,700,"bu","09:18:38",28000
53200,200,100,"sd","09:18:36",27300
53200,200,900,"sd","09:18:25",27200
53200,200,1000,"sd","09:18:25",26300
53200,200,100,"sd","09:18:25",25300
53200,200,100,"sd","09:18:25",25200
53200,200,1000,"sd","09:18:25",25100
53200,200,500,"sd","09:18:25",24100
53200,200,500,"sd","09:18:25",23600
53300,300,600,"sd","09:18:09",23100
53400,400,100,"sd","09:18:09",22500
53400,400,900,"bu","09:18:01",22400
53300,300,4400,"sd","09:18:01",21500
53400,400,200,"bu","09:17:21",17100
53400,400,2000,"bu","09:17:21",16900
53400,400,1000,"sd","09:17:10",14900
53400,400,1600,"sd","09:17:10",13900
53400,400,100,"sd","09:16:24",12300
53500,500,1000,"bu","09:16:07",12200
53400,400,1000,"sd","09:16:02",11200
53500,500,1800,"sd","09:15:31",10200
53500,500,100,"sd","09:15:17",8400
53500,500,100,"sd","09:15:15",8300
53500,500,200,"sd","09:15:15",8200
53500,500,8000,"sd","09:15:00",8000
