"price","change","match_qtty","side","time","total_vol"
27800,-1400,112900,"unknown","14:45:01",2614500
28000,-1200,100,"bu","14:29:55",2501600
27900,-1300,13500,"sd","14:29:53",2501500
27900,-1300,1100,"sd","14:29:53",2488000
28000,-1200,1600,"bu","14:29:52",2486900
28000,-1200,200,"bu","14:29:44",2485300
27900,-1300,1900,"sd","14:29:41",2485100
27950,-1250,1000,"sd","14:29:41",2483200
27950,-1250,100,"sd","14:29:41",2482200
28000,-1200,2100,"bu","14:29:35",2482100
27950,-1250,200,"bu","14:29:27",2480000
27950,-1250,500,"bu","14:29:21",2479800
27950,-1250,7300,"sd","14:29:21",2479300
27950,-1250,2000,"sd","14:29:21",2472000
28000,-1200,1000,"bu","14:29:17",2470000
27950,-1250,700,"sd","14:29:07",2469000
27950,-1250,100,"sd","14:29:07",2468300
27950,-1250,100,"sd","14:29:07",2468200
27950,-1250,200,"sd","14:29:07",2468100
27950,-1250,300,"sd","14:29:07",2467900
28000,-1200,200,"bu","14:29:04",2467600
28000,-1200,200,"bu","14:29:00",2467400
28000,-1200,200,"sd","14:28:44",2467200
28000,-1200,500,"sd","14:28:43",2467000
28000,-1200,300,"sd","14:28:43",2466500
28000,-1200,3000,"sd","14:28:40",2466200
28000,-1200,2000,"sd","14:28:37",2463200
28000,-1200,100,"sd","14:28:37",2461200
28000,-1200,900,"sd","14:28:37",2461100
28000,-1200,100,"sd","14:28:34",2460200
28000,-1200,700,"sd","14:28:34",2460100
28000,-1200,100,"sd","14:28:29",2459400
28000,-1200,1400,"sd","14:28:21",2459300
28000,-1200,300,"sd","14:28:21",2457900
28000,-1200,200,"sd","14:28:21",2457600
28000,-1200,1900,"sd","14:28:21",2457400
28000,-1200,5000,"sd","14:28:21",2455500
28000,-1200,200,"sd","14:28:21",2450500
28050,-1150,6000,"sd","14:28:16",2450300
28050,-1150,500,"sd","14:28:16",2444300
28100,-1100,500,"bu","14:28:14",2443800
28100,-1100,200,"bu","14:28:03",2443300
28050,-1150,100,"sd","14:28:02",2443100
28050,-1150,3000,"sd","14:27:52",2443000
28050,-1150,100,"sd","14:27:50",2440000
28050,-1150,6300,"sd","14:27:50",2439900
28050,-1150,2600,"sd","14:27:50",2433600
28050,-1150,2300,"sd","14:27:48",2431000
28100,-1100,100,"bu","14:27:46",2428700
28100,-1100,800,"bu","14:27:39",2428600
28100,-1100,100,"bu","14:27:39",2427800
28100,-1100,1500,"bu","14:27:39",2427700
28100,-1100,1000,"bu","14:27:39",2426200
28100,-1100,900,"bu","14:27:39",2425200
28050,-1150,100,"sd","14:27:38",2424300
28100,-1100,500,"bu","14:27:34",2424200
28050,-1150,100,"sd","14:27:24",2423700
28100,-1100,100,"bu","14:27:14",2423600
28050,-1150,100,"sd","14:27:11",2423500
28050,-1150,100,"sd","14:26:59",2423400
28100,-1100,200,"sd","14:26:56",2423300
28100,-1100,3300,"sd","14:26:56",2423100
28100,-1100,100,"sd","14:26:46",2419800
28100,-1100,1600,"sd","14:26:39",2419700
28100,-1100,100,"sd","14:26:39",2418100
28100,-1100,300,"sd","14:26:39",2418000
28100,-1100,100,"sd","14:26:36",2417700
28100,-1100,100,"sd","14:26:34",2417600
28100,-1100,1000,"sd","14:26:15",2417500
28100,-1100,100,"sd","14:26:07",2416500
28100,-1100,400,"sd","14:25:58",2416400
28100,-1100,100,"sd","14:25:54",2416000
28100,-1100,2000,"sd","14:25:47",2415900
28200,-1000,1500,"sd","14:25:47",2413900
28200,-1000,200,"sd","14:25:47",2412400
28200,-1000,1300,"sd","14:25:47",2412200
28200,-1000,100,"sd","14:25:41",2410900
28200,-1000,100,"sd","14:25:29",2410800
28200,-1000,600,"sd","14:25:27",2410700
28200,-1000,800,"sd","14:25:22",2410100
28200,-1000,2000,"sd","14:25:18",2409300
28200,-1000,100,"sd","14:25:16",2407300
28100,-1100,100,"sd","14:25:04",2407200
28100,-1100,800,"sd","14:25:03",2407100
28100,-1100,14200,"sd","14:25:03",2406300
28100,-1100,1000,"sd","14:25:03",2392100
28100,-1100,400,"sd","14:24:55",2391100
28150,-1050,500,"sd","14:24:55",2390700
28200,-1000,100,"sd","14:24:51",2390200
28200,-1000,700,"sd","14:24:39",2390100
28200,-1000,100,"sd","14:24:38",2389400
28200,-1000,100,"sd","14:24:25",2389300
28250,-950,100,"sd","14:24:12",2389200
28300,-900,1900,"sd","14:24:08",2389100
28300,-900,1000,"sd","14:24:08",2387200
28300,-900,500,"sd","14:24:08",2386200
28300,-900,900,"sd","14:24:08",2385700
28300,-900,100,"sd","14:23:59",2384800
28350,-850,400,"sd","14:23:57",2384700
28350,-850,1000,"sd","14:23:57",2384300
28350,-850,500,"sd","14:23:57",2383300
28350,-850,5700,"sd","14:23:57",2382800
28350,-850,100,"sd","14:23:47",2377100
28400,-800,700,"sd","14:23:45",2377000
28400,-800,1600,"sd","14:23:45",2376300
28400,-800,3400,"bu","14:23:35",2374700
28350,-850,100,"sd","14:23:34",2371300
28400,-800,300,"bu","14:23:29",2371200
28400,-800,200,"bu","14:23:29",2370900
28400,-800,4800,"sd","14:23:22",2370700
28400,-800,100,"sd","14:23:22",2365900
28400,-800,100,"sd","14:23:08",2365800
28350,-850,100,"sd","14:22:55",2365700
28400,-800,5000,"bu","14:22:50",2365600
28400,-800,100,"bu","14:22:49",2360600
28400,-800,100,"bu","14:22:49",2360500
28350,-850,200,"sd","14:22:48",2360400
28350,-850,100,"sd","14:22:42",2360200
28350,-850,100,"sd","14:22:29",2360100
28350,-850,800,"sd","14:22:24",2360000
28350,-850,700,"sd","14:22:22",2359200
28350,-850,300,"sd","14:22:22",2358500
28400,-800,5000,"bu","14:22:15",2358200
28350,-850,700,"sd","14:22:04",2353200
28350,-850,100,"sd","14:22:03",2352500
28400,-800,500,"bu","14:21:53",2352400
28350,-850,100,"sd","14:21:51",2351900
28400,-800,2000,"bu","14:21:43",2351800
28400,-800,900,"sd","14:21:41",2349800
28400,-800,1500,"sd","14:21:41",2348900
28400,-800,100,"sd","14:21:39",2347400
28450,-750,300,"sd","14:21:33",2347300
28450,-750,600,"sd","14:21:33",2347000
28450,-750,100,"sd","14:21:26",2346400
28450,-750,100,"sd","14:21:12",2346300
28450,-750,200,"sd","14:21:11",2346200
28450,-750,300,"sd","14:21:11",2346000
28450,-750,100,"sd","14:21:09",2345700
28450,-750,100,"sd","14:21:00",2345600
28450,-750,500,"bu","14:20:58",2345500
28450,-750,1000,"bu","14:20:58",2345000
28450,-750,1000,"bu","14:20:58",2344000
28450,-750,500,"bu","14:20:58",2343000
28450,-750,1500,"bu","14:20:58",2342500
28450,-750,500,"bu","14:20:56",2341000
28400,-800,100,"sd","14:20:46",2340500
28450,-750,500,"bu","14:20:46",2340400
28450,-750,500,"bu","14:20:34",2339900
28400,-800,100,"sd","14:20:33",2339400
28450,-750,10000,"bu","14:20:26",2339300
28400,-800,100,"sd","14:20:21",2329300
28400,-800,100,"sd","14:20:18",2329200
28400,-800,300,"sd","14:20:12",2329100
28400,-800,200,"sd","14:20:11",2328800
28400,-800,100,"sd","14:20:09",2328600
28400,-800,100,"sd","14:19:56",2328500
28400,-800,100,"sd","14:19:43",2328400
28450,-750,300,"bu","14:19:33",2328300
28400,-800,100,"sd","14:19:30",2328000
28400,-800,500,"bu","14:19:20",2327900
28400,-800,100,"bu","14:19:20",2327400
28300,-900,100,"sd","14:19:16",2327300
28300,-900,100,"sd","14:19:04",2327200
28300,-900,100,"sd","14:18:52",2327100
28450,-750,6700,"bu","14:18:49",2327000
28450,-750,500,"bu","14:18:49",2320300
28400,-800,1000,"bu","14:18:41",2319800
28400,-800,2000,"bu","14:18:41",2318800
28300,-900,500,"bu","14:18:41",2316800
28300,-900,300,"bu","14:18:41",2316300
28250,-950,100,"sd","14:18:39",2316000
28300,-900,500,"bu","14:18:35",2315900
28300,-900,100,"bu","14:18:28",2315400
28250,-950,100,"sd","14:18:26",2315300
28250,-950,200,"sd","14:18:23",2315200
28300,-900,100,"bu","14:18:22",2315000
28250,-950,100,"sd","14:18:07",2314900
28200,-1000,100,"sd","14:17:59",2314800
28200,-1000,1000,"sd","14:17:56",2314700
28200,-1000,500,"bu","14:17:54",2313700
28200,-1000,200,"bu","14:17:54",2313200
28200,-1000,3300,"bu","14:17:54",2313000
28200,-1000,500,"bu","14:17:51",2309700
28150,-1050,100,"sd","14:17:47",2309200
28200,-1000,500,"bu","14:17:44",2309100
28150,-1050,100,"sd","14:17:35",2308600
28150,-1050,100,"sd","14:17:29",2308500
28200,-1000,100,"bu","14:17:23",2308400
28150,-1050,100,"sd","14:17:21",2308300
28150,-1050,100,"bu","14:17:17",2308200
28150,-1050,100,"bu","14:17:16",2308100
28150,-1050,1900,"bu","14:17:16",2308000
28150,-1050,8000,"bu","14:17:09",2306100
28100,-1100,100,"sd","14:17:08",2298100
28150,-1050,100,"bu","14:17:08",2298000
28050,-1150,100,"sd","14:16:55",2297900
28050,-1150,600,"sd","14:16:49",2297800
28150,-1050,500,"bu","14:16:49",2297200
28150,-1050,100,"bu","14:16:45",2296700
28050,-1150,100,"sd","14:16:43",2296600
28150,-1050,200,"bu","14:16:34",2296500
28050,-1150,700,"bu","14:16:33",2296300
28050,-1150,800,"bu","14:16:31",2295600
28000,-1200,100,"sd","14:16:31",2294800
28000,-1200,300,"bu","14:16:26",2294700
28000,-1200,300,"bu","14:16:26",2294400
28000,-1200,5000,"bu","14:16:24",2294100
28000,-1200,5000,"bu","14:16:24",2289100
28000,-1200,5000,"bu","14:16:24",2284100
27950,-1250,100,"sd","14:16:18",2279100
27950,-1250,2600,"bu","14:16:09",2279000
27950,-1250,3000,"bu","14:16:09",2276400
27900,-1300,1000,"sd","14:16:05",2273400
27900,-1300,100,"sd","14:16:04",2272400
27950,-1250,500,"bu","14:16:01",2272300
27850,-1350,100,"sd","14:15:52",2271800
27850,-1350,1700,"bu","14:15:43",2271700
27850,-1350,100,"bu","14:15:42",2270000
27850,-1350,200,"sd","14:15:39",2269900
27850,-1350,1000,"sd","14:15:39",2269700
27850,-1350,2000,"sd","14:15:39",2268700
27850,-1350,100,"sd","14:15:38",2266700
27850,-1350,900,"bu","14:15:33",2266600
27850,-1350,1900,"bu","14:15:30",2265700
27850,-1350,100,"bu","14:15:30",2263800
27850,-1350,100,"bu","14:15:27",2263700
27800,-1400,100,"sd","14:15:26",2263600
27850,-1350,2000,"bu","14:15:24",2263500
27850,-1350,1000,"bu","14:15:24",2261500
27800,-1400,100,"sd","14:15:23",2260500
27850,-1350,100,"bu","14:15:23",2260400
27850,-1350,100,"bu","14:15:23",2260300
27850,-1350,100,"bu","14:15:21",2260200
27850,-1350,200,"bu","14:15:21",2260100
27800,-1400,300,"sd","14:15:17",2259900
27850,-1350,100,"bu","14:15:17",2259600
27850,-1350,500,"bu","14:15:14",2259500
27800,-1400,100,"sd","14:15:13",2259000
27850,-1350,1000,"bu","14:15:13",2258900
27850,-1350,200,"bu","14:15:09",2257900
27850,-1350,100,"bu","14:15:09",2257700
27850,-1350,500,"bu","14:15:08",2257600
27850,-1350,500,"bu","14:15:06",2257100
27850,-1350,100,"sd","14:15:04",2256600
27850,-1350,1000,"sd","14:15:04",2256500
27850,-1350,300,"sd","14:15:04",2255500
27850,-1350,5000,"sd","14:15:04",2255200
27850,-1350,8200,"sd","14:15:04",2250200
27850,-1350,100,"sd","14:15:00",2242000
27850,-1350,1700,"bu","14:14:52",2241900
27800,-1400,100,"sd","14:14:48",2240200
27850,-1350,100,"bu","14:14:44",2240100
27850,-1350,200,"bu","14:14:36",2240000
27800,-1400,100,"sd","14:14:35",2239800
27800,-1400,300,"sd","14:14:32",2239700
27800,-1400,3700,"sd","14:14:32",2239400
27800,-1400,2300,"sd","14:14:32",2235700
27800,-1400,1600,"sd","14:14:32",2233400
27800,-1400,5000,"sd","14:14:32",2231800
27800,-1400,500,"sd","14:14:32",2226800
27800,-1400,4300,"sd","14:14:32",2226300
27850,-1350,400,"sd","14:14:32",2222000
27850,-1350,1900,"sd","14:14:32",2221600
27850,-1350,100,"bu","14:14:27",2219700
27800,-1400,100,"sd","14:14:21",2219600
27800,-1400,100,"bu","14:14:20",2219500
27800,-1400,5500,"bu","14:14:20",2219400
27800,-1400,1000,"sd","14:14:17",2213900
27800,-1400,2000,"sd","14:14:17",2212900
27800,-1400,400,"sd","14:14:17",2210900
27800,-1400,100,"sd","14:14:17",2210500
27800,-1400,10000,"sd","14:14:17",2210400
27800,-1400,100,"sd","14:14:17",2200400
27800,-1400,300,"sd","14:14:17",2200300
27800,-1400,1600,"sd","14:14:17",2200000
27800,-1400,2000,"sd","14:14:14",2198400
27800,-1400,3200,"sd","14:14:11",2196400
27850,-1350,800,"sd","14:14:11",2193200
27850,-1350,1200,"bu","14:14:09",2192400
27850,-1350,2400,"bu","14:14:06",2191200
27850,-1350,2600,"bu","14:14:06",2188800
27850,-1350,500,"bu","14:14:04",2186200
27800,-1400,1600,"sd","14:14:00",2185700
27850,-1350,500,"bu","14:13:58",2184100
27800,-1400,100,"sd","14:13:57",2183600
27850,-1350,800,"bu","14:13:56",2183500
27800,-1400,300,"sd","14:13:49",2182700
27850,-1350,5000,"bu","14:13:45",2182400
27800,-1400,1000,"sd","14:13:44",2177400
27800,-1400,100,"sd","14:13:44",2176400
27850,-1350,300,"bu","14:13:41",2176300
27850,-1350,100,"sd","14:13:36",2176000
27850,-1350,200,"sd","14:13:36",2175900
27800,-1400,100,"sd","14:13:31",2175700
27900,-1300,1000,"bu","14:13:24",2175600
27900,-1300,500,"bu","14:13:20",2174600
27800,-1400,100,"bu","14:13:20",2174100
27750,-1450,100,"sd","14:13:17",2174000
27800,-1400,100,"sd","14:13:12",2173900
27800,-1400,1000,"sd","14:13:12",2173800
27800,-1400,500,"sd","14:13:12",2172800
27800,-1400,1000,"sd","14:13:12",2172300
27800,-1400,200,"sd","14:13:12",2171300
27800,-1400,2000,"sd","14:13:12",2171100
27800,-1400,100,"sd","14:13:12",2169100
27800,-1400,3000,"sd","14:13:12",2169000
27800,-1400,1000,"sd","14:13:12",2166000
27800,-1400,10000,"sd","14:13:12",2165000
27800,-1400,1000,"sd","14:13:12",2155000
27800,-1400,1000,"sd","14:13:12",2154000
27850,-1350,1000,"sd","14:13:12",2153000
27850,-1350,100,"sd","14:13:12",2152000
27850,-1350,5000,"sd","14:13:12",2151900
27850,-1350,700,"sd","14:13:12",2146900
27850,-1350,500,"sd","14:13:12",2146200
27850,-1350,500,"sd","14:13:12",2145700
27850,-1350,6500,"sd","14:13:12",2145200
27900,-1300,100,"sd","14:13:12",2138700
27900,-1300,100,"sd","14:13:12",2138600
27900,-1300,1000,"sd","14:13:12",2138500
27900,-1300,500,"sd","14:13:12",2137500
27900,-1300,500,"sd","14:13:12",2137000
27900,-1300,2500,"sd","14:13:12",2136500
27900,-1300,7500,"sd","14:13:09",2134000
27900,-1300,100,"sd","14:13:09",2126500
27900,-1300,400,"sd","14:13:09",2126400
27900,-1300,100,"sd","14:13:09",2126000
27900,-1300,500,"sd","14:13:09",2125900
27900,-1300,100,"sd","14:13:05",2125400
27900,-1300,100,"sd","14:12:52",2125300
27950,-1250,1000,"sd","14:12:49",2125200
27950,-1250,2000,"sd","14:12:49",2124200
27950,-1250,2000,"sd","14:12:49",2122200
27950,-1250,500,"sd","14:12:49",2120200
27950,-1250,100,"sd","14:12:49",2119700
27950,-1250,1500,"sd","14:12:47",2119600
28000,-1200,400,"bu","14:12:43",2118100
28000,-1200,500,"bu","14:12:43",2117700
27950,-1250,1000,"sd","14:12:40",2117200
27950,-1250,100,"sd","14:12:40",2116200
27950,-1250,200,"sd","14:12:30",2116100
27950,-1250,100,"sd","14:12:27",2115900
27950,-1250,5000,"sd","14:12:22",2115800
27950,-1250,100,"sd","14:12:14",2110800
27950,-1250,2000,"bu","14:12:05",2110700
27900,-1300,200,"sd","14:12:04",2108700
27900,-1300,100,"sd","14:12:04",2108500
27900,-1300,200,"sd","14:12:04",2108400
27900,-1300,2000,"sd","14:12:04",2108200
27900,-1300,1500,"sd","14:12:04",2106200
27900,-1300,200,"sd","14:12:03",2104700
27900,-1300,100,"sd","14:12:01",2104500
28000,-1200,100,"bu","14:11:51",2104400
27900,-1300,100,"sd","14:11:47",2104300
28000,-1200,1000,"bu","14:11:43",2104200
28000,-1200,2500,"sd","14:11:40",2103200
28000,-1200,900,"sd","14:11:40",2100700
28000,-1200,100,"sd","14:11:37",2099800
28000,-1200,100,"sd","14:11:37",2099700
28000,-1200,700,"sd","14:11:37",2099600
28000,-1200,200,"sd","14:11:37",2098900
28000,-1200,500,"sd","14:11:37",2098700
28000,-1200,100,"sd","14:11:37",2098200
28000,-1200,1000,"sd","14:11:37",2098100
28000,-1200,7300,"sd","14:11:37",2097100
28000,-1200,100,"sd","14:11:36",2089800
28000,-1200,2600,"sd","14:11:29",2089700
28000,-1200,2000,"sd","14:11:29",2087100
28050,-1150,400,"sd","14:11:29",2085100
28050,-1150,600,"sd","14:11:28",2084700
28050,-1150,400,"sd","14:11:28",2084100
28050,-1150,100,"sd","14:11:22",2083700
28050,-1150,1900,"sd","14:11:19",2083600
28050,-1150,100,"sd","14:11:19",2081700
28100,-1100,100,"sd","14:11:19",2081600
28100,-1100,100,"sd","14:11:19",2081500
28100,-1100,500,"sd","14:11:19",2081400
28100,-1100,7300,"sd","14:11:19",2080900
28100,-1100,7700,"sd","14:11:11",2073600
28100,-1100,800,"sd","14:11:11",2065900
28100,-1100,200,"sd","14:11:11",2065100
28100,-1100,700,"sd","14:11:11",2064900
28150,-1050,600,"sd","14:11:11",2064200
28150,-1050,400,"bu","14:11:10",2063600
28100,-1100,100,"sd","14:11:10",2063200
28150,-1050,500,"sd","14:11:01",2063100
28150,-1050,700,"sd","14:11:01",2062600
28150,-1050,3400,"sd","14:11:01",2061900
28150,-1050,100,"sd","14:10:57",2058500
28150,-1050,500,"sd","14:10:56",2058400
28150,-1050,1000,"sd","14:10:47",2057900
28150,-1050,1000,"sd","14:10:47",2056900
28150,-1050,300,"sd","14:10:45",2055900
28150,-1050,100,"sd","14:10:43",2055600
28150,-1050,1000,"sd","14:10:38",2055500
28150,-1050,8600,"sd","14:10:31",2054500
28150,-1050,500,"sd","14:10:31",2045900
28150,-1050,900,"sd","14:10:31",2045400
28150,-1050,100,"sd","14:10:31",2044500
28200,-1000,600,"bu","14:10:20",2044400
28200,-1000,1500,"bu","14:10:20",2043800
28200,-1000,5000,"bu","14:10:20",2042300
28200,-1000,2900,"bu","14:10:20",2037300
28150,-1050,100,"sd","14:10:19",2034400
28200,-1000,700,"bu","14:10:15",2034300
28150,-1050,2000,"sd","14:10:14",2033600
28200,-1000,100,"bu","14:10:14",2031600
28150,-1050,100,"sd","14:10:07",2031500
28150,-1050,400,"sd","14:10:02",2031400
28150,-1050,6400,"sd","14:09:53",2031000
28150,-1050,2600,"sd","14:09:53",2024600
28150,-1050,100,"sd","14:09:53",2022000
28200,-1000,2000,"bu","14:09:51",2021900
28200,-1000,200,"sd","14:09:43",2019900
28200,-1000,100,"sd","14:09:43",2019700
28200,-1000,700,"sd","14:09:43",2019600
28200,-1000,200,"sd","14:09:43",2018900
28250,-950,3300,"sd","14:09:43",2018700
28250,-950,100,"sd","14:09:40",2015400
28200,-1000,200,"sd","14:09:38",2015300
28200,-1000,4600,"sd","14:09:33",2015100
28200,-1000,500,"sd","14:09:33",2010500
28200,-1000,1900,"sd","14:09:33",2010000
28200,-1000,100,"sd","14:09:27",2008100
28200,-1000,3000,"sd","14:09:19",2008000
28200,-1000,400,"sd","14:09:19",2005000
28250,-950,6600,"sd","14:09:19",2004600
28250,-950,100,"sd","14:09:14",1998000
28400,-800,900,"bu","14:09:13",1997900
28250,-950,1500,"sd","14:09:02",1997000
28250,-950,100,"sd","14:09:02",1995500
28250,-950,100,"bu","14:08:57",1995400
28250,-950,1600,"bu","14:08:57",1995300
28250,-950,2000,"bu","14:08:49",1993700
28200,-1000,100,"sd","14:08:48",1991700
28250,-950,100,"sd","14:08:48",1991600
28250,-950,100,"sd","14:08:48",1991500
28250,-950,200,"sd","14:08:48",1991400
28250,-950,500,"sd","14:08:48",1991200
28250,-950,200,"sd","14:08:48",1990700
28250,-950,500,"sd","14:08:48",1990500
28250,-950,800,"sd","14:08:48",1990000
28250,-950,100,"sd","14:08:43",1989200
28250,-950,100,"sd","14:08:35",1989100
28300,-900,100,"sd","14:08:23",1989000
28300,-900,100,"bu","14:08:11",1988900
28250,-950,100,"sd","14:08:09",1988800
28300,-900,100,"sd","14:08:01",1988700
28300,-900,700,"sd","14:08:01",1988600
28300,-900,100,"sd","14:07:57",1987900
28400,-800,900,"bu","14:07:54",1987800
28300,-900,100,"sd","14:07:45",1986900
28400,-800,10000,"bu","14:07:32",1986800
28300,-900,100,"unknown","14:07:32",1976800
28250,-950,1200,"sd","14:07:25",1976700
28250,-950,500,"sd","14:07:25",1975500
28250,-950,2000,"sd","14:07:25",1975000
28300,-900,800,"sd","14:07:25",1973000
28300,-900,500,"sd","14:07:25",1972200
28300,-900,100,"sd","14:07:19",1971700
28300,-900,300,"sd","14:07:16",1971600
28300,-900,100,"sd","14:07:05",1971300
28300,-900,200,"sd","14:06:53",1971200
28300,-900,1800,"sd","14:06:53",1971000
28300,-900,100,"sd","14:06:52",1969200
28300,-900,100,"sd","14:06:40",1969100
28400,-800,1000,"bu","14:06:29",1969000
28250,-950,100,"sd","14:06:28",1968000
28400,-800,400,"bu","14:06:17",1967900
28300,-900,1000,"bu","14:06:17",1967500
28250,-950,100,"sd","14:06:14",1966500
28300,-900,800,"bu","14:06:04",1966400
28250,-950,100,"sd","14:05:48",1965600
28300,-900,200,"sd","14:05:45",1965500
28300,-900,100,"sd","14:05:45",1965300
28300,-900,100,"sd","14:05:45",1965200
28300,-900,100,"sd","14:05:45",1965100
28300,-900,400,"sd","14:05:45",1965000
28300,-900,8000,"sd","14:05:45",1964600
28350,-850,300,"sd","14:05:45",1956600
28450,-750,100,"bu","14:05:42",1956300
28350,-850,100,"sd","14:05:35",1956200
28450,-750,4700,"bu","14:05:32",1956100
28350,-850,100,"sd","14:05:23",1951400
28450,-750,300,"bu","14:05:22",1951300
28300,-900,100,"sd","14:05:11",1951000
28450,-750,10000,"bu","14:04:58",1950900
28300,-900,100,"sd","14:04:57",1940900
28450,-750,5000,"bu","14:04:49",1940800
28300,-900,100,"sd","14:04:45",1935800
28300,-900,100,"sd","14:04:31",1935700
28300,-900,1600,"sd","14:04:29",1935600
28300,-900,2200,"sd","14:04:29",1934000
28300,-900,100,"sd","14:04:19",1931800
28450,-750,1100,"bu","14:04:12",1931700
28350,-850,100,"sd","14:04:07",1930600
28300,-900,100,"sd","14:03:53",1930500
28300,-900,2600,"sd","14:03:43",1930400
28300,-900,300,"sd","14:03:43",1927800
28300,-900,1000,"sd","14:03:43",1927500
28300,-900,1000,"sd","14:03:43",1926500
28300,-900,100,"sd","14:03:43",1925500
28300,-900,100,"sd","14:03:41",1925400
28300,-900,100,"sd","14:03:27",1925300
28300,-900,100,"sd","14:03:14",1925200
28300,-900,100,"sd","14:03:02",1925100
28300,-900,600,"sd","14:02:57",1925000
28300,-900,100,"sd","14:02:49",1924400
28300,-900,800,"sd","14:02:46",1924300
28300,-900,100,"sd","14:02:46",1923500
28300,-900,100,"sd","14:02:46",1923400
28300,-900,100,"sd","14:02:36",1923300
28300,-900,300,"sd","14:02:24",1923200
28300,-900,4700,"sd","14:02:24",1922900
28300,-900,100,"sd","14:02:24",1918200
28300,-900,100,"sd","14:02:11",1918100
28300,-900,100,"sd","14:01:45",1918000
28500,-700,100,"bu","14:01:36",1917900
28300,-900,100,"sd","14:01:33",1917800
28300,-900,100,"sd","14:01:33",1917700
28300,-900,100,"sd","14:01:20",1917600
28300,-900,100,"sd","14:01:07",1917500
28350,-850,100,"sd","14:00:54",1917400
28250,-950,2400,"sd","14:00:41",1917300
28250,-950,300,"sd","14:00:41",1914900
28250,-950,3900,"sd","14:00:41",1914600
28250,-950,1800,"sd","14:00:41",1910700
28300,-900,600,"sd","14:00:41",1908900
28300,-900,2000,"sd","14:00:41",1908300
28300,-900,100,"sd","14:00:41",1906300
28300,-900,7300,"bu","14:00:37",1906200
28300,-900,500,"bu","14:00:37",1898900
28250,-950,500,"sd","14:00:34",1898400
28250,-950,1000,"sd","14:00:29",1897900
28250,-950,100,"sd","14:00:29",1896900
28300,-900,1000,"bu","14:00:26",1896800
28250,-950,100,"sd","14:00:16",1895800
28300,-900,5000,"sd","14:00:09",1895700
28300,-900,1000,"sd","14:00:09",1890700
28300,-900,800,"sd","14:00:09",1889700
28300,-900,100,"sd","14:00:03",1888900
28300,-900,100,"sd","13:59:50",1888800
28250,-950,100,"sd","13:59:37",1888700
28500,-700,100,"bu","13:59:32",1888600
28250,-950,1300,"sd","13:59:24",1888500
28300,-900,700,"sd","13:59:24",1887200
28300,-900,100,"sd","13:59:23",1886500
28250,-950,100,"sd","13:59:11",1886400
28200,-1000,300,"sd","13:59:06",1886300
28200,-1000,200,"sd","13:59:06",1886000
28200,-1000,100,"sd","13:58:59",1885800
28200,-1000,100,"sd","13:58:46",1885700
28600,-600,100,"bu","13:58:37",1885600
28500,-700,200,"bu","13:58:37",1885500
28150,-1050,3200,"sd","13:58:36",1885300
28150,-1050,200,"sd","13:58:36",1882100
28150,-1050,200,"sd","13:58:36",1881900
28500,-700,200,"sd","13:58:35",1881700
28500,-700,1000,"sd","13:58:35",1881500
28500,-700,3600,"sd","13:58:35",1880500
28500,-700,100,"sd","13:58:33",1876900
28500,-700,100,"sd","13:58:20",1876800
28600,-600,500,"bu","13:58:13",1876700
28600,-600,500,"bu","13:58:13",1876200
28500,-700,1000,"sd","13:58:09",1875700
28500,-700,100,"sd","13:58:07",1874700
28500,-700,100,"sd","13:57:42",1874600
28600,-600,500,"bu","13:57:32",1874500
28500,-700,100,"sd","13:57:28",1874000
28500,-700,500,"sd","13:57:28",1873900
28500,-700,1400,"bu","13:57:22",1873400
28500,-700,500,"bu","13:57:22",1872000
28500,-700,1000,"bu","13:57:22",1871500
28500,-700,10000,"bu","13:57:22",1870500
28500,-700,100,"bu","13:57:22",1860500
28500,-700,1000,"bu","13:57:22",1860400
28500,-700,9800,"bu","13:57:22",1859400
28450,-750,100,"bu","13:57:22",1849600
28450,-750,500,"bu","13:57:22",1849500
28100,-1100,100,"sd","13:57:15",1849000
28100,-1100,1000,"sd","13:57:03",1848900
28100,-1100,200,"sd","13:57:03",1847900
28100,-1100,100,"sd","13:57:03",1847700
28100,-1100,200,"sd","13:57:03",1847600
28100,-1100,100,"sd","13:57:03",1847400
28450,-750,2000,"bu","13:57:02",1847300
28400,-800,100,"bu","13:57:02",1845300
28400,-800,200,"bu","13:57:02",1845200
28300,-900,200,"bu","13:57:02",1845000
28100,-1100,100,"sd","13:56:50",1844800
28100,-1100,100,"sd","13:56:38",1844700
28100,-1100,100,"sd","13:56:24",1844600
28100,-1100,100,"sd","13:56:12",1844500
28100,-1100,100,"sd","13:55:58",1844400
28050,-1150,100,"sd","13:55:46",1844300
28000,-1200,100,"sd","13:55:33",1844200
28000,-1200,900,"sd","13:55:31",1844100
28500,-700,200,"bu","13:55:27",1843200
28500,-700,200,"bu","13:55:27",1843000
28500,-700,100,"bu","13:55:27",1842800
28500,-700,1000,"bu","13:55:27",1842700
28300,-900,400,"bu","13:55:27",1841700
28200,-1000,100,"bu","13:55:27",1841300
28150,-1050,9400,"bu","13:55:27",1841200
28050,-1150,500,"bu","13:55:27",1831800
28050,-1150,1100,"bu","13:55:27",1831300
28000,-1200,200,"bu","13:55:25",1830200
28000,-1200,300,"bu","13:55:25",1830000
28000,-1200,100,"bu","13:55:25",1829700
28000,-1200,1600,"bu","13:55:23",1829600
28000,-1200,2000,"bu","13:55:23",1828000
28000,-1200,1400,"bu","13:55:23",1826000
27900,-1300,100,"sd","13:55:21",1824600
28000,-1200,500,"bu","13:55:13",1824500
27850,-1350,100,"sd","13:55:08",1824000
27850,-1350,1000,"sd","13:55:06",1823900
27850,-1350,1000,"sd","13:55:05",1822900
27850,-1350,1000,"sd","13:55:00",1821900
27850,-1350,400,"bu","13:55:00",1820900
27800,-1400,100,"sd","13:54:55",1820500
27800,-1400,200,"bu","13:54:48",1820400
27800,-1400,100,"bu","13:54:47",1820200
27800,-1400,200,"sd","13:54:46",1820100
27800,-1400,500,"sd","13:54:46",1819900
27800,-1400,5000,"sd","13:54:37",1819400
27800,-1400,500,"sd","13:54:37",1814400
27800,-1400,100,"sd","13:54:37",1813900
27800,-1400,1000,"sd","13:54:37",1813800
27800,-1400,36300,"sd","13:54:37",1812800
27800,-1400,3700,"sd","13:54:36",1776500
27800,-1400,800,"sd","13:54:36",1772800
27800,-1400,800,"sd","13:54:36",1772000
27800,-1400,1400,"sd","13:54:36",1771200
27800,-1400,1300,"sd","13:54:36",1769800
27800,-1400,10000,"sd","13:54:35",1768500
27850,-1350,100,"bu","13:54:31",1758500
27800,-1400,1000,"sd","13:54:29",1758400
27850,-1350,500,"bu","13:54:28",1757400
27800,-1400,1000,"sd","13:54:25",1756900
27850,-1350,1000,"sd","13:54:23",1755900
27850,-1350,100,"sd","13:54:23",1754900
27850,-1350,300,"sd","13:54:23",1754800
27850,-1350,23100,"sd","13:54:23",1754500
27850,-1350,5000,"sd","13:54:22",1731400
27850,-1350,400,"sd","13:54:21",1726400
27850,-1350,400,"sd","13:54:18",1726000
27850,-1350,3000,"sd","13:54:18",1725600
27850,-1350,2000,"sd","13:54:18",1722600
27850,-1350,500,"sd","13:54:17",1720600
27850,-1350,400,"sd","13:54:14",1720100
27850,-1350,5000,"sd","13:54:12",1719700
27850,-1350,100,"sd","13:54:10",1714700
27900,-1300,200,"bu","13:54:08",1714600
27850,-1350,100,"sd","13:54:02",1714400
27900,-1300,5000,"sd","13:54:02",1714300
27900,-1300,500,"sd","13:54:02",1709300
27900,-1300,500,"sd","13:54:02",1708800
27900,-1300,100,"sd","13:54:02",1708300
27900,-1300,100,"sd","13:54:02",1708200
27900,-1300,1000,"sd","13:54:02",1708100
27900,-1300,300,"sd","13:54:02",1707100
27900,-1300,40000,"sd","13:54:02",1706800
27900,-1300,1000,"sd","13:54:02",1666800
27950,-1250,100,"sd","13:54:02",1665800
27950,-1250,30000,"sd","13:54:02",1665600
27950,-1250,100,"sd","13:54:02",1665700
28000,-1200,300,"bu","13:53:59",1635600
28000,-1200,500,"bu","13:53:58",1635300
28000,-1200,1000,"bu","13:53:58",1634800
28000,-1200,100,"unknown","13:53:58",1633800
28000,-1200,500,"sd","13:53:58",1633700
28000,-1200,100,"sd","13:53:58",1633200
28000,-1200,2000,"sd","13:53:58",1633100
28000,-1200,1000,"sd","13:53:58",1631100
28050,-1150,100,"bu","13:53:56",1630100
28000,-1200,300,"sd","13:53:56",1630000
28000,-1200,700,"sd","13:53:56",1629700
28000,-1200,3000,"sd","13:53:56",1629000
28000,-1200,100,"sd","13:53:56",1626000
28000,-1200,1200,"sd","13:53:56",1625900
28000,-1200,100,"sd","13:53:53",1624700
28000,-1200,1000,"sd","13:53:53",1624600
28000,-1200,500,"sd","13:53:53",1623600
28000,-1200,200,"sd","13:53:53",1623100
28000,-1200,500,"sd","13:53:53",1622900
28000,-1200,1000,"sd","13:53:53",1622400
28000,-1200,500,"sd","13:53:53",1621400
28000,-1200,3800,"sd","13:53:53",1620900
28000,-1200,100,"sd","13:53:53",1617100
28000,-1200,100,"sd","13:53:53",1617000
28000,-1200,1000,"sd","13:53:53",1616900
28000,-1200,1000,"sd","13:53:53",1615900
28000,-1200,400,"sd","13:53:53",1614900
28000,-1200,100,"sd","13:53:53",1614500
28000,-1200,300,"sd","13:53:53",1614400
28000,-1200,100,"sd","13:53:53",1614100
28000,-1200,200,"sd","13:53:53",1614000
28000,-1200,100,"sd","13:53:53",1613800
28000,-1200,200,"sd","13:53:53",1613700
28000,-1200,500,"sd","13:53:53",1613500
28000,-1200,100,"sd","13:53:53",1613000
28000,-1200,100,"sd","13:53:53",1612900
28000,-1200,500,"sd","13:53:53",1612800
28000,-1200,100,"sd","13:53:53",1612300
28000,-1200,500,"sd","13:53:53",1612200
28000,-1200,1000,"sd","13:53:53",1611700
28000,-1200,1000,"sd","13:53:53",1610700
28000,-1200,1000,"sd","13:53:53",1609700
28000,-1200,1000,"sd","13:53:52",1608700
28000,-1200,600,"sd","13:53:52",1607700
28000,-1200,100,"sd","13:53:49",1607100
28000,-1200,1000,"sd","13:53:49",1607000
28000,-1200,800,"sd","13:53:49",1606000
28000,-1200,100,"sd","13:53:49",1605200
28000,-1200,1100,"sd","13:53:49",1605100
28000,-1200,200,"sd","13:53:49",1604000
28000,-1200,300,"sd","13:53:49",1603800
28000,-1200,100,"sd","13:53:49",1603500
28000,-1200,400,"sd","13:53:49",1603400
28000,-1200,2000,"sd","13:53:49",1603000
28000,-1200,300,"sd","13:53:49",1601000
28000,-1200,500,"sd","13:53:49",1600700
28000,-1200,1000,"sd","13:53:49",1600200
28000,-1200,800,"sd","13:53:49",1599200
28000,-1200,100,"sd","13:53:49",1598400
28000,-1200,200,"sd","13:53:49",1598300
28050,-1150,1000,"bu","13:53:46",1598100
28050,-1150,100,"sd","13:53:42",1597100
28050,-1150,500,"sd","13:53:42",1597000
28050,-1150,1200,"sd","13:53:42",1596500
28050,-1150,100,"sd","13:53:42",1595300
28050,-1150,100,"sd","13:53:42",1595200
28050,-1150,500,"sd","13:53:42",1595100
28050,-1150,300,"sd","13:53:42",1594600
28050,-1150,100,"sd","13:53:42",1594300
28050,-1150,100,"sd","13:53:42",1594200
28050,-1150,1000,"sd","13:53:42",1594100
28050,-1150,100,"sd","13:53:42",1593100
28050,-1150,100,"sd","13:53:42",1593000
28050,-1150,1000,"sd","13:53:42",1592900
28050,-1150,1000,"sd","13:53:42",1591900
28050,-1150,200,"sd","13:53:42",1590900
28050,-1150,100,"sd","13:53:42",1590700
28050,-1150,9600,"sd","13:53:42",1590600
28100,-1100,1300,"sd","13:53:42",1581000
28100,-1100,100,"sd","13:53:42",1579700
28100,-1100,300,"sd","13:53:42",1579600
28100,-1100,2000,"sd","13:53:40",1579300
28150,-1050,200,"bu","13:53:35",1577300
28150,-1050,400,"bu","13:53:26",1577100
28100,-1100,700,"bu","13:53:24",1576700
28100,-1100,400,"bu","13:53:22",1576000
28100,-1100,400,"sd","13:53:21",1575600
28100,-1100,300,"sd","13:53:21",1575200
28100,-1100,300,"sd","13:53:21",1574900
28100,-1100,100,"sd","13:53:21",1574600
28100,-1100,1000,"sd","13:53:21",1574500
28100,-1100,5000,"sd","13:53:21",1573500
28100,-1100,100,"sd","13:53:21",1568500
28100,-1100,100,"sd","13:53:21",1568400
28100,-1100,500,"sd","13:53:21",1568300
28100,-1100,1000,"sd","13:53:21",1567800
28100,-1100,100,"sd","13:53:21",1566800
28100,-1100,200,"sd","13:53:20",1566700
28100,-1100,100,"sd","13:53:20",1566500
28100,-1100,700,"sd","13:53:20",1566400
28100,-1100,500,"sd","13:53:19",1565700
28100,-1100,2000,"sd","13:53:16",1565200
28100,-1100,2100,"sd","13:53:07",1563200
28200,-1000,900,"sd","13:53:07",1561100
28100,-1100,12800,"sd","13:53:05",1560200
28150,-1050,100,"sd","13:53:05",1547400
28150,-1050,5000,"sd","13:53:05",1547300
28150,-1050,100,"sd","13:53:05",1542300
28150,-1050,500,"sd","13:53:05",1542200
28150,-1050,500,"sd","13:53:05",1541700
28150,-1050,900,"sd","13:53:05",1541200
28200,-1000,100,"sd","13:53:05",1540300
28200,-1000,900,"bu","13:52:58",1540200
28200,-1000,100,"bu","13:52:56",1539300
28200,-1000,400,"bu","13:52:56",1539200
28200,-1000,700,"bu","13:52:56",1538800
28200,-1000,800,"bu","13:52:47",1538100
28200,-1000,100,"sd","13:52:46",1537300
28200,-1000,100,"sd","13:52:46",1537200
28200,-1000,400,"sd","13:52:46",1537100
28200,-1000,900,"sd","13:52:46",1536700
28200,-1000,100,"sd","13:52:44",1535800
28200,-1000,1000,"sd","13:52:44",1535700
28200,-1000,900,"sd","13:52:44",1534700
28200,-1000,100,"sd","13:52:41",1533800
28200,-1000,600,"sd","13:52:41",1533700
28200,-1000,400,"sd","13:52:39",1533100
28200,-1000,200,"sd","13:52:39",1532700
28200,-1000,300,"sd","13:52:39",1532500
28200,-1000,800,"sd","13:52:39",1532200
28300,-900,100,"sd","13:52:37",1531400
28300,-900,900,"sd","13:52:31",1531300
28300,-900,100,"sd","13:52:31",1530400
28300,-900,100,"sd","13:52:31",1530300
28400,-800,1000,"sd","13:52:31",1530200
28400,-800,1000,"sd","13:52:31",1529200
28400,-800,1000,"sd","13:52:31",1528200
28450,-750,100,"sd","13:52:31",1527200
28450,-750,100,"sd","13:52:31",1527100
28450,-750,100,"sd","13:52:31",1527000
28450,-750,600,"sd","13:52:31",1526900
28500,-700,100,"sd","13:52:29",1526300
28500,-700,700,"sd","13:52:29",1526200
28500,-700,1400,"sd","13:52:20",1525500
28750,-450,2000,"bu","13:52:13",1524100
28750,-450,300,"bu","13:52:13",1522100
28750,-450,500,"bu","13:52:13",1521800
28750,-450,1000,"bu","13:52:13",1521300
28500,-700,2300,"sd","13:52:08",1520300
28500,-700,100,"sd","13:52:08",1518000
28550,-650,1300,"sd","13:52:08",1517900
28750,-450,1800,"bu","13:52:00",1516600
28750,-450,2000,"bu","13:52:00",1514800
28750,-450,500,"bu","13:52:00",1512800
28700,-500,200,"bu","13:51:45",1512300
28750,-450,100,"bu","13:51:21",1512100
28750,-450,5000,"bu","13:51:08",1512000
28750,-450,300,"bu","13:51:08",1507000
28750,-450,5000,"bu","13:51:08",1506700
28750,-450,2900,"bu","13:51:08",1501700
28750,-450,100,"bu","13:50:52",1498800
28750,-450,1000,"sd","13:50:51",1498700
28750,-450,4000,"bu","13:50:48",1497700
28750,-450,1000,"bu","13:50:45",1493700
28750,-450,500,"bu","13:50:33",1492700
28550,-650,2100,"sd","13:50:29",1492200
28550,-650,400,"sd","13:50:29",1490100
28550,-650,100,"sd","13:50:29",1489700
28550,-650,500,"sd","13:50:29",1489600
28550,-650,100,"sd","13:50:29",1489100
28550,-650,100,"sd","13:50:29",1489000
28550,-650,800,"sd","13:50:29",1488900
28550,-650,900,"sd","13:50:29",1488100
28750,-450,100,"bu","13:50:25",1487200
28750,-450,500,"bu","13:50:18",1487100
28750,-450,1200,"bu","13:50:07",1486600
28750,-450,500,"bu","13:49:52",1485400
28750,-450,5000,"bu","13:49:45",1484900
28750,-450,100,"bu","13:49:27",1479900
28750,-450,500,"bu","13:49:27",1479800
28750,-450,5000,"bu","13:49:15",1479300
28750,-450,500,"bu","13:49:15",1474300
28750,-450,2200,"bu","13:49:07",1473800
28750,-450,400,"bu","13:49:07",1471600
28750,-450,1000,"bu","13:49:07",1471200
28750,-450,700,"bu","13:48:54",1470200
28750,-450,100,"sd","13:48:46",1469500
28750,-450,100,"sd","13:48:46",1469400
28750,-450,3000,"sd","13:48:46",1469300
28750,-450,100,"sd","13:48:46",1466300
28800,-400,200,"sd","13:48:14",1466200
28900,-300,4600,"bu","13:48:13",1466000
28900,-300,400,"sd","13:47:56",1461400
28900,-300,500,"sd","13:47:52",1461000
28900,-300,1000,"sd","13:47:51",1460500
28900,-300,400,"sd","13:47:41",1459500
28950,-250,200,"bu","13:47:40",1459100
28950,-250,5000,"bu","13:47:40",1458900
28950,-250,100,"bu","13:47:40",1453900
28950,-250,300,"bu","13:47:40",1453800
28950,-250,100,"bu","13:47:40",1453500
28900,-300,100,"sd","13:47:38",1453400
28900,-300,500,"sd","13:47:34",1453300
28900,-300,300,"sd","13:47:33",1452800
28900,-300,300,"bu","13:47:17",1452500
28900,-300,400,"bu","13:47:17",1452200
28900,-300,100,"bu","13:47:02",1451800
28900,-300,200,"bu","13:46:53",1451700
28800,-400,500,"sd","13:46:50",1451500
28950,-250,1000,"bu","13:46:39",1451000
28950,-250,1900,"bu","13:46:39",1450000
28950,-250,100,"sd","13:46:28",1448100
28950,-250,100,"bu","13:46:26",1448000
28950,-250,300,"bu","13:46:26",1447900
28950,-250,200,"bu","13:46:26",1447600
28950,-250,300,"bu","13:46:26",1447400
28950,-250,600,"bu","13:46:26",1447100
28950,-250,100,"bu","13:46:23",1446500
28950,-250,100,"sd","13:45:43",1446400
28950,-250,15000,"bu","13:45:29",1446300
28950,-250,200,"bu","13:45:29",1431300
28900,-300,200,"bu","13:45:21",1431100
28900,-300,1000,"bu","13:45:21",1430900
28900,-300,500,"bu","13:45:13",1429900
28800,-400,300,"sd","13:45:12",1429400
28800,-400,5500,"bu","13:45:07",1429100
28800,-400,1000,"bu","13:45:04",1423600
28800,-400,100,"bu","13:45:01",1422600
28800,-400,100,"sd","13:44:59",1422500
28800,-400,1000,"bu","13:44:58",1422400
28800,-400,1000,"bu","13:44:58",1421400
28800,-400,100,"bu","13:44:58",1420400
28800,-400,16800,"bu","13:44:58",1420300
28800,-400,300,"bu","13:44:58",1403500
28800,-400,100,"bu","13:44:58",1403200
28800,-400,200,"bu","13:44:58",1403100
28800,-400,100,"bu","13:44:52",1402900
28750,-450,500,"sd","13:44:47",1402800
28750,-450,1000,"bu","13:44:44",1402300
28750,-450,1500,"bu","13:44:36",1401300
28700,-500,400,"bu","13:44:28",1399800
28550,-650,2600,"sd","13:44:11",1399400
28600,-600,400,"sd","13:44:11",1396800
28600,-600,900,"sd","13:44:11",1396400
28650,-550,100,"bu","13:44:10",1395500
28600,-600,500,"bu","13:43:59",1395400
28600,-600,800,"bu","13:43:59",1394900
28550,-650,500,"bu","13:43:50",1394100
28550,-650,200,"bu","13:43:50",1393600
28550,-650,200,"bu","13:43:32",1393400
28550,-650,300,"bu","13:43:32",1393200
28500,-700,200,"bu","13:43:16",1392900
28500,-700,4800,"bu","13:43:16",1392700
28500,-700,200,"bu","13:43:14",1387900
28500,-700,5000,"bu","13:43:13",1387700
28450,-750,500,"sd","13:42:51",1382700
28450,-750,500,"sd","13:42:31",1382200
28450,-750,400,"bu","13:42:11",1381700
28450,-750,100,"bu","13:42:01",1381300
28400,-800,200,"sd","13:41:56",1381200
28450,-750,100,"bu","13:41:53",1381000
28450,-750,200,"bu","13:41:11",1380900
28300,-900,800,"sd","13:41:07",1380700
28350,-850,1000,"sd","13:41:07",1379900
28350,-850,200,"sd","13:41:07",1378900
28350,-850,300,"bu","13:40:46",1378700
28350,-850,100,"bu","13:40:45",1378400
28300,-900,1000,"bu","13:40:30",1378300
28300,-900,1000,"bu","13:40:30",1377300
28300,-900,500,"bu","13:40:29",1376300
28300,-900,100,"sd","13:40:21",1375800
28300,-900,500,"sd","13:40:21",1375700
28300,-900,900,"sd","13:40:21",1375200
28300,-900,500,"sd","13:40:18",1374300
28300,-900,100,"bu","13:40:02",1373800
28300,-900,200,"bu","13:40:02",1373700
28300,-900,500,"bu","13:40:02",1373500
28300,-900,100,"bu","13:40:02",1373000
28300,-900,500,"bu","13:40:02",1372900
28300,-900,2200,"bu","13:40:02",1372400
28300,-900,100,"bu","13:39:57",1370200
28300,-900,3800,"bu","13:39:08",1370100
28300,-900,9800,"bu","13:39:08",1366300
28250,-950,1300,"bu","13:39:08",1356500
28250,-950,100,"bu","13:39:08",1355200
28200,-1000,200,"bu","13:38:34",1355100
28200,-1000,500,"sd","13:38:30",1354900
28200,-1000,300,"sd","13:38:30",1354400
28200,-1000,2000,"sd","13:38:07",1354100
28300,-900,200,"bu","13:37:49",1352100
28300,-900,200,"bu","13:37:49",1351900
28300,-900,100,"bu","13:37:49",1351700
28200,-1000,100,"sd","13:37:46",1351600
28200,-1000,7600,"bu","13:37:38",1351500
28150,-1050,100,"sd","13:37:37",1343900
28150,-1050,2000,"sd","13:37:37",1343800
28150,-1050,300,"sd","13:37:37",1341800
28150,-1050,600,"sd","13:37:37",1341500
28150,-1050,300,"sd","13:37:37",1340900
28150,-1050,1200,"sd","13:37:37",1340600
28150,-1050,300,"sd","13:37:37",1339400
28150,-1050,200,"sd","13:37:37",1339100
28150,-1050,1500,"sd","13:37:37",1338900
28200,-1000,600,"bu","13:37:19",1337400
28200,-1000,100,"bu","13:37:17",1336800
28200,-1000,1000,"bu","13:37:10",1336700
28200,-1000,500,"bu","13:37:10",1335700
28200,-1000,1000,"sd","13:37:10",1335200
28200,-1000,300,"sd","13:37:10",1334200
28200,-1000,400,"sd","13:37:10",1333900
28200,-1000,200,"sd","13:37:10",1333500
28200,-1000,900,"sd","13:37:10",1333300
28200,-1000,100,"sd","13:37:10",1332400
28200,-1000,500,"sd","13:37:10",1332300
28200,-1000,3700,"sd","13:37:10",1331800
28250,-950,1000,"bu","13:37:01",1328100
28200,-1000,500,"sd","13:36:55",1327100
28200,-1000,300,"sd","13:36:55",1326600
28250,-950,300,"sd","13:36:46",1326300
28250,-950,200,"sd","13:36:46",1326000
28250,-950,200,"sd","13:36:46",1325800
28250,-950,300,"sd","13:36:36",1325600
28250,-950,200,"bu","13:36:21",1325300
28250,-950,1000,"bu","13:36:12",1325100
28250,-950,1000,"bu","13:36:05",1324100
28250,-950,300,"sd","13:36:04",1323100
28250,-950,100,"bu","13:35:58",1322800
28250,-950,100,"bu","13:35:58",1322700
28250,-950,400,"sd","13:35:49",1322600
28250,-950,100,"sd","13:35:39",1322200
28250,-950,500,"bu","13:35:23",1322100
28250,-950,100,"bu","13:35:23",1321600
28250,-950,300,"bu","13:35:19",1321500
28200,-1000,500,"sd","13:35:15",1321200
28200,-1000,1000,"sd","13:35:15",1320700
28200,-1000,500,"sd","13:35:15",1319700
28200,-1000,700,"sd","13:35:14",1319200
28200,-1000,100,"sd","13:34:46",1318500
28300,-900,300,"bu","13:34:44",1318400
28200,-1000,500,"sd","13:34:42",1318100
28200,-1000,100,"sd","13:34:42",1317600
28150,-1050,2500,"sd","13:34:06",1317500
28150,-1050,500,"sd","13:33:34",1315000
28150,-1050,500,"sd","13:33:33",1314500
28200,-1000,100,"bu","13:33:05",1314000
28100,-1100,300,"sd","13:32:51",1313900
28150,-1050,200,"sd","13:32:51",1313600
28150,-1050,300,"bu","13:32:49",1313400
28100,-1100,1400,"sd","13:32:42",1313100
28100,-1100,200,"bu","13:32:33",1311700
28050,-1150,500,"sd","13:32:31",1311500
28100,-1100,200,"sd","13:32:26",1311000
28100,-1100,100,"sd","13:32:26",1310800
28100,-1100,100,"bu","13:32:24",1310700
28100,-1100,1000,"bu","13:32:21",1310600
28100,-1100,100,"bu","13:32:20",1309600
28100,-1100,100,"bu","13:32:19",1309500
28100,-1100,100,"bu","13:32:12",1309400
28100,-1100,300,"bu","13:32:10",1309300
28100,-1100,1000,"sd","13:32:06",1309000
28100,-1100,700,"sd","13:32:06",1308000
28100,-1100,100,"sd","13:32:06",1307300
28100,-1100,1500,"sd","13:32:06",1307200
28100,-1100,1000,"sd","13:32:03",1305700
28100,-1100,500,"sd","13:32:03",1304700
28150,-1050,100,"bu","13:32:00",1304200
28100,-1100,4500,"bu","13:31:45",1304100
28100,-1100,300,"sd","13:31:44",1299600
28100,-1100,100,"sd","13:31:44",1299300
28100,-1100,100,"sd","13:31:44",1299200
28100,-1100,500,"sd","13:31:44",1299100
28100,-1100,100,"sd","13:31:44",1298600
28150,-1050,100,"bu","13:31:42",1298500
28100,-1100,900,"sd","13:31:37",1298400
28100,-1100,500,"sd","13:31:37",1297500
28100,-1100,300,"sd","13:31:37",1297000
28100,-1100,600,"sd","13:31:37",1296700
28100,-1100,100,"sd","13:31:37",1296100
28150,-1050,100,"bu","13:31:36",1296000
28100,-1100,300,"sd","13:31:28",1295900
28100,-1100,200,"sd","13:31:28",1295600
28100,-1100,100,"sd","13:31:26",1295400
28100,-1100,1000,"sd","13:31:26",1295300
28100,-1100,500,"sd","13:31:20",1294300
28100,-1100,300,"sd","13:31:16",1293800
28100,-1100,1000,"sd","13:31:13",1293500
28100,-1100,700,"bu","13:30:59",1292500
28100,-1100,300,"bu","13:30:56",1291800
28100,-1100,700,"bu","13:30:56",1291500
28050,-1150,9000,"sd","13:30:55",1290800
28100,-1100,500,"bu","13:30:54",1281800
28100,-1100,200,"bu","13:30:53",1281300
28100,-1100,300,"bu","13:30:50",1281100
28100,-1100,500,"bu","13:30:50",1280800
28100,-1100,2000,"bu","13:30:45",1280300
28100,-1100,300,"bu","13:30:44",1278300
28050,-1150,7900,"sd","13:30:35",1278000
28050,-1150,100,"sd","13:30:35",1270100
28100,-1100,100,"bu","13:30:32",1270000
28100,-1100,100,"bu","13:30:30",1269900
28100,-1100,100,"sd","13:30:30",1269800
28100,-1100,200,"sd","13:30:30",1269700
28100,-1100,1000,"sd","13:30:30",1269500
28100,-1100,500,"sd","13:30:30",1268500
28100,-1100,100,"sd","13:30:24",1268000
28100,-1100,100,"sd","13:30:24",1267900
28100,-1100,100,"sd","13:30:24",1267800
28100,-1100,100,"sd","13:30:24",1267700
28100,-1100,1000,"sd","13:30:24",1267600
28100,-1100,5000,"sd","13:30:24",1266600
28100,-1100,100,"sd","13:30:24",1261600
28100,-1100,100,"sd","13:30:24",1261500
28100,-1100,600,"sd","13:30:22",1261400
28100,-1100,100,"sd","13:30:21",1260800
28100,-1100,300,"sd","13:30:21",1260700
28100,-1100,100,"sd","13:30:16",1260400
28100,-1100,500,"sd","13:30:16",1260300
28100,-1100,1000,"sd","13:30:16",1259800
28100,-1100,100,"sd","13:30:16",1258800
28100,-1100,1300,"sd","13:30:16",1258700
28150,-1050,1000,"bu","13:30:15",1257400
28100,-1100,500,"sd","13:30:13",1256400
28100,-1100,200,"sd","13:30:07",1255900
28100,-1100,200,"sd","13:30:07",1255700
28100,-1100,2600,"sd","13:30:07",1255500
28100,-1100,1000,"sd","13:30:05",1252900
28100,-1100,10000,"sd","13:30:04",1251900
28100,-1100,4900,"sd","13:29:58",1241900
28100,-1100,400,"sd","13:29:46",1237000
28150,-1050,4500,"bu","13:29:45",1236600
28100,-1100,100,"sd","13:29:39",1232100
28150,-1050,100,"sd","13:29:16",1232000
28150,-1050,100,"sd","13:29:16",1231900
28150,-1050,300,"sd","13:29:16",1231800
28150,-1050,100,"sd","13:29:16",1231500
28150,-1050,5000,"sd","13:29:16",1231400
28150,-1050,100,"sd","13:29:16",1226400
28150,-1050,100,"sd","13:29:16",1226300
28150,-1050,8000,"sd","13:29:13",1226200
28150,-1050,500,"sd","13:29:04",1218200
28150,-1050,5000,"sd","13:28:59",1217700
28150,-1050,400,"sd","13:28:43",1212700
28200,-1000,100,"bu","13:28:41",1212300
28200,-1000,100,"bu","13:28:38",1212200
28200,-1000,200,"bu","13:28:36",1212100
28200,-1000,1000,"bu","13:28:24",1211900
28200,-1000,200,"bu","13:28:21",1210900
28150,-1050,4800,"sd","13:28:14",1210700
28150,-1050,200,"sd","13:28:14",1205900
28200,-1000,1000,"sd","13:28:03",1205700
28200,-1000,100,"sd","13:28:03",1204700
28200,-1000,1000,"sd","13:28:03",1204600
28200,-1000,100,"sd","13:28:03",1203600
28200,-1000,500,"sd","13:28:03",1203500
28200,-1000,500,"sd","13:28:03",1203000
28200,-1000,100,"sd","13:28:03",1202500
28200,-1000,500,"sd","13:28:03",1202400
28200,-1000,100,"sd","13:28:03",1201900
28200,-1000,500,"sd","13:28:03",1201800
28200,-1000,2000,"sd","13:28:03",1201300
28200,-1000,400,"sd","13:28:03",1199300
28200,-1000,200,"sd","13:28:03",1198900
28200,-1000,200,"sd","13:28:03",1198700
28200,-1000,1100,"sd","13:28:03",1198500
28200,-1000,500,"sd","13:27:58",1197400
28250,-950,100,"bu","13:27:58",1196900
28200,-1000,3400,"sd","13:27:56",1196800
28200,-1000,500,"sd","13:27:56",1193400
28200,-1000,100,"sd","13:27:56",1192900
28200,-1000,100,"sd","13:27:56",1192800
28200,-1000,1000,"sd","13:27:56",1192700
28200,-1000,100,"sd","13:27:56",1191700
28200,-1000,100,"sd","13:27:56",1191600
28200,-1000,100,"sd","13:27:56",1191500
28200,-1000,800,"sd","13:27:56",1191400
28200,-1000,100,"sd","13:27:56",1190600
28200,-1000,1000,"sd","13:27:56",1190500
28200,-1000,1000,"sd","13:27:56",1189500
28200,-1000,200,"sd","13:27:56",1188500
28200,-1000,500,"sd","13:27:56",1188300
28200,-1000,2000,"sd","13:27:56",1187800
28250,-950,100,"bu","13:27:33",1185800
28250,-950,1000,"bu","13:27:31",1185700
28250,-950,1000,"bu","13:27:31",1184700
28250,-950,1000,"bu","13:27:31",1183700
28250,-950,1000,"bu","13:27:27",1182700
28250,-950,100,"bu","13:27:27",1181700
28200,-1000,1200,"sd","13:27:22",1181600
28250,-950,400,"bu","13:27:04",1180400
28250,-950,100,"bu","13:27:04",1180000
28250,-950,300,"bu","13:26:53",1179900
28250,-950,100,"bu","13:26:50",1179600
28250,-950,100,"bu","13:26:50",1179500
28250,-950,900,"sd","13:26:43",1179400
28250,-950,100,"bu","13:26:29",1178500
28250,-950,100,"bu","13:26:27",1178400
28250,-950,200,"sd","13:26:24",1178300
28250,-950,400,"sd","13:26:24",1178100
28250,-950,200,"sd","13:26:24",1177700
28300,-900,500,"bu","13:26:06",1177500
28300,-900,200,"bu","13:25:03",1177000
28200,-1000,6200,"sd","13:25:00",1176800
28300,-900,800,"bu","13:24:54",1170600
28300,-900,200,"bu","13:24:53",1169800
28200,-1000,100,"sd","13:24:44",1169600
28200,-1000,1000,"sd","13:24:42",1169500
28200,-1000,9200,"sd","13:24:40",1168500
28250,-950,500,"sd","13:24:40",1159300
28250,-950,300,"sd","13:24:40",1158800
28250,-950,800,"bu","13:24:39",1158500
28250,-950,500,"bu","13:24:38",1157700
28250,-950,200,"bu","13:24:37",1157200
28250,-950,1000,"bu","13:24:37",1157000
28200,-1000,600,"sd","13:24:37",1156000
28200,-1000,200,"sd","13:24:35",1155400
28250,-950,900,"bu","13:24:33",1155200
28250,-950,1000,"bu","13:24:29",1154300
28200,-1000,9500,"sd","13:24:28",1153300
28200,-1000,500,"sd","13:24:28",1143800
28250,-950,5000,"bu","13:24:26",1143300
28250,-950,300,"bu","13:24:23",1138300
28250,-950,100,"bu","13:24:22",1138000
28250,-950,10000,"bu","13:24:18",1137900
28250,-950,500,"bu","13:24:17",1127900
28250,-950,200,"sd","13:24:16",1127400
28250,-950,100,"sd","13:24:16",1127200
28250,-950,3000,"sd","13:24:16",1127100
28250,-950,100,"sd","13:24:16",1124100
28250,-950,26300,"sd","13:24:16",1124000
28300,-900,100,"bu","13:24:14",1097700
28250,-950,1000,"sd","13:24:12",1097600
28250,-950,100,"sd","13:24:08",1096600
28300,-900,1000,"bu","13:24:03",1096500
28300,-900,900,"bu","13:24:03",1095500
28250,-950,2000,"sd","13:24:00",1094600
28250,-950,100,"sd","13:23:58",1092600
28250,-950,500,"sd","13:23:49",1092500
28300,-900,1000,"bu","13:23:49",1092000
28300,-900,100,"bu","13:23:47",1091000
28300,-900,900,"bu","13:23:45",1090900
28300,-900,500,"bu","13:23:42",1090000
28300,-900,100,"sd","13:23:41",1089500
28300,-900,400,"sd","13:23:41",1089400
28300,-900,100,"sd","13:23:41",1089000
28300,-900,1000,"sd","13:23:41",1088900
28300,-900,1000,"sd","13:23:41",1087900
28300,-900,600,"sd","13:23:41",1086900
28300,-900,100,"sd","13:23:41",1086300
28300,-900,200,"sd","13:23:41",1086200
28300,-900,1000,"sd","13:23:41",1086000
28300,-900,200,"sd","13:23:41",1085000
28300,-900,500,"sd","13:23:41",1084800
28300,-900,1000,"sd","13:23:41",1084300
28300,-900,500,"sd","13:23:41",1083300
28300,-900,26100,"sd","13:23:41",1082800
28300,-900,500,"sd","13:23:40",1056700
28350,-850,100,"bu","13:23:29",1056200
28350,-850,200,"bu","13:23:24",1056100
28350,-850,100,"bu","13:23:21",1055900
28300,-900,3100,"sd","13:23:17",1055800
28300,-900,300,"sd","13:22:59",1052700
28300,-900,5000,"sd","13:22:59",1052400
28350,-850,100,"sd","13:22:59",1047400
28400,-800,1000,"sd","13:22:59",1047300
28350,-850,100,"sd","13:22:50",1046300
28350,-850,200,"sd","13:22:50",1046200
28350,-850,26000,"sd","13:22:50",1046000
28400,-800,100,"bu","13:22:47",1020000
28350,-850,4000,"sd","13:22:37",1019900
28400,-800,1000,"sd","13:22:37",1015900
28450,-750,100,"bu","13:22:28",1014900
28400,-800,500,"sd","13:22:24",1014800
28400,-800,800,"sd","13:22:24",1014300
28400,-800,100,"sd","13:22:24",1013500
28400,-800,800,"sd","13:22:24",1013400
28400,-800,100,"sd","13:22:24",1012600
28400,-800,1000,"sd","13:22:24",1012500
28400,-800,1000,"sd","13:22:24",1011500
28400,-800,200,"sd","13:22:24",1010500
28400,-800,100,"sd","13:22:24",1010300
28400,-800,100,"sd","13:22:24",1010200
28400,-800,30000,"sd","13:22:24",1010100
28400,-800,500,"sd","13:22:24",980100
28400,-800,100,"sd","13:22:24",979600
28500,-700,800,"sd","13:22:16",979500
28500,-700,100,"bu","13:22:16",978700
28500,-700,1300,"bu","13:22:16",978600
28500,-700,2800,"bu","13:22:16",977300
28450,-750,500,"sd","13:22:13",974500
28450,-750,10000,"sd","13:22:13",974000
28450,-750,1000,"sd","13:22:13",964000
28450,-750,500,"sd","13:22:13",963000
28450,-750,100,"sd","13:22:13",962500
28450,-750,500,"sd","13:22:13",962400
28450,-750,100,"sd","13:22:13",961900
28450,-750,100,"sd","13:22:13",961800
28450,-750,200,"sd","13:22:13",961700
28450,-750,100,"sd","13:22:13",961500
28450,-750,200,"sd","13:22:13",961400
28450,-750,500,"sd","13:22:13",961200
28500,-700,1900,"sd","13:21:54",960700
28500,-700,100,"sd","13:21:54",958800
28500,-700,100,"sd","13:21:54",958700
28500,-700,100,"sd","13:21:54",958600
28500,-700,5000,"sd","13:21:50",958500
28500,-700,500,"sd","13:21:29",953500
28550,-650,200,"bu","13:21:24",953000
28550,-650,1000,"sd","13:20:12",952800
28550,-650,3500,"sd","13:20:12",951800
28550,-650,500,"sd","13:20:08",948300
28550,-650,1000,"sd","13:20:01",947800
28550,-650,400,"sd","13:20:01",946800
28550,-650,400,"bu","13:19:52",946400
28500,-700,300,"sd","13:19:52",946000
28500,-700,100,"sd","13:19:52",945700
28500,-700,100,"sd","13:19:52",945600
28500,-700,500,"sd","13:19:52",945500
28500,-700,1000,"sd","13:19:52",945000
28500,-700,1000,"sd","13:19:52",944000
28500,-700,100,"sd","13:19:52",943000
28500,-700,100,"sd","13:19:52",942900
28500,-700,500,"sd","13:19:52",942800
28500,-700,100,"sd","13:19:52",942300
28500,-700,100,"sd","13:19:52",942200
28500,-700,300,"sd","13:19:52",942100
28500,-700,100,"sd","13:19:52",941800
28500,-700,100,"sd","13:19:52",941700
28500,-700,300,"sd","13:19:52",941600
28500,-700,100,"sd","13:19:52",941300
28500,-700,1000,"sd","13:19:52",941200
28500,-700,3000,"sd","13:19:52",940200
28500,-700,1000,"sd","13:19:52",937200
28500,-700,200,"sd","13:19:52",936200
28500,-700,200,"sd","13:19:52",936000
28500,-700,100,"sd","13:19:52",935800
28500,-700,200,"sd","13:19:52",935700
28500,-700,500,"sd","13:19:52",935500
28500,-700,200,"sd","13:19:52",935000
28500,-700,200,"sd","13:19:52",934800
28500,-700,100,"sd","13:19:52",934600
28500,-700,500,"sd","13:19:52",934500
28500,-700,16000,"sd","13:19:52",934000
28550,-650,100,"bu","13:19:49",918000
28550,-650,100,"bu","13:19:47",917900
28550,-650,400,"bu","13:19:42",917800
28550,-650,100,"sd","13:19:37",917400
28550,-650,100,"sd","13:19:37",917300
28550,-650,2000,"sd","13:19:37",917200
28550,-650,1000,"sd","13:19:37",915200
28550,-650,200,"sd","13:19:37",914200
28550,-650,600,"sd","13:19:37",914000
28550,-650,1500,"sd","13:19:04",913400
28550,-650,500,"sd","13:19:00",911900
28550,-650,7400,"bu","13:18:51",911400
28550,-650,100,"bu","13:18:45",904000
28550,-650,100,"bu","13:18:41",903900
28500,-700,3000,"sd","13:18:40",903800
28550,-650,100,"bu","13:18:39",900800
28550,-650,100,"bu","13:18:38",900700
28550,-650,100,"bu","13:18:37",900600
28550,-650,1100,"sd","13:18:33",900500
28550,-650,2500,"bu","13:18:32",899400
28550,-650,1000,"sd","13:18:31",896900
28550,-650,500,"sd","13:18:31",895900
28550,-650,100,"sd","13:18:31",895400
28550,-650,100,"sd","13:18:31",895300
28550,-650,100,"sd","13:18:31",895200
28550,-650,300,"sd","13:18:31",895100
28550,-650,5400,"sd","13:18:31",894800
28600,-600,100,"bu","13:18:28",889400
28550,-650,1500,"sd","13:18:21",889300
28600,-600,100,"bu","13:17:39",887800
28600,-600,100,"bu","13:17:26",887700
28550,-650,3000,"bu","13:17:12",887600
28550,-650,100,"bu","13:17:07",884600
28550,-650,300,"sd","13:16:49",884500
28550,-650,200,"sd","13:16:49",884200
28550,-650,9400,"sd","13:16:49",884000
28550,-650,500,"sd","13:16:46",874600
28550,-650,100,"sd","13:16:39",874100
28550,-650,300,"sd","13:16:39",874000
28550,-650,5000,"sd","13:16:34",873700
28550,-650,1000,"sd","13:16:34",868700
28550,-650,1000,"bu","13:15:53",867700
28550,-650,2700,"bu","13:15:53",866700
28500,-700,500,"sd","13:15:39",864000
28500,-700,500,"sd","13:15:37",863500
28550,-650,300,"bu","13:15:24",863000
28550,-650,500,"bu","13:15:09",862700
28550,-650,100,"bu","13:15:09",862200
28550,-650,5000,"sd","13:14:44",862100
28550,-650,200,"sd","13:14:44",857100
28550,-650,100,"sd","13:14:44",856900
28550,-650,3100,"sd","13:14:44",856800
28600,-600,100,"bu","13:14:39",853700
28550,-650,100,"sd","13:14:35",853600
28550,-650,500,"sd","13:14:31",853500
28550,-650,4200,"bu","13:14:29",853000
28550,-650,700,"bu","13:14:29",848800
28550,-650,1400,"bu","13:14:29",848100
28550,-650,100,"bu","13:14:25",846700
28550,-650,1000,"sd","13:14:19",846600
28550,-650,100,"sd","13:14:19",845600
28550,-650,100,"sd","13:14:19",845500
28550,-650,100,"sd","13:14:19",845400
28550,-650,100,"sd","13:14:19",845300
28550,-650,100,"sd","13:14:19",845200
28550,-650,5000,"sd","13:14:19",845100
28550,-650,700,"sd","13:14:19",840100
28550,-650,300,"sd","13:14:18",839400
28550,-650,100,"sd","13:14:18",839100
28550,-650,1200,"sd","13:14:18",839000
28550,-650,400,"sd","13:14:09",837800
28600,-600,100,"bu","13:14:07",837400
28600,-600,700,"bu","13:14:06",837300
28600,-600,1300,"bu","13:14:06",836600
28550,-650,400,"sd","13:14:03",835300
28550,-650,500,"sd","13:14:03",834900
28550,-650,100,"sd","13:14:03",834400
28600,-600,2000,"bu","13:14:02",834300
28550,-650,900,"sd","13:13:31",832300
28550,-650,100,"sd","13:13:31",831400
28550,-650,600,"sd","13:13:24",831300
28600,-600,1700,"bu","13:13:23",830700
28600,-600,1000,"bu","13:13:23",829000
28600,-600,800,"bu","13:13:23",828000
28550,-650,200,"sd","13:13:17",827200
28600,-600,200,"bu","13:12:49",827000
28600,-600,200,"bu","13:12:40",826800
28550,-650,100,"sd","13:12:17",826600
28550,-650,500,"sd","13:12:17",826500
28550,-650,4500,"sd","13:12:11",826000
28550,-650,2400,"sd","13:12:11",821500
28600,-600,100,"bu","13:12:04",819100
28550,-650,600,"sd","13:12:00",819000
28600,-600,200,"bu","13:11:58",818400
28550,-650,2000,"sd","13:11:45",818200
28600,-600,100,"bu","13:11:37",816200
28600,-600,100,"bu","13:11:33",816100
28600,-600,100,"sd","13:11:30",816000
28600,-600,2000,"sd","13:11:30",815900
28600,-600,100,"sd","13:11:30",813900
28600,-600,900,"sd","13:11:28",813800
28600,-600,1000,"sd","13:11:28",812900
28600,-600,100,"sd","13:11:28",811900
28600,-600,100,"sd","13:11:28",811800
28600,-600,100,"sd","13:11:28",811700
28600,-600,200,"sd","13:11:28",811600
28600,-600,500,"sd","13:11:27",811400
28600,-600,100,"sd","13:11:27",810900
28600,-600,100,"sd","13:11:24",810800
28600,-600,500,"sd","13:11:24",810700
28600,-600,2400,"sd","13:11:24",810200
28600,-600,400,"sd","13:11:20",807800
28600,-600,2000,"sd","13:11:19",807400
28600,-600,600,"sd","13:11:10",805400
28600,-600,300,"sd","13:10:50",804800
28650,-550,100,"bu","13:10:47",804500
28650,-550,200,"bu","13:10:40",804400
28600,-600,700,"sd","13:10:36",804200
28600,-600,1500,"sd","13:10:34",803500
28600,-600,2000,"sd","13:10:33",802000
28600,-600,100,"sd","13:10:32",800000
28600,-600,100,"sd","13:10:32",799900
28600,-600,200,"sd","13:10:32",799800
28600,-600,500,"sd","13:10:32",799600
28600,-600,100,"sd","13:10:32",799100
28600,-600,100,"sd","13:10:32",799000
28600,-600,100,"sd","13:10:32",798900
28600,-600,1000,"sd","13:10:32",798800
28600,-600,1000,"sd","13:10:31",797800
28600,-600,500,"sd","13:10:31",796800
28600,-600,100,"sd","13:10:31",796300
28600,-600,100,"sd","13:10:31",796200
28600,-600,200,"sd","13:10:31",796100
28600,-600,900,"sd","13:10:31",795900
28650,-550,100,"bu","13:10:30",795000
28600,-600,100,"sd","13:10:01",794900
28600,-600,400,"sd","13:10:01",794800
28600,-600,300,"sd","13:10:01",794400
28650,-550,5700,"bu","13:09:57",794100
28600,-600,1300,"sd","13:09:39",788400
28600,-600,1000,"sd","13:09:39",787100
28600,-600,1000,"sd","13:09:39",786100
28600,-600,200,"sd","13:09:39",785100
28600,-600,2400,"sd","13:09:39",784900
28600,-600,1000,"sd","13:09:32",782500
28600,-600,2200,"sd","13:09:29",781500
28650,-550,200,"sd","13:09:25",779300
28650,-550,200,"sd","13:09:25",779100
28650,-550,900,"sd","13:09:25",778900
28650,-550,1000,"sd","13:09:20",778000
28650,-550,3000,"sd","13:09:19",777000
28650,-550,500,"sd","13:08:55",774000
28650,-550,600,"sd","13:08:50",773500
28650,-550,1000,"sd","13:08:50",772900
28650,-550,200,"sd","13:08:50",771900
28650,-550,300,"sd","13:08:50",771700
28650,-550,2900,"sd","13:08:50",771400
28650,-550,500,"sd","13:08:33",768500
28650,-550,200,"sd","13:08:32",768000
28650,-550,2000,"sd","13:08:09",767800
28700,-500,100,"bu","13:07:37",765800
28700,-500,300,"bu","13:07:27",765700
28700,-500,500,"bu","13:07:27",765400
28700,-500,200,"bu","13:07:27",764900
28700,-500,800,"bu","13:07:22",764700
28700,-500,300,"bu","13:07:22",763900
28700,-500,500,"bu","13:07:22",763600
28700,-500,400,"bu","13:07:22",763100
28700,-500,100,"bu","13:07:16",762700
28700,-500,200,"bu","13:06:54",762600
28700,-500,300,"bu","13:06:53",762400
28700,-500,1000,"bu","13:06:42",762100
28700,-500,1000,"bu","13:06:24",761100
28650,-550,500,"sd","13:05:34",760100
28650,-550,100,"sd","13:05:29",759600
28650,-550,600,"sd","13:05:04",759500
28700,-500,100,"bu","13:04:38",758900
28700,-500,1900,"bu","13:04:12",758800
28700,-500,400,"bu","13:04:12",756900
28700,-500,100,"bu","13:04:12",756500
28700,-500,3000,"bu","13:04:12",756400
28700,-500,500,"bu","13:04:12",753400
28650,-550,500,"bu","13:03:47",752900
28650,-550,2600,"bu","13:03:47",752400
28650,-550,100,"bu","13:03:47",749800
28650,-550,500,"bu","13:03:28",749700
28600,-600,500,"sd","13:03:28",749200
28650,-550,100,"bu","13:03:27",748700
28650,-550,300,"bu","13:03:23",748600
28650,-550,100,"bu","13:03:23",748300
28650,-550,1000,"bu","13:03:23",748200
28650,-550,600,"bu","13:03:23",747200
28600,-600,500,"sd","13:03:19",746600
28600,-600,3000,"sd","13:03:12",746100
28650,-550,100,"bu","13:03:05",743100
28650,-550,100,"bu","13:02:59",743000
28600,-600,400,"sd","13:02:59",742900
28600,-600,500,"sd","13:02:59",742500
28600,-600,100,"sd","13:02:59",742000
28600,-600,1000,"sd","13:02:48",741900
28600,-600,600,"sd","13:02:11",740900
28600,-600,1000,"sd","13:01:50",740300
28650,-550,100,"bu","13:01:43",739300
28650,-550,100,"bu","13:01:29",739200
28650,-550,100,"sd","13:01:14",739100
28650,-550,600,"sd","13:01:14",739000
28650,-550,400,"sd","13:01:09",738400
28650,-550,600,"sd","13:01:09",738000
28650,-550,200,"sd","13:01:05",737400
28650,-550,200,"sd","13:01:05",737200
28650,-550,400,"sd","13:01:05",737000
28650,-550,1600,"sd","13:00:49",736600
28650,-550,400,"sd","13:00:49",735000
28650,-550,100,"sd","13:00:49",734600
28650,-550,900,"sd","13:00:49",734500
28650,-550,100,"sd","13:00:45",733600
28650,-550,100,"sd","13:00:45",733500
28650,-550,900,"sd","13:00:32",733400
28650,-550,100,"sd","13:00:32",732500
28700,-500,500,"sd","13:00:02",732400
28700,-500,2000,"sd","13:00:02",731900
28700,-500,500,"sd","13:00:02",729900
28700,-500,400,"sd","13:00:02",729400
28700,-500,100,"sd","13:00:02",729000
28700,-500,2000,"sd","13:00:02",728900
28700,-500,500,"sd","13:00:02",726900
28700,-500,500,"sd","13:00:02",726400
28700,-500,2500,"sd","13:00:02",725900
28700,-500,1000,"sd","13:00:02",723400
28750,-450,100,"unknown","13:00:02",722400
28700,-500,200,"sd","13:00:01",722300
28750,-450,500,"bu","11:29:00",722100
28750,-450,500,"bu","11:29:00",721600
28700,-500,500,"sd","11:28:50",721100
28700,-500,2000,"sd","11:28:11",720600
28750,-450,100,"sd","11:26:36",718600
28750,-450,1100,"sd","11:26:29",718500
28750,-450,300,"sd","11:25:36",717400
28750,-450,500,"sd","11:25:28",717100
28750,-450,500,"bu","11:24:24",716600
28750,-450,500,"bu","11:24:24",716100
28750,-450,200,"bu","11:23:42",715600
28750,-450,2800,"bu","11:23:42",715400
28700,-500,500,"sd","11:23:14",712600
28700,-500,2000,"sd","11:22:58",712100
28700,-500,500,"sd","11:22:58",710100
28700,-500,800,"sd","11:22:58",709600
28700,-500,100,"bu","11:22:44",708800
28700,-500,500,"bu","11:21:23",708700
28700,-500,100,"sd","11:21:00",708200
28700,-500,600,"sd","11:21:00",708100
28700,-500,500,"sd","11:20:59",707500
28700,-500,500,"bu","11:20:22",707000
28700,-500,1300,"bu","11:20:22",706500
28700,-500,100,"sd","11:19:09",705200
28700,-500,100,"sd","11:19:09",705100
28700,-500,400,"sd","11:19:09",705000
28700,-500,600,"sd","11:19:09",704600
28750,-450,100,"sd","11:18:00",704000
28750,-450,400,"sd","11:17:38",703900
28750,-450,100,"sd","11:17:38",703500
28750,-450,500,"bu","11:17:18",703400
28750,-450,400,"bu","11:17:18",702900
28750,-450,100,"bu","11:17:05",702500
28750,-450,500,"bu","11:17:05",702400
28750,-450,400,"bu","11:17:05",701900
28700,-500,400,"sd","11:16:31",701500
28700,-500,100,"sd","11:16:31",701100
28700,-500,500,"sd","11:15:23",701000
28700,-500,400,"sd","11:14:15",700500
28700,-500,200,"sd","11:14:15",700100
28700,-500,500,"sd","11:13:09",699900
28700,-500,100,"sd","11:12:14",699400
28700,-500,200,"sd","11:12:02",699300
28700,-500,200,"sd","11:12:02",699100
28700,-500,100,"sd","11:12:02",698900
28700,-500,200,"sd","11:11:56",698800
28700,-500,500,"sd","11:10:54",698600
28700,-500,200,"sd","11:10:32",698100
28750,-450,100,"bu","11:09:14",697900
28750,-450,500,"bu","11:08:16",697800
28700,-500,1000,"sd","11:07:50",697300
28700,-500,100,"sd","11:07:50",696300
28700,-500,500,"sd","11:07:33",696200
28700,-500,400,"bu","11:06:29",695700
28700,-500,100,"sd","11:06:25",695300
28700,-500,600,"sd","11:06:08",695200
28700,-500,500,"bu","11:05:23",694600
28700,-500,600,"bu","11:05:23",694100
28700,-500,200,"bu","11:05:23",693500
28650,-550,500,"sd","11:05:18",693300
28650,-550,200,"sd","11:04:39",692800
28650,-550,200,"sd","11:04:39",692600
28650,-550,500,"sd","11:04:12",692400
28650,-550,500,"bu","11:04:12",691900
28650,-550,200,"bu","11:04:12",691400
28650,-550,600,"bu","11:04:12",691200
28650,-550,200,"sd","11:03:25",690600
28650,-550,100,"sd","11:03:25",690400
28650,-550,100,"sd","11:03:25",690300
28650,-550,200,"sd","11:03:06",690200
28650,-550,500,"sd","11:03:04",690000
28650,-550,1200,"sd","11:02:44",689500
28650,-550,500,"sd","11:02:44",688300
28650,-550,100,"sd","11:02:44",687800
28650,-550,100,"sd","11:02:44",687700
28650,-550,100,"sd","11:02:44",687600
28700,-500,100,"bu","11:01:50",687500
28700,-500,200,"bu","11:01:30",687400
28700,-500,200,"bu","11:00:53",687200
28700,-500,300,"bu","11:00:44",687000
28700,-500,100,"bu","10:59:29",686700
28700,-500,100,"bu","10:58:17",686600
28700,-500,100,"sd","10:57:27",686500
28700,-500,200,"sd","10:57:27",686400
28700,-500,500,"sd","10:56:20",686200
28700,-500,1700,"bu","10:56:15",685700
28700,-500,500,"bu","10:56:14",684000
28700,-500,500,"bu","10:56:14",683500
28700,-500,500,"bu","10:56:14",683000
28700,-500,1100,"bu","10:56:14",682500
28700,-500,200,"bu","10:56:09",681400
28700,-500,100,"bu","10:56:02",681200
28700,-500,200,"bu","10:55:25",681100
28700,-500,500,"bu","10:55:14",680900
28700,-500,7000,"bu","10:55:11",680400
28700,-500,5000,"bu","10:54:56",673400
28700,-500,100,"bu","10:54:25",668400
28700,-500,5800,"bu","10:54:18",668300
28700,-500,500,"bu","10:54:18",662500
28700,-500,3700,"bu","10:54:18",662000
28700,-500,200,"bu","10:54:01",658300
28700,-500,300,"bu","10:53:59",658100
28700,-500,800,"bu","10:53:17",657800
28700,-500,200,"bu","10:53:17",657000
28700,-500,300,"bu","10:53:09",656800
28700,-500,100,"bu","10:53:07",656500
28700,-500,500,"bu","10:52:55",656400
28650,-550,500,"sd","10:51:50",655900
28600,-600,300,"sd","10:51:25",655400
28650,-550,400,"sd","10:51:25",655100
28650,-550,100,"bu","10:51:25",654700
28650,-550,400,"bu","10:51:21",654600
28650,-550,100,"bu","10:51:21",654200
28650,-550,100,"bu","10:51:08",654100
28650,-550,300,"bu","10:50:58",654000
28650,-550,3700,"bu","10:50:58",653700
28650,-550,6000,"bu","10:50:58",650000
28600,-600,2000,"sd","10:50:53",644000
28600,-600,5000,"sd","10:50:53",642000
28600,-600,100,"sd","10:50:53",637000
28600,-600,300,"sd","10:50:53",636900
28600,-600,200,"sd","10:50:53",636600
28600,-600,1000,"sd","10:50:53",636400
28600,-600,1400,"sd","10:50:53",635400
28650,-550,100,"bu","10:50:26",634000
28650,-550,100,"bu","10:50:12",633900
28650,-550,200,"sd","10:50:10",633800
28650,-550,1900,"sd","10:50:10",633600
28650,-550,200,"sd","10:50:10",631700
28650,-550,10000,"sd","10:50:10",631500
28650,-550,1000,"sd","10:50:10",621500
28650,-550,500,"sd","10:50:10",620500
28650,-550,100,"sd","10:49:50",620000
28650,-550,200,"sd","10:49:50",619900
28700,-500,100,"bu","10:48:50",619700
28700,-500,100,"bu","10:48:33",619600
28700,-500,2600,"bu","10:48:09",619500
28700,-500,100,"sd","10:47:13",616900
28700,-500,100,"sd","10:46:41",616800
28700,-500,100,"sd","10:46:41",616700
28700,-500,1000,"sd","10:46:41",616600
28700,-500,200,"sd","10:46:41",615600
28700,-500,300,"sd","10:46:41",615400
28700,-500,1000,"sd","10:46:41",615100
28700,-500,800,"sd","10:46:41",614100
28700,-500,100,"sd","10:46:41",613300
28700,-500,500,"sd","10:46:41",613200
28700,-500,9500,"sd","10:46:41",612700
28750,-450,100,"bu","10:46:02",603200
28750,-450,300,"bu","10:45:47",603100
28750,-450,100,"bu","10:45:39",602800
28750,-450,1900,"sd","10:44:46",602700
28750,-450,100,"bu","10:44:10",600800
28700,-500,500,"sd","10:44:01",600700
28700,-500,100,"sd","10:43:59",600200
28700,-500,100,"sd","10:43:59",600100
28700,-500,100,"sd","10:43:59",600000
28750,-450,100,"sd","10:42:57",599900
28750,-450,500,"sd","10:42:53",599800
28750,-450,1000,"sd","10:42:35",599300
28750,-450,400,"bu","10:41:46",598300
28750,-450,100,"sd","10:41:46",597900
28750,-450,100,"sd","10:41:09",597800
28700,-500,100,"sd","10:40:39",597700
28700,-500,200,"sd","10:40:39",597600
28700,-500,200,"sd","10:40:39",597400
28700,-500,300,"sd","10:40:18",597200
28750,-450,100,"sd","10:40:18",596900
28750,-450,500,"sd","10:40:18",596800
28750,-450,100,"sd","10:40:18",596300
28700,-500,500,"sd","10:39:32",596200
28700,-500,100,"sd","10:39:27",595700
28700,-500,800,"sd","10:39:27",595600
28750,-450,100,"sd","10:39:27",594800
28700,-500,200,"sd","10:38:51",594700
28700,-500,100,"sd","10:38:51",594500
28700,-500,700,"sd","10:38:51",594400
28700,-500,100,"sd","10:38:32",593700
28700,-500,800,"sd","10:38:32",593600
28750,-450,100,"sd","10:38:32",592800
28700,-500,500,"sd","10:38:24",592700
28700,-500,1000,"sd","10:38:02",592200
28700,-500,500,"sd","10:37:17",591200
28700,-500,500,"sd","10:36:11",590700
28700,-500,3000,"sd","10:35:40",590200
28700,-500,600,"sd","10:35:03",587200
28700,-500,600,"sd","10:34:16",586600
28800,-400,400,"sd","10:34:16",586000
28800,-400,100,"bu","10:34:14",585600
28700,-500,500,"sd","10:33:56",585500
28700,-500,800,"sd","10:33:39",585000
28750,-450,1000,"sd","10:33:38",584200
28700,-500,500,"bu","10:32:53",583200
28700,-500,700,"bu","10:32:53",582700
28700,-500,200,"sd","10:32:38",582000
28700,-500,4000,"sd","10:32:38",581800
28700,-500,6000,"sd","10:32:18",577800
28700,-500,300,"sd","10:32:18",571800
28700,-500,100,"sd","10:32:18",571500
28700,-500,400,"sd","10:32:18",571400
28700,-500,500,"sd","10:32:18",571000
28700,-500,500,"sd","10:32:18",570500
28700,-500,2200,"sd","10:32:18",570000
28700,-500,2800,"sd","10:31:55",567800
28750,-450,100,"sd","10:31:55",565000
28750,-450,1000,"sd","10:31:55",564900
28750,-450,100,"sd","10:31:55",563900
28750,-450,1000,"sd","10:31:55",563800
28750,-450,500,"sd","10:31:41",562800
28750,-450,500,"sd","10:31:36",562300
28800,-400,9000,"sd","10:31:13",561800
28800,-400,1000,"sd","10:31:13",552800
28800,-400,500,"sd","10:31:13",551800
28800,-400,1500,"sd","10:31:13",551300
28900,-300,500,"bu","10:30:17",549800
28900,-300,500,"bu","10:29:53",549300
28800,-400,3500,"sd","10:29:48",548800
28800,-400,4200,"sd","10:29:48",545300
28850,-350,5000,"sd","10:29:48",541100
28850,-350,200,"sd","10:29:48",536100
28900,-300,400,"sd","10:29:27",535900
28950,-250,100,"sd","10:29:27",535500
28900,-300,500,"sd","10:28:19",535400
28900,-300,500,"bu","10:27:17",534900
28900,-300,800,"bu","10:27:17",534400
28900,-300,2800,"bu","10:27:17",533600
28900,-300,100,"sd","10:26:58",530800
28900,-300,100,"sd","10:26:58",530700
28900,-300,4700,"sd","10:26:58",530600
28950,-250,2300,"sd","10:26:58",525900
28950,-250,500,"bu","10:26:44",523600
28950,-250,7200,"bu","10:26:44",523100
28900,-300,300,"sd","10:26:42",515900
28900,-300,100,"sd","10:26:42",515600
28900,-300,3000,"sd","10:26:42",515500
28900,-300,400,"sd","10:26:42",512500
28950,-250,3800,"sd","10:25:35",512100
28950,-250,500,"sd","10:24:57",508300
28950,-250,100,"sd","10:24:49",507800
28950,-250,100,"sd","10:24:40",507700
29000,-200,200,"sd","10:24:00",507600
29000,-200,4500,"sd","10:24:00",507400
29000,-200,200,"sd","10:23:57",502900
29000,-200,300,"sd","10:23:50",502700
29000,-200,200,"sd","10:23:49",502400
29000,-200,800,"sd","10:23:38",502200
29000,-200,1700,"sd","10:23:38",501400
29000,-200,500,"sd","10:23:12",499700
29000,-200,500,"sd","10:22:43",499200
29000,-200,300,"sd","10:22:35",498700
29000,-200,600,"sd","10:21:36",498400
29000,-200,600,"sd","10:21:33",497800
29000,-200,300,"sd","10:21:26",497200
29050,-150,500,"sd","10:21:20",496900
29050,-150,100,"sd","10:21:20",496400
29100,-100,200,"sd","10:20:19",496300
29100,-100,600,"sd","10:19:46",496100
29100,-100,400,"sd","10:19:46",495500
29100,-100,500,"sd","10:19:33",495100
29150,-50,200,"bu","10:19:20",494600
29150,-50,500,"bu","10:17:58",494400
29200,0,100,"bu","10:16:21",493900
29200,0,800,"bu","10:16:21",493800
29200,0,200,"bu","10:16:09",493000
29200,0,500,"sd","10:15:42",492800
29300,100,2200,"bu","10:15:32",492300
29300,100,100,"bu","10:15:32",490100
29300,100,400,"bu","10:15:32",490000
29300,100,200,"bu","10:15:32",489600
29300,100,1000,"bu","10:15:32",489400
29300,100,300,"bu","10:15:32",488400
29300,100,500,"bu","10:15:32",488100
29250,50,100,"bu","10:15:32",487600
29250,50,200,"bu","10:15:32",487500
29250,50,3800,"bu","10:15:21",487300
29250,50,800,"bu","10:15:21",483500
29250,50,1000,"bu","10:15:09",482700
29250,50,200,"sd","10:15:03",481700
29250,50,1000,"sd","10:15:02",481500
29250,50,500,"sd","10:14:53",480500
29250,50,100,"sd","10:14:49",480000
29250,50,2600,"bu","10:14:35",479900
29250,50,1000,"bu","10:14:35",477300
29250,50,1100,"bu","10:14:35",476300
29200,0,400,"bu","10:13:59",475200
29100,-100,100,"sd","10:13:57",474800
29100,-100,1000,"sd","10:13:57",474700
29200,0,100,"bu","10:13:57",473700
29200,0,200,"bu","10:13:57",473600
29200,0,200,"bu","10:13:57",473400
29200,0,1800,"sd","10:13:31",473200
29200,0,100,"sd","10:13:17",471400
29200,0,1000,"bu","10:12:59",471300
29200,0,5000,"bu","10:12:59",470300
29200,0,2000,"bu","10:12:59",465300
29200,0,100,"bu","10:12:59",463300
29100,-100,600,"sd","10:12:37",463200
29100,-100,900,"bu","10:12:32",462600
29100,-100,100,"bu","10:12:32",461700
29100,-100,400,"bu","10:12:32",461600
29050,-150,1900,"bu","10:12:16",461200
29050,-150,100,"bu","10:11:38",459300
29050,-150,300,"bu","10:11:38",459200
29050,-150,200,"bu","10:11:38",458900
29050,-150,300,"bu","10:11:38",458700
29000,-200,500,"bu","10:11:31",458400
29000,-200,2000,"bu","10:11:14",457900
29000,-200,300,"bu","10:11:00",455900
29000,-200,200,"sd","10:10:24",455600
29000,-200,300,"bu","10:10:05",455400
29000,-200,200,"bu","10:09:48",455100
29000,-200,300,"bu","10:09:48",454900
29000,-200,500,"bu","10:09:48",454600
29000,-200,100,"bu","10:09:04",454100
29000,-200,1400,"bu","10:08:40",454000
29000,-200,100,"bu","10:08:40",452600
29000,-200,500,"bu","10:08:40",452500
29000,-200,500,"bu","10:08:40",452000
29000,-200,1000,"bu","10:08:40",451500
29000,-200,100,"bu","10:08:40",450500
29000,-200,500,"bu","10:08:40",450400
29000,-200,900,"bu","10:08:40",449900
28950,-250,500,"sd","10:08:09",449000
28900,-300,900,"sd","10:07:17",448500
28900,-300,500,"sd","10:07:02",447600
28900,-300,800,"sd","10:06:06",447100
28950,-250,200,"sd","10:06:06",446300
28900,-300,400,"sd","10:05:57",446100
28900,-300,100,"sd","10:05:57",445700
28950,-250,300,"sd","10:05:57",445600
28950,-250,400,"sd","10:05:57",445300
28950,-250,500,"sd","10:05:55",444900
28950,-250,200,"sd","10:05:48",444400
28950,-250,200,"sd","10:05:37",444200
28950,-250,200,"sd","10:05:26",444000
29000,-200,100,"sd","10:03:28",443800
29000,-200,1000,"sd","10:03:13",443700
29000,-200,500,"sd","10:02:32",442700
29000,-200,3400,"bu","10:02:08",442200
28950,-250,1000,"sd","10:02:02",438800
29000,-200,100,"sd","10:01:27",437800
29000,-200,1500,"sd","10:01:27",437700
29000,-200,600,"sd","10:01:26",436200
29000,-200,2900,"sd","10:01:24",435600
29000,-200,200,"sd","10:01:24",432700
29000,-200,500,"sd","10:00:18",432500
29000,-200,400,"sd","09:59:24",432000
29000,-200,100,"sd","09:59:24",431600
29000,-200,500,"sd","09:59:24",431500
29000,-200,2000,"sd","09:59:12",431000
29000,-200,500,"sd","09:59:11",429000
29000,-200,500,"sd","09:59:08",428500
29000,-200,5000,"sd","09:58:56",428000
29000,-200,1500,"sd","09:58:46",423000
29000,-200,500,"sd","09:58:46",421500
29000,-200,1000,"sd","09:58:46",421000
29000,-200,500,"sd","09:58:04",420000
29000,-200,1000,"sd","09:57:44",419500
29000,-200,1000,"sd","09:57:10",418500
29000,-200,500,"sd","09:56:57",417500
29000,-200,500,"sd","09:55:50",417000
29000,-200,500,"bu","09:55:37",416500
29000,-200,100,"bu","09:55:36",416000
29000,-200,1300,"bu","09:55:23",415900
29000,-200,100,"bu","09:55:16",414600
29000,-200,1000,"bu","09:55:10",414500
29000,-200,1000,"sd","09:55:09",413500
29200,0,1500,"bu","09:55:03",412500
29200,0,400,"sd","09:54:59",411000
29250,50,200,"bu","09:54:52",410600
29250,50,200,"bu","09:54:42",410400
29250,50,100,"bu","09:54:42",410200
29250,50,300,"bu","09:54:42",410100
29200,0,500,"sd","09:54:42",409800
29200,0,200,"sd","09:54:37",409300
29250,50,600,"bu","09:54:30",409100
29250,50,100,"bu","09:54:16",408500
29200,0,100,"sd","09:54:05",408400
29200,0,100,"bu","09:53:57",408300
29200,0,5000,"bu","09:53:57",408200
29200,0,500,"bu","09:53:57",403200
29200,0,5000,"bu","09:53:57",402700
29200,0,100,"bu","09:53:57",397700
29200,0,2800,"bu","09:53:57",397600
29150,-50,300,"bu","09:53:57",394800
29200,0,7200,"bu","09:53:37",394500
29200,0,3900,"bu","09:53:36",387300
29150,-50,300,"bu","09:53:36",383400
29150,-50,100,"bu","09:53:36",383100
29000,-200,300,"bu","09:53:36",383000
29000,-200,500,"bu","09:53:36",382700
29000,-200,300,"bu","09:53:36",382200
29000,-200,2000,"bu","09:53:36",381900
29000,-200,100,"bu","09:53:36",379900
28950,-250,500,"sd","09:53:35",379800
28950,-250,4000,"bu","09:53:22",379300
28950,-250,3000,"bu","09:53:22",375300
28900,-300,900,"sd","09:53:18",372300
28900,-300,100,"sd","09:53:18",371400
28900,-300,2200,"bu","09:52:42",371300
28900,-300,6800,"bu","09:52:40",369100
28900,-300,3200,"bu","09:52:40",362300
28850,-350,300,"sd","09:52:27",359100
28850,-350,100,"sd","09:52:27",358800
28850,-350,100,"sd","09:52:27",358700
28850,-350,500,"bu","09:51:59",358600
28850,-350,200,"bu","09:51:59",358100
28850,-350,3500,"bu","09:51:59",357900
28850,-350,200,"bu","09:51:59",354400
28850,-350,500,"bu","09:51:59",354200
28800,-400,100,"sd","09:51:42",353700
28800,-400,500,"bu","09:51:23",353600
28800,-400,200,"bu","09:51:23",353100
28800,-400,2400,"bu","09:51:20",352900
28800,-400,2000,"bu","09:51:17",350500
28800,-400,400,"sd","09:51:05",348500
28800,-400,2600,"sd","09:50:57",348100
28800,-400,2400,"sd","09:50:57",345500
28800,-400,100,"sd","09:50:47",343100
28800,-400,600,"bu","09:50:27",343000
28800,-400,1900,"bu","09:50:27",342400
28800,-400,1200,"bu","09:50:21",340500
28800,-400,1900,"sd","09:50:12",339300
28800,-400,3100,"bu","09:49:53",337400
28800,-400,300,"bu","09:49:49",334300
28800,-400,1000,"bu","09:49:23",334000
28800,-400,600,"bu","09:49:19",333000
28800,-400,200,"bu","09:49:19",332400
28800,-400,1600,"bu","09:49:19",332200
28800,-400,500,"bu","09:49:06",330600
28800,-400,300,"bu","09:49:06",330100
28800,-400,2200,"bu","09:49:06",329800
28800,-400,2000,"bu","09:49:06",327600
28750,-450,100,"sd","09:49:06",325600
28750,-450,100,"sd","09:49:06",325500
28750,-450,400,"sd","09:49:06",325400
28750,-450,600,"bu","09:48:41",325000
28750,-450,4000,"bu","09:48:41",324400
28750,-450,100,"bu","09:48:31",320400
28750,-450,100,"bu","09:48:30",320300
28750,-450,800,"bu","09:48:15",320200
28750,-450,1200,"bu","09:48:15",319400
28750,-450,100,"sd","09:47:40",318200
28750,-450,3700,"sd","09:47:40",318100
28750,-450,3000,"sd","09:47:23",314400
28750,-450,1000,"sd","09:47:23",311400
28750,-450,2300,"bu","09:47:14",310400
28750,-450,500,"bu","09:47:10",308100
28750,-450,200,"sd","09:47:10",307600
28750,-450,700,"sd","09:46:56",307400
28750,-450,500,"sd","09:46:52",306700
28750,-450,200,"sd","09:46:44",306200
28750,-450,900,"sd","09:46:38",306000
28750,-450,500,"bu","09:46:24",305100
28750,-450,100,"bu","09:46:24",304600
28750,-450,1000,"bu","09:46:24",304500
28750,-450,100,"bu","09:46:24",303500
28750,-450,2000,"bu","09:46:24",303400
28750,-450,200,"bu","09:46:24",301400
28750,-450,200,"bu","09:46:24",301200
28700,-500,2000,"bu","09:45:50",301000
28600,-600,3600,"sd","09:45:47",299000
28600,-600,1400,"sd","09:45:47",295400
28600,-600,500,"sd","09:45:45",294000
28600,-600,100,"sd","09:45:29",293500
28600,-600,400,"sd","09:44:46",293400
28600,-600,500,"sd","09:44:37",293000
28600,-600,100,"sd","09:44:21",292500
28600,-600,500,"sd","09:43:30",292400
28600,-600,1500,"sd","09:43:19",291900
28600,-600,100,"sd","09:43:19",290400
28600,-600,400,"sd","09:43:19",290300
28600,-600,600,"bu","09:43:05",289900
28600,-600,100,"sd","09:42:59",289300
28600,-600,4300,"sd","09:42:59",289200
28600,-600,700,"sd","09:42:57",284900
28600,-600,100,"sd","09:42:57",284200
28600,-600,4200,"sd","09:42:57",284100
28600,-600,800,"sd","09:42:46",279900
28600,-600,100,"sd","09:42:46",279100
28600,-600,100,"sd","09:42:46",279000
28600,-600,1000,"sd","09:42:46",278900
28600,-600,100,"sd","09:42:37",277900
28600,-600,3000,"sd","09:42:33",277800
28600,-600,200,"sd","09:42:23",274800
28650,-550,200,"sd","09:42:23",274600
28650,-550,100,"sd","09:42:23",274400
28600,-600,1400,"sd","09:42:09",274300
28600,-600,100,"sd","09:42:09",272900
28600,-600,400,"sd","09:42:09",272800
28600,-600,1300,"sd","09:42:09",272400
28700,-500,6800,"sd","09:42:09",271100
28700,-500,100,"sd","09:42:08",264300
28700,-500,1000,"bu","09:42:06",264200
28700,-500,100,"bu","09:42:06",263200
28600,-600,8000,"sd","09:42:02",263100
28600,-600,2000,"sd","09:42:02",255100
28600,-600,8000,"sd","09:41:56",253100
28600,-600,500,"sd","09:41:56",245100
28650,-550,100,"sd","09:41:56",244600
28650,-550,100,"sd","09:41:56",244500
28650,-550,1000,"sd","09:41:56",244400
28650,-550,200,"sd","09:41:56",243400
28650,-550,100,"sd","09:41:56",243200
28700,-500,300,"bu","09:41:45",243100
28650,-550,100,"sd","09:41:42",242800
28650,-550,1000,"sd","09:41:42",242700
28650,-550,200,"sd","09:41:42",241700
28650,-550,200,"sd","09:41:42",241500
28650,-550,1500,"sd","09:41:42",241300
28700,-500,100,"bu","09:41:25",239800
28700,-500,300,"bu","09:41:10",239700
28700,-500,300,"bu","09:41:00",239400
28700,-500,4400,"sd","09:40:54",239100
28700,-500,300,"bu","09:40:52",234700
28700,-500,300,"bu","09:40:52",234400
28700,-500,100,"bu","09:40:39",234100
28650,-550,500,"sd","09:40:21",234000
28700,-500,100,"sd","09:40:08",233500
28700,-500,800,"bu","09:40:02",233400
28700,-500,200,"unknown","09:39:55",232600
28700,-500,800,"sd","09:39:48",232400
28700,-500,4200,"sd","09:39:35",231600
28700,-500,800,"bu","09:39:20",227400
28750,-450,200,"sd","09:39:19",226600
28700,-500,500,"sd","09:39:09",226400
28700,-500,100,"sd","09:39:09",225900
28700,-500,2600,"sd","09:39:09",225800
28700,-500,500,"sd","09:39:01",223200
28700,-500,1900,"sd","09:38:47",222700
28700,-500,5000,"sd","09:38:47",220800
28700,-500,100,"sd","09:38:47",215800
28700,-500,100,"sd","09:38:47",215700
28700,-500,500,"sd","09:38:47",215600
28700,-500,1000,"sd","09:38:47",215100
28700,-500,1000,"sd","09:38:47",214100
28700,-500,200,"sd","09:38:47",213100
28700,-500,100,"sd","09:38:47",212900
28700,-500,100,"sd","09:38:47",212800
28700,-500,10000,"sd","09:38:47",212700
28750,-450,100,"sd","09:38:36",202700
28750,-450,4900,"sd","09:38:31",202600
28750,-450,100,"sd","09:38:31",197700
28750,-450,400,"bu","09:38:13",197600
28750,-450,200,"sd","09:37:55",197200
28750,-450,4400,"sd","09:37:55",197000
28750,-450,500,"sd","09:37:53",192600
28750,-450,100,"sd","09:37:48",192100
28700,-500,100,"sd","09:37:36",192000
28750,-450,100,"sd","09:37:36",191900
28700,-500,900,"sd","09:37:07",191800
28700,-500,500,"sd","09:36:49",190900
28750,-450,100,"sd","09:36:49",190400
28700,-500,100,"sd","09:36:20",190300
28700,-500,1600,"sd","09:36:13",190200
28700,-500,2000,"sd","09:36:04",188600
28700,-500,2600,"sd","09:35:52",186600
28700,-500,2200,"sd","09:35:41",184000
28800,-400,100,"sd","09:35:41",181800
28800,-400,100,"sd","09:35:41",181700
28800,-400,500,"sd","09:35:41",181600
28800,-400,200,"sd","09:35:41",181100
28800,-400,500,"sd","09:35:39",180900
28800,-400,1000,"sd","09:35:29",180400
28800,-400,500,"sd","09:35:18",179400
28800,-400,100,"bu","09:35:05",178900
28800,-400,2700,"bu","09:35:05",178800
28800,-400,100,"sd","09:34:54",176100
28800,-400,2000,"sd","09:34:54",176000
28800,-400,200,"sd","09:34:54",174000
28800,-400,500,"sd","09:34:46",173800
28800,-400,900,"sd","09:34:46",173300
28800,-400,100,"sd","09:34:32",172400
28800,-400,100,"sd","09:34:32",172300
28800,-400,300,"sd","09:34:32",172200
28800,-400,1000,"sd","09:34:10",171900
28800,-400,700,"sd","09:34:02",170900
28800,-400,1000,"sd","09:34:02",170200
28800,-400,1000,"sd","09:34:02",169200
28800,-400,100,"sd","09:34:02",168200
28800,-400,200,"sd","09:34:02",168100
28800,-400,8000,"sd","09:34:02",167900
28800,-400,100,"sd","09:34:02",159900
28800,-400,500,"sd","09:34:02",159800
28850,-350,1000,"sd","09:34:02",159300
28850,-350,100,"sd","09:34:02",158300
28850,-350,900,"sd","09:34:02",158200
28850,-350,1000,"sd","09:34:02",157300
28850,-350,6400,"sd","09:34:02",156300
28850,-350,3600,"sd","09:33:58",149900
28850,-350,400,"sd","09:33:58",146300
28900,-300,100,"bu","09:33:37",145900
28900,-300,1700,"sd","09:33:19",145800
28900,-300,500,"sd","09:33:15",144100
28900,-300,2000,"sd","09:32:32",143600
28900,-300,3000,"bu","09:32:25",141600
28900,-300,200,"bu","09:32:25",138600
28900,-300,100,"bu","09:32:25",138400
28850,-350,500,"sd","09:32:17",138300
28850,-350,100,"sd","09:32:11",137800
28900,-300,100,"bu","09:32:02",137700
28900,-300,2800,"sd","09:31:12",137600
28900,-300,200,"sd","09:31:10",134800
28900,-300,100,"sd","09:31:10",134600
28900,-300,200,"sd","09:31:10",134500
28900,-300,100,"sd","09:30:57",134300
28900,-300,500,"bu","09:30:26",134200
28900,-300,1200,"bu","09:30:26",133700
28900,-300,200,"sd","09:29:28",132500
28900,-300,200,"sd","09:29:28",132300
28900,-300,200,"sd","09:29:28",132100
28900,-300,100,"sd","09:29:28",131900
28900,-300,400,"sd","09:29:28",131800
28900,-300,1000,"sd","09:29:26",131400
28900,-300,2000,"sd","09:29:09",130400
28900,-300,200,"sd","09:29:07",128400
28950,-250,1600,"sd","09:28:26",128200
28950,-250,400,"sd","09:28:26",126600
28950,-250,800,"sd","09:28:26",126200
28950,-250,500,"sd","09:27:49",125400
28950,-250,700,"bu","09:27:42",124900
28950,-250,100,"bu","09:27:13",124200
28950,-250,100,"bu","09:27:04",124100
28950,-250,5000,"sd","09:26:57",124000
28950,-250,100,"sd","09:26:57",119000
29000,-200,100,"bu","09:26:22",118900
29000,-200,500,"bu","09:25:26",118800
29000,-200,19500,"bu","09:25:26",118300
29000,-200,500,"sd","09:25:06",98800
29000,-200,300,"bu","09:25:00",98300
29000,-200,1200,"bu","09:25:00",98000
29000,-200,200,"bu","09:24:58",96800
29000,-200,600,"bu","09:24:42",96600
29000,-200,400,"bu","09:24:42",96000
29000,-200,800,"bu","09:24:42",95600
29000,-200,200,"bu","09:24:42",94800
28900,-300,700,"sd","09:24:38",94600
28900,-300,200,"sd","09:24:35",93900
28900,-300,500,"bu","09:24:32",93700
28900,-300,100,"bu","09:24:17",93200
28900,-300,500,"sd","09:24:07",93100
28900,-300,400,"sd","09:24:07",92600
28900,-300,1600,"sd","09:23:52",92200
28900,-300,500,"sd","09:23:52",90600
28900,-300,1000,"sd","09:23:52",90100
28900,-300,100,"sd","09:23:52",89100
28900,-300,100,"sd","09:23:52",89000
28900,-300,200,"sd","09:23:52",88900
28900,-300,200,"sd","09:23:52",88700
28900,-300,500,"sd","09:23:52",88500
28900,-300,100,"sd","09:23:52",88000
28900,-300,5000,"sd","09:23:52",87900
28900,-300,700,"sd","09:23:52",82900
29000,-200,100,"bu","09:23:47",82200
28900,-300,300,"sd","09:23:38",82100
28900,-300,500,"sd","09:23:38",81800
28950,-250,200,"sd","09:23:38",81300
29000,-200,2700,"bu","09:23:25",81100
29000,-200,500,"bu","09:23:25",78400
29000,-200,1400,"bu","09:23:25",77900
28950,-250,400,"bu","09:23:25",76500
28950,-250,100,"sd","09:23:19",76100
28950,-250,700,"sd","09:23:15",76000
28950,-250,100,"bu","09:23:13",75300
29000,-200,700,"bu","09:22:59",75200
28950,-250,3300,"bu","09:22:59",74500
28950,-250,200,"bu","09:22:50",71200
29000,-200,100,"bu","09:22:32",71000
29000,-200,1700,"sd","09:21:58",70900
29000,-200,500,"sd","09:21:58",69200
29000,-200,2500,"sd","09:21:54",68700
29000,-200,500,"sd","09:21:49",66200
29000,-200,1500,"sd","09:21:40",65700
29050,-150,200,"bu","09:21:39",64200
29000,-200,10000,"sd","09:21:38",64000
29050,-150,500,"sd","09:21:33",54000
29050,-150,1000,"sd","09:21:33",53500
29100,-100,3500,"bu","09:19:17",52500
29050,-150,300,"bu","09:19:17",49000
29050,-150,200,"sd","09:19:16",48700
29050,-150,500,"sd","09:19:16",48500
29050,-150,300,"sd","09:19:12",48000
29100,-100,5000,"bu","09:18:52",47700
29100,-100,500,"bu","09:18:46",42700
29150,-50,300,"sd","09:18:33",42200
29200,0,400,"bu","09:17:58",41900
29150,-50,3200,"bu","09:17:49",41500
29150,-50,1000,"bu","09:17:49",38300
29150,-50,500,"bu","09:17:49",37300
29050,-150,600,"sd","09:17:42",36800
29050,-150,1100,"sd","09:17:06",36200
28900,-300,400,"sd","09:16:35",35100
28900,-300,100,"sd","09:16:35",34700
28900,-300,1700,"sd","09:15:55",34600
28900,-300,1200,"sd","09:15:47",32900
28900,-300,900,"sd","09:15:46",31700
28900,-300,100,"sd","09:15:46",30800
29150,-50,100,"bu","09:15:45",30700
29150,-50,10000,"bu","09:15:18",30600
29200,0,20600,"unknown","09:15:01",20600
