"price","change","match_qtty","side","time","total_vol"
52000,1200,2000,"bu","14:45:02",82600
52000,1200,100,"bu","14:22:34",80600
52300,1500,100,"bu","14:16:13",80500
52500,1700,300,"bu","14:14:32",80400
52000,1200,1000,"bu","14:14:32",80100
52000,1200,100,"bu","14:14:32",79100
52000,1200,100,"bu","14:14:32",79000
51800,1000,100,"bu","14:14:32",78900
51800,1000,300,"bu","14:14:32",78800
51800,1000,100,"bu","14:14:32",78500
51800,1000,100,"bu","14:06:36",78400
50800,0,100,"sd","14:03:54",78300
50900,100,200,"sd","14:03:54",78200
51200,400,200,"sd","14:03:54",78000
51200,400,100,"sd","14:03:54",77800
51300,500,200,"sd","14:03:54",77700
51800,1000,19800,"bu","14:03:44",77500
51800,1000,200,"bu","14:03:44",57700
51500,700,200,"bu","14:01:47",57500
51500,700,100,"bu","14:01:47",57300
51500,700,1900,"sd","13:53:27",57200
51700,900,200,"sd","13:52:44",55300
51700,900,200,"sd","13:52:26",55100
51700,900,200,"bu","13:51:52",54900
51700,900,500,"bu","13:51:52",54700
51700,900,500,"bu","13:51:52",54200
51700,900,200,"bu","13:51:52",53700
51700,900,100,"bu","13:51:52",53500
51600,800,100,"bu","13:51:52",53400
51500,700,100,"bu","13:49:20",53300
51500,700,100,"bu","13:48:16",53200
51500,700,100,"sd","13:40:44",53100
51500,700,300,"bu","13:38:38",53000
51500,700,2800,"bu","13:38:38",52700
51300,500,3000,"bu","13:37:39",49900
51200,400,100,"bu","13:36:37",46900
50800,0,100,"bu","13:32:47",46800
50500,-300,100,"sd","13:30:24",46700
51200,400,100,"bu","13:29:16",46600
51000,200,100,"sd","13:27:15",46500
51000,200,200,"bu","13:26:58",46400
50900,100,200,"bu","13:25:43",46200
50500,-300,100,"sd","13:18:15",46000
50600,-200,100,"sd","13:18:15",45900
50800,0,800,"sd","13:18:15",45800
50800,0,200,"bu","13:15:21",45000
50800,0,600,"sd","13:14:41",44800
50800,0,400,"bu","13:14:31",44200
50800,0,600,"sd","13:14:06",43800
50800,0,400,"bu","13:14:00",43200
50800,0,600,"sd","13:13:44",42800
50800,0,900,"bu","13:13:38",42200
50800,0,300,"sd","13:13:07",41300
50800,0,200,"bu","13:12:58",41000
50800,0,200,"bu","13:12:58",40800
50800,0,300,"bu","13:12:58",40600
50800,0,700,"sd","13:12:30",40300
50800,0,300,"bu","13:11:54",39600
50800,0,700,"sd","13:11:27",39300
50800,0,300,"bu","13:11:19",38600
50800,0,500,"bu","13:11:19",38300
50800,0,500,"sd","13:10:43",37800
50800,0,300,"bu","13:10:35",37300
50800,0,100,"bu","13:10:35",37000
50800,0,600,"bu","13:10:35",36900
50800,0,200,"sd","13:08:54",36300
50800,0,200,"bu","13:08:46",36100
50800,0,100,"bu","13:08:46",35900
50800,0,500,"bu","13:08:46",35800
50800,0,500,"sd","13:07:21",35300
50800,0,200,"bu","13:07:01",34800
50800,0,300,"bu","13:07:01",34600
50800,0,700,"sd","13:06:51",34300
50800,0,300,"bu","13:05:33",33600
50800,0,700,"sd","13:04:58",33300
50800,0,300,"bu","13:04:43",32600
50800,0,700,"sd","13:02:35",32300
50800,0,100,"bu","13:02:03",31600
50800,0,100,"bu","13:02:03",31500
50800,0,600,"bu","13:02:03",31400
50800,0,400,"sd","13:00:03",30800
50800,0,600,"bu","11:28:52",30400
50800,0,400,"sd","11:27:16",29800
50800,0,100,"bu","11:25:22",29400
50800,0,500,"bu","11:25:22",29300
50800,0,500,"sd","11:23:48",28800
50800,0,1000,"bu","11:22:10",28300
50800,0,1000,"sd","11:17:57",27300
50800,0,500,"bu","11:17:12",26300
50800,0,200,"sd","11:16:51",25800
50800,0,500,"sd","11:15:44",25600
50800,0,800,"bu","11:13:47",25100
50800,0,500,"sd","11:12:52",24300
50800,0,500,"bu","11:12:22",23800
50800,0,300,"sd","11:07:34",23300
50800,0,200,"bu","11:07:19",23000
50800,0,1500,"bu","11:07:19",22800
50800,0,1200,"sd","11:06:38",21300
50800,0,100,"bu","11:06:02",20100
50800,0,500,"bu","11:06:02",20000
50600,-200,200,"sd","11:01:28",19500
50500,-300,100,"sd","10:58:17",19300
50700,-100,100,"sd","10:58:17",19200
50800,0,400,"sd","10:58:17",19100
50800,0,500,"bu","10:51:07",18700
50800,0,500,"bu","10:51:07",18200
50700,-100,600,"bu","10:37:01",17700
50700,-100,1400,"sd","10:36:28",17100
50700,-100,600,"sd","10:36:14",15700
50700,-100,2000,"sd","10:31:41",15100
50700,-100,2000,"sd","10:28:50",13100
50700,-100,1600,"sd","10:25:19",11100
50700,-100,400,"bu","10:21:29",9500
50700,-100,500,"sd","10:20:39",9100
50700,-100,100,"bu","10:15:52",8600
50700,-100,400,"bu","10:15:52",8500
50500,-300,100,"sd","10:12:33",8100
50500,-300,400,"sd","10:08:05",8000
50500,-300,100,"sd","10:08:05",7600
50600,-200,100,"sd","10:08:05",7500
50600,-200,400,"sd","10:08:05",7400
51000,200,200,"bu","09:54:58",7000
51000,200,200,"bu","09:54:58",6800
50800,0,500,"sd","09:54:56",6600
50800,0,1000,"sd","09:49:09",6100
50800,0,500,"bu","09:47:51",5100
50800,0,100,"sd","09:46:26",4600
50800,0,500,"sd","09:43:33",4500
50800,0,400,"bu","09:43:25",4000
50800,0,1600,"sd","09:42:51",3600
50800,0,400,"sd","09:42:31",2000
50800,0,300,"sd","09:38:04",1600
50800,0,700,"sd","09:37:02",1300
50800,0,300,"sd","09:37:02",600
51000,200,300,"bu","09:17:30",300
