"price","change","match_qtty","side","time","total_vol"
12900,0,100,"sd","14:59:56",5747300
12900,0,2500,"sd","14:59:48",5747200
12900,0,1000,"sd","14:59:40",5744700
12900,0,300,"sd","14:59:39",5743700
12900,0,1000,"sd","14:59:26",5743400
12900,0,25000,"sd","14:59:14",5742400
12900,0,48100,"sd","14:59:08",5717400
12900,0,1900,"sd","14:59:07",5669300
12900,0,100,"sd","14:58:55",5667400
13000,100,5000,"bu","14:58:51",5667300
12900,0,200,"sd","14:57:56",5662300
13000,100,1500,"bu","14:57:40",5662100
12900,0,300,"sd","14:57:37",5660600
12900,0,1000,"sd","14:57:34",5660300
12900,0,10000,"sd","14:57:17",5659300
12900,0,4000,"sd","14:57:16",5649300
13000,100,3000,"bu","14:57:02",5645300
13000,100,1000,"bu","14:56:59",5642300
13000,100,20000,"bu","14:56:28",5641300
13000,100,1000,"bu","14:56:22",5621300
13000,100,10100,"bu","14:56:05",5620300
13000,100,300,"bu","14:55:13",5610200
13000,100,1000,"bu","14:55:00",5609900
13000,100,1000,"bu","14:53:44",5608900
13000,100,10000,"bu","14:53:34",5607900
12900,0,1000,"sd","14:53:12",5597900
12900,0,200,"sd","14:52:50",5596900
13000,100,100,"bu","14:52:32",5596700
13000,100,500,"bu","14:52:23",5596600
12900,0,5000,"sd","14:51:44",5596100
12900,0,1500,"sd","14:51:37",5591100
12900,0,1000,"sd","14:51:30",5589600
12900,0,700,"sd","14:51:19",5588600
12900,0,1000,"sd","14:50:57",5587900
12900,0,1000,"sd","14:50:46",5586900
12900,0,300,"sd","14:50:14",5585900
12900,0,4400,"sd","14:50:11",5585600
12900,0,300,"sd","14:49:56",5581200
12900,0,500,"sd","14:49:42",5580900
12900,0,300,"sd","14:49:24",5580400
12900,0,400,"sd","14:49:01",5580100
12900,0,300,"sd","14:48:56",5579700
12900,0,13000,"sd","14:48:31",5579400
13000,100,10000,"bu","14:48:11",5566400
13000,100,5000,"bu","14:47:51",5556400
13000,100,600,"bu","14:47:40",5551400
13000,100,7000,"bu","14:47:23",5550800
13000,100,1000,"bu","14:47:15",5543800
13000,100,200,"bu","14:47:08",5542800
13000,100,800,"bu","14:46:37",5542600
13000,100,18500,"bu","14:46:32",5541800
13000,100,1200,"bu","14:46:01",5523300
13000,100,2000,"bu","14:45:57",5522100
13000,100,15000,"bu","14:44:58",5520100
12900,0,300,"sd","14:44:37",5505100
13000,100,1000,"bu","14:44:24",5504800
12900,0,1000,"sd","14:43:58",5503800
13000,100,1500,"bu","14:43:30",5502800
12900,0,600,"sd","14:43:06",5501300
13000,100,1000,"bu","14:42:19",5500700
13000,100,2000,"bu","14:40:43",5499700
13000,100,3000,"bu","14:40:15",5497700
13000,100,100,"bu","14:39:47",5494700
13000,100,4000,"bu","14:39:30",5494600
13000,100,500,"bu","14:39:00",5490600
12900,0,3000,"sd","14:38:56",5490100
12900,0,600,"sd","14:38:10",5487100
13000,100,100,"bu","14:37:38",5486500
12900,0,4000,"sd","14:37:35",5486400
12900,0,200,"sd","14:37:02",5482400
12900,0,1300,"sd","14:36:46",5482200
12900,0,800,"sd","14:36:00",5480900
12900,0,2800,"sd","14:35:24",5480100
12900,0,400,"sd","14:34:42",5477300
12900,0,1800,"sd","14:34:41",5476900
13000,100,1000,"bu","14:33:19",5475100
12900,0,200,"sd","14:32:51",5474100
12900,0,200,"sd","14:32:34",5473900
12900,0,5000,"sd","14:32:33",5473700
12900,0,10600,"sd","14:32:04",5468700
12900,0,600,"sd","14:31:55",5458100
12900,0,1500,"sd","14:31:12",5457500
12900,0,3000,"sd","14:31:01",5456000
13000,100,100,"bu","14:30:55",5453000
12900,0,1000,"sd","14:30:50",5452900
12900,0,10100,"sd","14:30:15",5451900
12900,0,600,"sd","14:30:14",5441800
12900,0,1000,"sd","14:30:02",5441200
12900,0,1000,"sd","14:29:53",5440200
13000,100,10000,"bu","14:29:52",5439200
12900,0,100,"sd","14:29:42",5429200
12900,0,300,"sd","14:29:40",5429100
12900,0,200,"sd","14:29:36",5428800
13000,100,500,"bu","14:29:25",5428600
13000,100,1500,"bu","14:29:18",5428100
12900,0,7000,"sd","14:29:16",5426600
12900,0,3500,"sd","14:29:10",5419600
12900,0,400,"sd","14:28:54",5416100
12900,0,1600,"sd","14:28:43",5415700
12900,0,300,"sd","14:28:40",5414100
12900,0,400,"sd","14:28:37",5413800
12900,0,500,"sd","14:28:09",5413400
12900,0,2000,"sd","14:28:07",5412900
12900,0,600,"sd","14:28:01",5410900
12900,0,1000,"sd","14:27:50",5410300
12900,0,100,"sd","14:27:45",5409300
12900,0,200,"sd","14:27:35",5409200
13000,100,10000,"bu","14:27:21",5409000
12900,0,100,"sd","14:27:12",5399000
12900,0,1000,"sd","14:27:07",5398900
12900,0,500,"sd","14:26:59",5397900
12900,0,1000,"sd","14:25:57",5397400
12900,0,5000,"sd","14:25:45",5396400
12900,0,1200,"sd","14:25:39",5391400
12900,0,1000,"sd","14:25:10",5390200
12900,0,1500,"sd","14:24:50",5389200
13000,100,100,"bu","14:24:43",5387700
13000,100,300,"bu","14:24:30",5387600
12900,0,5000,"sd","14:24:14",5387300
12900,0,300,"sd","14:24:11",5382300
13000,100,2000,"bu","14:24:10",5382000
12900,0,1600,"sd","14:23:53",5380000
12900,0,1500,"sd","14:23:52",5378400
13000,100,3000,"bu","14:23:47",5376900
13000,100,1000,"bu","14:23:43",5373900
12900,0,800,"sd","14:23:31",5372900
12900,0,1500,"sd","14:23:29",5372100
13000,100,1800,"bu","14:23:26",5370600
12900,0,700,"sd","14:23:12",5368800
13000,100,1000,"bu","14:23:09",5368100
13000,100,100,"bu","14:23:05",5367100
13000,100,1100,"bu","14:22:53",5367000
13000,100,500,"bu","14:22:49",5365900
13000,100,2000,"bu","14:22:45",5365400
13000,100,100,"bu","14:22:32",5363400
13000,100,3500,"bu","14:22:25",5363300
13000,100,1000,"bu","14:21:48",5359800
12900,0,4000,"sd","14:21:46",5358800
13000,100,6000,"bu","14:21:42",5354800
13000,100,14500,"bu","14:21:33",5348800
12900,0,100,"sd","14:21:19",5334300
12900,0,3200,"sd","14:20:48",5334200
12900,0,300,"sd","14:20:47",5331000
13000,100,300,"bu","14:20:20",5330700
13000,100,2000,"bu","14:19:57",5330400
13000,100,200,"bu","14:19:50",5328400
13000,100,500,"bu","14:19:44",5328200
13000,100,200,"bu","14:19:32",5327700
13000,100,100,"bu","14:19:06",5327500
12900,0,200,"sd","14:18:58",5327400
13000,100,100,"bu","14:18:52",5327200
13000,100,1000,"bu","14:17:53",5327100
13000,100,1000,"bu","14:17:50",5326100
13000,100,100,"bu","14:17:38",5325100
13000,100,94700,"sd","14:17:21",5325000
13000,100,6000,"sd","14:17:20",5230300
13000,100,1800,"sd","14:17:19",5224300
13000,100,10000,"sd","14:17:11",5222500
13000,100,10000,"sd","14:17:02",5212500
13000,100,1000,"sd","14:16:59",5202500
13000,100,100,"sd","14:16:54",5201500
13000,100,500,"sd","14:16:41",5201400
13000,100,7000,"sd","14:16:40",5200900
13000,100,3500,"sd","14:16:36",5193900
13100,200,400,"bu","14:16:19",5190400
13000,100,200,"sd","14:16:17",5190000
13000,100,2500,"sd","14:16:16",5189800
13000,100,20000,"sd","14:16:12",5187300
13000,100,2000,"sd","14:16:03",5167300
13000,100,100,"sd","14:16:02",5165300
13000,100,100,"sd","14:15:58",5165200
13000,100,3000,"sd","14:15:54",5165100
13000,100,100,"sd","14:15:53",5162100
13000,100,38400,"sd","14:15:51",5162000
13000,100,6500,"sd","14:15:49",5123600
13000,100,200,"sd","14:15:48",5117100
13000,100,10000,"sd","14:15:47",5116900
13000,100,35000,"sd","14:15:40",5106900
13000,100,3500,"sd","14:15:38",5071900
13000,100,1000,"sd","14:15:37",5068400
13000,100,100,"sd","14:15:24",5067400
13000,100,6900,"sd","14:15:17",5067300
13000,100,1000,"sd","14:15:16",5060400
13000,100,10200,"sd","14:15:14",5059400
13000,100,19800,"sd","14:15:12",5049200
13000,100,500,"sd","14:15:09",5029400
13000,100,700,"sd","14:15:08",5028900
13000,100,500,"sd","14:15:02",5028200
13000,100,1000,"sd","14:14:52",5027700
13000,100,100,"sd","14:14:46",5026700
13000,100,200,"sd","14:14:42",5026600
13000,100,400,"sd","14:14:23",5026400
13000,100,200,"sd","14:14:10",5026000
13000,100,100,"sd","14:13:56",5025800
13000,100,9000,"sd","14:13:45",5025700
13000,100,5000,"sd","14:13:44",5016700
13000,100,300,"sd","14:13:39",5011700
13000,100,1500,"sd","14:13:37",5011400
13000,100,2000,"sd","14:13:36",5009900
13000,100,800,"sd","14:13:27",5007900
13000,100,3000,"sd","14:13:07",5007100
13000,100,400,"sd","14:13:05",5004100
13000,100,2000,"sd","14:12:54",5003700
13000,100,1000,"sd","14:12:53",5001700
13000,100,200,"sd","14:12:47",5000700
13000,100,100,"sd","14:12:44",5000500
13000,100,200,"sd","14:12:21",5000400
13000,100,400,"sd","14:12:20",5000200
13100,200,3000,"bu","14:12:19",4999800
13000,100,2000,"sd","14:11:52",4996800
13000,100,200,"sd","14:11:28",4994800
13100,200,100,"bu","14:11:26",4994600
13000,100,900,"sd","14:11:16",4994500
13000,100,5000,"sd","14:11:05",4993600
13000,100,600,"sd","14:10:50",4988600
13000,100,400,"sd","14:10:37",4988000
13000,100,10000,"sd","14:10:26",4987600
13100,200,2000,"bu","14:10:05",4977600
13100,200,200,"bu","14:09:49",4975600
13100,200,300,"bu","14:09:36",4975400
13000,100,400,"sd","14:09:29",4975100
13100,200,200,"bu","14:09:19",4974700
13000,100,500,"sd","14:09:11",4974500
13000,100,100,"sd","14:09:00",4974000
13000,100,3000,"sd","14:08:55",4973900
13000,100,700,"sd","14:08:42",4970900
13000,100,1000,"sd","14:08:31",4970200
13000,100,1500,"sd","14:08:30",4969200
13000,100,2500,"sd","14:08:19",4967700
13000,100,2200,"sd","14:08:09",4965200
13000,100,300,"sd","14:07:36",4963000
13000,100,1000,"sd","14:07:29",4962700
13000,100,300,"sd","14:07:24",4961700
13000,100,100,"sd","14:07:23",4961400
13000,100,300,"sd","14:07:21",4961300
13000,100,200,"sd","14:07:14",4961000
13000,100,5000,"sd","14:07:02",4960800
13000,100,1000,"sd","14:06:54",4955800
13000,100,1000,"sd","14:06:53",4954800
13000,100,500,"sd","14:06:44",4953800
13000,100,1000,"sd","14:06:25",4953300
13000,100,1000,"sd","14:06:24",4952300
13000,100,1000,"sd","14:06:22",4951300
13000,100,100,"sd","14:06:13",4950300
13000,100,500,"sd","14:06:09",4950200
13000,100,1000,"sd","14:05:54",4949700
13000,100,4800,"sd","14:05:46",4948700
13000,100,5000,"sd","14:05:32",4943900
13000,100,3000,"sd","14:05:14",4938900
13000,100,1000,"sd","14:05:13",4935900
13000,100,400,"sd","14:05:09",4934900
13000,100,10000,"sd","14:04:53",4934500
13100,200,100,"bu","14:04:50",4924500
13000,100,5100,"sd","14:04:30",4924400
13000,100,500,"sd","14:04:19",4919300
13000,100,200,"sd","14:04:18",4918800
13100,200,600,"bu","14:04:11",4918600
13000,100,1400,"sd","14:03:49",4918000
13000,100,500,"sd","14:03:31",4916600
13000,100,200,"sd","14:03:21",4916100
13000,100,1200,"sd","14:03:18",4915900
13000,100,1000,"sd","14:03:10",4914700
13000,100,2000,"sd","14:03:06",4913700
13000,100,100,"sd","14:02:43",4911700
13000,100,17200,"sd","14:02:36",4911600
13100,200,5000,"bu","14:02:28",4894400
13100,200,100,"bu","14:02:20",4889400
13100,200,100,"bu","14:01:57",4889300
13100,200,300,"bu","14:01:56",4889200
13000,100,1000,"sd","14:01:49",4888900
13000,100,7500,"sd","14:01:30",4887900
13000,100,2000,"sd","14:01:24",4880400
13000,100,3000,"sd","14:01:22",4878400
13000,100,10000,"sd","14:01:19",4875400
13000,100,500,"sd","14:01:10",4865400
13000,100,100,"sd","14:00:42",4864900
13000,100,2000,"sd","13:59:46",4864800
13100,200,500,"bu","13:59:44",4862800
13000,100,8500,"sd","13:59:37",4862300
13000,100,2000,"sd","13:59:16",4853800
13000,100,1000,"sd","13:59:08",4851800
13100,200,400,"bu","13:58:40",4850800
13000,100,6500,"sd","13:58:32",4850400
13100,200,100,"bu","13:58:18",4843900
13000,100,1900,"sd","13:58:16",4843800
13100,200,2000,"bu","13:56:49",4841900
13100,200,100,"bu","13:56:26",4839900
13000,100,1500,"sd","13:56:05",4839800
13000,100,200,"sd","13:55:22",4838300
13000,100,300,"sd","13:55:03",4838100
13000,100,5000,"sd","13:54:58",4837800
13000,100,300,"sd","13:54:45",4832800
13000,100,100,"sd","13:54:38",4832500
13000,100,100,"sd","13:54:27",4832400
13000,100,100,"sd","13:54:26",4832300
13000,100,500,"sd","13:53:46",4832200
13000,100,2000,"sd","13:53:01",4831700
13000,100,300,"sd","13:52:52",4829700
13000,100,300,"sd","13:51:33",4829400
13100,200,100,"bu","13:51:28",4829100
13100,200,100,"bu","13:51:11",4829000
13100,200,100,"bu","13:50:55",4828900
13000,100,100,"sd","13:50:46",4828800
13000,100,500,"sd","13:50:41",4828700
13000,100,4000,"sd","13:50:25",4828200
13000,100,200,"sd","13:49:44",4824200
13000,100,200,"sd","13:48:56",4824000
13000,100,7000,"sd","13:48:36",4823800
13000,100,5000,"sd","13:48:31",4816800
13000,100,1500,"sd","13:48:18",4811800
13000,100,1500,"sd","13:48:03",4810300
13000,100,500,"sd","13:47:32",4808800
13000,100,25000,"sd","13:47:28",4808300
13000,100,3000,"sd","13:47:24",4783300
13000,100,3000,"sd","13:47:07",4780300
13100,200,2000,"bu","13:46:42",4777300
13100,200,200,"bu","13:46:15",4775300
13100,200,100,"bu","13:46:06",4775100
13100,200,100,"bu","13:45:58",4775000
13100,200,3000,"bu","13:45:38",4774900
13100,200,100,"bu","13:45:18",4771900
13100,200,1000,"bu","13:45:03",4771800
13100,200,2000,"bu","13:44:58",4770800
13000,100,6000,"sd","13:44:42",4768800
13100,200,100,"bu","13:44:03",4762800
13100,200,1000,"bu","13:43:41",4762700
13100,200,4600,"bu","13:43:14",4761700
13100,200,1000,"bu","13:42:57",4757100
13100,200,200,"bu","13:42:40",4756100
13100,200,500,"bu","13:42:37",4755900
13100,200,5000,"bu","13:42:20",4755400
13000,100,200,"sd","13:41:42",4750400
13000,100,100,"sd","13:41:40",4750200
13000,100,800,"sd","13:41:34",4750100
13000,100,100,"sd","13:41:18",4749300
13000,100,400,"sd","13:41:00",4749200
13000,100,100,"sd","13:40:55",4748800
13000,100,100,"sd","13:40:42",4748700
13000,100,5000,"sd","13:40:19",4748600
13100,200,300,"bu","13:40:03",4743600
13100,200,100,"bu","13:39:37",4743300
13100,200,1500,"bu","13:39:35",4743200
13100,200,1800,"bu","13:39:01",4741700
13100,200,2000,"bu","13:38:35",4739900
13100,200,700,"bu","13:38:08",4737900
13100,200,500,"bu","13:38:05",4737200
13100,200,5100,"bu","13:38:00",4736700
13100,200,500,"bu","13:37:45",4731600
13100,200,3800,"bu","13:37:42",4731100
13100,200,100,"bu","13:37:28",4727300
13100,200,5000,"bu","13:37:17",4727200
13100,200,400,"bu","13:37:12",4722200
13100,200,2500,"bu","13:36:58",4721800
13100,200,200,"bu","13:36:46",4719300
13000,100,4000,"sd","13:36:41",4719100
13100,200,200,"bu","13:36:38",4715100
13100,200,2000,"bu","13:36:32",4714900
13100,200,200,"bu","13:36:02",4712900
13100,200,100,"bu","13:35:57",4712700
13100,200,200,"bu","13:35:39",4712600
13100,200,5100,"bu","13:35:35",4712400
13100,200,200,"bu","13:35:33",4707300
13100,200,2000,"bu","13:35:12",4707100
13100,200,100,"bu","13:35:02",4705100
13100,200,1300,"bu","13:34:58",4705000
13100,200,5000,"bu","13:34:51",4703700
13100,200,2500,"bu","13:34:42",4698700
13100,200,1000,"bu","13:34:36",4696200
13100,200,5300,"bu","13:34:20",4695200
13100,200,2900,"bu","13:34:13",4689900
13100,200,700,"bu","13:34:04",4687000
13100,200,900,"bu","13:33:28",4686300
13100,200,400,"bu","13:33:11",4685400
13100,200,700,"bu","13:33:04",4685000
13100,200,4500,"bu","13:32:47",4684300
13100,200,500,"bu","13:32:46",4679800
13100,200,300,"bu","13:32:41",4679300
13100,200,3000,"bu","13:32:22",4679000
13100,200,200,"bu","13:31:44",4676000
13100,200,2000,"bu","13:31:41",4675800
13100,200,200,"bu","13:31:35",4673800
13100,200,2000,"bu","13:31:32",4673600
13100,200,10000,"bu","13:31:17",4671600
13100,200,200,"bu","13:31:08",4661600
13100,200,700,"bu","13:31:04",4661400
13100,200,2100,"bu","13:30:55",4660700
13100,200,300,"bu","13:30:46",4658600
13100,200,53000,"bu","13:30:33",4658300
13100,200,100,"bu","13:30:32",4605300
13100,200,100,"bu","13:30:31",4605200
13100,200,1500,"bu","13:30:28",4605100
13100,200,500,"bu","13:30:22",4603600
13100,200,100,"bu","13:28:54",4603100
13100,200,200,"bu","13:28:53",4603000
13000,100,2000,"sd","13:28:44",4602800
13000,100,500,"sd","13:27:32",4600800
13000,100,500,"sd","13:27:24",4600300
13000,100,10000,"sd","13:26:39",4599800
13100,200,200,"bu","13:26:27",4589800
13100,200,100,"bu","13:26:19",4589600
13100,200,400,"bu","13:26:14",4589500
13100,200,200,"bu","13:26:04",4589100
13100,200,300,"bu","13:26:03",4588900
13100,200,500,"bu","13:25:44",4588600
13100,200,2000,"bu","13:25:08",4588100
13100,200,1000,"bu","13:25:00",4586100
13100,200,1200,"bu","13:24:49",4585100
13100,200,6100,"bu","13:24:27",4583900
13100,200,3000,"bu","13:24:24",4577800
13100,200,200,"bu","13:24:21",4574800
13100,200,100,"bu","13:24:05",4574600
13100,200,2200,"bu","13:23:44",4574500
13100,200,500,"bu","13:23:27",4572300
13100,200,200,"bu","13:23:11",4571800
13100,200,300,"bu","13:23:08",4571600
13100,200,10000,"sd","13:22:47",4571300
13100,200,2000,"sd","13:22:42",4561300
13100,200,5000,"sd","13:22:39",4559300
13100,200,1000,"sd","13:22:38",4554300
13100,200,1000,"sd","13:22:23",4553300
13100,200,1000,"sd","13:22:21",4552300
13100,200,10000,"sd","13:22:14",4551300
13100,200,3000,"sd","13:22:13",4541300
13100,200,500,"sd","13:22:12",4538300
13100,200,200,"sd","13:22:08",4537800
13100,200,5100,"sd","13:22:07",4537600
13100,200,4800,"sd","13:22:01",4532500
13100,200,500,"sd","13:21:59",4527700
13100,200,24500,"sd","13:21:57",4527200
13100,200,1000,"sd","13:21:56",4502700
13100,200,21000,"sd","13:21:52",4501700
13100,200,1000,"sd","13:21:46",4480700
13100,200,500,"sd","13:21:38",4479700
13100,200,3000,"sd","13:21:34",4479200
13100,200,1500,"sd","13:21:30",4476200
13100,200,500,"sd","13:21:19",4474700
13100,200,100,"sd","13:21:15",4474200
13100,200,400,"sd","13:21:04",4474100
13100,200,100,"sd","13:20:57",4473700
13100,200,100,"sd","13:20:32",4473600
13100,200,2000,"sd","13:20:30",4473500
13100,200,3000,"sd","13:20:25",4471500
13100,200,4000,"sd","13:20:22",4468500
13100,200,50000,"sd","13:20:21",4464500
13100,200,1100,"sd","13:20:16",4414500
13200,300,5000,"bu","13:20:05",4413400
13100,200,1500,"sd","13:19:34",4408400
13100,200,1100,"sd","13:19:33",4406900
13100,200,1000,"sd","13:19:18",4405800
13100,200,3000,"sd","13:19:15",4404800
13100,200,200,"sd","13:18:58",4401800
13200,300,500,"bu","13:18:57",4401600
13100,200,2700,"sd","13:18:25",4401100
13100,200,100,"sd","13:18:19",4398400
13100,200,1000,"sd","13:18:06",4398300
13100,200,1400,"sd","13:17:58",4397300
13100,200,500,"sd","13:17:53",4395900
13100,200,700,"sd","13:17:46",4395400
13100,200,500,"sd","13:17:43",4394700
13100,200,100,"sd","13:17:25",4394200
13100,200,2000,"sd","13:17:20",4394100
13100,200,2000,"sd","13:17:01",4392100
13100,200,10000,"sd","13:16:56",4390100
13100,200,100,"sd","13:16:53",4380100
13100,200,2000,"sd","13:16:50",4380000
13100,200,1500,"sd","13:16:46",4378000
13100,200,1000,"sd","13:16:25",4376500
13100,200,1800,"sd","13:16:03",4375500
13100,200,100,"sd","13:16:00",4373700
13100,200,1500,"sd","13:15:51",4373600
13100,200,2000,"sd","13:15:41",4372100
13100,200,1000,"sd","13:15:23",4370100
13100,200,100,"sd","13:15:19",4369100
13100,200,300,"sd","13:15:12",4369000
13100,200,100,"sd","13:15:01",4368700
13100,200,2000,"sd","13:14:50",4368600
13200,300,4600,"bu","13:14:46",4366600
13200,300,200,"bu","13:14:40",4362000
13100,200,100,"sd","13:14:37",4361800
13200,300,500,"bu","13:14:32",4361700
13100,200,1800,"sd","13:14:30",4361200
13100,200,50000,"sd","13:14:22",4359400
13100,200,100,"sd","13:14:04",4309400
13200,300,1000,"bu","13:13:58",4309300
13200,300,5000,"bu","13:13:42",4308300
13100,200,5000,"sd","13:13:35",4303300
13100,200,100,"sd","13:12:54",4298300
13100,200,500,"sd","13:12:49",4298200
13100,200,1000,"sd","13:12:42",4297700
13100,200,500,"sd","13:12:25",4296700
13100,200,5000,"sd","13:11:28",4296200
13100,200,2000,"sd","13:10:49",4291200
13100,200,2000,"sd","13:10:19",4289200
13100,200,200,"sd","13:10:03",4287200
13200,300,100,"bu","13:09:38",4287000
13200,300,2000,"bu","13:09:15",4286900
13100,200,200,"sd","13:08:55",4284900
13100,200,1300,"sd","13:08:51",4284700
13100,200,100,"sd","13:08:49",4283400
13100,200,5000,"sd","13:08:27",4283300
13100,200,700,"sd","13:08:22",4278300
13100,200,1600,"sd","13:08:13",4277600
13100,200,500,"sd","13:07:45",4276000
13100,200,700,"sd","13:07:30",4275500
13100,200,1000,"sd","13:07:29",4274800
13100,200,2700,"sd","13:07:25",4273800
13100,200,1000,"sd","13:07:15",4271100
13100,200,1000,"sd","13:06:44",4270100
13100,200,1700,"bu","13:06:43",4269100
13100,200,200,"bu","13:06:39",4267400
13100,200,4100,"bu","13:06:37",4267200
13100,200,1000,"sd","13:06:36",4263100
13100,200,3000,"sd","13:06:31",4262100
13100,200,200,"sd","13:06:27",4259100
13100,200,100,"sd","13:06:19",4258900
13100,200,500,"sd","13:06:16",4258800
13100,200,2500,"sd","13:06:15",4258300
13100,200,1000,"sd","13:06:03",4255800
13100,200,2000,"sd","13:05:57",4254800
13100,200,1500,"sd","13:05:56",4252800
13100,200,2000,"sd","13:05:50",4251300
13100,200,100,"sd","13:05:49",4249300
13100,200,3000,"sd","13:05:48",4249200
13100,200,100,"sd","13:05:40",4246200
13100,200,100,"sd","13:05:36",4246100
13100,200,1000,"sd","13:05:30",4246000
13100,200,40000,"sd","13:05:20",4245000
13100,200,5000,"sd","13:05:14",4205000
13100,200,1100,"sd","13:04:43",4200000
13100,200,9700,"sd","13:04:34",4198900
13100,200,1000,"sd","13:04:32",4189200
13100,200,1100,"sd","13:04:31",4188200
13100,200,3000,"sd","13:02:31",4187100
13100,200,2600,"sd","13:02:24",4184100
13100,200,2400,"bu","13:02:18",4181500
13100,200,200,"unknown","13:02:08",4179100
13100,200,800,"bu","13:02:05",4178900
13100,200,1600,"bu","13:02:03",4178100
13100,200,4600,"sd","13:02:02",4176500
13100,200,1300,"bu","13:01:41",4171900
13100,200,2500,"bu","13:01:34",4170600
13100,200,27000,"bu","13:01:33",4168100
13100,200,9000,"bu","13:01:30",4141100
13000,100,1000,"sd","13:01:20",4132100
13100,200,100,"bu","13:01:17",4131100
13100,200,1600,"bu","13:00:56",4131000
13100,200,4100,"bu","13:00:53",4129400
13100,200,38000,"bu","13:00:52",4125300
13100,200,3000,"bu","13:00:47",4087300
13100,200,4000,"bu","13:00:46",4084300
13100,200,5000,"bu","13:00:38",4080300
13100,200,7000,"bu","13:00:35",4075300
13100,200,10000,"bu","13:00:31",4068300
13100,200,100,"bu","13:00:22",4058300
13100,200,500,"bu","13:00:13",4058200
13000,100,600,"sd","13:00:12",4057700
13100,200,800,"bu","13:00:07",4057100
13100,200,700,"bu","13:00:06",4056300
13100,200,41300,"bu","13:00:05",4055600
13100,200,100,"bu","13:00:04",4014300
13100,200,424900,"bu","13:00:03",4014200
13100,200,6000,"bu","13:00:02",3589300
13100,200,2000,"bu","13:00:01",3583300
13100,200,300,"bu","11:29:59",3581300
13100,200,400,"bu","11:29:39",3581000
13100,200,500,"bu","11:29:35",3580600
13100,200,100,"bu","11:29:11",3580100
13100,200,1900,"bu","11:28:58",3580000
13000,100,1500,"sd","11:28:57",3578100
13000,100,300,"sd","11:28:55",3576600
13000,100,3900,"sd","11:28:39",3576300
13100,200,3000,"bu","11:28:37",3572400
13100,200,2000,"bu","11:28:10",3569400
13000,100,2500,"sd","11:28:08",3567400
13100,200,1000,"bu","11:28:05",3564900
13100,200,15000,"bu","11:27:24",3563900
13000,100,2500,"sd","11:27:23",3548900
13100,200,1000,"bu","11:27:14",3546400
13000,100,300,"sd","11:26:52",3545400
13000,100,100,"sd","11:26:49",3545100
13000,100,100,"sd","11:25:51",3545000
13000,100,1200,"sd","11:25:46",3544900
13000,100,4000,"sd","11:25:43",3543700
13000,100,2000,"sd","11:25:41",3539700
13000,100,1000,"sd","11:24:24",3537700
13100,200,3000,"bu","11:24:04",3536700
13000,100,900,"sd","11:23:58",3533700
13100,200,100,"bu","11:23:25",3532800
13100,200,3000,"bu","11:23:10",3532700
13000,100,1500,"sd","11:22:45",3529700
13000,100,500,"sd","11:22:44",3528200
13100,200,1500,"bu","11:22:31",3527700
13000,100,100,"sd","11:21:57",3526200
13100,200,500,"bu","11:21:46",3526100
13100,200,500,"bu","11:21:10",3525600
13000,100,200,"sd","11:21:06",3525100
13000,100,9000,"sd","11:20:54",3524900
13000,100,1000,"sd","11:20:28",3515900
13000,100,100,"sd","11:20:26",3514900
13000,100,300,"sd","11:20:22",3514800
13000,100,300,"sd","11:20:15",3514500
13000,100,1000,"sd","11:19:33",3514200
13000,100,500,"sd","11:19:26",3513200
13000,100,200,"sd","11:19:09",3512700
13000,100,500,"sd","11:18:53",3512500
13100,200,1000,"bu","11:18:49",3512000
13100,200,1000,"bu","11:18:30",3511000
13100,200,1000,"bu","11:18:24",3510000
13100,200,500,"bu","11:18:20",3509000
13100,200,15000,"bu","11:17:53",3508500
13100,200,100,"bu","11:16:44",3493500
13000,100,1500,"sd","11:16:29",3493400
13000,100,100,"sd","11:16:02",3491900
13100,200,100,"bu","11:14:15",3491800
13000,100,200,"sd","11:14:10",3491700
13000,100,300,"sd","11:14:08",3491500
13000,100,100,"sd","11:13:30",3491200
13000,100,200,"sd","11:13:05",3491100
13100,200,200,"bu","11:12:33",3490900
13100,200,2000,"bu","11:11:23",3490700
13100,200,100,"bu","11:11:12",3488700
13100,200,500,"bu","11:11:05",3488600
13100,200,7000,"bu","11:10:50",3488100
13100,200,2300,"bu","11:10:38",3481100
13100,200,400,"bu","11:10:01",3478800
13100,200,600,"bu","11:09:53",3478400
13100,200,2500,"bu","11:09:52",3477800
13100,200,200,"bu","11:08:42",3475300
13100,200,2000,"bu","11:07:18",3475100
13100,200,10000,"bu","11:07:14",3473100
13000,100,100,"sd","11:06:49",3463100
13100,200,600,"bu","11:05:59",3463000
13100,200,100,"bu","11:05:31",3462400
13100,200,500,"bu","11:04:49",3462300
13100,200,400,"bu","11:04:30",3461800
13100,200,1000,"bu","11:03:34",3461400
13100,200,2000,"bu","11:02:55",3460400
13000,100,5000,"sd","11:01:57",3458400
13000,100,3100,"sd","11:01:32",3453400
13000,100,300,"sd","11:00:53",3450300
13100,200,300,"bu","11:00:42",3450000
13000,100,1200,"sd","11:00:41",3449700
13100,200,100,"bu","11:00:13",3448500
13100,200,600,"bu","10:59:41",3448400
13000,100,2000,"sd","10:59:16",3447800
13100,200,200,"bu","10:59:07",3445800
13100,200,100,"bu","10:58:47",3445600
13000,100,300,"sd","10:58:22",3445500
13100,200,2000,"bu","10:57:35",3445200
13000,100,1000,"sd","10:57:33",3443200
13000,100,900,"sd","10:57:28",3442200
13000,100,21000,"sd","10:57:24",3441300
13000,100,500,"sd","10:57:12",3420300
13000,100,1000,"sd","10:57:04",3419800
13000,100,15000,"sd","10:57:02",3418800
13000,100,10300,"sd","10:57:00",3403800
13000,100,1000,"sd","10:56:49",3393500
13000,100,1500,"sd","10:56:20",3392500
13000,100,3000,"sd","10:56:13",3391000
13000,100,100,"sd","10:56:10",3388000
13000,100,500,"sd","10:56:05",3387900
13000,100,1000,"sd","10:55:51",3387400
13000,100,1500,"sd","10:55:26",3386400
13000,100,800,"sd","10:54:53",3384900
13000,100,100,"sd","10:54:47",3384100
13100,200,1000,"bu","10:54:41",3384000
13000,100,100,"sd","10:54:39",3383000
13000,100,200,"sd","10:53:57",3382900
13000,100,100,"sd","10:53:26",3382700
13000,100,1900,"sd","10:53:25",3382600
13000,100,1000,"sd","10:53:22",3380700
13000,100,3000,"sd","10:53:15",3379700
13000,100,6000,"sd","10:53:02",3376700
13000,100,200,"sd","10:52:59",3370700
13000,100,15000,"sd","10:52:07",3370500
13000,100,30500,"sd","10:51:58",3355500
13000,100,400,"sd","10:51:32",3325000
13000,100,100,"sd","10:51:31",3324600
13000,100,800,"sd","10:51:27",3324500
13000,100,100,"sd","10:51:21",3323700
13000,100,500,"sd","10:50:38",3323600
13000,100,900,"sd","10:50:34",3323100
13000,100,500,"sd","10:50:22",3322200
13000,100,2000,"sd","10:50:12",3321700
13000,100,3000,"sd","10:50:08",3319700
13000,100,100,"sd","10:50:00",3316700
13000,100,500,"sd","10:49:53",3316600
13000,100,1000,"sd","10:49:40",3316100
13000,100,1000,"sd","10:49:17",3315100
13000,100,600,"sd","10:49:16",3314100
13000,100,1600,"sd","10:48:33",3313500
13100,200,400,"bu","10:48:27",3311900
13000,100,500,"bu","10:47:43",3311500
13000,100,9400,"bu","10:47:42",3311000
13000,100,100,"bu","10:47:41",3301600
13000,100,5100,"bu","10:47:39",3301500
13000,100,1500,"bu","10:47:38",3296400
13000,100,1000,"bu","10:47:37",3294900
13000,100,1000,"bu","10:47:36",3293900
13000,100,15000,"bu","10:47:35",3292900
13000,100,1000,"bu","10:47:34",3277900
13000,100,1300,"bu","10:47:33",3276900
13000,100,1400,"bu","10:47:32",3275600
13000,100,3700,"bu","10:47:31",3274200
13000,100,10000,"bu","10:47:29",3270500
13000,100,5000,"bu","10:47:28",3260500
13000,100,20000,"bu","10:47:27",3255500
13000,100,400,"bu","10:47:25",3235500
13000,100,2000,"bu","10:47:24",3235100
13000,100,900,"bu","10:47:18",3233100
13000,100,4000,"bu","10:47:17",3232200
13000,100,6000,"bu","10:47:14",3228200
13000,100,100,"bu","10:47:12",3222200
13000,100,1000,"bu","10:47:08",3222100
13000,100,500,"bu","10:47:07",3221100
13000,100,200,"bu","10:47:05",3220600
13000,100,2000,"bu","10:47:04",3220400
13000,100,2200,"bu","10:47:03",3218400
13000,100,10000,"bu","10:47:00",3216200
13000,100,5000,"bu","10:46:56",3206200
13000,100,21500,"bu","10:46:55",3201200
13000,100,300,"bu","10:46:53",3179700
12900,0,100,"sd","10:46:52",3179400
13000,100,100,"bu","10:46:50",3179300
13000,100,5000,"bu","10:46:47",3179200
13000,100,5000,"bu","10:46:43",3174200
13000,100,700,"bu","10:46:39",3169200
13000,100,2000,"bu","10:46:21",3168500
13000,100,100,"bu","10:45:52",3166500
13000,100,20000,"bu","10:45:27",3166400
13000,100,4700,"bu","10:45:21",3146400
13000,100,100,"bu","10:45:13",3141700
13000,100,1000,"bu","10:45:03",3141600
13000,100,500,"bu","10:44:57",3140600
13000,100,2000,"bu","10:44:48",3140100
12900,0,1400,"sd","10:44:20",3138100
13000,100,10000,"bu","10:44:18",3136700
13000,100,3000,"bu","10:44:17",3126700
13000,100,3200,"bu","10:44:15",3123700
13000,100,11500,"bu","10:44:11",3120500
13000,100,400,"bu","10:44:06",3109000
13000,100,3000,"bu","10:43:55",3108600
13000,100,1000,"bu","10:43:52",3105600
13000,100,30000,"bu","10:43:30",3104600
13000,100,100,"bu","10:43:00",3074600
12900,0,500,"sd","10:42:55",3074500
13000,100,3000,"bu","10:42:38",3074000
13000,100,3000,"bu","10:42:37",3071000
12900,0,100,"sd","10:42:36",3068000
13000,100,40000,"bu","10:42:32",3067900
13000,100,4500,"bu","10:42:07",3027900
12900,0,1100,"sd","10:42:05",3023400
13000,100,100,"bu","10:41:45",3022300
13000,100,500,"bu","10:41:33",3022200
13000,100,200,"bu","10:41:28",3021700
13000,100,600,"bu","10:41:17",3021500
13000,100,1100,"bu","10:41:09",3020900
13000,100,3000,"bu","10:41:00",3019800
13000,100,100,"bu","10:40:55",3016800
13000,100,1000,"bu","10:40:54",3016700
13000,100,5000,"bu","10:40:50",3015700
13000,100,100,"bu","10:40:43",3010700
13000,100,300,"bu","10:40:39",3010600
13000,100,200,"bu","10:40:03",3010300
13000,100,500,"bu","10:40:02",3010100
13000,100,1000,"bu","10:39:43",3009600
13000,100,100,"bu","10:39:41",3008600
13000,100,500,"bu","10:39:30",3008500
13000,100,500,"bu","10:39:20",3008000
13000,100,1000,"bu","10:38:57",3007500
13000,100,500,"bu","10:38:55",3006500
13000,100,5000,"bu","10:38:45",3006000
12900,0,100,"sd","10:38:42",3001000
13000,100,5000,"bu","10:38:35",3000900
13000,100,10000,"bu","10:38:29",2995900
13000,100,500,"bu","10:38:28",2985900
13000,100,2500,"bu","10:37:55",2985400
12900,0,500,"sd","10:37:04",2982900
13000,100,4000,"bu","10:36:12",2982400
13000,100,200,"bu","10:36:09",2978400
13000,100,4000,"bu","10:35:39",2978200
13000,100,700,"bu","10:35:37",2974200
13000,100,200,"bu","10:35:08",2973500
13000,100,1000,"bu","10:34:53",2973300
12900,0,500,"sd","10:34:51",2972300
13000,100,1000,"bu","10:34:38",2971800
13000,100,500,"bu","10:34:35",2970800
13000,100,200,"bu","10:34:06",2970300
13000,100,1200,"bu","10:34:05",2970100
13000,100,3000,"bu","10:34:04",2968900
13000,100,2000,"bu","10:33:59",2965900
13000,100,1000,"bu","10:33:58",2963900
13000,100,100,"bu","10:33:55",2962900
13000,100,100,"bu","10:33:48",2962800
13000,100,200,"bu","10:33:35",2962700
13000,100,5000,"bu","10:33:28",2962500
12900,0,1000,"sd","10:32:16",2957500
13000,100,200,"bu","10:31:46",2956500
13000,100,5000,"bu","10:31:42",2956300
12900,0,10000,"sd","10:31:41",2951300
12900,0,2700,"sd","10:31:26",2941300
13000,100,2000,"bu","10:31:23",2938600
13000,100,2000,"bu","10:31:10",2936600
13000,100,500,"bu","10:30:53",2934600
13000,100,8000,"bu","10:30:44",2934100
13000,100,1000,"bu","10:30:34",2926100
13000,100,2000,"bu","10:30:30",2925100
13000,100,100,"bu","10:30:14",2923100
13000,100,500,"bu","10:29:59",2923000
13000,100,5000,"bu","10:29:49",2922500
13000,100,300,"bu","10:29:21",2917500
13000,100,200,"bu","10:29:16",2917200
13000,100,100,"bu","10:29:15",2917000
13000,100,500,"bu","10:29:13",2916900
13000,100,1000,"bu","10:28:56",2916400
13000,100,100,"bu","10:28:55",2915400
13000,100,200,"bu","10:28:54",2915300
13000,100,1500,"bu","10:28:51",2915100
13000,100,2000,"bu","10:28:46",2913600
13000,100,500,"bu","10:28:40",2911600
13000,100,4000,"bu","10:28:33",2911100
13000,100,2000,"bu","10:28:25",2907100
13000,100,500,"bu","10:28:14",2905100
13000,100,5000,"bu","10:28:07",2904600
12900,0,1000,"sd","10:28:01",2899600
13000,100,2000,"bu","10:27:46",2898600
12900,0,1200,"sd","10:27:14",2896600
12900,0,100,"sd","10:27:12",2895400
13000,100,5000,"bu","10:27:10",2895300
12900,0,200,"sd","10:27:08",2890300
13000,100,300,"bu","10:27:01",2890100
13000,100,5000,"bu","10:26:49",2889800
12900,0,1000,"sd","10:26:43",2884800
13000,100,800,"bu","10:26:28",2883800
12900,0,1400,"sd","10:26:02",2883000
12900,0,300,"sd","10:25:54",2881600
13000,100,6800,"bu","10:25:32",2881300
13000,100,1300,"bu","10:25:24",2874500
13000,100,3000,"bu","10:25:21",2873200
13000,100,5000,"bu","10:25:16",2870200
13000,100,400,"bu","10:24:44",2865200
13000,100,300,"bu","10:24:22",2864800
13000,100,500,"bu","10:24:18",2864500
13000,100,18200,"bu","10:24:08",2864000
12900,0,500,"sd","10:23:44",2845800
13000,100,1000,"bu","10:23:35",2845300
13000,100,1000,"bu","10:23:28",2844300
13000,100,100,"bu","10:23:10",2843300
12900,0,100,"sd","10:22:40",2843200
12900,0,15000,"sd","10:22:37",2843100
12900,0,1300,"sd","10:22:30",2828100
13000,100,800,"bu","10:22:17",2826800
13000,100,100,"bu","10:22:07",2826000
13000,100,200,"bu","10:21:48",2825900
13000,100,3100,"bu","10:21:43",2825700
13000,100,300,"bu","10:21:35",2822600
13000,100,1900,"bu","10:21:29",2822300
12900,0,9000,"sd","10:21:26",2820400
13000,100,1000,"bu","10:21:25",2811400
13000,100,300,"bu","10:21:16",2810400
12900,0,7200,"sd","10:21:11",2810100
13000,100,100,"bu","10:20:38",2802900
13000,100,600,"bu","10:20:32",2802800
13000,100,5000,"bu","10:20:23",2802200
13000,100,3000,"bu","10:20:10",2797200
13000,100,1500,"bu","10:20:02",2794200
13000,100,500,"bu","10:19:54",2792700
13000,100,500,"bu","10:19:50",2792200
13000,100,300,"bu","10:19:21",2791700
12900,0,600,"sd","10:19:11",2791400
13000,100,4000,"bu","10:19:07",2790800
12900,0,6200,"sd","10:18:52",2786800
13000,100,1200,"bu","10:18:18",2780600
13000,100,2000,"bu","10:18:07",2779400
13000,100,100,"bu","10:18:06",2777400
13000,100,1000,"bu","10:17:59",2777300
13000,100,2500,"bu","10:17:58",2776300
13000,100,2000,"bu","10:17:56",2773800
13000,100,5000,"bu","10:17:35",2771800
13000,100,1000,"bu","10:17:34",2766800
13000,100,1300,"bu","10:17:32",2765800
13000,100,900,"bu","10:17:26",2764500
13000,100,300,"bu","10:17:21",2763600
12900,0,11000,"sd","10:17:18",2763300
13000,100,1000,"bu","10:17:11",2752300
13000,100,500,"bu","10:17:05",2751300
13000,100,2000,"bu","10:16:39",2750800
13000,100,700,"bu","10:16:31",2748800
12900,0,3000,"sd","10:16:25",2748100
12900,0,5000,"sd","10:15:43",2745100
12900,0,10000,"sd","10:14:16",2740100
13000,100,300,"bu","10:14:04",2730100
13000,100,300,"bu","10:13:50",2729800
13000,100,100,"bu","10:13:39",2729500
13000,100,100,"bu","10:13:22",2729400
13000,100,1900,"bu","10:13:12",2729300
13000,100,1200,"bu","10:13:09",2727400
13000,100,2000,"bu","10:13:05",2726200
13000,100,200,"bu","10:12:53",2724200
13000,100,500,"bu","10:12:45",2724000
12900,0,66000,"sd","10:12:41",2723500
13000,100,30000,"bu","10:12:40",2657500
13000,100,3600,"bu","10:12:39",2627500
13000,100,100,"bu","10:12:35",2623900
13000,100,1000,"bu","10:12:21",2623800
13000,100,6100,"bu","10:12:12",2622800
13000,100,2300,"bu","10:12:11",2616700
13000,100,20000,"bu","10:12:05",2614400
13000,100,1000,"bu","10:12:02",2594400
13000,100,100,"bu","10:11:51",2593400
13000,100,200,"bu","10:11:48",2593300
13000,100,200,"bu","10:11:41",2593100
13000,100,100,"bu","10:11:37",2592900
13000,100,10200,"bu","10:11:31",2592800
13000,100,200,"bu","10:11:22",2582600
13000,100,800,"bu","10:11:17",2582400
13000,100,300,"bu","10:10:56",2581600
13000,100,100,"bu","10:10:48",2581300
12900,0,200,"sd","10:10:44",2581200
13000,100,1000,"bu","10:10:43",2581000
12900,0,100,"sd","10:10:08",2580000
13000,100,200,"bu","10:10:05",2579900
13000,100,400,"bu","10:09:58",2579700
13000,100,100,"bu","10:09:56",2579300
13000,100,3000,"bu","10:09:50",2579200
12900,0,1200,"sd","10:09:47",2576200
13000,100,5000,"bu","10:09:40",2575000
13000,100,500,"bu","10:09:38",2570000
13000,100,2000,"bu","10:09:36",2569500
13000,100,100,"bu","10:09:09",2567500
13000,100,800,"bu","10:09:03",2567400
13000,100,100,"bu","10:09:02",2566600
13000,100,200,"bu","10:08:36",2566500
13000,100,1000,"bu","10:08:25",2566300
13000,100,300,"bu","10:08:13",2565300
13000,100,1000,"bu","10:08:08",2565000
12900,0,6000,"sd","10:08:00",2564000
13000,100,200,"bu","10:07:57",2558000
13000,100,2000,"bu","10:07:28",2557800
12900,0,100,"sd","10:07:26",2555800
13000,100,200,"bu","10:06:57",2555700
12900,0,300,"sd","10:06:45",2555500
13000,100,100,"bu","10:06:43",2555200
13000,100,1500,"bu","10:06:23",2555100
12900,0,4500,"sd","10:05:56",2553600
13000,100,200,"bu","10:05:46",2549100
13000,100,1000,"bu","10:05:16",2548900
12900,0,1000,"sd","10:04:57",2547900
13000,100,1000,"bu","10:04:49",2546900
13000,100,1000,"bu","10:04:45",2545900
13000,100,200,"bu","10:04:38",2544900
13000,100,200,"bu","10:04:17",2544700
13000,100,100,"bu","10:04:11",2544500
12900,0,2500,"sd","10:03:59",2544400
12900,0,1000,"sd","10:03:42",2541900
12900,0,100000,"sd","10:03:12",2540900
13000,100,200,"bu","10:03:06",2440900
13000,100,100,"bu","10:03:02",2440700
13000,100,500,"bu","10:02:07",2440600
13000,100,100,"bu","10:01:49",2440100
13000,100,2000,"bu","10:01:45",2440000
13000,100,10000,"bu","10:01:35",2438000
13000,100,3400,"bu","10:01:31",2428000
13000,100,200,"bu","10:01:20",2424600
12900,0,200,"sd","10:01:13",2424400
12900,0,4000,"sd","10:00:46",2424200
13000,100,3000,"bu","10:00:30",2420200
12900,0,1000,"sd","09:57:37",2417200
13000,100,200,"bu","09:57:35",2416200
13000,100,100,"bu","09:57:26",2416000
13000,100,100,"bu","09:57:22",2415900
13000,100,1000,"bu","09:57:10",2415800
13000,100,100,"bu","09:57:06",2414800
13000,100,300,"bu","09:56:37",2414700
13000,100,100,"bu","09:56:31",2414400
13000,100,100,"bu","09:56:06",2414300
13000,100,1000,"bu","09:55:38",2414200
13000,100,100,"bu","09:55:12",2413200
13000,100,3000,"bu","09:55:07",2413100
13000,100,5000,"bu","09:55:04",2410100
13000,100,100,"bu","09:54:58",2405100
13000,100,2500,"bu","09:54:50",2405000
13000,100,600,"bu","09:53:56",2402500
12900,0,300,"sd","09:53:13",2401900
13000,100,100,"bu","09:52:48",2401600
12900,0,500,"sd","09:52:09",2401500
12900,0,5000,"sd","09:52:07",2401000
13000,100,300,"bu","09:51:55",2396000
12900,0,1000,"sd","09:51:38",2395700
13000,100,300,"bu","09:51:21",2394700
13000,100,600,"bu","09:51:12",2394400
13000,100,2600,"bu","09:51:07",2393800
13000,100,100,"bu","09:50:54",2391200
13000,100,500,"bu","09:50:51",2391100
13000,100,2000,"bu","09:50:28",2390600
13000,100,500,"bu","09:50:16",2388600
13000,100,1000,"bu","09:50:14",2388100
13000,100,1900,"bu","09:50:07",2387100
13000,100,1500,"bu","09:49:51",2385200
13000,100,3000,"bu","09:49:48",2383700
13000,100,1000,"bu","09:49:45",2380700
13000,100,3400,"bu","09:49:38",2379700
13000,100,4300,"bu","09:49:31",2376300
13000,100,2800,"bu","09:49:29",2372000
13000,100,3400,"bu","09:49:02",2369200
13000,100,2200,"bu","09:48:54",2365800
13000,100,6000,"bu","09:48:42",2363600
13000,100,1000,"bu","09:48:27",2357600
13000,100,200,"bu","09:48:26",2356600
13000,100,100,"bu","09:48:23",2356400
13000,100,100,"bu","09:48:19",2356300
13000,100,1200,"bu","09:48:18",2356200
13000,100,100,"bu","09:48:08",2355000
13000,100,200,"bu","09:47:53",2354900
13000,100,100,"bu","09:47:50",2354700
13000,100,300,"bu","09:47:12",2354600
12900,0,1100,"sd","09:46:52",2354300
12900,0,3500,"sd","09:46:44",2353200
12900,0,100,"sd","09:46:34",2349700
12900,0,1000,"sd","09:46:33",2349600
12900,0,300,"sd","09:46:26",2348600
12900,0,100,"sd","09:46:09",2348300
12900,0,2000,"sd","09:45:58",2348200
13000,100,1000,"bu","09:45:50",2346200
12900,0,5000,"sd","09:45:27",2345200
12900,0,1300,"sd","09:45:18",2340200
12900,0,100,"sd","09:44:03",2338900
13000,100,1000,"bu","09:43:34",2338800
13000,100,2000,"bu","09:43:31",2337800
12900,0,4000,"sd","09:42:43",2335800
12900,0,500,"sd","09:42:41",2331800
13000,100,3000,"bu","09:42:16",2331300
13000,100,7000,"bu","09:42:15",2328300
13000,100,700,"bu","09:42:12",2321300
13000,100,1300,"bu","09:42:02",2320600
13000,100,100,"bu","09:41:51",2319300
13000,100,2000,"bu","09:41:50",2319200
13000,100,6100,"bu","09:41:41",2317200
13000,100,300,"sd","09:41:38",2311100
13000,100,3000,"sd","09:41:36",2310800
13000,100,400,"sd","09:41:31",2307800
13000,100,2000,"sd","09:41:29",2307400
13100,200,100,"bu","09:41:27",2305400
13000,100,2700,"sd","09:41:25",2305300
13000,100,2100,"sd","09:41:22",2302600
13000,100,15800,"sd","09:41:21",2300500
13000,100,50000,"sd","09:41:18",2284700
13000,100,35000,"sd","09:41:15",2234700
13000,100,400,"sd","09:41:09",2199700
13000,100,100,"sd","09:41:02",2199300
13000,100,1100,"sd","09:41:00",2199200
13000,100,200,"sd","09:40:53",2198100
13000,100,500,"sd","09:40:42",2197900
13000,100,200,"sd","09:40:36",2197400
13000,100,2000,"sd","09:40:31",2197200
13000,100,100,"sd","09:40:30",2195200
13000,100,3600,"sd","09:40:16",2195100
13000,100,1000,"sd","09:40:01",2191500
13000,100,300,"sd","09:40:00",2190500
13000,100,1000,"sd","09:39:58",2190200
13000,100,20000,"sd","09:39:51",2189200
13000,100,1000,"sd","09:39:47",2169200
13000,100,3100,"sd","09:39:34",2168200
13000,100,3000,"sd","09:39:25",2165100
13000,100,1000,"sd","09:39:17",2162100
13000,100,100,"sd","09:39:15",2161100
13000,100,100,"sd","09:39:10",2161000
13000,100,700,"sd","09:39:09",2160900
13000,100,200,"sd","09:39:08",2160200
13000,100,100,"sd","09:38:57",2160000
13000,100,1000,"sd","09:38:54",2159900
13000,100,2000,"sd","09:38:47",2158900
13000,100,1000,"sd","09:38:44",2156900
13000,100,1000,"sd","09:38:38",2155900
13100,200,4000,"bu","09:38:37",2154900
13000,100,100,"sd","09:38:34",2150900
13000,100,2000,"sd","09:38:21",2150800
13000,100,100,"sd","09:38:20",2148800
13000,100,1000,"sd","09:38:13",2148700
13000,100,600,"sd","09:37:59",2147700
13000,100,1000,"sd","09:37:53",2147100
13000,100,2500,"sd","09:37:51",2146100
13000,100,3000,"sd","02:37:09",2143600
13000,100,200,"sd","09:36:56",2140600
13000,100,1200,"sd","09:36:33",2140400
13000,100,100,"sd","09:36:31",2139200
13000,100,1000,"sd","09:36:28",2139100
13000,100,400,"sd","09:36:24",2138100
13000,100,4800,"sd","09:36:13",2137700
13000,100,100,"sd","09:36:00",2132900
13000,100,800,"sd","09:35:57",2132800
13000,100,700,"sd","09:35:54",2132000
13000,100,1000,"sd","09:35:48",2131300
13000,100,500,"sd","09:35:47",2130300
13000,100,500,"sd","09:35:33",2129800
13000,100,500,"sd","09:35:32",2129300
13000,100,1000,"sd","09:35:29",2128800
13000,100,400,"sd","09:35:24",2127800
13000,100,500,"sd","09:35:18",2127400
13000,100,500,"sd","09:35:01",2126900
13000,100,100,"sd","09:34:42",2126400
13000,100,200,"sd","09:34:38",2126300
13000,100,1100,"sd","09:34:10",2126100
13000,100,200,"sd","09:34:09",2125000
13000,100,2500,"sd","09:34:00",2124800
13000,100,1800,"sd","09:33:47",2122300
13100,200,2000,"bu","09:33:46",2120500
13100,200,100,"bu","09:33:31",2118500
13000,100,9600,"sd","09:33:19",2118400
13000,100,500,"sd","09:33:17",2108800
13000,100,200,"sd","09:33:12",2108300
13000,100,300,"sd","09:32:55",2108100
13100,200,1000,"bu","09:32:42",2107800
13000,100,1500,"sd","09:32:29",2106800
13000,100,200,"sd","09:32:28",2105300
13000,100,500,"sd","09:32:23",2105100
13000,100,300,"sd","09:32:21",2104600
13000,100,22000,"sd","09:32:14",2104300
13000,100,2000,"sd","09:32:12",2082300
13000,100,100,"sd","09:31:58",2080300
13000,100,200,"sd","09:31:57",2080200
13000,100,100,"sd","09:31:51",2080000
13000,100,1000,"sd","09:31:48",2079900
13000,100,300,"sd","09:31:22",2078900
13100,200,2000,"bu","09:31:20",2078600
13000,100,500,"sd","09:31:16",2076600
13100,200,100,"bu","09:31:12",2076100
13000,100,1000,"sd","09:31:02",2076000
13000,100,4000,"sd","09:31:01",2075000
13000,100,200,"sd","09:30:58",2071000
13000,100,300,"sd","09:30:33",2070800
13000,100,200,"sd","09:30:21",2070500
13000,100,100,"sd","09:30:20",2070300
13000,100,5000,"sd","09:30:13",2070200
13100,200,4000,"bu","09:30:09",2065200
13000,100,3000,"sd","09:29:53",2061200
13100,200,2000,"bu","09:29:51",2058200
13000,100,1600,"sd","09:29:46",2056200
13100,200,2000,"bu","09:29:44",2054600
13000,100,7000,"sd","09:29:27",2052600
13100,200,2400,"bu","09:29:10",2045600
13000,100,6500,"sd","09:29:05",2043200
13100,200,2000,"bu","09:29:03",2036700
13100,200,4000,"bu","09:28:58",2034700
13100,200,5000,"bu","09:28:56",2030700
13100,200,100,"bu","09:28:55",2025700
13100,200,2000,"bu","09:28:53",2025600
13100,200,3000,"bu","09:28:46",2023600
13100,200,1700,"bu","09:28:44",2020600
13100,200,5000,"bu","09:28:39",2018900
13000,100,10000,"sd","09:28:16",2013900
13000,100,3500,"bu","09:28:05",2003900
13000,100,6300,"bu","09:28:02",2000400
13000,100,2000,"bu","09:28:01",1994100
13000,100,4000,"bu","09:28:00",1992100
13000,100,200300,"unknown","09:27:57",1988100
13000,100,1000,"bu","09:27:50",1787800
13000,100,5000,"bu","09:27:45",1786800
13000,100,500,"bu","09:27:38",1781800
13000,100,500,"bu","09:27:35",1781300
13000,100,5000,"bu","09:27:32",1780800
13000,100,200,"bu","09:27:31",1775800
13000,100,13000,"bu","09:27:29",1775600
13000,100,12000,"bu","09:27:28",1762600
13000,100,30000,"bu","09:27:25",1750600
13000,100,6300,"bu","09:27:23",1720600
13000,100,14000,"bu","09:27:10",1714300
13000,100,100,"bu","09:27:07",1700300
13000,100,600,"bu","09:26:49",1700200
13000,100,100,"bu","09:26:42",1699600
13000,100,4900,"bu","09:26:33",1699500
13000,100,1600,"bu","09:26:31",1694600
13000,100,3000,"bu","09:26:22",1693000
13000,100,20000,"bu","09:26:07",1690000
13000,100,1100,"bu","09:26:02",1670000
13000,100,500,"bu","09:26:01",1668900
13000,100,5300,"bu","09:25:41",1668400
13000,100,100,"bu","09:25:40",1663100
13000,100,10000,"bu","09:25:34",1663000
13000,100,100,"bu","09:25:31",1653000
13000,100,2000,"bu","09:25:23",1652900
12900,0,1200,"sd","09:25:22",1650900
13000,100,10000,"bu","09:25:14",1649700
13000,100,100,"bu","09:24:59",1639700
13000,100,2100,"bu","09:24:57",1639600
13000,100,300,"bu","09:24:54",1637500
13000,100,100,"bu","09:24:44",1637200
13000,100,300,"bu","09:24:41",1637100
13000,100,2200,"bu","09:24:36",1636800
13000,100,500,"bu","09:24:26",1634600
13000,100,100,"bu","09:24:25",1634100
13000,100,5000,"bu","09:24:20",1634000
13000,100,500,"bu","09:23:59",1629000
12900,0,5000,"sd","09:23:56",1628500
13000,100,10000,"bu","09:23:39",1623500
12900,0,4000,"sd","09:23:31",1613500
12900,0,500,"sd","09:23:17",1609500
12900,0,500,"sd","09:23:14",1609000
12900,0,500,"sd","09:23:08",1608500
12900,0,1000,"sd","09:22:53",1608000
12900,0,300,"sd","09:22:43",1607000
13000,100,600,"bu","09:22:38",1606700
13000,100,9800,"bu","09:22:36",1606100
13000,100,500,"bu","09:22:33",1596300
13000,100,100,"bu","09:22:29",1595800
13000,100,300,"bu","09:22:26",1595700
13000,100,500,"bu","09:22:19",1595400
12900,0,200,"sd","09:22:12",1594900
13000,100,1000,"bu","09:21:58",1594700
13000,100,5000,"bu","09:21:55",1593700
13000,100,400,"bu","09:21:28",1588700
12900,0,300,"sd","09:21:24",1588300
13000,100,3700,"bu","09:21:22",1588000
13000,100,2000,"bu","09:21:21",1584300
12900,0,2000,"sd","09:21:09",1582300
13000,100,3000,"bu","09:21:07",1580300
13000,100,1400,"bu","09:21:04",1577300
13000,100,8600,"bu","09:21:03",1575900
13000,100,2000,"bu","09:21:02",1567300
13000,100,3000,"bu","09:20:56",1565300
13000,100,100,"bu","09:20:52",1562300
12900,0,100,"sd","09:20:47",1562200
13000,100,2000,"bu","09:20:40",1562100
12900,0,500,"sd","09:20:33",1560100
13000,100,200,"bu","09:20:32",1559600
13000,100,1000,"bu","09:20:29",1559400
13000,100,2000,"bu","09:20:28",1558400
13000,100,1400,"bu","09:20:27",1556400
13000,100,15000,"bu","09:20:23",1555000
13000,100,500,"bu","09:20:07",1540000
13000,100,200,"bu","09:20:05",1539500
13000,100,4000,"bu","09:20:03",1539300
13000,100,100,"bu","09:20:01",1535300
13000,100,1300,"bu","09:20:00",1535200
13000,100,500,"bu","09:19:58",1533900
13000,100,500,"bu","09:19:56",1533400
12900,0,28100,"sd","09:19:54",1532900
13000,100,500,"bu","09:19:51",1504800
13000,100,500,"bu","09:19:48",1504300
13000,100,2000,"bu","09:19:47",1503800
13000,100,400,"bu","09:19:40",1501800
13000,100,2000,"bu","09:19:31",1501400
13000,100,300,"bu","09:19:29",1499400
13000,100,100,"bu","09:19:28",1499100
13000,100,300,"bu","09:19:27",1499000
13000,100,1000,"bu","09:19:22",1498700
13000,100,100,"bu","09:19:19",1497700
13000,100,200,"bu","09:19:18",1497600
13000,100,200,"bu","09:19:14",1497400
13000,100,5000,"bu","09:19:09",1497200
13000,100,200,"bu","09:19:04",1492200
13000,100,200,"bu","09:18:59",1492000
13000,100,100,"bu","09:18:53",1491800
13000,100,1000,"bu","09:18:39",1491700
13000,100,300,"bu","09:18:31",1490700
12900,0,1000,"sd","09:18:26",1490400
12900,0,400,"bu","09:17:57",1489400
12900,0,500,"bu","09:17:56",1489000
12900,0,1300,"bu","09:17:55",1488500
12900,0,900,"bu","09:17:54",1487200
12900,0,5000,"bu","09:17:53",1486300
12900,0,12000,"bu","09:17:52",1481300
12900,0,1000,"bu","09:17:51",1469300
12900,0,600,"bu","09:17:50",1468300
12900,0,500,"bu","09:17:48",1467700
12900,0,400,"bu","09:17:46",1467200
12900,0,200,"bu","09:17:45",1466800
12900,0,4000,"bu","09:17:42",1466600
12900,0,100,"bu","09:17:41",1462600
12900,0,3900,"bu","09:17:37",1462500
12900,0,200,"bu","09:17:34",1458600
12900,0,400,"bu","09:17:33",1458400
12900,0,4500,"bu","09:17:32",1458000
12900,0,3000,"bu","09:17:31",1453500
12900,0,11000,"bu","09:17:29",1450500
12900,0,100,"bu","09:17:28",1439500
12900,0,200,"bu","09:17:26",1439400
12900,0,300,"bu","09:17:25",1439200
12900,0,2000,"bu","09:17:22",1438900
12900,0,500,"bu","09:17:20",1436900
12900,0,13000,"bu","09:17:18",1436400
12900,0,200,"bu","09:17:17",1423400
12900,0,500,"bu","09:17:16",1423200
12900,0,3000,"bu","09:17:11",1422700
12900,0,1000,"bu","09:17:07",1419700
12900,0,5700,"bu","09:17:03",1418700
12900,0,1000,"bu","09:17:02",1413000
12900,0,500,"bu","09:16:59",1412000
12900,0,4000,"bu","09:16:54",1411500
12900,0,8100,"bu","09:16:48",1407500
12900,0,400,"bu","09:16:46",1399400
12900,0,24000,"bu","09:16:29",1399000
12900,0,10000,"bu","09:16:27",1375000
12900,0,1100,"bu","09:16:26",1365000
12900,0,2000,"bu","09:16:22",1363900
12800,-100,19000,"sd","09:16:21",1361900
12900,0,1300,"bu","09:16:15",1342900
12900,0,2100,"bu","09:16:10",1341600
12900,0,100,"bu","09:16:06",1339500
12900,0,500,"bu","09:16:05",1339400
12900,0,700,"bu","09:16:04",1338900
12900,0,100,"bu","09:15:55",1338200
12900,0,7000,"bu","09:15:52",1338100
12900,0,100,"bu","09:15:49",1331100
12900,0,1600,"bu","09:15:47",1331000
12900,0,500,"bu","09:15:44",1329400
12900,0,19400,"bu","09:15:40",1328900
12900,0,500,"bu","09:15:20",1309500
12900,0,1700,"bu","09:15:12",1309000
12900,0,4000,"bu","09:14:59",1307300
12900,0,400,"bu","09:14:56",1303300
12900,0,500,"bu","09:14:27",1302900
12900,0,1000,"bu","09:14:21",1302400
12800,-100,5700,"sd","09:14:19",1301400
12900,0,10000,"bu","09:14:07",1295700
12900,0,1000,"bu","09:14:02",1285700
12900,0,1600,"bu","09:13:55",1284700
12900,0,500,"bu","09:13:53",1283100
12900,0,2500,"bu","09:13:52",1282600
12900,0,100,"bu","09:13:46",1280100
12900,0,2000,"bu","09:13:41",1280000
12900,0,200,"bu","09:13:33",1278000
12900,0,13000,"bu","09:13:26",1277800
12800,-100,200,"sd","09:13:25",1264800
12900,0,1000,"bu","09:13:23",1264600
12900,0,10000,"bu","09:13:22",1263600
12900,0,200,"bu","09:13:19",1253600
12900,0,2000,"bu","09:13:18",1253400
12900,0,100,"bu","09:13:16",1251400
12900,0,2900,"bu","09:13:13",1251300
12900,0,1000,"bu","09:13:10",1248400
12900,0,500,"bu","09:13:08",1247400
12900,0,4000,"bu","09:13:07",1246900
12900,0,3000,"bu","09:13:05",1242900
12900,0,300,"bu","09:13:04",1239900
12900,0,2000,"bu","09:12:51",1239600
12900,0,100,"bu","09:12:44",1237600
12900,0,100,"bu","09:12:41",1237500
12900,0,1000,"bu","09:12:36",1237400
12900,0,4000,"bu","09:12:35",1236400
12900,0,500,"bu","09:12:34",1232400
12900,0,1000,"bu","09:12:30",1231900
12900,0,200,"bu","09:12:22",1230900
12900,0,100,"bu","09:12:21",1230700
12900,0,1000,"bu","09:12:17",1230600
12900,0,2900,"bu","09:12:09",1229600
12900,0,1900,"sd","09:12:07",1226700
12900,0,1500,"sd","09:12:06",1224800
12900,0,300,"sd","09:12:03",1223300
12900,0,300,"sd","09:12:01",1223000
12900,0,5000,"sd","09:11:59",1222700
12900,0,900,"sd","09:11:58",1217700
12900,0,1900,"sd","09:11:57",1216800
12900,0,500,"sd","09:11:56",1214900
12900,0,500,"sd","09:11:55",1214400
12900,0,30000,"sd","09:11:52",1213900
12900,0,800,"sd","09:11:50",1183900
12900,0,30000,"sd","09:11:47",1183100
12900,0,5000,"sd","09:11:44",1153100
12900,0,100,"sd","09:11:33",1148100
12900,0,2600,"sd","09:11:30",1148000
12900,0,1000,"sd","09:11:19",1145400
12900,0,100,"sd","09:11:16",1144400
12900,0,100,"sd","09:11:14",1144300
12900,0,1200,"sd","09:11:02",1144200
12900,0,900,"sd","09:10:47",1143000
12900,0,100,"sd","09:10:44",1142100
12900,0,1200,"sd","09:10:16",1142000
12900,0,500,"sd","09:10:02",1140800
12900,0,500,"sd","09:09:59",1140300
12900,0,600,"sd","09:09:43",1139800
12900,0,500,"bu","09:09:41",1139200
12900,0,1000,"bu","09:09:40",1138700
12900,0,300,"bu","09:09:39",1137700
12900,0,200,"bu","09:09:38",1137400
12900,0,4100,"bu","09:09:36",1137200
12900,0,4000,"bu","09:09:34",1133100
12900,0,5500,"bu","09:09:33",1129100
12900,0,20300,"bu","09:09:32",1123600
12900,0,2000,"bu","09:09:31",1103300
12900,0,3700,"bu","09:09:30",1101300
12900,0,200,"bu","09:09:28",1097600
12900,0,1200,"bu","09:09:27",1097400
12900,0,2000,"bu","09:09:26",1096200
12900,0,600,"bu","09:09:24",1094200
12900,0,60000,"bu","09:09:21",1093600
12900,0,500,"bu","09:09:20",1033600
12900,0,4200,"bu","09:09:10",1033100
12900,0,1200,"bu","09:09:09",1028900
12900,0,200,"bu","09:09:06",1027700
12900,0,1000,"bu","09:09:03",1027500
12900,0,500,"bu","09:09:01",1026500
12900,0,15000,"bu","09:08:56",1026000
12900,0,7000,"bu","09:08:43",1011000
12900,0,16000,"bu","09:08:42",1004000
12900,0,400,"bu","09:08:33",988000
12800,-100,700,"sd","09:08:14",987600
12800,-100,4000,"bu","09:08:06",986900
12800,-100,600,"bu","09:08:04",982900
12800,-100,1100,"bu","09:08:02",982300
12800,-100,4300,"bu","09:08:00",981200
12800,-100,49400,"sd","09:07:59",976900
12800,-100,1300,"bu","09:07:58",927500
12800,-100,1000,"bu","09:07:54",926200
12800,-100,6000,"bu","09:07:52",925200
12800,-100,900,"bu","09:07:50",919200
12800,-100,3000,"bu","09:07:48",918300
12800,-100,2300,"bu","09:07:47",915300
12800,-100,200,"bu","09:07:46",913000
12800,-100,100,"bu","09:07:45",912800
12800,-100,1000,"bu","09:07:44",912700
12800,-100,30000,"bu","09:07:43",911700
12800,-100,500,"bu","09:07:41",881700
12800,-100,100,"bu","09:07:39",881200
12800,-100,200,"bu","09:07:38",881100
12800,-100,2000,"bu","09:07:37",880900
12800,-100,100,"bu","09:07:35",878900
12800,-100,100,"bu","09:07:32",878800
12800,-100,10000,"bu","09:07:28",878700
12800,-100,2000,"bu","09:07:24",868700
12800,-100,1000,"bu","09:07:22",866700
12800,-100,1000,"bu","09:07:19",865700
12800,-100,3000,"bu","09:07:18",864700
12800,-100,1500,"bu","09:07:16",861700
12800,-100,15800,"bu","09:06:56",860200
12800,-100,300,"bu","09:06:54",844400
12800,-100,100,"bu","09:06:40",844100
12800,-100,100,"bu","09:06:23",844000
12800,-100,200,"bu","09:06:19",843900
12700,-200,10000,"sd","09:06:15",843700
12800,-100,15200,"bu","09:06:14",833700
12800,-100,200,"bu","09:06:10",818500
12800,-100,200,"bu","09:06:08",818300
12800,-100,300,"bu","09:06:02",818100
12800,-100,2300,"bu","09:06:01",817800
12800,-100,1300,"bu","09:05:42",815500
12800,-100,2000,"bu","09:05:41",814200
12800,-100,2000,"bu","09:05:35",812200
12800,-100,1000,"bu","09:05:16",810200
12700,-200,20000,"sd","09:05:06",809200
12800,-100,2900,"bu","09:05:04",789200
12700,-200,100,"sd","09:05:02",786300
12700,-200,3500,"sd","09:05:00",786200
12700,-200,3500,"bu","09:04:55",782700
12700,-200,1000,"bu","09:04:54",779200
12700,-200,1000,"bu","09:04:53",778200
12700,-200,500,"bu","09:04:52",777200
12700,-200,4000,"bu","09:04:51",776700
12700,-200,4900,"bu","09:04:49",772700
12600,-300,1300,"sd","09:04:48",767800
12700,-200,5100,"bu","09:04:46",766500
12700,-200,6500,"bu","09:04:42",761400
12700,-200,10000,"bu","09:04:38",754900
12700,-200,1000,"bu","09:04:37",744900
12700,-200,3000,"bu","09:04:35",743900
12700,-200,100,"bu","09:04:33",740900
12700,-200,300,"bu","09:04:32",740800
12700,-200,73100,"sd","09:04:31",740500
12700,-200,10000,"sd","09:04:27",667400
12700,-200,40000,"sd","09:04:14",657400
12700,-200,10000,"sd","09:04:10",617400
12700,-200,1900,"sd","09:04:07",607400
12800,-100,200,"bu","09:04:05",605500
12700,-200,100,"sd","09:04:04",605300
12800,-100,100,"bu","09:03:57",605200
12800,-100,100,"bu","09:03:52",605100
12800,-100,3000,"bu","09:03:50",605000
12800,-100,2000,"bu","09:03:42",602000
12700,-200,100,"sd","09:03:36",600000
12800,-100,100,"bu","09:03:32",599900
12800,-100,600,"bu","09:03:19",599800
12700,-200,4700,"sd","09:03:15",599200
12700,-200,300,"sd","09:03:13",594500
12800,-100,500,"bu","09:03:02",594200
12700,-200,3000,"sd","09:03:01",593700
12800,-100,2000,"bu","09:03:00",590700
12700,-200,100,"sd","09:02:51",588700
12700,-200,600,"bu","09:02:49",588600
12700,-200,900,"bu","09:02:48",588000
12700,-200,700,"bu","09:02:47",587100
12700,-200,5000,"bu","09:02:44",586400
12700,-200,100,"bu","09:02:41",581400
12700,-200,1000,"bu","09:02:37",581300
12700,-200,3000,"bu","09:02:32",580300
12700,-200,200,"bu","09:02:30",577300
12700,-200,13900,"bu","09:02:28",577100
12700,-200,1000,"sd","09:02:24",563200
12700,-200,2200,"sd","09:02:20",562200
12700,-200,1000,"sd","09:02:11",560000
12700,-200,1600,"sd","09:02:10",559000
12700,-200,400,"sd","09:02:04",557400
12600,-300,50000,"sd","09:01:59",557000
12700,-200,2000,"bu","09:01:57",507000
12700,-200,1000,"bu","09:01:55",505000
12600,-300,17500,"sd","09:01:54",504000
12700,-200,400,"sd","09:01:52",486500
12700,-200,200,"sd","09:01:49",486100
12700,-200,100,"sd","09:01:47",485900
12800,-100,2000,"bu","09:01:45",485800
12700,-200,900,"sd","09:01:44",483800
12700,-200,7100,"bu","09:01:42",482900
12600,-300,2300,"sd","09:01:39",475800
12700,-200,1300,"bu","09:01:38",473500
12700,-200,500,"bu","09:01:37",472200
12700,-200,200,"bu","09:01:35",471700
12700,-200,200,"bu","09:01:34",471500
12700,-200,1500,"bu","09:01:30",471300
12700,-200,2000,"bu","09:01:24",469800
12600,-300,50000,"sd","09:01:23",467800
12800,-100,100,"bu","09:01:22",417800
12700,-200,200,"sd","09:01:21",417700
12700,-200,1100,"sd","09:01:20",417500
12700,-200,500,"sd","09:01:15",416400
12700,-200,3000,"sd","09:01:08",415900
12800,-100,1000,"bu","09:01:06",412900
12700,-200,500,"sd","09:01:03",411900
12800,-100,1000,"bu","09:01:01",411400
12700,-200,1000,"sd","09:00:59",410400
12800,-100,100,"bu","09:00:56",409400
12800,-100,600,"bu","09:00:49",409300
12800,-100,50000,"bu","09:00:42",408700
12600,-300,100,"bu","09:00:41",358700
12600,-300,500,"bu","09:00:37",358600
12500,-400,2000,"sd","09:00:36",358100
12800,-100,15200,"bu","09:00:33",356100
12800,-100,1000,"bu","09:00:31",340900
12800,-100,600,"bu","09:00:29",339900
12600,-300,3600,"sd","09:00:28",339300
12800,-100,100,"bu","09:00:26",335700
12600,-300,3100,"sd","09:00:25",335600
12700,-200,4800,"bu","09:00:24",332500
12700,-200,10700,"bu","09:00:23",327700
12700,-200,9500,"sd","09:00:22",317000
12800,-100,165900,"sd","09:00:21",307500
12800,-100,9200,"bu","09:00:20",141600
12800,-100,1900,"bu","09:00:16",132400
12800,-100,700,"bu","09:00:15",130500
12800,-100,10300,"bu","09:00:14",129800
12800,-100,11300,"bu","09:00:13",119500
12800,-100,4400,"bu","09:00:10",108200
12800,-100,500,"bu","09:00:09",103800
12700,-200,1100,"unknown","09:00:07",103300
12800,-100,35800,"bu","09:00:06",102200
12400,-500,44200,"bu","09:00:05",66400
12900,0,22000,"bu","09:00:04",22200
12900,0,200,"bu","09:00:01",200
