"price","change","match_qtty","side","time","total_vol"
7310,200,147900,"unknown","14:44:59",1415200
7230,120,1000,"sd","14:29:56",1267300
7230,120,1000,"sd","14:29:45",1266300
7230,120,2000,"bu","14:29:30",1265300
7230,120,1000,"bu","14:29:25",1263300
7230,120,9000,"bu","14:29:23",1262300
7230,120,500,"bu","14:29:15",1253300
7230,120,2000,"sd","14:29:11",1252800
7240,130,900,"bu","14:29:01",1250800
7240,130,2600,"bu","14:29:01",1249900
7240,130,200,"bu","14:28:11",1247300
7230,120,300,"bu","14:28:06",1247100
7230,120,100,"bu","14:28:06",1246800
7230,120,1100,"bu","14:28:06",1246700
7230,120,300,"bu","14:28:05",1245600
7230,120,2400,"bu","14:28:03",1245300
7230,120,200,"bu","14:27:57",1242900
7230,120,100,"sd","14:27:40",1242700
7230,120,2500,"sd","14:27:11",1242600
7230,120,200,"sd","14:27:01",1240100
7230,120,700,"sd","14:27:01",1239900
7230,120,100,"sd","14:27:01",1239200
7230,120,200,"sd","14:26:57",1239100
7230,120,300,"sd","14:26:53",1238900
7230,120,200,"sd","14:26:53",1238600
7230,120,500,"sd","14:26:53",1238400
7230,120,500,"sd","14:26:02",1237900
7230,120,600,"bu","14:25:31",1237400
7230,120,400,"bu","14:25:22",1236800
7230,120,100,"bu","14:25:22",1236400
7220,110,500,"sd","14:24:55",1236300
7240,130,200,"bu","14:24:37",1235800
7240,130,7600,"bu","14:24:35",1235600
7230,120,100,"bu","14:24:35",1228000
7230,120,300,"bu","14:24:35",1227900
7230,120,1000,"bu","14:24:30",1227600
7230,120,500,"bu","14:24:28",1226600
7230,120,200,"bu","14:24:26",1226100
7240,130,500,"bu","14:21:57",1225900
7230,120,10000,"bu","14:21:57",1225400
7230,120,10300,"bu","14:21:57",1215400
7230,120,100,"bu","14:21:57",1205100
7230,120,5000,"bu","14:21:57",1205000
7230,120,1000,"bu","14:21:57",1200000
7230,120,200,"bu","14:21:57",1199000
7230,120,1000,"bu","14:21:57",1198800
7230,120,1100,"bu","14:21:57",1197800
7230,120,400,"bu","14:21:56",1196700
7230,120,100,"bu","14:21:43",1196300
7220,110,300,"bu","14:21:37",1196200
7220,110,100,"bu","14:21:37",1195900
7200,90,8000,"sd","14:21:20",1195800
7220,110,200,"bu","14:21:19",1187800
7220,110,500,"bu","14:21:18",1187600
7220,110,100,"sd","14:20:51",1187100
7220,110,2000,"sd","14:20:51",1187000
7220,110,2100,"sd","14:20:51",1185000
7220,110,900,"sd","14:20:46",1182900
7220,110,100,"sd","14:20:46",1182000
7220,110,3000,"unknown","14:20:11",1181900
7220,110,500,"unknown","14:20:11",1178900
7220,110,2500,"unknown","14:20:11",1178400
7220,110,3800,"bu","14:19:59",1175900
7210,100,200,"bu","14:19:59",1172100
7220,110,100,"bu","14:19:52",1171900
7220,110,100,"bu","14:19:25",1171800
7200,90,100,"sd","14:19:25",1171700
7200,90,2000,"bu","14:17:33",1171600
7200,90,900,"bu","14:17:33",1169600
7190,80,300,"sd","14:16:28",1168700
7190,80,500,"sd","14:16:28",1168400
7190,80,1000,"sd","14:16:28",1167900
7190,80,200,"sd","14:16:28",1166900
7190,80,600,"sd","14:15:58",1166700
7200,90,100,"sd","14:15:39",1166100
7200,90,200,"sd","14:15:22",1166000
7200,90,1000,"sd","14:15:13",1165800
7200,90,2000,"sd","14:15:05",1164800
7200,90,1800,"sd","14:14:05",1162800
7200,90,200,"sd","14:14:05",1161000
7200,90,800,"sd","14:13:38",1160800
7200,90,200,"sd","14:13:38",1160000
7200,90,500,"sd","14:13:01",1159800
7200,90,400,"bu","14:12:32",1159300
7200,90,400,"bu","14:12:31",1158900
7200,90,300,"bu","14:12:06",1158500
7200,90,900,"bu","14:12:03",1158200
7200,90,900,"bu","14:11:46",1157300
7200,90,100,"sd","14:11:24",1156400
7200,90,1000,"sd","14:11:17",1156300
7200,90,200,"bu","14:11:07",1155300
7200,90,33700,"bu","14:11:07",1155100
7190,80,200,"sd","14:09:57",1121400
7190,80,300,"sd","14:09:57",1121200
7200,90,3000,"bu","14:09:55",1120900
7190,80,100,"sd","14:09:25",1117900
7190,80,1900,"sd","14:09:25",1117800
7190,80,1000,"sd","14:08:53",1115900
7190,80,100,"sd","14:08:35",1114900
7200,90,300,"sd","14:06:28",1114800
7200,90,300,"sd","14:06:28",1114500
7200,90,500,"sd","14:06:28",1114200
7200,90,5000,"sd","14:06:28",1113700
7200,90,3000,"sd","14:06:28",1108700
7200,90,500,"sd","14:06:28",1105700
7200,90,1000,"sd","14:06:28",1105200
7210,100,200,"sd","14:06:28",1104200
7210,100,600,"sd","14:06:28",1104000
7210,100,2000,"sd","14:06:28",1103400
7210,100,2400,"sd","14:06:28",1101400
7210,100,300,"sd","14:05:51",1099000
7220,110,2700,"sd","14:05:36",1098700
7220,110,800,"sd","14:05:36",1096000
7230,120,500,"bu","14:04:58",1095200
7230,120,900,"bu","14:04:56",1094700
7230,120,100,"bu","14:04:56",1093800
7240,130,5800,"bu","14:04:10",1093700
7240,130,21100,"bu","14:04:10",1087900
7230,120,200,"bu","14:04:10",1066800
7230,120,2300,"bu","14:04:10",1066600
7230,120,500,"bu","14:03:59",1064300
7230,120,1200,"bu","14:03:40",1063800
7230,120,1000,"bu","14:03:14",1062600
7240,130,3900,"bu","14:02:47",1061600
7240,130,1000,"bu","14:02:47",1057700
7240,130,600,"bu","14:02:47",1056700
7240,130,100,"bu","14:02:47",1056100
7240,130,400,"bu","14:02:47",1056000
7240,130,100,"bu","14:02:00",1055600
7210,100,500,"sd","14:00:31",1055500
7210,100,1800,"sd","13:59:57",1055000
7240,130,900,"bu","13:59:56",1053200
7240,130,4800,"bu","13:59:56",1052300
7240,130,200,"bu","13:59:56",1047500
7240,130,400,"bu","13:59:56",1047300
7240,130,1000,"bu","13:59:56",1046900
7240,130,600,"bu","13:59:56",1045900
7240,130,2000,"bu","13:59:56",1045300
7240,130,500,"bu","13:59:56",1043300
7240,130,200,"bu","13:59:56",1042800
7230,120,5000,"bu","13:59:56",1042600
7230,120,2000,"bu","13:59:56",1037600
7230,120,3000,"bu","13:59:56",1035600
7230,120,1000,"bu","13:59:56",1032600
7230,120,600,"bu","13:59:56",1031600
7230,120,1000,"bu","13:59:56",1031000
7230,120,200,"bu","13:59:56",1030000
7230,120,3700,"bu","13:59:56",1029800
7220,110,700,"bu","13:59:56",1026100
7220,110,500,"bu","13:59:56",1025400
7220,110,200,"bu","13:59:56",1024900
7220,110,100,"bu","13:59:48",1024700
7220,110,100,"bu","13:59:16",1024600
7220,110,1000,"bu","13:59:15",1024500
7220,110,600,"bu","13:59:09",1023500
7220,110,100,"bu","13:59:09",1022900
7220,110,4000,"sd","13:58:25",1022800
7220,110,900,"bu","13:58:10",1018800
7220,110,700,"bu","13:58:10",1017900
7220,110,4300,"bu","13:58:04",1017200
7220,110,700,"bu","13:58:04",1012900
7220,110,4000,"bu","13:56:34",1012200
7220,110,200,"bu","13:55:53",1008200
7220,110,100,"bu","13:54:18",1008000
7220,110,4500,"bu","13:54:18",1007900
7220,110,5000,"sd","13:52:31",1003400
7220,110,300,"sd","13:52:31",998400
7220,110,200,"sd","13:52:31",998100
7220,110,500,"sd","13:52:27",997900
7220,110,600,"sd","13:51:44",997400
7220,110,2300,"sd","13:51:44",996800
7220,110,300,"sd","13:51:26",994500
7220,110,700,"sd","13:51:26",994200
7230,120,3300,"bu","13:51:09",993500
7230,120,100,"bu","13:51:09",990200
7230,120,100,"bu","13:50:52",990100
7220,110,300,"sd","13:50:31",990000
7220,110,200,"sd","13:50:29",989700
7220,110,800,"bu","13:50:20",989500
7220,110,200,"bu","13:50:11",988700
7220,110,300,"bu","13:50:11",988500
7220,110,3000,"bu","13:50:11",988200
7220,110,600,"bu","13:50:11",985200
7220,110,200,"bu","13:50:11",984600
7220,110,700,"bu","13:50:11",984400
7220,110,3000,"bu","13:49:16",983700
7220,110,1000,"bu","13:49:09",980700
7220,110,100,"bu","13:49:07",979700
7220,110,3000,"bu","13:49:07",979600
7220,110,6200,"bu","13:49:07",976600
7210,100,400,"bu","13:49:07",970400
7220,110,300,"bu","13:49:07",970000
7220,110,100,"bu","13:48:09",969700
7200,90,900,"bu","13:47:42",969600
7200,90,1000,"bu","13:47:24",968700
7200,90,100,"sd","13:47:17",967700
7220,110,2700,"bu","13:47:09",967600
7220,110,1000,"bu","13:46:50",964900
7220,110,1600,"bu","13:46:50",963900
7220,110,100,"bu","13:46:50",962300
7220,110,500,"bu","13:46:50",962200
7210,100,800,"bu","13:46:50",961700
7210,100,5500,"bu","13:46:50",960900
7210,100,400,"bu","13:46:50",955400
7210,100,7000,"bu","13:46:50",955000
7210,100,400,"bu","13:46:50",948000
7210,100,9500,"bu","13:46:50",947600
7200,90,1000,"bu","13:46:50",938100
7200,90,100,"sd","13:46:29",937100
7200,90,500,"sd","13:46:29",937000
7200,90,200,"sd","13:46:29",936500
7200,90,200,"sd","13:46:29",936300
7210,100,500,"bu","13:45:47",936100
7210,100,500,"bu","13:45:28",935600
7200,90,1400,"sd","13:45:25",935100
7210,100,3000,"bu","13:45:21",933700
7210,100,1700,"bu","13:44:57",930700
7210,100,1800,"bu","13:44:57",929000
7210,100,100,"bu","13:44:57",927200
7210,100,400,"bu","13:44:57",927100
7210,100,2000,"bu","13:44:57",926700
7210,100,800,"bu","13:44:57",924700
7210,100,8200,"bu","13:44:57",923900
7210,100,500,"bu","13:44:47",915700
7210,100,100,"bu","13:44:24",915200
7200,90,3000,"sd","13:43:59",915100
7200,90,1000,"sd","13:43:39",912100
7200,90,100,"bu","13:42:25",911100
7200,90,1300,"bu","13:42:25",911000
7200,90,1400,"bu","13:42:09",909700
7200,90,6000,"sd","13:42:03",908300
7210,100,100,"bu","13:41:33",902300
7200,90,1800,"sd","13:40:43",902200
7200,90,800,"sd","13:40:22",900400
7200,90,2100,"sd","13:40:22",899600
7200,90,400,"bu","13:39:59",897500
7200,90,500,"bu","13:39:59",897100
7200,90,2500,"bu","13:39:28",896600
7200,90,2500,"bu","13:39:28",894100
7200,90,500,"bu","13:38:54",891600
7210,100,1100,"bu","13:37:40",891100
7210,100,3000,"bu","13:37:40",890000
7210,100,4000,"bu","13:37:40",887000
7210,100,1000,"bu","13:37:40",883000
7210,100,15000,"bu","13:37:40",882000
7210,100,200,"bu","13:37:40",867000
7210,100,1100,"bu","13:37:40",866800
7200,90,700,"bu","13:37:40",865700
7200,90,500,"bu","13:37:40",865000
7200,90,1000,"bu","13:37:40",864500
7200,90,1400,"bu","13:37:40",863500
7180,70,800,"sd","13:37:39",862100
7180,70,200,"sd","13:37:39",861300
7190,80,100,"unknown","13:37:39",861100
7190,80,200,"bu","13:37:34",861000
7180,70,2300,"bu","13:37:10",860800
7180,70,200,"sd","13:36:42",858500
7180,70,4000,"sd","13:36:42",858300
7180,70,500,"sd","13:36:42",854300
7180,70,200,"sd","13:36:42",853800
7180,70,1000,"sd","13:35:31",853600
7180,70,500,"sd","13:34:59",852600
7180,70,200,"sd","13:34:43",852100
7210,100,1000,"bu","13:33:11",851900
7210,100,100,"bu","13:32:23",850900
7170,60,1000,"sd","13:29:45",850800
7180,70,100,"unknown","13:29:38",849800
7180,70,500,"bu","13:29:31",849700
7180,70,4400,"bu","13:29:31",849200
7170,60,100,"sd","13:29:20",844800
7180,70,100,"sd","13:29:00",844700
7180,70,31000,"sd","13:29:00",844600
7180,70,1000,"sd","13:29:00",813600
7180,70,1000,"sd","13:29:00",812600
7180,70,16000,"sd","13:29:00",811600
7190,80,100,"sd","13:29:00",795600
7200,90,200,"sd","13:29:00",795500
7200,90,2000,"sd","13:29:00",795300
7200,90,1100,"sd","13:29:00",793300
7200,90,3000,"sd","13:29:00",792200
7200,90,200,"sd","13:29:00",789200
7200,90,500,"sd","13:29:00",789000
7200,90,100,"sd","13:29:00",788500
7200,90,3000,"sd","13:29:00",788400
7200,90,5100,"sd","13:29:00",785400
7210,100,1000,"bu","13:28:50",780300
7210,100,100,"bu","13:28:07",779300
7210,100,1000,"bu","13:27:48",779200
7210,100,1000,"bu","13:27:48",778200
7210,100,500,"bu","13:26:48",777200
7210,100,8500,"bu","13:26:17",776700
7210,100,1500,"bu","13:26:17",768200
7200,90,500,"sd","13:25:59",766700
7210,100,500,"bu","13:24:46",766200
7210,100,500,"bu","13:24:46",765700
7200,90,100,"sd","13:24:04",765200
7200,90,500,"sd","13:23:46",765100
7200,90,500,"sd","13:23:23",764600
7200,90,300,"sd","13:22:24",764100
7210,100,100,"bu","13:22:18",763800
7200,90,200,"sd","13:22:08",763700
7200,90,300,"sd","13:22:08",763500
7200,90,500,"sd","13:22:08",763200
7200,90,1000,"sd","13:22:08",762700
7200,90,5000,"bu","13:21:52",761700
7200,90,2600,"bu","13:21:38",756700
7200,90,200,"bu","13:18:55",754100
7200,90,100,"sd","13:18:20",753900
7200,90,9100,"sd","13:18:20",753800
7210,100,1000,"bu","13:18:10",744700
7210,100,1800,"bu","13:18:02",743700
7210,100,6600,"bu","13:17:54",741900
7210,100,1300,"bu","13:17:54",735300
7210,100,1100,"bu","13:17:54",734000
7210,100,1000,"bu","13:17:54",732900
7210,100,300,"bu","13:17:26",731900
7210,100,6100,"bu","13:17:12",731600
7200,90,1000,"sd","13:17:11",725500
7210,100,400,"bu","13:17:03",724500
7210,100,2200,"bu","13:16:53",724100
7200,90,2000,"sd","13:16:35",721900
7200,90,3000,"sd","13:16:05",719900
7200,90,1000,"bu","13:15:26",716900
7200,90,2800,"bu","13:15:26",715900
7200,90,200,"bu","13:15:26",713100
7200,90,500,"bu","13:15:15",712900
7200,90,300,"bu","13:14:53",712400
7200,90,1200,"bu","13:14:53",712100
7200,90,1000,"bu","13:14:45",710900
7200,90,500,"bu","13:14:41",709900
7200,90,500,"bu","13:14:41",709400
7200,90,200,"bu","13:14:09",708900
7200,90,100,"bu","13:14:09",708700
7200,90,1400,"bu","13:13:28",708600
7200,90,1500,"bu","13:12:26",707200
7200,90,200,"bu","13:12:26",705700
7200,90,1000,"bu","13:12:26",705500
7200,90,2200,"bu","13:12:26",704500
7200,90,4500,"bu","13:12:26",702300
7200,90,1500,"bu","13:12:26",697800
7190,80,8100,"bu","13:12:26",696300
7170,60,4800,"sd","13:11:21",688200
7170,60,200,"sd","13:11:21",683400
7170,60,100,"sd","13:07:53",683200
7200,90,1700,"bu","13:07:47",683100
7200,90,200,"bu","13:07:47",681400
7200,90,5000,"bu","13:07:47",681200
7200,90,400,"bu","13:07:47",676200
7200,90,1700,"bu","13:07:47",675800
7190,80,1000,"bu","13:07:47",674100
7190,80,5400,"bu","13:07:47",673100
7190,80,2000,"bu","13:07:47",667700
7190,80,2000,"bu","13:07:47",665700
7190,80,200,"bu","13:07:47",663700
7190,80,100,"bu","13:07:47",663500
7190,80,1000,"bu","13:07:47",663400
7190,80,1000,"bu","13:07:47",662400
7190,80,300,"bu","13:07:47",661400
7190,80,200,"bu","13:05:35",661100
7180,70,1000,"sd","13:05:08",660900
7200,90,1000,"bu","13:04:53",659900
7200,90,1500,"bu","13:04:28",658900
7200,90,3900,"bu","13:04:23",657400
7200,90,1900,"bu","13:04:13",653500
7200,90,9000,"bu","13:04:13",651600
7200,90,500,"bu","13:04:13",642600
7200,90,3000,"bu","13:04:13",642100
7200,90,4500,"bu","13:04:13",639100
7200,90,200,"bu","13:04:13",634600
7200,90,200,"bu","13:04:13",634400
7200,90,12200,"bu","13:04:13",634200
7180,70,4500,"bu","13:04:13",622000
7180,70,8500,"bu","13:03:52",617500
7170,60,6000,"bu","13:03:36",609000
7170,60,3700,"bu","13:03:36",603000
7170,60,800,"bu","13:03:35",599300
7170,60,900,"bu","13:03:33",598500
7170,60,100,"bu","13:03:21",597600
7160,50,5000,"bu","13:03:03",597500
7150,40,100,"bu","13:03:03",592500
7150,40,5000,"bu","13:03:03",592400
7140,30,200,"bu","13:03:03",587400
7140,30,100,"bu","13:02:57",587200
7130,20,200,"bu","13:02:29",587100
7130,20,100,"bu","13:01:31",586900
7110,0,300,"bu","13:01:20",586800
7110,0,500,"bu","13:01:19",586500
7110,0,4500,"bu","13:01:19",586000
7110,0,10000,"bu","13:00:54",581500
7110,0,500,"bu","13:00:21",571500
7110,0,1000,"sd","13:00:19",571000
7110,0,1000,"sd","13:00:19",570000
7110,0,1000,"sd","13:00:19",569000
7110,0,1000,"sd","13:00:11",568000
7110,0,3000,"sd","13:00:06",567000
7110,0,1000,"sd","13:00:05",564000
7110,0,1000,"sd","13:00:05",563000
7110,0,300,"sd","13:00:05",562000
7110,0,1000,"sd","13:00:05",561700
7110,0,100,"sd","13:00:05",560700
7120,10,1000,"sd","13:00:05",560600
7120,10,100,"sd","13:00:05",559600
7120,10,700,"sd","13:00:05",559500
7120,10,300,"sd","13:00:05",558800
7110,0,3000,"sd","13:00:00",558500
7110,0,2000,"sd","13:00:00",555500
7110,0,300,"sd","13:00:00",553500
7110,0,1600,"sd","11:29:35",553200
7110,0,500,"sd","11:29:35",551600
7110,0,1100,"sd","11:29:35",551100
7110,0,1000,"sd","11:29:35",550000
7110,0,1500,"sd","11:29:35",549000
7110,0,700,"sd","11:29:35",547500
7120,10,1600,"sd","11:29:35",546800
7120,10,100,"bu","11:29:20",545200
7120,10,3300,"bu","11:29:20",545100
7120,10,200,"bu","11:29:19",541800
7110,0,500,"sd","11:28:28",541600
7110,0,1000,"sd","11:28:28",541100
7110,0,300,"sd","11:28:28",540100
7110,0,200,"sd","11:28:27",539800
7120,10,100,"bu","11:28:13",539600
7120,10,100,"bu","11:27:27",539500
7120,10,1200,"bu","11:27:15",539400
7120,10,1000,"bu","11:27:03",538200
7110,0,300,"sd","11:26:42",537200
7110,0,1000,"sd","11:26:42",536900
7110,0,1000,"bu","11:25:25",535900
7110,0,100,"bu","11:24:47",534900
7110,0,200,"bu","11:24:47",534800
7110,0,200,"bu","11:24:37",534600
7110,0,800,"bu","11:24:37",534400
7110,0,500,"bu","11:24:32",533600
7110,0,1000,"sd","11:24:27",533100
7110,0,100,"sd","11:24:27",532100
7110,0,1000,"sd","11:24:27",532000
7110,0,200,"sd","11:24:27",531000
7110,0,2000,"sd","11:24:27",530800
7110,0,2400,"sd","11:24:07",528800
7110,0,1000,"sd","11:24:07",526400
7110,0,100,"sd","11:24:07",525400
7110,0,4000,"sd","11:24:07",525300
7110,0,2000,"sd","11:24:07",521300
7110,0,100,"sd","11:24:07",519300
7110,0,1000,"sd","11:24:07",519200
7110,0,500,"sd","11:24:07",518200
7110,0,3900,"sd","11:24:07",517700
7110,0,1000,"sd","11:24:07",513800
7110,0,1000,"sd","11:24:07",512800
7110,0,400,"sd","11:24:07",511800
7110,0,400,"sd","11:24:07",511400
7120,10,1000,"bu","11:22:42",511000
7120,10,800,"bu","11:22:26",510000
7120,10,6900,"bu","11:22:19",509200
7120,10,200,"bu","11:20:59",502300
7120,10,100,"bu","11:20:59",502100
7120,10,1000,"bu","11:20:44",502000
7120,10,200,"sd","11:20:31",501000
7120,10,1400,"sd","11:20:31",500800
7120,10,5000,"sd","11:20:31",499400
7120,10,1200,"sd","11:20:31",494400
7120,10,1500,"sd","11:20:31",493200
7120,10,1000,"sd","11:20:31",491700
7130,20,1000,"sd","11:20:31",490700
7130,20,1000,"sd","11:20:31",489700
7130,20,2000,"sd","11:20:31",488700
7130,20,1000,"sd","11:20:31",486700
7130,20,1500,"sd","11:20:31",485700
7130,20,200,"sd","11:20:31",484200
7130,20,400,"sd","11:20:31",484000
7130,20,500,"sd","11:20:31",483600
7140,30,100,"bu","11:20:05",483100
7130,20,300,"sd","11:19:33",483000
7130,20,200,"sd","11:16:58",482700
7130,20,100,"sd","11:16:58",482500
7130,20,100,"sd","11:16:25",482400
7140,30,200,"bu","11:15:15",482300
7140,30,100,"sd","11:15:00",482100
7140,30,1400,"sd","11:15:00",482000
7140,30,200,"sd","11:14:57",480600
7140,30,3400,"sd","11:12:26",480400
7140,30,9000,"sd","11:12:26",477000
7140,30,200,"sd","11:12:26",468000
7140,30,200,"sd","11:12:26",467800
7150,40,200,"unknown","11:12:26",467600
7150,40,200,"unknown","11:12:26",467400
7150,40,1800,"sd","11:10:43",467200
7150,40,600,"sd","11:10:43",465400
7150,40,400,"sd","11:10:43",464800
7150,40,100,"sd","11:10:43",464400
7150,40,100,"sd","11:07:20",464300
7150,40,200,"sd","11:07:20",464200
7150,40,100,"sd","11:07:20",464000
7150,40,100,"sd","11:07:20",463900
7150,40,200,"sd","11:07:20",463800
7150,40,2300,"sd","11:07:20",463600
7150,40,200,"sd","11:07:20",461300
7150,40,300,"sd","11:07:20",461100
7150,40,3300,"sd","11:07:20",460800
7150,40,200,"sd","11:04:59",457500
7180,70,2000,"bu","11:04:56",457300
7150,40,25200,"sd","11:01:35",455300
7150,40,14400,"sd","11:00:01",430100
7150,40,500,"sd","11:00:01",415700
7150,40,400,"sd","11:00:01",415200
7150,40,2000,"sd","11:00:01",414800
7150,40,600,"sd","11:00:01",412800
7150,40,200,"sd","11:00:01",412200
7150,40,1000,"sd","11:00:01",412000
7150,40,100,"sd","11:00:01",411000
7160,50,5000,"sd","11:00:01",410900
7160,50,100,"sd","11:00:01",405900
7160,50,300,"sd","11:00:01",405800
7160,50,2000,"sd","11:00:01",405500
7160,50,100,"sd","11:00:01",403500
7160,50,100,"sd","11:00:01",403400
7160,50,3000,"sd","11:00:01",403300
7160,50,2000,"sd","11:00:01",400300
7160,50,5000,"sd","11:00:01",398300
7160,50,200,"sd","11:00:01",393300
7160,50,200,"sd","11:00:01",393100
7160,50,200,"sd","11:00:01",392900
7160,50,1000,"sd","11:00:01",392700
7160,50,100,"sd","11:00:01",391700
7160,50,100,"sd","11:00:01",391600
7170,60,100,"sd","11:00:01",391500
7170,60,200,"sd","11:00:01",391400
7170,60,4400,"sd","11:00:01",391200
7170,60,500,"sd","10:58:48",386800
7170,60,100,"sd","10:57:54",386300
7170,60,100,"sd","10:57:54",386200
7170,60,100,"sd","10:57:54",386100
7170,60,100,"sd","10:57:54",386000
7170,60,400,"sd","10:57:34",385900
7170,60,300,"sd","10:57:34",385500
7170,60,600,"sd","10:57:34",385200
7180,70,3000,"bu","10:53:48",384600
7200,90,12000,"bu","10:52:21",381600
7200,90,1000,"bu","10:50:51",369600
7200,90,600,"bu","10:50:46",368600
7200,90,2800,"bu","10:49:54",368000
7170,60,1000,"sd","10:46:38",365200
7170,60,500,"sd","10:45:09",364200
7170,60,500,"sd","10:45:09",363700
7170,60,1600,"bu","10:43:46",363200
7170,60,1000,"sd","10:43:00",361600
7180,70,100,"sd","10:43:00",360600
7170,60,1000,"sd","10:43:00",360500
7180,70,500,"sd","10:43:00",359500
7170,60,5000,"sd","10:43:00",359000
7180,70,900,"sd","10:43:00",354000
7170,60,1000,"sd","10:43:00",353100
7190,80,1000,"sd","10:43:00",352100
7190,80,700,"sd","10:43:00",351100
7190,80,100,"sd","10:43:00",350400
7170,60,200,"sd","10:43:00",350300
7190,80,500,"sd","10:43:00",350100
7170,60,100,"sd","10:43:00",349600
7170,60,8000,"sd","10:43:00",349500
7190,80,500,"sd","10:43:00",341500
7180,70,1000,"sd","10:43:00",341000
7180,70,200,"sd","10:43:00",340000
7180,70,3000,"sd","10:43:00",339800
7180,70,5000,"sd","10:43:00",336800
7180,70,3000,"sd","10:43:00",331800
7180,70,5000,"sd","10:43:00",328800
7180,70,1200,"sd","10:43:00",323800
7180,70,100,"sd","10:43:00",322600
7180,70,200,"sd","10:43:00",322500
7200,90,1000,"sd","10:39:21",322300
7200,90,200,"sd","10:39:21",321300
7200,90,3600,"sd","10:39:21",321100
7200,90,4000,"sd","10:38:29",317500
7210,100,1000,"bu","10:38:09",313500
7210,100,2000,"bu","10:38:09",312500
7200,90,3900,"sd","10:37:35",310500
7200,90,2300,"sd","10:37:35",306600
7210,100,100,"sd","10:36:08",304300
7210,100,3700,"bu","10:34:38",304200
7210,100,100,"bu","10:34:38",300500
7200,90,1100,"sd","10:34:36",300400
7200,90,1000,"sd","10:34:36",299300
7200,90,300,"sd","10:34:36",298300
7200,90,1500,"sd","10:34:36",298000
7200,90,100,"sd","10:34:36",296500
7200,90,600,"sd","10:34:36",296400
7200,90,200,"sd","10:34:36",295800
7200,90,600,"sd","10:34:36",295600
7200,90,100,"sd","10:34:36",295000
7200,90,500,"sd","10:34:36",294900
7210,100,400,"sd","10:33:33",294400
7220,110,300,"sd","10:33:24",294000
7220,110,200,"sd","10:32:37",293700
7220,110,700,"bu","10:30:39",293500
7220,110,1000,"bu","10:30:39",292800
7220,110,3000,"bu","10:30:39",291800
7220,110,500,"bu","10:30:39",288800
7220,110,1000,"bu","10:30:39",288300
7220,110,1000,"bu","10:30:39",287300
7220,110,1000,"bu","10:30:39",286300
7220,110,1000,"bu","10:30:39",285300
7220,110,800,"bu","10:30:39",284300
7210,100,2500,"sd","10:30:25",283500
7210,100,100,"sd","10:30:25",281000
7210,100,200,"sd","10:30:25",280900
7210,100,200,"sd","10:30:25",280700
7210,100,600,"sd","10:30:25",280500
7210,100,500,"sd","10:30:14",279900
7210,100,200,"sd","10:29:05",279400
7220,110,100,"bu","10:27:43",279200
7220,110,100,"bu","10:26:42",279100
7220,110,100,"bu","10:26:33",279000
7220,110,400,"bu","10:22:52",278900
7210,100,3700,"bu","10:21:36",278500
7200,90,2300,"sd","10:21:35",274800
7200,90,300,"bu","10:20:47",272500
7210,100,25000,"bu","10:20:33",272200
7210,100,7600,"bu","10:20:33",247200
7210,100,600,"bu","10:20:16",239600
7200,90,200,"bu","10:20:16",239000
7200,90,200,"bu","10:20:16",238800
7200,90,900,"sd","10:19:59",238600
7200,90,1000,"sd","10:19:59",237700
7200,90,2900,"sd","10:19:59",236700
7210,100,2000,"bu","10:19:52",233800
7200,90,1000,"sd","10:19:26",231800
7200,90,100,"sd","10:19:19",230800
7200,90,100,"sd","10:19:19",230700
7200,90,100,"sd","10:19:15",230600
7200,90,100,"sd","10:19:15",230500
7200,90,100,"sd","10:19:15",230400
7200,90,200,"sd","10:19:15",230300
7200,90,2800,"sd","10:18:59",230100
7200,90,1100,"sd","10:18:59",227300
7200,90,1100,"sd","10:18:59",226200
7200,90,3300,"sd","10:18:40",225100
7200,90,500,"sd","10:17:55",221800
7200,90,500,"sd","10:16:40",221300
7200,90,3000,"sd","10:15:47",220800
7200,90,500,"sd","10:15:43",217800
7200,90,200,"sd","10:14:42",217300
7200,90,100,"sd","10:14:34",217100
7200,90,500,"sd","10:13:53",217000
7200,90,200,"sd","10:13:51",216500
7200,90,100,"sd","10:11:54",216300
7200,90,300,"sd","10:10:44",216200
7200,90,300,"bu","10:09:25",215900
7190,80,100,"sd","10:09:22",215600
7190,80,500,"sd","10:09:22",215500
7210,100,21100,"bu","10:09:19",215000
7210,100,10000,"bu","10:09:19",193900
7200,90,3000,"unknown","10:09:19",183900
7200,90,100,"unknown","10:09:19",180900
7200,90,1200,"unknown","10:09:19",180800
7200,90,100,"unknown","10:09:19",179600
7200,90,200,"unknown","10:09:19",179500
7200,90,2000,"unknown","10:09:19",179300
7200,90,300,"unknown","10:09:19",177300
7200,90,700,"bu","10:09:01",177000
7200,90,2000,"bu","10:09:01",176300
7190,80,100,"sd","10:08:31",174300
7190,80,500,"sd","10:08:24",174200
7200,90,3000,"bu","10:07:30",173700
7200,90,500,"bu","10:07:30",170700
7200,90,100,"bu","10:07:30",170200
7200,90,1400,"bu","10:07:30",170100
7200,90,3000,"bu","10:07:01",168700
7200,90,600,"bu","10:06:00",165700
7190,80,400,"sd","10:05:55",165100
7190,80,1000,"bu","10:04:57",164700
7190,80,2500,"bu","10:04:57",163700
7190,80,1000,"bu","10:04:40",161200
7190,80,3200,"bu","10:04:40",160200
7190,80,800,"bu","10:04:40",157000
7180,70,100,"sd","10:03:20",156200
7180,70,1000,"sd","10:03:20",156100
7180,70,100,"sd","10:03:20",155100
7180,70,500,"sd","10:03:20",155000
7180,70,800,"sd","10:03:20",154500
7180,70,500,"sd","10:02:20",153700
7190,80,100,"bu","10:01:59",153200
7190,80,300,"bu","10:01:49",153100
7190,80,100,"bu","10:00:05",152800
7190,80,700,"bu","09:59:29",152700
7190,80,1000,"bu","09:58:56",152000
7190,80,100,"bu","09:58:54",151000
7190,80,500,"bu","09:58:45",150900
7190,80,300,"bu","09:58:30",150400
7190,80,100,"bu","09:58:23",150100
7190,80,100,"bu","09:58:22",150000
7190,80,500,"bu","09:58:18",149900
7180,70,700,"sd","09:58:14",149400
7180,70,2000,"sd","09:58:14",148700
7180,70,100,"sd","09:58:14",146700
7180,70,200,"sd","09:58:14",146600
7190,80,3600,"bu","09:57:50",146400
7190,80,1400,"bu","09:57:50",142800
7190,80,3400,"sd","09:56:38",141400
7190,80,100,"sd","09:56:33",138000
7190,80,1500,"sd","09:55:26",137900
7190,80,4000,"sd","09:55:26",136400
7190,80,1000,"sd","09:55:26",132400
7190,80,100,"bu","09:54:39",131400
7190,80,300,"bu","09:54:28",131300
7190,80,500,"bu","09:53:18",131000
7190,80,200,"bu","09:52:50",130500
7180,70,1800,"bu","09:52:20",130300
7180,70,1200,"bu","09:52:16",128500
7180,70,500,"sd","09:51:58",127300
7180,70,100,"sd","09:51:58",126800
7180,70,2400,"sd","09:51:58",126700
7180,70,100,"sd","09:50:56",124300
7190,80,100,"bu","09:50:48",124200
7180,70,2600,"bu","09:49:51",124100
7180,70,100,"bu","09:49:06",121500
7180,70,500,"sd","09:49:03",121400
7180,70,100,"sd","09:49:03",120900
7190,80,1000,"sd","09:48:07",120800
7190,80,100,"sd","09:48:07",119800
7190,80,100,"sd","09:48:07",119700
7190,80,100,"sd","09:48:07",119600
7190,80,1500,"sd","09:48:07",119500
7190,80,1800,"sd","09:48:07",118000
7190,80,2000,"sd","09:48:07",116200
7190,80,1000,"sd","09:48:07",114200
7190,80,200,"sd","09:48:07",113200
7190,80,200,"bu","09:44:13",113000
7190,80,2000,"bu","09:43:20",112800
7170,60,1000,"sd","09:39:49",110800
7170,60,2300,"sd","09:39:22",109800
7180,70,200,"sd","09:39:22",107500
7170,60,2000,"sd","09:39:13",107300
7170,60,5000,"sd","09:38:23",105300
7170,60,500,"sd","09:38:01",100300
7170,60,600,"sd","09:37:47",99800
7170,60,100,"sd","09:36:58",99200
7170,60,600,"bu","09:36:50",99100
7170,60,200,"sd","09:36:39",98500
7170,60,100,"sd","09:36:39",98300
7170,60,200,"sd","09:36:39",98200
7170,60,200,"sd","09:36:39",98000
7170,60,1000,"sd","09:36:39",97800
7170,60,500,"sd","09:36:39",96800
7170,60,5000,"sd","09:36:39",96300
7170,60,500,"sd","09:36:39",91300
7170,60,400,"sd","09:36:39",90800
7170,60,100,"sd","09:32:31",90400
7170,60,1000,"sd","09:29:48",90300
7170,60,3500,"sd","09:28:02",89300
7170,60,200,"sd","09:28:02",85800
7170,60,200,"sd","09:28:02",85600
7170,60,2000,"sd","09:28:02",85400
7180,70,1400,"sd","09:27:29",83400
7170,60,100,"sd","09:27:29",82000
7170,60,200,"sd","09:24:28",81900
7230,120,1000,"bu","09:24:21",81700
7170,60,700,"sd","09:24:00",80700
7170,60,300,"sd","09:24:00",80000
7240,130,2300,"bu","09:23:16",79700
7240,130,500,"bu","09:23:16",77400
7240,130,500,"bu","09:23:16",76900
7240,130,1000,"bu","09:23:16",76400
7240,130,500,"bu","09:23:16",75400
7240,130,200,"bu","09:23:16",74900
7240,130,200,"bu","09:23:16",74700
7240,130,2000,"bu","09:23:16",74500
7240,130,100,"bu","09:23:16",72500
7240,130,700,"bu","09:23:16",72400
7230,120,1000,"bu","09:23:16",71700
7240,130,300,"sd","09:21:21",70700
7240,130,3000,"sd","09:20:54",70400
7240,130,200,"sd","09:20:54",67400
7240,130,1500,"sd","09:20:54",67200
7240,130,1700,"bu","09:19:54",65700
7220,110,1500,"unknown","09:19:54",64000
7220,110,100,"bu","09:19:48",62500
7220,110,400,"bu","09:19:48",62400
7240,130,1000,"bu","09:19:41",62000
7230,120,500,"bu","09:19:41",61000
7230,120,900,"bu","09:19:41",60500
7230,120,200,"bu","09:19:41",59600
7240,130,900,"bu","09:19:41",59400
7240,130,1500,"bu","09:19:41",58500
7220,110,500,"bu","09:19:39",57000
7220,110,500,"bu","09:19:39",56500
7220,110,400,"bu","09:19:39",56000
7220,110,600,"bu","09:19:29",55600
7220,110,200,"bu","09:19:29",55000
7220,110,200,"bu","09:19:29",54800
7220,110,200,"bu","09:19:19",54600
7220,110,100,"bu","09:18:39",54400
7220,110,7500,"bu","09:17:55",54300
7210,100,500,"bu","09:17:55",46800
7210,100,1000,"bu","09:17:22",46300
7200,90,500,"sd","09:17:14",45300
7200,90,300,"bu","09:17:11",44800
7200,90,1100,"bu","09:17:11",44500
7180,70,100,"bu","09:17:11",43400
7160,50,600,"bu","09:16:02",43300
7150,40,100,"sd","09:15:33",42700
7160,50,400,"bu","09:15:19",42600
7160,50,17600,"bu","09:15:19",42200
7160,50,24600,"unknown","09:15:00",24600
