"price","change","match_qtty","side","time","total_vol"
16250,200,10900,"unknown","14:44:59",148200
16200,150,400,"bu","14:29:49",137300
16150,100,600,"bu","14:29:49",136900
16150,100,100,"bu","14:28:41",136300
16150,100,500,"bu","14:28:09",136200
16150,100,300,"bu","14:27:56",135700
16150,100,500,"bu","14:27:00",135400
16150,100,100,"bu","14:26:05",134900
16150,100,200,"bu","14:25:59",134800
16150,100,200,"bu","14:25:59",134600
16150,100,100,"bu","14:25:59",134400
16150,100,500,"bu","14:25:50",134300
16150,100,500,"bu","14:21:26",133800
16150,100,1000,"bu","14:21:07",133300
16150,100,100,"bu","14:20:35",132300
16150,100,200,"bu","14:16:39",132200
16150,100,100,"bu","14:10:27",132000
16150,100,100,"bu","14:07:51",131900
16100,50,5200,"sd","14:05:58",131800
16100,50,500,"sd","14:05:14",126600
16100,50,1700,"sd","14:05:05",126100
16150,100,500,"bu","14:05:04",124400
16100,50,1000,"bu","14:02:53",123900
16100,50,100,"bu","14:02:53",122900
16100,50,1000,"bu","14:02:53",122800
16100,50,5000,"bu","14:02:53",121800
16100,50,2300,"bu","14:02:53",116800
16100,50,200,"bu","14:02:05",114500
16100,50,600,"bu","14:00:50",114300
16100,50,100,"bu","13:55:44",113700
16050,0,200,"bu","13:50:42",113600
16050,0,300,"bu","13:50:39",113400
16050,0,100,"bu","13:50:29",113100
16050,0,100,"bu","13:50:24",113000
16000,-50,4000,"sd","13:50:21",112900
16050,0,1000,"bu","13:50:05",108900
16050,0,500,"bu","13:50:00",107900
16050,0,1000,"sd","13:49:53",107400
16050,0,800,"sd","13:49:53",106400
16100,50,100,"bu","13:47:38",105600
16050,0,1000,"sd","13:46:20",105500
16050,0,5000,"bu","13:45:53",104500
16050,0,500,"sd","13:45:13",99500
16050,0,500,"sd","13:45:13",99000
16050,0,100,"sd","13:45:13",98500
16050,0,100,"sd","13:45:13",98400
16050,0,100,"sd","13:45:13",98300
16050,0,100,"sd","13:45:13",98200
16100,50,200,"bu","13:44:59",98100
16100,50,300,"bu","13:40:56",97900
16050,0,400,"sd","13:35:38",97600
16050,0,500,"sd","13:35:38",97200
16050,0,100,"sd","13:35:38",96700
16100,50,1000,"bu","13:20:53",96600
16100,50,100,"bu","13:15:44",95600
16050,0,200,"bu","13:15:28",95500
16050,0,500,"bu","13:12:18",95300
16050,0,500,"bu","13:11:46",94800
16050,0,2500,"bu","13:11:21",94300
16050,0,100,"bu","13:10:38",91800
16000,-50,1000,"sd","13:10:37",91700
16000,-50,100,"sd","13:10:37",90700
16000,-50,700,"sd","13:10:37",90500
16000,-50,100,"sd","13:10:37",90600
16050,0,1200,"bu","13:09:46",89800
16050,0,600,"bu","13:09:46",88600
16050,0,200,"bu","13:08:57",88000
16050,0,100,"bu","13:08:06",87800
16050,0,100,"sd","13:07:49",87700
16100,50,100,"bu","13:07:46",87600
16050,0,100,"sd","13:03:06",87500
16050,0,400,"sd","13:03:06",87400
16050,0,400,"bu","13:01:32",87000
16050,0,4000,"bu","13:00:05",86600
16000,-50,200,"sd","11:23:23",82600
16000,-50,100,"sd","11:23:23",82400
16000,-50,100,"sd","11:23:23",82300
16000,-50,300,"sd","11:23:23",82200
16000,-50,100,"sd","11:23:23",81900
16050,0,600,"bu","11:20:21",81800
16050,0,1400,"bu","11:20:21",81200
16050,0,500,"bu","11:19:46",79800
16050,0,3000,"bu","11:04:46",79300
16000,-50,500,"sd","10:55:08",76300
16000,-50,400,"sd","10:55:08",75800
16000,-50,1100,"sd","10:55:08",75400
16000,-50,3000,"sd","10:51:17",74300
16000,-50,5000,"sd","10:51:10",71300
16000,-50,2000,"sd","10:50:59",66300
16000,-50,900,"sd","10:50:53",64300
16000,-50,200,"sd","10:50:53",63400
16000,-50,100,"sd","10:50:52",63200
16000,-50,100,"sd","10:50:52",63100
16000,-50,100,"sd","10:50:52",63000
16000,-50,300,"sd","10:50:52",62900
16000,-50,300,"sd","10:50:52",62600
16000,-50,700,"sd","10:50:49",62300
16000,-50,1000,"sd","10:50:49",61600
16000,-50,100,"sd","10:50:49",60600
16000,-50,200,"sd","10:50:49",60500
16000,-50,800,"sd","10:46:35",60300
16000,-50,200,"sd","10:46:35",59500
16000,-50,800,"sd","10:46:09",59300
16000,-50,200,"sd","10:46:09",58500
16050,0,100,"bu","10:34:50",58300
16050,0,100,"bu","10:31:39",58200
16050,0,200,"bu","10:31:04",58100
16050,0,2000,"bu","10:30:45",57900
16050,0,500,"bu","10:30:37",55900
16050,0,1000,"bu","10:30:11",55400
16050,0,100,"bu","10:26:26",54400
16050,0,800,"bu","10:26:12",54300
16050,0,100,"bu","10:25:48",53500
16050,0,100,"bu","10:24:45",53400
16050,0,100,"sd","10:23:44",53300
16000,-50,800,"sd","10:20:55",53200
16000,-50,100,"sd","10:20:55",52400
16000,-50,100,"sd","10:20:55",52300
16000,-50,500,"sd","10:20:55",52200
16000,-50,400,"sd","10:20:55",51700
16000,-50,100,"sd","10:20:55",51300
16000,-50,100,"sd","10:20:55",51200
16000,-50,3000,"sd","10:20:55",51100
16000,-50,900,"sd","10:20:55",48100
16000,-50,1600,"sd","10:18:16",47200
16000,-50,2300,"sd","10:18:16",45600
16050,0,100,"sd","10:17:58",43300
16100,50,100,"bu","10:16:57",43200
16050,0,5000,"sd","10:16:45",43100
16050,0,5000,"sd","10:16:45",38100
16100,50,100,"bu","10:16:04",33100
16100,50,100,"bu","10:15:33",33000
16000,-50,400,"sd","10:12:13",32900
16000,-50,2300,"sd","10:11:32",32500
16050,0,500,"sd","10:11:32",30200
16050,0,200,"sd","10:11:32",29700
16050,0,500,"sd","10:11:32",29500
16050,0,300,"sd","10:11:32",29000
16050,0,200,"sd","10:11:32",28700
16050,0,100,"sd","10:11:32",28500
16050,0,900,"sd","10:11:32",28400
16050,0,100,"sd","10:10:23",27500
16050,0,900,"sd","10:10:23",27400
16050,0,1000,"sd","10:09:44",26500
16050,0,500,"sd","10:06:49",25500
16050,0,1000,"sd","10:06:49",25000
16050,0,100,"sd","10:06:49",24000
16050,0,1000,"sd","10:06:49",23900
16050,0,500,"sd","10:06:49",22900
16100,50,3000,"sd","10:00:04",22400
16100,50,2000,"sd","09:56:04",19400
16150,100,200,"bu","09:53:22",17400
16100,50,1000,"bu","09:50:12",17200
16100,50,100,"sd","09:49:55",16200
16100,50,400,"sd","09:49:55",16100
16150,100,800,"bu","09:42:53",15700
16150,100,200,"bu","09:42:49",14900
16150,100,300,"bu","09:40:55",14700
16150,100,300,"bu","09:40:08",14400
16100,50,4500,"bu","09:35:05",14100
16100,50,500,"sd","09:33:22",9600
16150,100,100,"bu","09:33:22",9100
16050,0,500,"sd","09:25:53",9000
16050,0,300,"sd","09:25:53",8500
16050,0,1200,"sd","09:25:53",8200
16050,0,4000,"sd","09:23:58",7000
16050,0,100,"sd","09:23:58",3000
16050,0,200,"sd","09:23:58",2900
16050,0,200,"sd","09:23:58",2700
16050,0,200,"sd","09:23:58",2500
16200,150,200,"sd","09:23:58",2300
16400,350,100,"sd","09:23:58",2100
16450,400,700,"sd","09:23:06",2000
16400,350,200,"sd","09:22:21",1300
16400,350,100,"unknown","09:21:55",1100
16400,350,500,"bu","09:20:15",1000
16400,350,100,"bu","09:20:15",500
16400,350,200,"bu","09:20:15",400
16400,350,100,"bu","09:20:15",200
16400,350,100,"bu","09:15:00",100
