"price","change","match_qtty","side","time","total_vol"
9200,200,10000,"bu","14:45:01",180300
9100,100,2300,"sd","14:27:49",170300
9100,100,200,"sd","14:19:09",168000
9200,200,6100,"sd","14:16:13",167800
9200,200,1000,"sd","14:15:59",161700
9200,200,2900,"bu","14:14:15",160700
9200,200,3100,"bu","14:13:54",157800
9200,200,100,"sd","14:13:40",154700
9200,200,1000,"sd","14:12:32",154600
9200,200,800,"sd","14:12:22",153600
9200,200,1000,"bu","14:12:11",152800
9200,200,1000,"bu","14:05:29",151800
9100,100,1000,"sd","14:04:32",150800
9200,200,200,"bu","14:04:00",149800
9200,200,1000,"bu","14:03:47",149600
9200,200,5000,"bu","14:02:34",148600
9200,200,2000,"bu","14:02:29",143600
9200,200,5000,"bu","14:02:00",141600
9200,200,200,"bu","14:01:19",136600
9100,100,500,"sd","14:00:02",136400
9100,100,1000,"sd","13:59:42",135900
9100,100,1500,"sd","13:58:47",134900
9100,100,500,"bu","13:58:37",133400
9100,100,1000,"bu","13:57:59",132900
9100,100,1000,"bu","13:56:46",131900
9000,0,1500,"sd","13:49:39",130900
9000,0,4200,"sd","13:48:45",129400
9000,0,100,"bu","13:48:36",125200
9000,0,5000,"sd","13:48:33",125100
9000,0,1900,"sd","13:48:19",120100
9000,0,3100,"bu","13:45:58",118200
9000,0,1000,"bu","13:43:34",115100
9000,0,1000,"bu","13:42:52",114100
9000,0,2400,"bu","13:40:25",113100
8900,-100,5000,"sd","13:34:15",110700
9000,0,200,"bu","13:34:00",105700
8900,-100,1500,"unknown","13:31:51",105500
8900,-100,4000,"sd","13:30:36",104000
9000,0,500,"bu","13:25:22",100000
9000,0,4300,"unknown","13:21:04",99500
8900,-100,7500,"sd","13:18:31",95200
8900,-100,1000,"bu","13:18:12",87700
8900,-100,8500,"sd","13:16:40",86700
9000,0,800,"bu","13:15:15",78200
9000,0,200,"bu","13:13:46",77400
8900,-100,2400,"sd","13:08:14",77200
8900,-100,100,"sd","13:06:37",74800
8900,-100,200,"sd","13:05:06",74700
8900,-100,100,"sd","13:02:08",74500
8900,-100,400,"sd","13:00:08",74400
8900,-100,400,"sd","13:00:06",74000
8900,-100,900,"sd","13:00:05",73600
8900,-100,300,"sd","11:29:12",72700
8900,-100,100,"sd","11:26:56",72400
9000,0,400,"bu","11:20:53",72300
8900,-100,100,"sd","11:16:59",71900
8900,-100,100,"sd","11:15:53",71800
8900,-100,100,"sd","11:15:45",71700
9000,0,700,"bu","11:01:25",71600
9000,0,6800,"bu","10:53:34",70900
9000,0,200,"unknown","10:42:32",64100
9000,0,100,"bu","10:39:36",63900
9000,0,700,"sd","10:39:07",63800
9000,0,200,"sd","10:38:57",63100
9000,0,10000,"sd","10:38:34",62900
9000,0,600,"sd","10:31:52",52900
9000,0,1000,"sd","10:27:07",52300
9000,0,500,"sd","10:22:27",51300
9100,100,100,"sd","10:08:43",50800
9100,100,1000,"sd","10:08:25",50700
9100,100,500,"sd","10:08:14",49700
9100,100,2000,"sd","10:08:13",49200
9100,100,10000,"sd","10:06:23",47200
9100,100,700,"unknown","09:49:52",37200
9100,100,900,"sd","09:37:33",36500
9100,100,200,"sd","09:37:15",35600
9100,100,6700,"sd","09:34:28",35400
9100,100,1200,"bu","09:34:12",28700
9100,100,200,"bu","09:29:28",27500
9100,100,1000,"bu","09:27:47",27300
9100,100,4000,"sd","09:26:23",26300
9100,100,500,"bu","09:25:02",22300
9100,100,5500,"bu","09:21:16",21800
9200,200,600,"bu","09:20:32",16300
9200,200,200,"bu","09:15:52",15700
9100,100,200,"bu","09:15:07",15500
9100,100,800,"bu","09:12:51",15300
9100,100,3000,"sd","09:11:57",14500
9100,100,3000,"sd","09:11:42",11500
9100,100,3000,"sd","09:11:39",8500
9100,100,5000,"sd","09:11:31",5500
9100,100,300,"unknown","09:06:17",500
8700,-300,200,"sd","09:04:50",200
