"price","change","match_qtty","side","time","total_vol"
9810,-540,841100,"unknown","14:45:01",16606800
9890,-460,12000,"sd","14:30:00",15765700
9900,-450,200,"bu","14:29:57",15753700
9900,-450,500,"bu","14:29:56",15753500
9900,-450,10000,"bu","14:29:55",15753000
9900,-450,200,"bu","14:29:53",15743000
9900,-450,200,"bu","14:29:51",15742800
9900,-450,200,"bu","14:29:49",15742600
9900,-450,300,"bu","14:29:49",15742400
9900,-450,100,"sd","14:29:48",15742100
9900,-450,100,"sd","14:29:48",15742000
9900,-450,300,"sd","14:29:48",15741900
9900,-450,500,"sd","14:29:48",15741600
9900,-450,200,"sd","14:29:48",15741100
9900,-450,1500,"sd","14:29:48",15740900
9900,-450,200,"sd","14:29:48",15739400
9900,-450,4600,"sd","14:29:48",15739200
9900,-450,1000,"sd","14:29:48",15734600
9900,-450,500,"sd","14:29:48",15733600
9900,-450,3000,"sd","14:29:46",15733100
9940,-410,2000,"sd","14:29:46",15730100
9950,-400,500,"bu","14:29:45",15728100
9900,-450,100,"sd","14:29:44",15727600
9950,-400,19900,"bu","14:29:43",15727500
9940,-410,200,"bu","14:29:43",15707600
9940,-410,2400,"bu","14:29:43",15707400
9940,-410,2000,"bu","14:29:43",15705000
9940,-410,800,"bu","14:29:43",15703000
9940,-410,5000,"bu","14:29:43",15702200
9940,-410,2000,"bu","14:29:43",15697200
9940,-410,2000,"bu","14:29:43",15695200
9940,-410,15700,"bu","14:29:43",15693200
9900,-450,14900,"sd","14:29:43",15677500
9900,-450,1300,"sd","14:29:40",15662600
9910,-440,100,"sd","14:29:40",15661300
9940,-410,100,"bu","14:29:40",15661200
9940,-410,500,"bu","14:29:36",15661100
9900,-450,3000,"sd","14:29:35",15660600
9900,-450,14100,"sd","14:29:35",15657600
9940,-410,500,"bu","14:29:34",15643500
9900,-450,5600,"sd","14:29:34",15643000
9940,-410,3200,"bu","14:29:33",15637400
9940,-410,1500,"bu","14:29:33",15634200
9900,-450,3400,"sd","14:29:32",15632700
9900,-450,200,"sd","14:29:32",15629300
9900,-450,500,"sd","14:29:32",15629100
9900,-450,1000,"sd","14:29:32",15628600
9900,-450,100,"sd","14:29:32",15627600
9900,-450,200,"sd","14:29:32",15627500
9900,-450,200,"sd","14:29:32",15627300
9900,-450,400,"sd","14:29:32",15627100
9900,-450,4000,"sd","14:29:32",15626700
9900,-450,9900,"sd","14:29:32",15622700
9910,-440,100,"sd","14:29:32",15612800
9940,-410,100,"bu","14:29:25",15612700
9940,-410,700,"bu","14:29:25",15612600
9900,-450,200,"sd","14:29:24",15611900
9910,-440,200,"sd","14:29:24",15611700
9940,-410,100,"bu","14:29:23",15611500
9900,-450,900,"sd","14:29:22",15611400
9940,-410,1000,"bu","14:29:17",15610500
9900,-450,500,"bu","14:29:14",15609500
9900,-450,100,"bu","14:29:14",15609000
9900,-450,4400,"bu","14:29:14",15608900
9900,-450,1000,"bu","14:29:14",15604500
9900,-450,400,"bu","14:29:11",15603500
9800,-550,300,"sd","14:29:09",15603100
9800,-550,100,"sd","14:29:09",15602800
9800,-550,200,"sd","14:29:09",15602700
9800,-550,200,"sd","14:29:09",15602500
9800,-550,100,"sd","14:29:09",15602300
9800,-550,100,"sd","14:29:09",15602200
9800,-550,500,"sd","14:29:09",15602100
9800,-550,100,"sd","14:29:09",15601600
9800,-550,100,"sd","14:29:09",15601500
9800,-550,100,"sd","14:29:09",15601400
9810,-540,5000,"sd","14:29:09",15601300
9810,-540,100,"sd","14:29:09",15596300
9810,-540,300,"sd","14:29:09",15596200
9810,-540,100,"sd","14:29:09",15595900
9810,-540,200,"sd","14:29:09",15595800
9850,-500,2000,"sd","14:29:09",15595600
9850,-500,500,"sd","14:29:09",15593600
9900,-450,200,"bu","14:29:07",15593100
9900,-450,1000,"bu","14:29:07",15592900
9900,-450,200,"bu","14:29:06",15591900
9900,-450,200,"bu","14:29:06",15591700
9900,-450,1000,"bu","14:29:05",15591500
9900,-450,2000,"bu","14:29:05",15590500
9900,-450,200,"bu","14:29:04",15588500
9900,-450,500,"bu","14:29:04",15588300
9900,-450,200,"bu","14:29:04",15587800
9900,-450,1000,"bu","14:29:03",15587600
9900,-450,200,"bu","14:29:00",15586600
9900,-450,5000,"bu","14:28:59",15586400
9900,-450,100,"bu","14:28:59",15581400
9900,-450,100,"bu","14:28:58",15581300
9900,-450,100,"bu","14:28:57",15581200
9900,-450,700,"bu","14:28:55",15581100
9900,-450,1000,"sd","14:28:55",15580400
9900,-450,100,"sd","14:28:55",15579400
9900,-450,100,"sd","14:28:55",15579300
9900,-450,100,"sd","14:28:55",15579200
9900,-450,200,"sd","14:28:55",15579100
9940,-410,100,"bu","14:28:52",15578900
9940,-410,100,"bu","14:28:52",15578800
9940,-410,1400,"sd","14:28:52",15578700
9940,-410,600,"sd","14:28:51",15577300
9940,-410,400,"sd","14:28:51",15576700
9950,-400,200,"bu","14:28:47",15576300
9950,-400,5000,"bu","14:28:47",15576100
9950,-400,200,"bu","14:28:46",15571100
9940,-410,100,"bu","14:28:46",15570900
9900,-450,9800,"sd","14:28:44",15570800
9910,-440,10000,"sd","14:28:43",15561000
9910,-440,200,"sd","14:28:43",15551000
9940,-410,100,"bu","14:28:36",15550800
9940,-410,1000,"bu","14:28:29",15550700
9940,-410,500,"bu","14:28:28",15549700
9950,-400,500,"bu","14:28:26",15549200
9950,-400,500,"bu","14:28:23",15548700
9950,-400,200,"bu","14:28:16",15548200
9950,-400,200,"bu","14:28:16",15548000
9950,-400,300,"bu","14:28:13",15547800
9950,-400,900,"sd","14:28:10",15547500
9950,-400,500,"sd","14:28:10",15546600
9950,-400,1200,"sd","14:28:10",15546100
9950,-400,300,"sd","14:28:10",15544900
9950,-400,10000,"sd","14:28:10",15544600
9950,-400,200,"sd","14:28:10",15534600
9980,-370,100,"bu","14:27:59",15534400
9980,-370,100,"bu","14:27:59",15534300
9700,-650,500,"sd","14:27:56",15534200
9700,-650,1000,"sd","14:27:56",15533700
9770,-580,100,"sd","14:27:56",15531700
9700,-650,1000,"sd","14:27:56",15532700
9650,-700,300,"sd","14:27:56",15531600
9650,-700,1200,"sd","14:27:56",15531300
9800,-550,100,"sd","14:27:56",15530100
9780,-570,3000,"sd","14:27:56",15530000
9650,-700,2500,"sd","14:27:56",15527000
9790,-560,26200,"sd","14:27:56",15524500
9650,-700,2000,"sd","14:27:56",15498300
9800,-550,10000,"sd","14:27:56",15496300
9800,-550,6500,"sd","14:27:56",15486300
9700,-650,10100,"sd","14:27:56",15479800
9650,-700,200,"sd","14:27:56",15469700
9800,-550,1200,"sd","14:27:56",15469500
9700,-650,1500,"sd","14:27:56",15468300
9800,-550,600,"sd","14:27:56",15466800
9700,-650,10000,"sd","14:27:56",15466200
9700,-650,1500,"sd","14:27:56",15456200
9800,-550,200,"sd","14:27:56",15454700
9650,-700,4500,"sd","14:27:56",15454500
9700,-650,400,"sd","14:27:56",15450000
9700,-650,6700,"sd","14:27:56",15449600
9800,-550,3400,"sd","14:27:56",15442900
9700,-650,1000,"sd","14:27:56",15439500
9700,-650,500,"sd","14:27:56",15438500
9700,-650,11000,"sd","14:27:56",15438000
9650,-700,31400,"sd","14:27:56",15427000
9700,-650,3500,"sd","14:27:56",15395600
9650,-700,400,"sd","14:27:56",15392100
9800,-550,500,"sd","14:27:56",15391700
9650,-700,1000,"sd","14:27:56",15391200
9800,-550,1000,"sd","14:27:56",15390200
9660,-690,2300,"sd","14:27:55",15389200
9650,-700,500,"sd","14:27:55",15386900
9700,-650,13500,"sd","14:27:55",15386400
9700,-650,500,"sd","14:27:55",15372900
9650,-700,1200,"sd","14:27:55",15372400
9800,-550,100,"sd","14:27:55",15371200
9800,-550,4900,"sd","14:27:55",15371100
9690,-660,12700,"sd","14:27:55",15366200
9700,-650,1000,"sd","14:27:55",15353500
9660,-690,400,"sd","14:27:55",15352500
9800,-550,500,"sd","14:27:55",15352100
9800,-550,1000,"sd","14:27:55",15351600
9700,-650,200,"sd","14:27:55",15350600
9800,-550,100,"sd","14:27:55",15350400
9700,-650,3000,"sd","14:27:55",15350300
9650,-700,100,"sd","14:27:55",15347300
9700,-650,1000,"sd","14:27:55",15347200
9900,-450,1600,"sd","14:27:55",15346200
9690,-660,100,"sd","14:27:55",15344600
9700,-650,200,"sd","14:27:55",15344500
9800,-550,600,"sd","14:27:55",15344300
9900,-450,1700,"sd","14:27:55",15343700
9650,-700,7700,"sd","14:27:55",15342000
9690,-660,1900,"sd","14:27:55",15334300
9800,-550,1000,"sd","14:27:55",15332400
9650,-700,100,"sd","14:27:55",15331400
9700,-650,3000,"sd","14:27:55",15331300
9800,-550,1400,"sd","14:27:55",15328300
9700,-650,12900,"sd","14:27:55",15326900
9800,-550,100,"sd","14:27:55",15314000
9800,-550,2200,"sd","14:27:55",15313900
9750,-600,1500,"sd","14:27:55",15311700
9700,-650,400,"sd","14:27:55",15310200
9700,-650,8400,"sd","14:27:55",15309800
9800,-550,1400,"sd","14:27:55",15301400
9800,-550,11700,"sd","14:27:55",15300000
9800,-550,1100,"sd","14:27:55",15288300
9670,-680,20000,"sd","14:27:55",15287200
9700,-650,1000,"sd","14:27:55",15267200
9700,-650,2000,"sd","14:27:55",15266200
9700,-650,4800,"sd","14:27:55",15264200
9750,-600,13000,"sd","14:27:55",15259400
9890,-460,400,"sd","14:27:55",15246400
9700,-650,500,"sd","14:27:55",15246000
9700,-650,400,"sd","14:27:55",15245500
9700,-650,1000,"sd","14:27:55",15245100
9700,-650,300,"sd","14:27:55",15244100
9650,-700,4500,"sd","14:27:55",15243800
9700,-650,700,"sd","14:27:55",15239300
9900,-450,1000,"unknown","14:27:55",15238600
9850,-500,300,"unknown","14:27:55",15237600
9800,-550,200,"sd","14:27:55",15237300
9890,-460,1200,"unknown","14:27:55",15237100
9700,-650,2000,"sd","14:27:55",15235900
9700,-650,1500,"sd","14:27:55",15233900
9800,-550,200,"sd","14:27:55",15232400
9890,-460,6800,"unknown","14:27:55",15232200
9750,-600,5400,"sd","14:27:55",15225400
9750,-600,1100,"sd","14:27:55",15220000
9900,-450,1000,"unknown","14:27:55",15218900
9680,-670,21900,"sd","14:27:55",15217900
9900,-450,25700,"unknown","14:27:55",15196000
9750,-600,500,"sd","14:27:55",15170300
9650,-700,400,"sd","14:27:55",15169800
9650,-700,200,"sd","14:27:55",15169400
9710,-640,33000,"sd","14:27:55",15169200
9700,-650,200,"sd","14:27:55",15136200
9680,-670,100,"unknown","14:27:55",15136000
9700,-650,3700,"unknown","14:27:55",15135900
9800,-550,2000,"unknown","14:27:55",15132200
9700,-650,100,"unknown","14:27:55",15130200
9710,-640,500,"unknown","14:27:55",15130100
9900,-450,2300,"unknown","14:27:55",15129600
9800,-550,8000,"unknown","14:27:55",15127300
9800,-550,600,"unknown","14:27:55",15119300
9680,-670,2600,"unknown","14:27:55",15118700
9700,-650,3200,"unknown","14:27:55",15116100
9700,-650,4000,"unknown","14:27:55",15112900
9800,-550,700,"unknown","14:27:55",15108900
9810,-540,500,"unknown","14:27:55",15108200
9900,-450,1500,"unknown","14:27:55",15107700
9900,-450,1900,"unknown","14:27:55",15106200
9750,-600,3200,"unknown","14:27:55",15104300
9850,-500,1000,"unknown","14:27:55",15101100
9700,-650,500,"unknown","14:27:55",15100100
9800,-550,200,"unknown","14:27:55",15099600
9810,-540,2100,"unknown","14:27:55",15099400
9750,-600,300,"unknown","14:27:55",15097300
9800,-550,6300,"unknown","14:27:55",15097000
9900,-450,200,"unknown","14:27:55",15090700
9900,-450,200,"unknown","14:27:55",15090500
9700,-650,8200,"unknown","14:27:55",15090300
9810,-540,2100,"unknown","14:27:55",15082100
9750,-600,6100,"unknown","14:27:55",15080000
9700,-650,3400,"unknown","14:27:55",15073900
9900,-450,32400,"unknown","14:27:55",15070500
9700,-650,200,"unknown","14:27:55",15038100
9800,-550,700,"unknown","14:27:55",15037900
9680,-670,100,"unknown","14:27:55",15035200
9700,-650,2000,"unknown","14:27:55",15037200
9850,-500,200,"unknown","14:27:55",15035100
9700,-650,300,"unknown","14:27:55",15034900
9810,-540,100,"unknown","14:27:55",15034500
9650,-700,100,"sd","14:27:55",15034600
9650,-700,5800,"sd","14:27:55",15034400
9850,-500,3100,"unknown","14:27:55",15028600
9900,-450,10600,"unknown","14:27:55",15025500
9700,-650,100,"unknown","14:27:55",15014900
9650,-700,7600,"sd","14:27:55",15014800
9710,-640,10000,"unknown","14:27:55",15007200
9750,-600,2800,"unknown","14:27:55",14997200
9700,-650,200,"unknown","14:27:55",14994400
9900,-450,1000,"unknown","14:27:55",14994200
9900,-450,400,"unknown","14:27:55",14993200
9650,-700,2200,"sd","14:27:55",14992800
9650,-700,1000,"sd","14:27:55",14990600
9700,-650,202200,"unknown","14:27:55",14989600
9850,-500,3300,"unknown","14:27:55",14787400
9700,-650,1000,"unknown","14:27:55",14784100
9650,-700,100,"sd","14:27:55",14783100
9900,-450,14400,"unknown","14:27:55",14783000
9900,-450,12300,"unknown","14:27:55",14768600
9700,-650,100,"unknown","14:27:55",14756300
9700,-650,700,"unknown","14:27:55",14756200
9900,-450,1300,"unknown","14:27:55",14755500
9650,-700,2500,"sd","14:27:55",14754200
9900,-450,8800,"unknown","14:27:55",14751700
9700,-650,12500,"sd","14:27:55",14742900
9900,-450,200,"sd","14:27:55",14730400
9800,-550,4200,"sd","14:27:55",14730200
9800,-550,300,"sd","14:27:55",14726000
9800,-550,1000,"sd","14:27:55",14725700
9700,-650,10000,"sd","14:27:55",14724700
9750,-600,3300,"sd","14:27:55",14714700
9700,-650,300,"sd","14:27:55",14711400
9850,-500,1000,"sd","14:27:55",14711100
9650,-700,10000,"sd","14:27:55",14710100
9800,-550,1100,"sd","14:27:55",14700100
9800,-550,1100,"sd","14:27:55",14699000
9650,-700,3000,"sd","14:27:55",14697900
9900,-450,1000,"sd","14:27:55",14694900
9850,-500,100,"sd","14:27:55",14693900
9850,-500,300,"sd","14:27:55",14693800
9900,-450,2400,"sd","14:27:55",14693500
9700,-650,100,"sd","14:27:55",14691100
9660,-690,33200,"sd","14:27:55",14691000
9700,-650,1100,"sd","14:27:55",14657800
9900,-450,500,"sd","14:27:55",14656700
9700,-650,3300,"sd","14:27:54",14656200
9800,-550,8000,"sd","14:27:54",14652900
9800,-550,10100,"sd","14:27:54",14644900
9900,-450,6100,"sd","14:27:54",14634800
9750,-600,800,"sd","14:27:54",14628700
9700,-650,100,"sd","14:27:54",14627900
9700,-650,6300,"sd","14:27:54",14627800
9920,-430,300,"sd","14:27:54",14621500
9900,-450,6800,"sd","14:27:54",14621200
9650,-700,100,"sd","14:27:54",14614400
9650,-700,200,"sd","14:27:54",14614300
9800,-550,500,"sd","14:27:54",14614100
9700,-650,1400,"sd","14:27:54",14613600
9910,-440,500,"sd","14:27:54",14612200
9800,-550,100,"sd","14:27:54",14611700
9650,-700,5000,"sd","14:27:54",14611600
9660,-690,2500,"sd","14:27:54",14581700
9650,-700,24900,"sd","14:27:54",14606600
9700,-650,3200,"sd","14:27:54",14579200
9900,-450,150100,"sd","14:27:54",14576000
9800,-550,2900,"sd","14:27:54",14425900
9650,-700,200,"sd","14:27:54",14423000
9700,-650,100,"sd","14:27:54",14422800
9700,-650,900,"sd","14:27:54",14422700
9920,-430,7000,"sd","14:27:54",14421800
9910,-440,2000,"sd","14:27:54",14414800
9650,-700,1000,"sd","14:27:54",14412800
9900,-450,19500,"sd","14:27:54",14411800
9700,-650,200,"sd","14:27:54",14392300
9700,-650,200,"sd","14:27:54",14392100
9920,-430,5000,"sd","14:27:54",14391900
9700,-650,300,"sd","14:27:54",14386900
9800,-550,56200,"sd","14:27:54",14386600
9750,-600,200,"sd","14:27:54",14330400
9800,-550,1000,"sd","14:27:54",14330200
9900,-450,1000,"sd","14:27:54",14329200
9700,-650,700,"sd","14:27:54",14328200
9900,-450,11100,"sd","14:27:54",14327500
9910,-440,200,"sd","14:27:54",14316400
9900,-450,1000,"sd","14:27:54",14316200
9860,-490,27500,"sd","14:27:54",14315200
9900,-450,300,"sd","14:27:54",14287700
9800,-550,200,"sd","14:27:54",14287400
9750,-600,100,"sd","14:27:54",14287200
9850,-500,100,"sd","14:27:54",14287100
9920,-430,300,"sd","14:27:54",14287000
9800,-550,500,"sd","14:27:54",14286700
9900,-450,300,"sd","14:27:54",14286200
9860,-490,2600,"sd","14:27:54",14285900
9900,-450,600,"sd","14:27:54",14283300
9880,-470,2100,"sd","14:27:54",14282700
9910,-440,5000,"sd","14:27:54",14280600
9900,-450,1200,"sd","14:27:54",14275600
9900,-450,200,"sd","14:27:54",14274400
9900,-450,700,"sd","14:27:54",14274200
9900,-450,100,"sd","14:27:54",14273500
9900,-450,1200,"sd","14:27:54",14273400
9900,-450,500,"sd","14:27:54",14272200
9800,-550,20000,"sd","14:27:54",14271600
9900,-450,100,"sd","14:27:54",14271700
9900,-450,600,"sd","14:27:54",14251600
9900,-450,600,"sd","14:27:54",14251000
9900,-450,1100,"sd","14:27:54",14250400
9900,-450,500,"sd","14:27:54",14249300
9900,-450,5000,"sd","14:27:54",14248800
9900,-450,10800,"sd","14:27:54",14243800
9880,-470,200,"sd","14:27:54",14233000
9900,-450,500,"sd","14:27:54",14232800
9900,-450,1000,"sd","14:27:54",14232300
9910,-440,300,"sd","14:27:54",14231300
9900,-450,600,"sd","14:27:54",14231000
9900,-450,600,"sd","14:27:54",14230400
9930,-420,400,"sd","14:27:54",14229800
9900,-450,100,"sd","14:27:54",14229400
9900,-450,400,"sd","14:27:54",14229300
9930,-420,1000,"sd","14:27:54",14228900
9900,-450,100,"sd","14:27:54",14227900
9910,-440,500,"sd","14:27:54",14227800
9900,-450,500,"sd","14:27:54",14227300
9900,-450,2000,"sd","14:27:54",14226800
9930,-420,1100,"sd","14:27:54",14224800
9910,-440,500,"sd","14:27:54",14223700
9900,-450,500,"sd","14:27:54",14223200
9900,-450,100,"sd","14:27:54",14222700
9930,-420,24000,"sd","14:27:54",14222600
9920,-430,2000,"sd","14:27:54",14198600
9910,-440,1000,"sd","14:27:54",14196600
9900,-450,55100,"sd","14:27:54",14195600
9920,-430,51300,"sd","14:27:54",14140500
9950,-400,300,"sd","14:27:54",14089200
9920,-430,1300,"sd","14:27:54",14088900
9920,-430,5200,"sd","14:27:54",14087600
9950,-400,1000,"sd","14:27:54",14082400
9920,-430,300,"sd","14:27:54",14081400
9960,-390,170600,"sd","14:27:54",14081100
9920,-430,50000,"sd","14:27:54",13910500
9910,-440,1700,"sd","14:27:54",13860500
9920,-430,3000,"sd","14:27:54",13858800
9940,-410,100,"sd","14:27:54",13855800
9910,-440,400,"sd","14:27:54",13855700
9940,-410,200,"sd","14:27:54",13855300
9940,-410,200,"sd","14:27:54",13855100
9940,-410,2100,"sd","14:27:54",13854900
9940,-410,5000,"sd","14:27:54",13852800
9940,-410,200,"sd","14:27:54",13847800
9940,-410,200,"sd","14:27:54",13847600
9940,-410,100,"sd","14:27:54",13847400
9940,-410,100,"sd","14:27:54",13847300
9960,-390,10000,"sd","14:27:53",13847200
9960,-390,300,"sd","14:27:52",13837200
9950,-400,19600,"bu","14:27:52",13836900
9950,-400,100,"bu","14:27:50",13817300
9950,-400,1000,"bu","14:27:49",13817200
9950,-400,100,"bu","14:27:49",13816200
9950,-400,100,"bu","14:27:48",13816100
9950,-400,100,"bu","14:27:48",13816000
9950,-400,100,"bu","14:27:45",13815900
9950,-400,2000,"bu","14:27:42",13815800
9950,-400,1000,"bu","14:27:42",13813800
9950,-400,1000,"bu","14:27:41",13812800
9950,-400,1000,"bu","14:27:39",13811800
9950,-400,1500,"sd","14:27:38",13810800
9950,-400,2000,"sd","14:27:38",13809300
9950,-400,1000,"sd","14:27:38",13807300
9950,-400,300,"sd","14:27:38",13806300
9950,-400,1000,"sd","14:27:38",13806000
9950,-400,6000,"sd","14:27:38",13805000
9950,-400,500,"sd","14:27:38",13799000
9950,-400,100,"sd","14:27:38",13798500
9950,-400,100,"sd","14:27:38",13798400
9950,-400,500,"sd","14:27:38",13798300
9950,-400,100,"sd","14:27:38",13797800
9950,-400,500,"sd","14:27:38",13797700
9950,-400,300,"sd","14:27:38",13797200
9950,-400,600,"sd","14:27:38",13796900
9950,-400,6500,"sd","14:27:38",13796300
9950,-400,1000,"sd","14:27:38",13789800
9950,-400,1000,"sd","14:27:38",13788800
9950,-400,800,"sd","14:27:38",13787800
9950,-400,8500,"sd","14:27:38",13787000
9950,-400,20000,"sd","14:27:38",13778500
9970,-380,3000,"sd","14:27:38",13758500
9950,-400,200,"sd","14:27:38",13755500
9970,-380,1000,"sd","14:27:38",13755300
9950,-400,600,"sd","14:27:38",13754300
9970,-380,5000,"sd","14:27:38",13753700
9960,-390,500,"sd","14:27:38",13748700
9980,-370,100,"sd","14:27:38",13748200
9960,-390,200,"sd","14:27:38",13748100
9980,-370,100,"sd","14:27:38",13747900
9960,-390,100,"sd","14:27:38",13747800
9980,-370,10800,"sd","14:27:38",13747700
9990,-360,300,"bu","14:27:34",13736900
9990,-360,500,"bu","14:27:34",13736600
9990,-360,200,"bu","14:27:34",13736100
9980,-370,100,"sd","14:27:33",13735900
9990,-360,200,"bu","14:27:30",13735800
9990,-360,900,"bu","14:27:29",13735600
9990,-360,100,"bu","14:27:29",13734700
9990,-360,100,"bu","14:27:26",13734600
9990,-360,100,"bu","14:27:25",13734500
9990,-360,500,"bu","14:27:23",13734400
9990,-360,200,"bu","14:27:22",13733900
9990,-360,300,"bu","14:27:20",13733700
9990,-360,900,"bu","14:27:20",13733400
9990,-360,500,"bu","14:27:17",13732500
9980,-370,2000,"bu","14:27:15",13732000
9980,-370,100,"bu","14:27:15",13730000
9980,-370,500,"bu","14:27:15",13729900
9980,-370,100,"bu","14:27:15",13729400
9980,-370,5000,"bu","14:27:15",13729300
9980,-370,1400,"bu","14:27:15",13724300
9950,-400,100,"sd","14:27:15",13722900
9950,-400,10400,"sd","14:27:14",13722800
9950,-400,1000,"sd","14:27:14",13712400
9950,-400,1000,"sd","14:27:14",13711400
9950,-400,100,"sd","14:27:14",13710400
9950,-400,10000,"sd","14:27:14",13710300
9950,-400,1500,"sd","14:27:14",13700300
9950,-400,100,"sd","14:27:14",13698800
9950,-400,200,"sd","14:27:14",13698700
9950,-400,100,"sd","14:27:14",13698500
9950,-400,500,"sd","14:27:14",13698400
9960,-390,100,"sd","14:27:14",13697900
9950,-400,200,"sd","14:27:14",13697800
9950,-400,1000,"sd","14:27:14",13697600
9960,-390,500,"sd","14:27:14",13696600
9950,-400,6600,"sd","14:27:14",13696100
9960,-390,2000,"sd","14:27:14",13689500
9960,-390,4200,"sd","14:27:14",13687500
9950,-400,500,"sd","14:27:14",13683300
9960,-390,500,"sd","14:27:14",13682800
9950,-400,800,"sd","14:27:14",13682300
9970,-380,8900,"sd","14:27:14",13681500
9960,-390,500,"sd","14:27:14",13672600
9960,-390,28000,"sd","14:27:14",13672100
9960,-390,1000,"sd","14:27:14",13644100
9960,-390,200,"sd","14:27:14",13643100
9960,-390,20000,"sd","14:27:14",13642900
9980,-370,100,"bu","14:27:14",13622900
9970,-380,1000,"bu","14:27:10",13622800
9970,-380,5000,"bu","14:27:10",13621800
9970,-380,1400,"bu","14:27:10",13616800
9970,-380,2000,"bu","14:27:10",13615400
9970,-380,1700,"bu","14:27:10",13613400
9960,-390,800,"sd","14:27:10",13611700
9960,-390,200,"sd","14:27:10",13610900
9970,-380,200,"bu","14:27:07",13610700
9960,-390,500,"sd","14:27:03",13610500
9960,-390,200,"bu","14:27:00",13610000
9960,-390,200,"bu","14:27:00",13609800
9960,-390,100,"bu","14:27:00",13609600
9960,-390,200,"bu","14:27:00",13609500
9960,-390,500,"bu","14:27:00",13609300
9960,-390,3100,"bu","14:27:00",13608800
9960,-390,100,"bu","14:26:59",13605700
9960,-390,2600,"bu","14:26:59",13605600
9960,-390,1000,"bu","14:26:56",13603000
9960,-390,1000,"bu","14:26:53",13602000
9960,-390,100,"bu","14:26:52",13601000
9950,-400,500,"sd","14:26:51",13600900
9950,-400,100,"sd","14:26:51",13600400
9950,-400,1400,"sd","14:26:51",13600300
9960,-390,200,"bu","14:26:49",13598900
9950,-400,100,"sd","14:26:48",13598700
9960,-390,200,"bu","14:26:45",13598600
9960,-390,100,"bu","14:26:43",13598400
9960,-390,100,"bu","14:26:42",13598300
9960,-390,200,"bu","14:26:42",13598200
9950,-400,200,"sd","14:26:41",13598000
9960,-390,1300,"bu","14:26:39",13597800
9960,-390,700,"bu","14:26:39",13596500
9960,-390,1200,"bu","14:26:36",13595800
9950,-400,5300,"sd","14:26:33",13594600
9950,-400,4700,"sd","14:26:33",13589300
9960,-390,200,"sd","14:26:32",13584600
9970,-380,100,"bu","14:26:26",13584400
9970,-380,300,"bu","14:26:25",13584300
9950,-400,1000,"sd","14:26:22",13584000
9950,-400,100,"sd","14:26:21",13583000
9950,-400,4200,"sd","14:26:20",13582900
9950,-400,300,"sd","14:26:20",13578700
9950,-400,500,"sd","14:26:20",13578400
9950,-400,200,"sd","14:26:20",13577900
9970,-380,1000,"bu","14:26:16",13577700
9960,-390,500,"bu","14:26:16",13576700
9950,-400,300,"bu","14:26:15",13576200
9940,-410,200,"sd","14:26:13",13575900
9950,-400,100,"bu","14:26:13",13575700
9950,-400,100,"bu","14:26:13",13575600
9950,-400,1000,"sd","14:26:12",13575500
9950,-400,100,"sd","14:26:12",13574500
9950,-400,100,"sd","14:26:12",13574400
9950,-400,1500,"sd","14:26:12",13574300
9950,-400,200,"sd","14:26:12",13572800
9950,-400,500,"sd","14:26:12",13572600
9950,-400,100,"sd","14:26:12",13572100
9950,-400,1000,"sd","14:26:12",13572000
9950,-400,500,"sd","14:26:12",13571000
9950,-400,100,"sd","14:26:12",13570500
9950,-400,30000,"sd","14:26:12",13570400
9950,-400,10000,"sd","14:26:12",13540400
9950,-400,500,"sd","14:26:12",13530400
9950,-400,100,"sd","14:26:12",13529900
9950,-400,100,"sd","14:26:12",13529800
9950,-400,1100,"sd","14:26:12",13529700
9950,-400,700,"sd","14:26:12",13528600
9950,-400,1900,"sd","14:26:12",13527900
9950,-400,1000,"sd","14:26:09",13526000
9950,-400,1000,"sd","14:26:09",13525000
9950,-400,1000,"sd","14:26:09",13524000
9950,-400,600,"sd","14:26:09",13523000
9950,-400,400,"sd","14:26:09",13522400
9960,-390,100,"sd","14:26:09",13522000
9970,-380,200,"bu","14:26:05",13521900
9950,-400,500,"sd","14:26:04",13521700
9950,-400,4800,"sd","14:26:03",13521200
9960,-390,100,"sd","14:26:03",13516400
9960,-390,100,"sd","14:26:03",13516300
9950,-400,200,"sd","14:25:56",13516200
9950,-400,2000,"sd","14:25:52",13516000
9950,-400,4300,"sd","14:25:51",13514000
9950,-400,100,"sd","14:25:51",13509700
9950,-400,100,"sd","14:25:51",13509600
9950,-400,3200,"sd","14:25:51",13509500
9950,-400,5000,"sd","14:25:46",13506300
9950,-400,100,"sd","14:25:42",13501300
9950,-400,3000,"bu","14:25:42",13501200
9950,-400,400,"bu","14:25:42",13498200
9950,-400,500,"bu","14:25:42",13497800
9950,-400,1000,"bu","14:25:41",13497300
9950,-400,6800,"bu","14:25:41",13496300
9950,-400,300,"bu","14:25:41",13489500
9950,-400,1500,"bu","14:25:39",13489200
9930,-420,45000,"sd","14:25:39",13487700
9930,-420,300,"sd","14:25:39",13442700
9930,-420,2400,"sd","14:25:39",13442400
9940,-410,1000,"sd","14:25:39",13440000
9940,-410,200,"sd","14:25:39",13439000
9940,-410,100,"sd","14:25:39",13438800
9940,-410,500,"sd","14:25:39",13438700
9940,-410,100,"sd","14:25:39",13438200
9940,-410,100,"sd","14:25:39",13438100
9940,-410,300,"sd","14:25:39",13438000
9950,-400,200,"bu","14:25:39",13437700
9950,-400,1000,"bu","14:25:39",13437500
9940,-410,200,"sd","14:25:39",13436500
9950,-400,700,"bu","14:25:38",13436300
9950,-400,500,"bu","14:25:36",13435600
9950,-400,3000,"bu","14:25:34",13435100
9950,-400,1000,"bu","14:25:34",13432100
9950,-400,100,"bu","14:25:34",13431100
9950,-400,100,"bu","14:25:31",13431000
9950,-400,100,"bu","14:25:30",13430900
9950,-400,5000,"sd","14:25:28",13430800
9950,-400,1000,"sd","14:25:28",13425800
9950,-400,1000,"sd","14:25:28",13424800
9950,-400,100,"sd","14:25:28",13423800
9950,-400,100,"sd","14:25:28",13423700
9950,-400,1000,"sd","14:25:28",13423600
9950,-400,700,"sd","14:25:28",13422600
9950,-400,5000,"sd","14:25:28",13421900
9950,-400,300,"sd","14:25:28",13416900
9950,-400,100,"sd","14:25:28",13416600
9950,-400,100,"sd","14:25:28",13416500
9950,-400,600,"sd","14:25:28",13416400
9950,-400,2000,"sd","14:25:28",13415800
9950,-400,600,"sd","14:25:28",13413800
9950,-400,200,"sd","14:25:28",13413200
9950,-400,1000,"sd","14:25:28",13413000
9950,-400,1500,"sd","14:25:28",13412000
9950,-400,300,"sd","14:25:28",13410500
9950,-400,600,"sd","14:25:28",13410200
9950,-400,200,"sd","14:25:28",13409600
9950,-400,100,"sd","14:25:28",13409400
9950,-400,2000,"sd","14:25:28",13409300
9950,-400,1200,"sd","14:25:28",13407300
9980,-370,100,"bu","14:25:20",13406100
9980,-370,200,"bu","14:25:20",13406000
9950,-400,16200,"sd","14:25:19",13405800
9960,-390,800,"sd","14:25:19",13389600
9960,-390,200,"sd","14:25:18",13388800
9980,-370,100,"bu","14:25:17",13388600
9950,-400,74800,"sd","14:25:16",13388500
9960,-390,500,"sd","14:25:16",13313700
9960,-390,100,"sd","14:25:16",13313200
9960,-390,2000,"sd","14:25:16",13313100
9960,-390,100,"sd","14:25:16",13311100
9960,-390,500,"sd","14:25:16",13311000
9960,-390,10000,"sd","14:25:16",13310500
9980,-370,600,"bu","14:25:15",13300500
9980,-370,200,"bu","14:25:14",13299900
9980,-370,500,"bu","14:25:11",13299700
9980,-370,1000,"bu","14:25:07",13299200
9980,-370,100,"bu","14:25:02",13298200
9980,-370,400,"bu","14:25:02",13298100
9980,-370,300,"bu","14:25:02",13297700
9980,-370,300,"bu","14:25:02",13297400
9950,-400,500,"sd","14:25:01",13297100
9950,-400,2900,"sd","14:25:00",13296600
9960,-390,100,"sd","14:25:00",13293700
9980,-370,100,"bu","14:24:57",13293600
9950,-400,8000,"sd","14:24:57",13293500
9980,-370,300,"bu","14:24:56",13285500
9950,-400,800,"sd","14:24:56",13285200
9960,-390,300,"unknown","14:24:56",13284400
9950,-400,2000,"sd","14:24:55",13284100
9950,-400,100,"sd","14:24:55",13282100
9950,-400,600,"sd","14:24:55",13282000
9950,-400,100,"sd","14:24:55",13281400
9950,-400,197200,"sd","14:24:55",13281300
9950,-400,2800,"sd","14:24:51",13084100
9960,-390,500,"sd","14:24:51",13081300
9960,-390,2100,"sd","14:24:51",13080800
9960,-390,1000,"sd","14:24:51",13078700
9980,-370,200,"bu","14:24:46",13077700
9960,-390,2900,"sd","14:24:42",13077500
9970,-380,100,"sd","14:24:42",13074600
9950,-400,7000,"sd","14:24:40",13074500
9950,-400,100,"sd","14:24:40",13067500
9950,-400,10000,"sd","14:24:40",13067400
9950,-400,500,"sd","14:24:40",13057400
9950,-400,300,"sd","14:24:40",13056900
9950,-400,500,"sd","14:24:40",13056600
9950,-400,100,"sd","14:24:39",13056100
9950,-400,100,"sd","14:24:39",13056000
9950,-400,100,"sd","14:24:39",13055900
9950,-400,300,"sd","14:24:39",13055800
9950,-400,1000,"sd","14:24:39",13055500
9950,-400,500,"sd","14:24:39",13054500
9950,-400,600,"sd","14:24:39",13054000
9950,-400,100,"sd","14:24:39",13053400
9950,-400,100,"sd","14:24:39",13053300
9950,-400,1000,"sd","14:24:39",13053200
9950,-400,100,"sd","14:24:39",13052200
9950,-400,200,"sd","14:24:39",13052100
9950,-400,11200,"sd","14:24:39",13051900
9960,-390,5000,"sd","14:24:39",13040700
9960,-390,4000,"sd","14:24:39",13035700
9970,-380,100,"sd","14:24:39",13031700
9980,-370,1000,"bu","14:24:39",13031600
9960,-390,1000,"sd","14:24:34",13030600
9980,-370,200,"bu","14:24:33",13029600
9950,-400,12000,"sd","14:24:26",13029400
9950,-400,200,"sd","14:24:20",13017400
9950,-400,400,"sd","14:24:17",13017200
9950,-400,2400,"sd","14:24:16",13016800
9960,-390,100,"sd","14:24:16",13014400
9950,-400,100,"sd","14:24:15",13014300
9960,-390,100,"sd","14:24:15",13014200
9960,-390,100,"sd","14:24:15",13014100
9980,-370,100,"bu","14:24:13",13014000
9950,-400,100,"sd","14:24:11",13013900
9960,-390,500,"sd","14:24:11",13013800
9960,-390,100,"sd","14:24:11",13013300
9950,-400,100000,"sd","14:24:08",13013200
9950,-400,10000,"sd","14:24:06",12913200
9950,-400,200,"sd","14:24:01",12903200
9950,-400,23200,"sd","14:23:58",12903000
9950,-400,100,"sd","14:23:54",12879800
9950,-400,1000,"bu","14:23:54",12879700
9950,-400,1000,"bu","14:23:54",12878700
9950,-400,1000,"bu","14:23:54",12877700
9950,-400,300,"bu","14:23:54",12876700
9950,-400,500,"bu","14:23:54",12876400
9950,-400,4000,"bu","14:23:54",12875900
9950,-400,27400,"bu","14:23:54",12871900
9920,-430,4900,"bu","14:23:54",12844500
9920,-430,100,"bu","14:23:54",12839600
9950,-400,59100,"bu","14:23:52",12839500
9950,-400,1500,"bu","14:23:52",12780400
9930,-420,30000,"bu","14:23:52",12778900
9950,-400,500,"bu","14:23:52",12748900
9930,-420,700,"bu","14:23:52",12748400
9920,-430,200,"bu","14:23:52",12747700
9920,-430,8500,"bu","14:23:52",12747500
9920,-430,100,"bu","14:23:50",12739000
9920,-430,500,"bu","14:23:46",12738900
9920,-430,100,"bu","14:23:46",12738400
9920,-430,600,"bu","14:23:45",12738300
9920,-430,200,"unknown","14:23:41",12737700
9900,-450,1800,"sd","14:23:37",12737500
9910,-440,200,"sd","14:23:37",12735700
9950,-400,200,"bu","14:23:37",12735500
9910,-440,100,"sd","14:23:36",12735300
9910,-440,100,"sd","14:23:36",12735200
9900,-450,10600,"sd","14:23:36",12735100
9910,-440,300,"sd","14:23:36",12724500
9910,-440,1000,"sd","14:23:36",12724200
9910,-440,500,"sd","14:23:36",12723200
9910,-440,300,"sd","14:23:36",12722700
9910,-440,1000,"sd","14:23:36",12722400
9910,-440,2000,"sd","14:23:36",12721400
9920,-430,2000,"sd","14:23:36",12719400
9920,-430,100,"sd","14:23:36",12717400
9920,-430,100,"sd","14:23:36",12717300
9920,-430,200,"sd","14:23:36",12717200
9920,-430,500,"sd","14:23:36",12717000
9930,-420,200,"sd","14:23:36",12716500
9930,-420,500,"sd","14:23:36",12716300
9930,-420,100,"sd","14:23:36",12715800
9930,-420,500,"sd","14:23:36",12715700
9930,-420,100,"sd","14:23:36",12715200
9950,-400,300,"bu","14:23:35",12715100
9950,-400,100,"bu","14:23:35",12714800
9950,-400,100,"bu","14:23:33",12714700
9950,-400,100,"bu","14:23:29",12714600
9950,-400,600,"bu","14:23:22",12714500
9950,-400,200,"bu","14:23:15",12713900
9950,-400,600,"bu","14:23:14",12713700
9940,-410,400,"bu","14:23:14",12713100
9950,-400,800,"bu","14:23:08",12712700
9930,-420,200,"bu","14:23:08",12711900
9930,-420,100,"bu","14:23:07",12711700
9930,-420,500,"bu","14:23:05",12711600
9910,-440,1000,"sd","14:23:03",12711100
9930,-420,200,"sd","14:23:02",12710100
9950,-400,300,"bu","14:23:02",12709900
9950,-400,200,"bu","14:23:01",12709600
9950,-400,600,"bu","14:23:00",12709400
9950,-400,1000,"bu","14:23:00",12708800
9950,-400,3000,"bu","14:22:59",12707800
9950,-400,200,"bu","14:22:57",12704800
9950,-400,100,"bu","14:22:56",12704600
9950,-400,100,"bu","14:22:56",12704500
9950,-400,200,"bu","14:22:56",12704400
9900,-450,4000,"sd","14:22:54",12704200
9950,-400,5600,"unknown","14:22:54",12700200
9920,-430,100,"sd","14:22:53",12694600
9920,-430,100,"sd","14:22:53",12694500
9920,-430,500,"sd","14:22:53",12694400
9930,-420,1000,"sd","14:22:53",12693900
9930,-420,1000,"sd","14:22:53",12692900
9940,-410,1000,"sd","14:22:53",12691900
9950,-400,1000,"sd","14:22:53",12690900
9950,-400,100,"sd","14:22:53",12689900
9950,-400,1000,"sd","14:22:53",12689800
9950,-400,600,"sd","14:22:53",12688800
9900,-450,1200,"sd","14:22:53",12688200
9950,-400,3000,"sd","14:22:53",12687000
9950,-400,1000,"sd","14:22:53",12684000
9900,-450,500,"sd","14:22:53",12683000
9950,-400,100,"sd","14:22:53",12682500
9910,-440,100,"sd","14:22:53",12682400
9950,-400,200,"sd","14:22:53",12682300
9910,-440,200,"sd","14:22:53",12682100
9950,-400,100,"sd","14:22:53",12681900
9910,-440,100,"sd","14:22:53",12681800
9950,-400,500,"sd","14:22:53",12681700
9910,-440,100,"sd","14:22:53",12681200
9950,-400,100,"sd","14:22:53",12681100
9920,-430,400,"sd","14:22:53",12681000
9950,-400,1000,"sd","14:22:53",12680600
9950,-400,600,"sd","14:22:53",12679600
9950,-400,4400,"sd","14:22:53",12679000
9950,-400,600,"sd","14:22:53",12674600
9950,-400,1000,"sd","14:22:53",12674000
9950,-400,200,"sd","14:22:53",12673000
9960,-390,300,"sd","14:22:53",12672800
9980,-370,100,"bu","14:22:51",12672500
9960,-390,400,"bu","14:22:50",12672400
9950,-400,1100,"sd","14:22:49",12672000
9950,-400,100,"sd","14:22:49",12670900
9950,-400,800,"sd","14:22:49",12670800
9950,-400,200,"sd","14:22:49",12670000
9960,-390,200,"bu","14:22:49",12669800
9950,-400,100,"sd","14:22:47",12669600
9950,-400,100,"sd","14:22:47",12669500
9960,-390,1000,"bu","14:22:47",12669400
9950,-400,200,"sd","14:22:44",12668400
9950,-400,100,"sd","14:22:44",12668200
9950,-400,300,"sd","14:22:44",12668100
9950,-400,900,"sd","14:22:44",12667800
9960,-390,300,"bu","14:22:43",12666900
9960,-390,300,"bu","14:22:43",12666600
9960,-390,200,"sd","14:22:41",12666300
9960,-390,1500,"sd","14:22:41",12666100
9960,-390,600,"sd","14:22:41",12664600
9960,-390,200,"sd","14:22:40",12664000
9960,-390,200,"sd","14:22:35",12663800
9980,-370,100,"bu","14:22:32",12663600
9950,-400,1100,"sd","14:22:26",12663500
9950,-400,500,"sd","14:22:26",12662400
9950,-400,1000,"sd","14:22:26",12661900
9950,-400,500,"sd","14:22:26",12660900
9950,-400,200,"sd","14:22:26",12660400
9970,-380,1700,"sd","14:22:26",12660200
9980,-370,100,"bu","14:22:26",12658500
9950,-400,200,"sd","14:22:18",12658400
9960,-390,100,"sd","14:22:18",12658200
9970,-380,100,"sd","14:22:18",12658100
9980,-370,100,"bu","14:22:17",12658000
9980,-370,600,"bu","14:22:15",12657900
9950,-400,100,"sd","14:22:14",12657300
9950,-400,100,"sd","14:22:14",12657200
9970,-380,800,"sd","14:22:14",12657100
9970,-380,600,"sd","14:22:14",12656300
9960,-390,100,"sd","14:22:14",12655700
9960,-390,200,"sd","14:22:14",12655600
9960,-390,200,"sd","14:22:14",12655400
9980,-370,2000,"bu","14:22:13",12655200
9980,-370,300,"bu","14:22:12",12653200
9980,-370,100,"bu","14:22:11",12652900
9970,-380,4400,"sd","14:22:10",12652800
9970,-380,500,"sd","14:22:10",12648300
9970,-380,100,"sd","14:22:10",12648400
9980,-370,4400,"sd","14:22:10",12647800
9980,-370,1000,"bu","14:22:09",12643400
9980,-370,2900,"bu","14:22:09",12642400
9980,-370,300,"bu","14:22:09",12639500
9980,-370,1400,"bu","14:22:09",12639200
9980,-370,100,"bu","14:22:09",12637800
9980,-370,100,"bu","14:22:05",12637700
9980,-370,100,"bu","14:22:04",12637600
9980,-370,1500,"sd","14:22:04",12637500
9980,-370,1800,"sd","14:22:04",12636000
9980,-370,100,"sd","14:22:04",12634200
9980,-370,1000,"sd","14:22:03",12634100
9980,-370,2000,"sd","14:22:02",12633100
9990,-360,300,"bu","14:22:00",12631100
9980,-370,800,"sd","14:21:59",12630800
9980,-370,100,"sd","14:21:59",12630000
9980,-370,9100,"sd","14:21:59",12629900
9990,-360,1000,"bu","14:21:55",12620800
9980,-370,2000,"sd","14:21:55",12619800
9980,-370,8900,"sd","14:21:54",12617800
9980,-370,1000,"sd","14:21:54",12608900
9980,-370,1000,"sd","14:21:53",12607900
9980,-370,100,"sd","14:21:53",12606900
9980,-370,200,"sd","14:21:53",12606500
9980,-370,300,"sd","14:21:53",12606800
9990,-360,4200,"sd","14:21:53",12606300
9990,-360,200,"sd","14:21:53",12602100
9990,-360,1000,"sd","14:21:53",12601900
9990,-360,700,"sd","14:21:53",12600900
9990,-360,200,"sd","14:21:53",12600200
9990,-360,1100,"sd","14:21:53",12600000
9990,-360,300,"sd","14:21:53",12598900
9990,-360,2300,"sd","14:21:53",12598600
10000,-350,600,"bu","14:21:52",12596300
10000,-350,200,"bu","14:21:50",12595700
9990,-360,2000,"sd","14:21:46",12595500
9990,-360,700,"sd","14:21:46",12593500
9990,-360,1500,"sd","14:21:46",12592800
9990,-360,500,"sd","14:21:46",12591300
9990,-360,3100,"sd","14:21:46",12590800
9990,-360,500,"sd","14:21:44",12587700
9990,-360,500,"sd","14:21:44",12587200
9990,-360,200,"sd","14:21:44",12586700
9990,-360,2600,"sd","14:21:44",12586500
9990,-360,6900,"sd","14:21:44",12583900
9990,-360,100,"sd","14:21:44",12577000
9990,-360,500,"sd","14:21:44",12576900
9990,-360,100,"sd","14:21:43",12576400
9990,-360,600,"sd","14:21:43",12576300
9990,-360,5000,"sd","14:21:43",12575700
10000,-350,100,"bu","14:21:41",12570700
9990,-360,500,"sd","14:21:38",12570600
10000,-350,100,"bu","14:21:38",12570100
9990,-360,1900,"sd","14:21:36",12570000
9990,-360,100,"sd","14:21:36",12568100
10000,-350,100,"bu","14:21:35",12568000
10000,-350,100,"bu","14:21:32",12567900
10000,-350,600,"bu","14:21:29",12567800
10000,-350,2000,"bu","14:21:28",12567200
10000,-350,500,"bu","14:21:28",12565200
10000,-350,2000,"bu","14:21:28",12564700
10000,-350,100,"bu","14:21:28",12562700
10000,-350,200,"bu","14:21:28",12562600
10000,-350,100,"bu","14:21:28",12562400
10000,-350,100,"unknown","14:21:28",12562300
10000,-350,400,"unknown","14:21:28",12562200
10000,-350,500,"sd","14:21:28",12561800
10000,-350,100,"sd","14:21:28",12561300
10000,-350,300,"sd","14:21:28",12561200
10000,-350,100,"sd","14:21:28",12560900
10000,-350,1000,"sd","14:21:28",12560800
10000,-350,200,"sd","14:21:28",12559800
10000,-350,100,"sd","14:21:28",12559600
10000,-350,5300,"sd","14:21:28",12559500
10000,-350,100,"sd","14:21:28",12554200
10000,-350,500,"sd","14:21:28",12554100
10000,-350,600,"sd","14:21:28",12553600
10000,-350,2200,"sd","14:21:28",12553000
10000,-350,1000,"sd","14:21:28",12550800
10000,-350,100,"sd","14:21:28",12549800
10000,-350,1000,"sd","14:21:28",12549700
10000,-350,2000,"sd","14:21:28",12548700
10000,-350,700,"sd","14:21:28",12546700
10000,-350,15000,"sd","14:21:28",12546000
10000,-350,100,"sd","14:21:28",12531000
10000,-350,1400,"sd","14:21:27",12530900
10000,-350,10900,"sd","14:21:27",12529500
10000,-350,1000,"sd","14:21:27",12518600
10000,-350,100,"sd","14:21:27",12517600
10000,-350,200,"sd","14:21:27",12517500
10000,-350,100,"sd","14:21:27",12517300
10000,-350,1500,"sd","14:21:27",12517200
10000,-350,2000,"sd","14:21:27",12515700
10000,-350,1500,"sd","14:21:27",12513700
10000,-350,100,"sd","14:21:27",12512200
10000,-350,200,"sd","14:21:27",12512100
10000,-350,1000,"sd","14:21:27",12511900
10000,-350,500,"sd","14:21:27",12510900
10000,-350,500,"sd","14:21:27",12510400
10000,-350,3000,"sd","14:21:27",12509900
10000,-350,2100,"sd","14:21:27",12506900
10000,-350,200,"sd","14:21:27",12504800
10000,-350,200,"sd","14:21:27",12504600
10000,-350,400,"sd","14:21:27",12504400
10000,-350,500,"sd","14:21:27",12504000
10000,-350,1000,"sd","14:21:27",12503500
10000,-350,7000,"sd","14:21:27",12502500
10000,-350,200,"sd","14:21:27",12495500
10000,-350,1700,"sd","14:21:27",12495300
10000,-350,100,"sd","14:21:27",12493600
10000,-350,900,"sd","14:21:27",12493500
10000,-350,100,"sd","14:21:27",12492600
10000,-350,200,"sd","14:21:27",12492500
10000,-350,300,"sd","14:21:27",12492300
10000,-350,3500,"sd","14:21:27",12492000
10000,-350,1000,"sd","14:21:27",12488500
10000,-350,5000,"sd","14:21:27",12487500
10000,-350,2000,"sd","14:21:27",12482500
10000,-350,500,"sd","14:21:27",12480500
10000,-350,1000,"sd","14:21:27",12480000
10000,-350,100,"sd","14:21:27",12479000
10000,-350,5000,"sd","14:21:27",12478900
10000,-350,1000,"sd","14:21:27",12473900
10000,-350,500,"sd","14:21:27",12472900
10000,-350,1000,"sd","14:21:27",12472400
10000,-350,10000,"sd","14:21:27",12471400
10000,-350,300,"sd","14:21:27",12461400
10000,-350,300,"sd","14:21:27",12461100
10000,-350,2000,"sd","14:21:27",12460800
10000,-350,20000,"sd","14:21:27",12458800
10000,-350,1000,"sd","14:21:27",12438800
10000,-350,2000,"sd","14:21:27",12437800
10000,-350,1000,"sd","14:21:27",12435800
10000,-350,3000,"sd","14:21:27",12434800
10000,-350,200,"sd","14:21:27",12431800
10000,-350,500,"sd","14:21:27",12431600
10000,-350,2000,"sd","14:21:27",12431100
10000,-350,6500,"sd","14:21:27",12429100
10000,-350,200,"sd","14:21:27",12422600
10000,-350,200,"sd","14:21:27",12422400
10000,-350,1000,"sd","14:21:27",12422200
10000,-350,1000,"sd","14:21:27",12421200
10000,-350,1000,"sd","14:21:27",12420200
10000,-350,500,"sd","14:21:27",12419200
10000,-350,200,"sd","14:21:27",12418700
10000,-350,2000,"sd","14:21:27",12418500
10000,-350,20000,"sd","14:21:27",12416500
10000,-350,1000,"sd","14:21:27",12396500
10000,-350,200,"sd","14:21:27",12395500
10000,-350,200,"sd","14:21:27",12395300
10000,-350,100,"sd","14:21:27",12395100
10050,-300,300,"bu","14:21:27",12395000
10000,-350,100,"sd","14:21:27",12394700
10000,-350,100,"sd","14:21:27",12394600
10000,-350,500,"sd","14:21:27",12394500
10000,-350,300,"sd","14:21:27",12394000
10050,-300,100,"bu","14:21:27",12393700
10000,-350,200,"sd","14:21:27",12393600
10000,-350,500,"sd","14:21:27",12393400
10000,-350,8300,"sd","14:21:27",12392900
10000,-350,100,"sd","14:21:27",12384600
10000,-350,100,"sd","14:21:27",12384500
10000,-350,1700,"sd","14:21:27",12384400
10000,-350,1000,"sd","14:21:27",12382700
10000,-350,100,"sd","14:21:27",12381700
10000,-350,300,"sd","14:21:27",12381600
10000,-350,100,"sd","14:21:27",12381300
10000,-350,200,"sd","14:21:27",12381200
10000,-350,100,"sd","14:21:27",12381000
10000,-350,300,"sd","14:21:27",12380900
10000,-350,200,"sd","14:21:26",12380600
10000,-350,1000,"sd","14:21:26",12380400
10000,-350,2000,"sd","14:21:26",12379400
10000,-350,1800,"sd","14:21:26",12377400
10000,-350,200,"sd","14:21:26",12375600
10000,-350,3000,"sd","14:21:26",12375400
10000,-350,400,"sd","14:21:26",12372400
10000,-350,2600,"sd","14:21:25",12372000
10000,-350,1000,"sd","14:21:25",12369400
10000,-350,1000,"sd","14:21:25",12368400
10000,-350,100,"sd","14:21:25",12367400
10000,-350,100,"sd","14:21:25",12367300
10000,-350,200,"sd","14:21:25",12367200
10000,-350,500,"sd","14:21:25",12367000
10000,-350,200,"sd","14:21:25",12366500
10000,-350,500,"sd","14:21:25",12366300
10000,-350,100,"sd","14:21:25",12365800
10000,-350,600,"sd","14:21:25",12365700
10000,-350,1000,"sd","14:21:25",12365100
10000,-350,500,"sd","14:21:25",12364100
10000,-350,500,"sd","14:21:25",12363600
10000,-350,200,"sd","14:21:25",12363100
10000,-350,300,"sd","14:21:25",12362900
10000,-350,200,"sd","14:21:25",12362600
10000,-350,5000,"sd","14:21:25",12362400
10000,-350,500,"sd","14:21:25",12357400
10000,-350,1000,"sd","14:21:25",12356900
10000,-350,1000,"sd","14:21:25",12355900
10000,-350,2200,"sd","14:21:25",12354900
10000,-350,700,"sd","14:21:25",12352700
10000,-350,1000,"sd","14:21:24",12352000
10000,-350,100,"sd","14:21:24",12351000
10000,-350,200,"sd","14:21:24",12350900
10000,-350,1000,"sd","14:21:24",12350700
10000,-350,1000,"sd","14:21:24",12349700
10000,-350,800,"sd","14:21:24",12348700
10000,-350,100,"sd","14:21:23",12347900
10000,-350,100,"sd","14:21:22",12347800
10000,-350,1000,"sd","14:21:22",12347700
10000,-350,500,"sd","14:21:22",12346700
10000,-350,5000,"sd","14:21:22",12346200
10000,-350,3400,"sd","14:21:22",12341200
10000,-350,2600,"sd","14:21:22",12337800
10000,-350,1000,"sd","14:21:22",12335200
10000,-350,100,"sd","14:21:22",12334200
10000,-350,1000,"sd","14:21:22",12334100
10000,-350,300,"sd","14:21:22",12333100
10000,-350,1000,"sd","14:21:22",12332800
10000,-350,100,"sd","14:21:22",12331800
10000,-350,200,"sd","14:21:22",12331700
10000,-350,200,"sd","14:21:22",12331500
10000,-350,200,"sd","14:21:22",12331300
10000,-350,1500,"sd","14:21:22",12331100
10000,-350,1300,"sd","14:21:22",12329600
10000,-350,200,"sd","14:21:22",12328300
10000,-350,100,"sd","14:21:22",12328100
10000,-350,100,"sd","14:21:22",12328000
10000,-350,1000,"sd","14:21:22",12327900
10000,-350,5000,"sd","14:21:22",12326900
10000,-350,400,"sd","14:21:22",12321900
10000,-350,1000,"sd","14:21:22",12321500
10000,-350,5000,"sd","14:21:22",12320500
10000,-350,5000,"sd","14:21:22",12315500
10000,-350,100,"sd","14:21:22",12310500
10000,-350,1000,"sd","14:21:22",12310400
10000,-350,100,"sd","14:21:22",12309400
10000,-350,100,"sd","14:21:22",12309300
10000,-350,500,"sd","14:21:22",12309200
10000,-350,1000,"sd","14:21:22",12308700
10000,-350,1000,"sd","14:21:22",12307700
10000,-350,100,"sd","14:21:22",12306700
10000,-350,200,"sd","14:21:22",12306600
10000,-350,2000,"sd","14:21:22",12306400
10000,-350,1000,"sd","14:21:22",12304400
10000,-350,500,"sd","14:21:22",12303400
10000,-350,1000,"sd","14:21:22",12302900
10000,-350,100,"sd","14:21:22",12301900
10000,-350,1000,"sd","14:21:22",12301800
10000,-350,100,"sd","14:21:22",12300800
10000,-350,2000,"sd","14:21:22",12300700
10000,-350,900,"sd","14:21:22",12298700
10000,-350,100,"sd","14:21:21",12297800
10000,-350,100,"sd","14:21:21",12297700
10000,-350,300,"sd","14:21:21",12297600
10000,-350,100,"sd","14:21:21",12297300
10000,-350,9900,"sd","14:21:21",12297200
10000,-350,3000,"sd","14:21:21",12287300
10000,-350,1400,"sd","14:21:20",12284300
10000,-350,1000,"sd","14:21:20",12282900
10000,-350,600,"sd","14:21:20",12281900
10000,-350,2000,"sd","14:21:20",12281300
10000,-350,2100,"sd","14:21:18",12279300
10000,-350,1000,"sd","14:21:18",12277200
10000,-350,200,"sd","14:21:18",12276200
10000,-350,200,"sd","14:21:18",12276000
10000,-350,1000,"sd","14:21:18",12275800
10000,-350,300,"sd","14:21:18",12274800
10000,-350,200,"sd","14:21:18",12274500
10000,-350,1000,"sd","14:21:18",12274300
10000,-350,1000,"sd","14:21:18",12273300
10000,-350,100,"sd","14:21:18",12272300
10000,-350,300,"sd","14:21:18",12272200
10000,-350,1000,"sd","14:21:17",12271900
10050,-300,300,"bu","14:21:16",12270900
10000,-350,300,"sd","14:21:16",12270600
10000,-350,5000,"sd","14:21:16",12270300
10000,-350,3000,"sd","14:21:15",12265300
10000,-350,400,"sd","14:21:14",12262300
10000,-350,500,"sd","14:21:14",12261900
10000,-350,500,"sd","14:21:14",12261400
10000,-350,1600,"sd","14:21:14",12260900
10000,-350,400,"sd","14:21:13",12259300
10000,-350,1500,"sd","14:21:13",12258900
10000,-350,600,"sd","14:21:13",12257400
10000,-350,100,"sd","14:21:13",12256800
10000,-350,300,"sd","14:21:12",12256700
10000,-350,200,"sd","14:21:12",12256400
10000,-350,1000,"sd","14:21:12",12256200
10000,-350,1000,"sd","14:21:12",12255200
10000,-350,2000,"sd","14:21:12",12254200
10000,-350,2000,"sd","14:21:12",12252200
10000,-350,300,"sd","14:21:12",12250200
10000,-350,500,"sd","14:21:12",12249900
10000,-350,1000,"sd","14:21:12",12249400
10000,-350,300,"sd","14:21:12",12248400
10000,-350,1000,"sd","14:21:12",12248100
10000,-350,700,"sd","14:21:12",12247100
10000,-350,100,"sd","14:21:12",12246400
10000,-350,3000,"sd","14:21:12",12246300
10000,-350,1000,"sd","14:21:12",12243300
10000,-350,1500,"sd","14:21:12",12242300
10000,-350,10000,"sd","14:21:12",12240800
10000,-350,1100,"sd","14:21:12",12230800
10000,-350,2500,"sd","14:21:12",12229700
10000,-350,100,"sd","14:21:12",12227200
10000,-350,900,"sd","14:21:12",12227100
10000,-350,1400,"sd","14:21:12",12226200
10000,-350,500,"sd","14:21:12",12224800
10000,-350,100,"sd","14:21:12",12224300
10000,-350,2000,"sd","14:21:12",12224200
10000,-350,3000,"sd","14:21:12",12222200
10000,-350,500,"sd","14:21:12",12219200
10000,-350,1600,"sd","14:21:12",12218700
10000,-350,100,"sd","14:21:12",12217100
10000,-350,200,"sd","14:21:12",12217000
10000,-350,1000,"sd","14:21:12",12216800
10000,-350,1700,"sd","14:21:12",12215800
10000,-350,1500,"sd","14:21:11",12214100
10000,-350,1000,"sd","14:21:11",12212600
10000,-350,100,"sd","14:21:11",12211600
10000,-350,1000,"sd","14:21:11",12211500
10000,-350,2500,"sd","14:21:11",12210500
10000,-350,200,"sd","14:21:11",12208000
10000,-350,5200,"sd","14:21:11",12207800
10000,-350,300,"sd","14:21:10",12202600
10000,-350,3000,"sd","14:21:10",12202300
10000,-350,5000,"sd","14:21:10",12199300
10000,-350,5000,"sd","14:21:10",12194300
10000,-350,50000,"sd","14:21:09",12189300
10000,-350,4300,"sd","14:21:08",12139300
10000,-350,5000,"sd","14:21:07",12135000
10000,-350,14900,"sd","14:21:07",12130000
10000,-350,500,"sd","14:21:07",12115100
10000,-350,1000,"sd","14:21:07",12114600
10000,-350,1700,"sd","14:21:06",12113600
10000,-350,11500,"sd","14:21:06",12111900
10000,-350,300,"sd","14:21:04",12100400
10000,-350,122000,"sd","14:21:03",12100100
10000,-350,24100,"sd","14:21:02",11978100
10000,-350,3000,"sd","14:21:02",11954000
10000,-350,2700,"sd","14:21:01",11951000
10050,-300,200,"bu","14:21:01",11948300
10050,-300,100,"bu","14:21:00",11948100
10000,-350,5000,"sd","14:21:00",11948000
10000,-350,5000,"sd","14:20:59",11943000
10000,-350,11100,"sd","14:20:58",11938000
10050,-300,100,"bu","14:20:58",11926900
10000,-350,2000,"sd","14:20:57",11926800
10000,-350,100,"sd","14:20:56",11924800
10000,-350,20000,"sd","14:20:55",11924700
10000,-350,30000,"sd","14:20:55",11904700
10000,-350,25000,"sd","14:20:55",11874700
10000,-350,700,"sd","14:20:54",11849700
10000,-350,20000,"sd","14:20:54",11849000
10000,-350,2000,"sd","14:20:54",11829000
10000,-350,5000,"sd","14:20:53",11827000
10000,-350,1300,"sd","14:20:53",11822000
10000,-350,113300,"sd","14:20:49",11820700
10000,-350,200,"sd","14:20:49",11707400
10000,-350,200,"sd","14:20:49",11707200
10000,-350,200,"sd","14:20:49",11707000
10000,-350,100,"sd","14:20:49",11706800
10000,-350,100,"sd","14:20:49",11706700
10000,-350,5000,"sd","14:20:49",11706600
10000,-350,2000,"sd","14:20:49",11701600
10000,-350,500,"sd","14:20:49",11699600
10000,-350,500,"sd","14:20:49",11699100
10000,-350,100,"sd","14:20:49",11698600
10000,-350,200,"sd","14:20:49",11698500
10000,-350,2000,"sd","14:20:49",11698300
10000,-350,2000,"sd","14:20:49",11696300
10000,-350,100,"sd","14:20:49",11694300
10000,-350,100,"sd","14:20:49",11694200
10000,-350,1200,"sd","14:20:49",11694100
10000,-350,3000,"sd","14:20:49",11692900
10000,-350,1500,"sd","14:20:49",11689900
10000,-350,1000,"sd","14:20:49",11688400
10000,-350,100,"sd","14:20:49",11687400
10000,-350,100,"sd","14:20:49",11687300
10000,-350,100,"sd","14:20:49",11687200
10000,-350,200,"sd","14:20:49",11687100
10000,-350,100,"sd","14:20:49",11686900
10000,-350,200,"sd","14:20:49",11686800
10000,-350,600,"sd","14:20:49",11686600
10000,-350,100,"sd","14:20:49",11686000
10000,-350,100,"sd","14:20:49",11685900
10000,-350,1000,"sd","14:20:49",11685800
10000,-350,1200,"sd","14:20:49",11684800
10000,-350,500,"sd","14:20:49",11683600
10000,-350,1500,"sd","14:20:49",11683100
10000,-350,1000,"sd","14:20:49",11681600
10000,-350,300,"sd","14:20:49",11680600
10000,-350,600,"sd","14:20:49",11680300
10000,-350,1000,"sd","14:20:49",11679700
10000,-350,6100,"sd","14:20:49",11678700
10000,-350,2000,"sd","14:20:49",11672600
10000,-350,100,"sd","14:20:49",11670600
10000,-350,100,"sd","14:20:49",11670500
10000,-350,800,"sd","14:20:49",11670400
10000,-350,200,"sd","14:20:49",11669600
10000,-350,100,"sd","14:20:49",11669400
10000,-350,300,"sd","14:20:49",11669300
10000,-350,2600,"sd","14:20:49",11669000
10000,-350,500,"sd","14:20:49",11666400
10000,-350,400,"sd","14:20:49",11665900
10000,-350,100,"sd","14:20:49",11665500
10000,-350,100,"sd","14:20:49",11665400
10000,-350,200,"sd","14:20:49",11665300
10000,-350,2000,"sd","14:20:49",11665100
10000,-350,100,"sd","14:20:49",11663100
10000,-350,500,"sd","14:20:49",11663000
10000,-350,100,"sd","14:20:49",11662500
10000,-350,500,"sd","14:20:49",11662400
10000,-350,100,"sd","14:20:49",11661900
10000,-350,1100,"sd","14:20:49",11661800
10000,-350,1000,"sd","14:20:49",11660700
10000,-350,200,"sd","14:20:49",11659700
10000,-350,100,"sd","14:20:49",11659500
10000,-350,1500,"sd","14:20:49",11659400
10000,-350,100,"sd","14:20:49",11657900
10000,-350,6000,"sd","14:20:49",11657800
10000,-350,300,"sd","14:20:49",11651800
10000,-350,1000,"sd","14:20:49",11651500
10000,-350,4300,"sd","14:20:49",11650500
10000,-350,1000,"sd","14:20:49",11646200
10000,-350,100,"sd","14:20:49",11645200
10000,-350,5000,"sd","14:20:49",11645100
10000,-350,100,"sd","14:20:49",11640100
10000,-350,100,"sd","14:20:49",11640000
10000,-350,100,"sd","14:20:49",11639900
10000,-350,600,"sd","14:20:49",11639800
10000,-350,5000,"sd","14:20:49",11639200
10000,-350,300,"sd","14:20:49",11634200
10000,-350,200,"sd","14:20:49",11633900
10000,-350,500,"sd","14:20:49",11633700
10000,-350,500,"sd","14:20:49",11633200
10000,-350,6000,"sd","14:20:49",11632700
10000,-350,1500,"sd","14:20:49",11626700
10000,-350,1000,"sd","14:20:49",11625200
10000,-350,500,"sd","14:20:49",11624200
10000,-350,2000,"sd","14:20:49",11623700
10000,-350,1000,"sd","14:20:49",11621700
10000,-350,500,"sd","14:20:47",11620700
10000,-350,700,"sd","14:20:47",11620200
10000,-350,300,"sd","14:20:45",11619500
10000,-350,300,"sd","14:20:45",11619200
10000,-350,500,"sd","14:20:45",11618900
10000,-350,1900,"sd","14:20:45",11618400
10050,-300,100,"bu","14:20:44",11616500
10050,-300,600,"bu","14:20:44",11616400
10000,-350,2000,"sd","14:20:44",11615800
10050,-300,1700,"bu","14:20:43",11613800
10050,-300,4800,"bu","14:20:43",11612100
10050,-300,10000,"bu","14:20:42",11607300
10000,-350,100,"sd","14:20:41",11597300
10000,-350,200,"sd","14:20:41",11597200
10000,-350,200,"sd","14:20:41",11597000
10000,-350,1100,"sd","14:20:41",11596800
10000,-350,200,"sd","14:20:41",11595700
10000,-350,400,"sd","14:20:41",11595500
10000,-350,100,"sd","14:20:41",11595100
10000,-350,200,"sd","14:20:41",11595000
10000,-350,1000,"sd","14:20:41",11594800
10000,-350,200,"sd","14:20:41",11593800
10000,-350,500,"sd","14:20:41",11593600
10000,-350,300,"sd","14:20:41",11593100
10000,-350,500,"sd","14:20:41",11592800
10000,-350,100,"sd","14:20:41",11592300
10000,-350,200,"sd","14:20:41",11592200
10000,-350,200,"sd","14:20:41",11592000
10000,-350,200,"sd","14:20:41",11591800
10000,-350,700,"sd","14:20:41",11591600
10000,-350,900,"sd","14:20:41",11590900
10000,-350,100,"sd","14:20:41",11590000
10000,-350,4000,"sd","14:20:41",11589900
10000,-350,100,"sd","14:20:41",11585900
10000,-350,500,"sd","14:20:41",11585800
10000,-350,2600,"sd","14:20:41",11585300
10000,-350,200,"sd","14:20:41",11582700
10000,-350,100,"sd","14:20:41",11582500
10000,-350,9000,"sd","14:20:41",11582400
10000,-350,1200,"sd","14:20:41",11573400
10000,-350,900,"sd","14:20:41",11572200
10050,-300,500,"bu","14:20:40",11571300
10050,-300,300,"bu","14:20:39",11570800
10050,-300,400,"bu","14:20:39",11570500
10000,-350,4100,"sd","14:20:36",11570100
10000,-350,5000,"sd","14:20:36",11566000
10000,-350,1000,"sd","14:20:36",11561000
10000,-350,12200,"sd","14:20:36",11560000
10000,-350,100,"sd","14:20:36",11547800
10000,-350,7000,"sd","14:20:36",11547700
10000,-350,1500,"sd","14:20:36",11540700
10000,-350,500,"sd","14:20:36",11539200
10000,-350,100,"sd","14:20:36",11538700
10000,-350,15000,"sd","14:20:36",11538600
10000,-350,100,"sd","14:20:36",11523600
10000,-350,500,"sd","14:20:36",11523500
10000,-350,400,"sd","14:20:36",11523000
10000,-350,100,"sd","14:20:36",11522600
10000,-350,600,"sd","14:20:36",11522500
10000,-350,200,"sd","14:20:36",11521900
10000,-350,10000,"sd","14:20:36",11521700
10000,-350,1800,"sd","14:20:36",11511700
10000,-350,100,"sd","14:20:36",11509900
10000,-350,100,"sd","14:20:36",11509800
10000,-350,900,"sd","14:20:36",11509700
10000,-350,50000,"sd","14:20:36",11508800
10000,-350,2500,"sd","14:20:36",11458800
10000,-350,1000,"sd","14:20:36",11456300
10000,-350,300,"sd","14:20:36",11455300
10000,-350,3200,"sd","14:20:36",11455000
10000,-350,100,"sd","14:20:36",11451800
10000,-350,100,"sd","14:20:36",11451700
10000,-350,700,"sd","14:20:36",11451600
10000,-350,200,"sd","14:20:36",11450900
10000,-350,1000,"sd","14:20:36",11450700
10000,-350,4400,"sd","14:20:36",11449700
10000,-350,500,"sd","14:20:36",11445300
10000,-350,1000,"sd","14:20:36",11444800
10000,-350,100,"sd","14:20:36",11443800
10000,-350,1000,"sd","14:20:36",11443700
10000,-350,4400,"sd","14:20:36",11442700
10000,-350,1000,"sd","14:20:36",11438300
10000,-350,300,"sd","14:20:36",11437300
10000,-350,2000,"sd","14:20:36",11437000
10000,-350,5200,"sd","14:20:36",11435000
10000,-350,100,"sd","14:20:36",11429800
10000,-350,2000,"sd","14:20:36",11429700
10000,-350,1600,"sd","14:20:36",11427700
10000,-350,300,"sd","14:20:36",11426100
10000,-350,500,"sd","14:20:36",11425800
10000,-350,3000,"sd","14:20:36",11425300
10000,-350,200,"sd","14:20:36",11422300
10000,-350,100,"sd","14:20:36",11422100
10000,-350,1000,"sd","14:20:36",11422000
10000,-350,5100,"sd","14:20:36",11421000
10000,-350,500,"sd","14:20:36",11415900
10000,-350,200,"sd","14:20:36",11415400
10000,-350,1100,"sd","14:20:36",11415200
10000,-350,4000,"sd","14:20:36",11414100
10000,-350,4000,"sd","14:20:36",11410100
10000,-350,1500,"sd","14:20:36",11406100
10000,-350,1000,"sd","14:20:36",11404600
10000,-350,500,"sd","14:20:36",11403600
10000,-350,400,"sd","14:20:36",11403100
10000,-350,1000,"sd","14:20:36",11402700
10000,-350,1000,"sd","14:20:36",11401700
10000,-350,5400,"sd","14:20:36",11400700
10000,-350,100,"sd","14:20:36",11395300
10000,-350,100,"sd","14:20:36",11395200
10000,-350,1000,"sd","14:20:36",11395100
10000,-350,2500,"sd","14:20:36",11394100
10000,-350,1000,"sd","14:20:36",11391600
10000,-350,500,"sd","14:20:36",11390600
10000,-350,300,"sd","14:20:36",11390100
10000,-350,2000,"sd","14:20:36",11389800
10000,-350,200,"sd","14:20:36",11387800
10000,-350,10000,"sd","14:20:36",11387600
10000,-350,500,"sd","14:20:36",11377600
10000,-350,600,"sd","14:20:36",11377100
10000,-350,1000,"sd","14:20:36",11376500
10000,-350,100,"sd","14:20:36",11375500
10000,-350,1000,"sd","14:20:36",11375400
10000,-350,100,"sd","14:20:36",11374400
10000,-350,1000,"sd","14:20:36",11374300
10000,-350,400,"sd","14:20:36",11373300
10000,-350,1000,"sd","14:20:36",11372900
10000,-350,500,"sd","14:20:36",11371900
10000,-350,100,"sd","14:20:36",11371400
10000,-350,200,"sd","14:20:36",11371300
10000,-350,100,"sd","14:20:36",11371100
10000,-350,100,"sd","14:20:36",11371000
10000,-350,500,"sd","14:20:36",11370900
10000,-350,200,"sd","14:20:36",11370400
10000,-350,100,"sd","14:20:36",11370200
10000,-350,900,"sd","14:20:34",11370100
10000,-350,2000,"sd","14:20:34",11369200
10000,-350,200,"sd","14:20:34",11367200
10000,-350,100,"sd","14:20:34",11367000
10000,-350,100,"sd","14:20:34",11366900
10000,-350,100,"sd","14:20:34",11366800
10000,-350,1000,"sd","14:20:34",11366700
10000,-350,1000,"sd","14:20:34",11365700
10000,-350,200,"sd","14:20:34",11364700
10000,-350,400,"sd","14:20:34",11364500
10000,-350,100,"sd","14:20:34",11364100
10000,-350,200,"sd","14:20:34",11364000
10000,-350,100,"sd","14:20:34",11363800
10000,-350,5000,"sd","14:20:34",11363700
10000,-350,100,"sd","14:20:34",11358700
10000,-350,100,"sd","14:20:34",11358600
10000,-350,5000,"sd","14:20:34",11358500
10000,-350,1000,"sd","14:20:34",11353500
10000,-350,4000,"sd","14:20:34",11352500
10000,-350,500,"sd","14:20:34",11348500
10000,-350,100,"sd","14:20:34",11348000
10000,-350,7800,"sd","14:20:34",11347900
10050,-300,200,"bu","14:20:31",11340100
10050,-300,300,"bu","14:20:30",11339900
10050,-300,200,"bu","14:20:30",11339600
10050,-300,200,"bu","14:20:29",11339400
10050,-300,500,"bu","14:20:27",11339200
10050,-300,100,"bu","14:20:27",11338700
10000,-350,2200,"sd","14:20:26",11338600
10000,-350,1000,"sd","14:20:26",11336400
10000,-350,300,"sd","14:20:26",11335400
10000,-350,100,"sd","14:20:26",11335100
10000,-350,100,"sd","14:20:26",11335000
10000,-350,100,"sd","14:20:26",11334900
10000,-350,1000,"sd","14:20:26",11334800
10000,-350,1000,"sd","14:20:26",11333800
10000,-350,1000,"sd","14:20:26",11332800
10000,-350,100,"sd","14:20:26",11331800
10000,-350,1000,"sd","14:20:26",11331700
10000,-350,800,"sd","14:20:26",11330700
10000,-350,2000,"sd","14:20:26",11329900
10000,-350,300,"sd","14:20:26",11327900
10000,-350,100,"sd","14:20:26",11327600
10000,-350,1000,"sd","14:20:26",11327500
10000,-350,100,"sd","14:20:26",11326500
10000,-350,200,"sd","14:20:26",11326400
10000,-350,200,"sd","14:20:26",11326200
10000,-350,200,"sd","14:20:26",11326000
10000,-350,100,"sd","14:20:26",11325800
10000,-350,100,"sd","14:20:26",11325700
10000,-350,200,"sd","14:20:23",11325600
10000,-350,300,"sd","14:20:23",11325400
10000,-350,700,"sd","14:20:23",11325100
10000,-350,100,"sd","14:20:23",11324400
10000,-350,1000,"sd","14:20:23",11324300
10000,-350,1000,"sd","14:20:23",11323300
10000,-350,1000,"sd","14:20:23",11322300
10000,-350,1000,"sd","14:20:23",11321300
10000,-350,100,"sd","14:20:23",11320300
10000,-350,1000,"sd","14:20:23",11320200
10000,-350,200,"sd","14:20:23",11319200
10000,-350,500,"sd","14:20:23",11319000
10000,-350,1000,"sd","14:20:23",11318500
10000,-350,300,"sd","14:20:23",11317500
10000,-350,300,"sd","14:20:23",11317200
10000,-350,1000,"sd","14:20:23",11316900
10000,-350,100,"sd","14:20:23",11315900
10000,-350,200,"sd","14:20:23",11315800
10050,-300,600,"bu","14:20:22",11315600
10050,-300,300,"bu","14:20:19",11315000
10050,-300,100,"bu","14:20:17",11314700
10050,-300,100,"bu","14:20:15",11314600
10050,-300,1000,"bu","14:20:12",11314500
10050,-300,100,"bu","14:20:12",11313500
10050,-300,1000,"bu","14:20:10",11313400
10050,-300,3000,"bu","14:20:09",11312400
10050,-300,200,"bu","14:20:09",11309400
10050,-300,300,"bu","14:20:07",11309200
10050,-300,500,"bu","14:20:05",11308900
10050,-300,100,"bu","14:20:03",11308400
10050,-300,600,"bu","14:19:59",11308300
10050,-300,1000,"bu","14:19:55",11307700
10050,-300,200,"bu","14:19:51",11306700
10050,-300,100,"bu","14:19:50",11306500
10050,-300,1500,"bu","14:19:46",11306400
10000,-350,1800,"sd","14:19:45",11304900
10000,-350,100,"sd","14:19:45",11303100
10000,-350,100,"sd","14:19:45",11303000
10050,-300,200,"bu","14:19:44",11302900
10050,-300,300,"bu","14:19:43",11302700
10050,-300,7000,"bu","14:19:42",11302400
10050,-300,100,"bu","14:19:37",11295400
10050,-300,10000,"bu","14:19:37",11295300
10050,-300,600,"bu","14:19:36",11285300
10050,-300,500,"bu","14:19:35",11284700
10050,-300,1300,"sd","14:19:34",11284200
10050,-300,200,"sd","14:19:34",11282900
10050,-300,1600,"sd","14:19:34",11282700
10050,-300,8400,"sd","14:19:34",11281100
10050,-300,3000,"sd","14:19:33",11272700
10050,-300,100,"sd","14:19:33",11269700
10050,-300,1000,"sd","14:19:33",11269600
10050,-300,2500,"sd","14:19:33",11268600
10050,-300,5000,"bu","14:19:28",11266100
10050,-300,2000,"bu","14:19:28",11261100
10050,-300,1100,"bu","14:19:28",11259100
10050,-300,400,"bu","14:19:28",11258000
10050,-300,9000,"bu","14:19:28",11257600
10050,-300,1500,"bu","14:19:26",11248600
10050,-300,100,"bu","14:19:25",11247100
10050,-300,1000,"bu","14:19:25",11247000
10050,-300,400,"bu","14:19:23",11246000
10050,-300,2000,"bu","14:19:23",11245600
10050,-300,500,"bu","14:19:23",11243600
10050,-300,100,"bu","14:19:23",11243100
10050,-300,500,"bu","14:19:23",11243000
10050,-300,200,"bu","14:19:22",11242500
10050,-300,100,"bu","14:19:22",11242300
10050,-300,200,"bu","14:19:20",11242200
10050,-300,100,"bu","14:19:15",11242000
10050,-300,1000,"bu","14:19:14",11241900
10050,-300,600,"bu","14:19:14",11240900
10050,-300,100,"bu","14:19:11",11240300
10050,-300,4600,"bu","14:19:10",11240200
10050,-300,200,"bu","14:19:10",11235600
10050,-300,200,"bu","14:19:09",11235400
10050,-300,2000,"bu","14:19:09",11235200
10050,-300,200,"bu","14:19:09",11233200
10050,-300,2000,"bu","14:19:07",11233000
10050,-300,1000,"bu","14:19:07",11231000
10050,-300,1000,"bu","14:19:06",11230000
10050,-300,100,"bu","14:19:05",11229000
10050,-300,100,"bu","14:19:04",11228900
10050,-300,200,"bu","14:19:03",11228800
10050,-300,2000,"bu","14:19:03",11228600
10050,-300,200,"bu","14:18:54",11226600
10050,-300,600,"bu","14:18:51",11226400
10050,-300,500,"bu","14:18:51",11225800
10050,-300,200,"bu","14:18:50",11225300
10050,-300,200,"bu","14:18:50",11225100
10050,-300,1000,"bu","14:18:48",11224900
10050,-300,200,"bu","14:18:46",11223900
10050,-300,5000,"bu","14:18:44",11223700
10050,-300,1000,"bu","14:18:38",11218700
10050,-300,300,"bu","14:18:37",11217700
10050,-300,100,"bu","14:18:36",11217400
10050,-300,200,"sd","14:18:33",11217300
10050,-300,300,"sd","14:18:33",11217100
10050,-300,1000,"sd","14:18:33",11216800
10050,-300,100,"sd","14:18:33",11215800
10050,-300,2000,"sd","14:18:33",11215700
10050,-300,1200,"sd","14:18:33",11213700
10050,-300,1000,"sd","14:18:33",11212500
10050,-300,1000,"sd","14:18:33",11211500
10050,-300,500,"sd","14:18:33",11210500
10050,-300,15000,"sd","14:18:33",11210000
10050,-300,500,"sd","14:18:33",11195000
10050,-300,100,"sd","14:18:33",11194500
10050,-300,100,"sd","14:18:33",11194400
10050,-300,500,"sd","14:18:33",11194300
10050,-300,1000,"sd","14:18:33",11193800
10050,-300,1000,"sd","14:18:33",11192800
10050,-300,100,"sd","14:18:33",11191800
10050,-300,400,"sd","14:18:33",11191700
10050,-300,900,"sd","14:18:33",11191300
10050,-300,400,"sd","14:18:33",11190400
10050,-300,100,"sd","14:18:33",11190000
10050,-300,1800,"sd","14:18:33",11189900
10050,-300,500,"sd","14:18:33",11188100
10050,-300,500,"sd","14:18:33",11187600
10050,-300,1000,"sd","14:18:33",11187100
10050,-300,500,"sd","14:18:33",11186100
10050,-300,600,"sd","14:18:33",11185600
10050,-300,1000,"sd","14:18:33",11185000
10050,-300,100,"sd","14:18:33",11184000
10050,-300,100,"sd","14:18:33",11183900
10050,-300,600,"sd","14:18:33",11183800
10050,-300,100,"sd","14:18:33",11183200
10050,-300,800,"sd","14:18:33",11183100
10050,-300,1200,"sd","14:18:33",11182300
10100,-250,1600,"bu","14:18:29",11181100
10100,-250,8400,"bu","14:18:29",11179500
10050,-300,100,"sd","14:18:25",11171100
10050,-300,200,"sd","14:18:25",11171000
10050,-300,2800,"sd","14:18:25",11170800
10050,-300,1000,"sd","14:18:25",11168000
10050,-300,1000,"sd","14:18:25",11167000
10050,-300,500,"sd","14:18:25",11166000
10050,-300,2100,"sd","14:18:25",11165500
10050,-300,100,"sd","14:18:25",11163400
10050,-300,1500,"sd","14:18:25",11163300
10050,-300,300,"sd","14:18:25",11161800
10050,-300,4500,"sd","14:18:25",11161500
10050,-300,600,"sd","14:18:25",11157000
10050,-300,200,"sd","14:18:25",11156400
10050,-300,21000,"sd","14:18:25",11156200
10050,-300,500,"sd","14:18:25",11135200
10050,-300,100,"sd","14:18:25",11134700
10050,-300,2500,"sd","14:18:25",11134600
10050,-300,26700,"sd","14:18:25",11132100
10050,-300,1000,"sd","14:18:25",11105400
10050,-300,10200,"sd","14:18:25",11104400
10050,-300,100,"sd","14:18:25",11094200
10050,-300,400,"sd","14:18:25",11094100
10050,-300,500,"sd","14:18:25",11093700
10050,-300,100,"sd","14:18:25",11093200
10050,-300,4000,"sd","14:18:25",11093100
10050,-300,100,"sd","14:18:25",11089100
10050,-300,1000,"sd","14:18:25",11089000
10050,-300,200,"sd","14:18:25",11088000
10050,-300,200,"sd","14:18:25",11087800
10050,-300,2100,"sd","14:18:25",11087600
10050,-300,100,"sd","14:18:25",11085500
10050,-300,100,"sd","14:18:25",11085400
10050,-300,100,"sd","14:18:25",11085300
10050,-300,1000,"sd","14:18:25",11085200
10050,-300,100,"sd","14:18:25",11084200
10050,-300,400,"sd","14:18:25",11084100
10050,-300,500,"sd","14:18:25",11083700
10050,-300,1000,"sd","14:18:25",11083200
10050,-300,1000,"sd","14:18:25",11082200
10050,-300,1000,"sd","14:18:25",11081200
10050,-300,500,"sd","14:18:25",11080200
10050,-300,1200,"sd","14:18:25",11079700
10050,-300,1000,"sd","14:18:25",11078500
10050,-300,2500,"sd","14:18:25",11077500
10050,-300,200,"sd","14:18:25",11075000
10050,-300,1600,"sd","14:18:25",11074800
10050,-300,500,"sd","14:18:25",11073200
10050,-300,600,"sd","14:18:25",11072700
10050,-300,600,"sd","14:18:25",11072100
10050,-300,100,"sd","14:18:25",11071500
10050,-300,500,"sd","14:18:25",11071400
10050,-300,1000,"sd","14:18:25",11070900
10050,-300,100,"sd","14:18:25",11069900
10050,-300,900,"sd","14:18:25",11069800
10050,-300,600,"sd","14:18:25",11068900
10050,-300,200500,"sd","14:18:25",11068300
10050,-300,3200,"sd","14:18:25",10867800
10050,-300,600,"sd","14:18:25",10864600
10050,-300,400,"sd","14:18:25",10864000
10050,-300,100,"sd","14:18:25",10863600
10050,-300,50400,"sd","14:18:25",10863500
10050,-300,600,"sd","14:18:25",10813100
10050,-300,50700,"sd","14:18:25",10812500
10050,-300,1000,"sd","14:18:25",10761800
10050,-300,700,"sd","14:18:25",10760800
10050,-300,1000,"sd","14:18:25",10760100
10050,-300,100,"sd","14:18:25",10759100
10050,-300,1300,"sd","14:18:25",10759000
10050,-300,5200,"sd","14:18:25",10757700
10050,-300,600,"sd","14:18:25",10752500
10050,-300,100,"sd","14:18:25",10751900
10050,-300,400,"sd","14:18:25",10751800
10050,-300,200,"sd","14:18:25",10751400
10050,-300,300,"sd","14:18:25",10751200
10050,-300,300,"sd","14:18:25",10750900
10050,-300,200,"sd","14:18:25",10750600
10050,-300,1000,"sd","14:18:25",10750400
10050,-300,100,"sd","14:18:25",10749400
10050,-300,2000,"sd","14:18:25",10749300
10050,-300,300,"sd","14:18:25",10747300
10050,-300,2000,"sd","14:18:25",10747000
10050,-300,5000,"sd","14:18:25",10745000
10050,-300,1000,"sd","14:18:25",10740000
10050,-300,200,"sd","14:18:25",10739000
10050,-300,30000,"sd","14:18:25",10738800
10050,-300,100,"sd","14:18:25",10708800
10050,-300,1000,"sd","14:18:25",10708700
10050,-300,36600,"sd","14:18:25",10707700
10100,-250,300,"bu","14:18:22",10671100
10100,-250,500,"bu","14:18:10",10670800
10100,-250,800,"bu","14:18:08",10670300
10100,-250,200,"bu","14:18:08",10669500
10100,-250,100,"bu","14:18:07",10669300
10100,-250,600,"bu","14:18:06",10669200
10100,-250,100,"bu","14:18:06",10668600
10100,-250,1000,"bu","14:18:01",10668500
10100,-250,2000,"bu","14:17:58",10667500
10100,-250,3000,"bu","14:17:57",10665500
10100,-250,300,"bu","14:17:55",10662500
10100,-250,1100,"bu","14:17:54",10662200
10100,-250,100,"bu","14:17:46",10661100
10100,-250,600,"bu","14:17:43",10661000
10100,-250,1000,"bu","14:17:41",10660400
10100,-250,100,"bu","14:17:41",10659400
10100,-250,100,"bu","14:17:40",10659300
10100,-250,500,"bu","14:17:40",10659200
10100,-250,100,"bu","14:17:39",10658700
10100,-250,1000,"bu","14:17:34",10658600
10100,-250,500,"bu","14:17:34",10657600
10100,-250,6000,"bu","14:17:34",10657100
10050,-300,1000,"sd","14:17:33",10651100
10100,-250,300,"bu","14:17:32",10650100
10100,-250,1000,"bu","14:17:31",10649800
10100,-250,100,"bu","14:17:29",10648800
10100,-250,100,"bu","14:17:29",10648700
10100,-250,1900,"bu","14:17:28",10648600
10100,-250,1000,"bu","14:17:28",10646700
10100,-250,100,"bu","14:17:28",10645700
10100,-250,100,"bu","14:17:24",10645600
10100,-250,600,"bu","14:17:21",10645500
10100,-250,2000,"bu","14:17:21",10644900
10100,-250,500,"bu","14:17:19",10642900
10100,-250,200,"sd","14:17:15",10642400
10100,-250,500,"sd","14:17:15",10642200
10100,-250,5000,"sd","14:17:15",10641700
10100,-250,2000,"sd","14:17:15",10636700
10100,-250,600,"sd","14:17:15",10634700
10100,-250,5200,"sd","14:17:15",10634100
10100,-250,1000,"sd","14:17:15",10628900
10100,-250,9400,"sd","14:17:15",10627900
10100,-250,1000,"sd","14:17:15",10618500
10100,-250,1000,"sd","14:17:15",10617500
10100,-250,300,"sd","14:17:15",10616500
10100,-250,100,"sd","14:17:15",10616200
10100,-250,5000,"sd","14:17:15",10616100
10100,-250,3500,"sd","14:17:15",10611100
10100,-250,5000,"sd","14:17:15",10607600
10100,-250,600,"sd","14:17:15",10602600
10100,-250,20000,"sd","14:17:15",10602000
10100,-250,200,"sd","14:17:15",10582000
10100,-250,5000,"sd","14:17:15",10581800
10100,-250,1000,"sd","14:17:15",10576800
10100,-250,13000,"sd","14:17:15",10575800
10100,-250,1000,"sd","14:17:15",10562800
10100,-250,500,"sd","14:17:15",10561800
10100,-250,100,"sd","14:17:15",10561300
10100,-250,200,"sd","14:17:15",10561200
10100,-250,1000,"sd","14:17:15",10561000
10100,-250,200,"sd","14:17:15",10560000
10100,-250,2000,"sd","14:17:15",10559800
10100,-250,100,"sd","14:17:15",10557800
10100,-250,1000,"sd","14:17:15",10557700
10100,-250,100,"sd","14:17:15",10556700
10100,-250,1000,"sd","14:17:15",10556600
10100,-250,1000,"sd","14:17:15",10555600
10100,-250,600,"sd","14:17:15",10554600
10100,-250,32500,"sd","14:17:15",10554000
10100,-250,1000,"sd","14:17:15",10521500
10100,-250,1700,"sd","14:17:15",10520500
10100,-250,200,"sd","14:17:15",10518800
10100,-250,100,"sd","14:17:15",10518600
10150,-200,200,"bu","14:17:02",10518500
10150,-200,100,"bu","14:16:59",10518300
10100,-250,500,"sd","14:16:48",10518200
10150,-200,2000,"bu","14:16:47",10517700
10150,-200,1000,"bu","14:16:47",10515700
10100,-250,700,"sd","14:16:38",10514700
10100,-250,10000,"sd","14:16:37",10514000
10100,-250,1000,"sd","14:16:31",10504000
10100,-250,10000,"sd","14:16:31",10503000
10100,-250,5000,"bu","14:16:23",10493000
10100,-250,1000,"bu","14:16:23",10488000
10100,-250,15900,"bu","14:16:23",10487000
10100,-250,10000,"bu","14:16:23",10471100
10100,-250,3300,"bu","14:16:23",10461100
10100,-250,200,"bu","14:16:23",10457800
10100,-250,9900,"bu","14:16:23",10457600
10100,-250,100,"bu","14:16:22",10447700
10100,-250,900,"bu","14:16:22",10447600
10100,-250,100,"bu","14:16:22",10446700
10100,-250,8000,"bu","14:16:22",10446600
10100,-250,200,"bu","14:16:17",10438600
10100,-250,600,"bu","14:16:13",10438400
10100,-250,100,"bu","14:16:12",10437800
10100,-250,500,"bu","14:16:09",10437700
10100,-250,2000,"bu","14:16:04",10437200
10100,-250,2000,"bu","14:16:03",10435200
10100,-250,9000,"bu","14:16:02",10433200
10100,-250,100,"bu","14:15:56",10424200
10100,-250,100,"bu","14:15:52",10424100
10100,-250,200,"bu","14:15:52",10424000
10100,-250,600,"bu","14:15:50",10423800
10100,-250,2000,"bu","14:15:45",10423200
10100,-250,2000,"bu","14:15:45",10421200
10100,-250,1000,"bu","14:15:43",10419200
10100,-250,500,"bu","14:15:37",10418200
10100,-250,200,"bu","14:15:36",10417700
10100,-250,100,"bu","14:15:36",10417500
10100,-250,2000,"bu","14:15:35",10417400
10100,-250,100,"bu","14:15:33",10415400
10100,-250,600,"bu","14:15:28",10415300
10100,-250,3000,"bu","14:15:27",10414700
10100,-250,10000,"bu","14:15:25",10411700
10100,-250,200,"bu","14:15:24",10401700
10100,-250,200,"bu","14:15:23",10401500
10100,-250,1000,"bu","14:15:23",10401300
10100,-250,200,"bu","14:15:23",10400300
10050,-300,5700,"sd","14:15:21",10400100
10100,-250,1000,"bu","14:15:18",10394400
10100,-250,500,"bu","14:15:18",10393400
10100,-250,200,"bu","14:15:15",10392900
10100,-250,100,"bu","14:15:15",10392700
10100,-250,700,"bu","14:15:14",10392600
10100,-250,1600,"bu","14:15:14",10391900
10100,-250,5000,"bu","14:15:11",10390300
10100,-250,200,"bu","14:15:08",10385300
10100,-250,600,"bu","14:15:05",10385100
10100,-250,200,"bu","14:15:03",10384500
10100,-250,100,"bu","14:15:03",10384300
10100,-250,3000,"bu","14:15:02",10384200
10100,-250,200,"bu","14:15:00",10381200
10100,-250,5000,"bu","14:14:59",10381000
10100,-250,10000,"bu","14:14:57",10376000
10100,-250,100,"bu","14:14:51",10366000
10100,-250,100,"bu","14:14:48",10365900
10100,-250,200,"bu","14:14:46",10365800
10100,-250,100,"bu","14:14:43",10365600
10100,-250,500,"bu","14:14:43",10365500
10100,-250,5000,"bu","14:14:42",10365000
10100,-250,600,"bu","14:14:42",10360000
10100,-250,100,"bu","14:14:41",10359400
10100,-250,500,"bu","14:14:37",10359300
10100,-250,200,"bu","14:14:32",10358800
10100,-250,20000,"bu","14:14:31",10358600
10100,-250,100,"bu","14:14:29",10338600
10100,-250,300,"bu","14:14:23",10338500
10100,-250,500,"bu","14:14:22",10338200
10100,-250,3200,"bu","14:14:21",10337700
10100,-250,700,"bu","14:14:20",10334500
10100,-250,500,"bu","14:14:19",10333800
10100,-250,500,"bu","14:14:18",10333300
10100,-250,1000,"bu","14:14:13",10332800
10100,-250,700,"bu","14:14:12",10331800
10100,-250,400,"bu","14:14:09",10331100
10100,-250,800,"bu","14:14:06",10330700
10100,-250,200,"bu","14:14:05",10329900
10100,-250,600,"bu","14:13:57",10329700
10100,-250,1000,"bu","14:13:56",10329100
10100,-250,200,"bu","14:13:55",10328100
10100,-250,200,"bu","14:13:54",10327900
10100,-250,500,"bu","14:13:51",10327700
10100,-250,2000,"bu","14:13:42",10327200
10100,-250,200,"sd","14:13:39",10325200
10100,-250,500,"sd","14:13:39",10325000
10100,-250,1600,"sd","14:13:39",10324500
10100,-250,300,"sd","14:13:39",10322900
10100,-250,1000,"sd","14:13:39",10322600
10100,-250,600,"sd","14:13:39",10321600
10100,-250,1000,"sd","14:13:39",10321000
10100,-250,100,"sd","14:13:39",10320000
10100,-250,2300,"sd","14:13:39",10319900
10100,-250,100,"sd","14:13:39",10317600
10100,-250,100,"sd","14:13:39",10317500
10100,-250,1000,"sd","14:13:39",10317400
10100,-250,400,"sd","14:13:39",10316400
10100,-250,3000,"sd","14:13:39",10316000
10100,-250,6000,"sd","14:13:39",10313000
10100,-250,400,"sd","14:13:39",10307000
10100,-250,100,"sd","14:13:39",10306600
10100,-250,200,"sd","14:13:39",10306500
10100,-250,8900,"sd","14:13:39",10306300
10100,-250,100,"sd","14:13:39",10297400
10100,-250,200,"sd","14:13:39",10297300
10100,-250,1000,"sd","14:13:39",10297100
10100,-250,1000,"sd","14:13:39",10296100
10100,-250,2000,"sd","14:13:39",10295100
10100,-250,1000,"sd","14:13:39",10293100
10100,-250,3000,"sd","14:13:39",10292100
10100,-250,100,"sd","14:13:39",10289100
10100,-250,500,"sd","14:13:39",10289000
10100,-250,2000,"sd","14:13:39",10288500
10100,-250,300,"sd","14:13:39",10286500
10100,-250,2900,"sd","14:13:39",10286200
10100,-250,91400,"sd","14:13:39",10283300
10150,-200,600,"bu","14:13:35",10191900
10150,-200,400,"bu","14:13:22",10191300
10150,-200,600,"bu","14:13:12",10190900
10150,-200,3900,"bu","14:13:04",10190300
10150,-200,2000,"bu","14:12:57",10186400
10150,-200,200,"bu","14:12:55",10184400
10150,-200,500,"bu","14:12:54",10184200
10100,-250,1000,"sd","14:12:54",10183700
10100,-250,8600,"sd","14:12:54",10182700
10100,-250,100,"sd","14:12:54",10174100
10100,-250,200,"sd","14:12:54",10174000
10150,-200,600,"bu","14:12:49",10173800
10150,-200,500,"bu","14:12:36",10173200
10150,-200,1000,"bu","14:12:35",10172700
10150,-200,1000,"bu","14:12:27",10171700
10150,-200,600,"bu","14:12:27",10170700
10150,-200,2000,"bu","14:12:24",10170100
10150,-200,600,"bu","14:12:04",10168100
10150,-200,200,"bu","14:12:01",10167500
10150,-200,300,"bu","14:11:50",10167300
10150,-200,5000,"bu","14:11:48",10167000
10150,-200,9000,"bu","14:11:44",10162000
10150,-200,100,"bu","14:11:42",10153000
10150,-200,600,"bu","14:11:42",10152900
10150,-200,100,"bu","14:11:40",10152300
10150,-200,500,"bu","14:11:37",10152200
10100,-250,4000,"bu","14:11:22",10151700
10100,-250,500,"sd","14:11:21",10147700
10100,-250,5000,"sd","14:11:21",10147200
10100,-250,1000,"sd","14:11:21",10142200
10100,-250,600,"sd","14:11:21",10141200
10100,-250,1000,"sd","14:11:21",10140600
10100,-250,1000,"sd","14:11:21",10139600
10100,-250,1000,"sd","14:11:21",10138600
10100,-250,1000,"sd","14:11:21",10137600
10100,-250,200,"sd","14:11:21",10136600
10100,-250,2000,"sd","14:11:21",10136400
10100,-250,100,"sd","14:11:21",10134400
10100,-250,100,"sd","14:11:21",10134300
10100,-250,100,"sd","14:11:21",10134200
10100,-250,900,"sd","14:11:21",10134100
10100,-250,100,"sd","14:11:21",10133200
10100,-250,300,"sd","14:11:21",10133100
10100,-250,100,"sd","14:11:21",10132800
10100,-250,5000,"sd","14:11:21",10132700
10100,-250,200,"sd","14:11:21",10127700
10100,-250,500,"sd","14:11:21",10127500
10100,-250,500,"sd","14:11:21",10127000
10100,-250,10000,"sd","14:11:21",10126500
10100,-250,100,"sd","14:11:21",10116500
10100,-250,9000,"sd","14:11:21",10116400
10100,-250,5000,"sd","14:11:21",10107400
10100,-250,300,"sd","14:11:21",10102400
10100,-250,400,"sd","14:11:21",10102100
10150,-200,600,"bu","14:11:19",10101700
10150,-200,100,"bu","14:11:17",10101100
10150,-200,3100,"bu","14:11:14",10101000
10150,-200,200,"bu","14:11:14",10097900
10150,-200,1700,"bu","14:11:14",10097700
10150,-200,100,"bu","14:11:14",10096000
10150,-200,500,"bu","14:11:06",10095900
10150,-200,500,"bu","14:11:03",10095400
10150,-200,500,"bu","14:10:59",10094900
10150,-200,600,"bu","14:10:56",10094400
10150,-200,100,"sd","14:10:55",10093800
10150,-200,1000,"sd","14:10:55",10093700
10200,-150,200,"bu","14:10:55",10092700
10200,-150,5000,"bu","14:10:46",10092500
10100,-250,100,"sd","14:10:36",10087500
10100,-250,1300,"sd","14:10:36",10087400
10100,-250,500,"sd","14:10:36",10086100
10100,-250,20000,"sd","14:10:36",10085600
10100,-250,300,"sd","14:10:36",10065600
10100,-250,600,"sd","14:10:36",10065300
10100,-250,20000,"sd","14:10:36",10064700
10100,-250,100,"sd","14:10:36",10044700
10100,-250,200,"sd","14:10:36",10044600
10100,-250,100,"sd","14:10:36",10044400
10100,-250,900,"sd","14:10:36",10044300
10100,-250,1000,"sd","14:10:36",10043400
10100,-250,300,"sd","14:10:36",10042400
10100,-250,2000,"sd","14:10:36",10042100
10100,-250,200,"sd","14:10:36",10040100
10100,-250,200,"sd","14:10:36",10039900
10100,-250,800,"sd","14:10:36",10039700
10100,-250,100,"sd","14:10:36",10038900
10100,-250,100,"sd","14:10:36",10038800
10100,-250,100,"sd","14:10:36",10038700
10100,-250,300,"sd","14:10:36",10038600
10100,-250,100,"sd","14:10:36",10038300
10100,-250,3000,"sd","14:10:36",10038200
10150,-200,500,"sd","14:10:36",10035200
10150,-200,600,"sd","14:10:36",10034700
10150,-200,20000,"sd","14:10:36",10034100
10150,-200,26600,"sd","14:10:36",10014100
10150,-200,1000,"bu","14:10:33",9987500
10150,-200,22400,"bu","14:10:33",9986500
10150,-200,100,"bu","14:10:33",9964100
10150,-200,100,"bu","14:10:32",9964000
10150,-200,300,"bu","14:10:23",9963900
10150,-200,100,"bu","14:10:20",9963600
10150,-200,500,"bu","14:10:19",9963500
10150,-200,100,"bu","14:10:15",9963000
10150,-200,1000,"bu","14:10:11",9962900
10150,-200,600,"bu","14:10:11",9961900
10150,-200,100,"bu","14:10:09",9961300
10150,-200,500,"bu","14:10:08",9961200
10150,-200,1000,"bu","14:10:08",9960700
10150,-200,2000,"bu","14:10:05",9959700
10150,-200,1000,"bu","14:09:56",9957700
10150,-200,600,"bu","14:09:49",9956700
10150,-200,1000,"bu","14:09:48",9956100
10100,-250,7000,"sd","14:09:48",9955100
10100,-250,1000,"sd","14:09:48",9948100
10100,-250,1000,"sd","14:09:48",9947100
10100,-250,500,"sd","14:09:48",9946100
10100,-250,200,"sd","14:09:48",9945600
10100,-250,100,"sd","14:09:48",9945400
10100,-250,200,"sd","14:09:48",9945300
10100,-250,100,"sd","14:09:48",9945100
10100,-250,100,"sd","14:09:48",9945000
10100,-250,2500,"sd","14:09:48",9944900
10100,-250,100,"sd","14:09:48",9942400
10100,-250,1000,"sd","14:09:48",9942300
10100,-250,3000,"sd","14:09:48",9941300
10100,-250,1400,"sd","14:09:48",9938300
10100,-250,5400,"sd","14:09:48",9936900
10100,-250,100,"sd","14:09:48",9931500
10100,-250,100,"sd","14:09:48",9931400
10100,-250,500,"sd","14:09:48",9931300
10100,-250,1000,"sd","14:09:48",9930800
10100,-250,4000,"sd","14:09:48",9929800
10100,-250,100,"sd","14:09:48",9925800
10100,-250,100,"sd","14:09:48",9925700
10100,-250,200,"sd","14:09:48",9925600
10100,-250,200,"sd","14:09:48",9925400
10100,-250,100,"sd","14:09:48",9925200
10100,-250,5000,"sd","14:09:48",9925100
10100,-250,10000,"sd","14:09:48",9920100
10100,-250,5000,"sd","14:09:48",9910100
10150,-200,200,"bu","14:09:45",9905100
10150,-200,1000,"bu","14:09:43",9904900
10150,-200,5000,"bu","14:09:43",9903900
10150,-200,1000,"bu","14:09:37",9898900
10150,-200,100,"bu","14:09:36",9897900
10150,-200,3000,"bu","14:09:35",9897800
10150,-200,1000,"bu","14:09:33",9894800
10150,-200,2000,"bu","14:09:33",9893800
10150,-200,600,"sd","14:09:33",9891800
10150,-200,4600,"sd","14:09:33",9891200
10150,-200,100,"sd","14:09:33",9886600
10150,-200,100,"sd","14:09:32",9886500
10150,-200,100,"sd","14:09:32",9886400
10150,-200,100,"bu","14:09:23",9886300
10150,-200,1900,"bu","14:09:23",9886200
10150,-200,8100,"bu","14:09:23",9884300
10150,-200,600,"bu","14:09:20",9876200
10150,-200,1000,"bu","14:09:16",9875600
10150,-200,100,"bu","14:09:13",9874600
10150,-200,200,"bu","14:09:08",9874500
10100,-250,800,"bu","14:09:08",9874300
10100,-250,400,"bu","14:09:08",9873500
10100,-250,3000,"bu","14:09:08",9873100
10100,-250,200,"bu","14:09:08",9870100
10100,-250,100,"bu","14:09:07",9869900
10100,-250,500,"bu","14:09:07",9869800
10100,-250,500,"bu","14:09:05",9869300
10100,-250,1000,"bu","14:09:05",9868800
10100,-250,600,"bu","14:09:03",9867800
10100,-250,10000,"bu","14:09:03",9867200
10100,-250,5000,"bu","14:09:00",9857200
10100,-250,300,"bu","14:08:56",9852200
10100,-250,500,"sd","14:08:56",9851900
10100,-250,300,"sd","14:08:56",9851400
10100,-250,2000,"sd","14:08:56",9851100
10100,-250,2000,"sd","14:08:56",9849100
10100,-250,200,"sd","14:08:56",9847100
10100,-250,600,"sd","14:08:56",9846900
10100,-250,1000,"sd","14:08:56",9846300
10100,-250,2000,"sd","14:08:56",9845300
10100,-250,1000,"sd","14:08:56",9843300
10100,-250,500,"sd","14:08:56",9842300
10100,-250,1000,"sd","14:08:56",9841800
10100,-250,1000,"sd","14:08:56",9840800
10100,-250,2000,"sd","14:08:56",9839800
10100,-250,1900,"sd","14:08:56",9837800
10100,-250,2000,"sd","14:08:56",9835900
10100,-250,1200,"sd","14:08:56",9833900
10100,-250,2000,"sd","14:08:56",9832700
10100,-250,2200,"sd","14:08:56",9830700
10100,-250,1000,"sd","14:08:56",9828500
10100,-250,100,"sd","14:08:56",9827500
10100,-250,100,"sd","14:08:56",9827400
10100,-250,1000,"sd","14:08:56",9827300
10100,-250,600,"sd","14:08:56",9826300
10100,-250,200,"sd","14:08:56",9825700
10100,-250,1500,"sd","14:08:56",9825500
10100,-250,10400,"sd","14:08:56",9824000
10100,-250,100,"sd","14:08:56",9813600
10100,-250,2800,"sd","14:08:56",9813500
10100,-250,1100,"sd","14:08:56",9810700
10100,-250,100,"sd","14:08:56",9809600
10100,-250,400,"sd","14:08:56",9809500
10100,-250,3000,"sd","14:08:56",9809100
10100,-250,100,"sd","14:08:56",9806100
10100,-250,1000,"sd","14:08:56",9806000
10100,-250,1200,"sd","14:08:56",9805000
10100,-250,500,"sd","14:08:56",9803800
10100,-250,1100,"sd","14:08:56",9803300
10100,-250,4500,"sd","14:08:56",9802200
10100,-250,1800,"sd","14:08:56",9797700
10100,-250,100,"sd","14:08:56",9795900
10100,-250,500,"sd","14:08:56",9795800
10100,-250,10100,"sd","14:08:56",9795300
10100,-250,1000,"sd","14:08:56",9785200
10100,-250,100,"sd","14:08:56",9784200
10100,-250,15000,"sd","14:08:56",9784100
10100,-250,1000,"sd","14:08:56",9769100
10100,-250,700,"sd","14:08:56",9768100
10100,-250,2000,"sd","14:08:56",9767400
10100,-250,2000,"sd","14:08:56",9765400
10100,-250,30000,"sd","14:08:56",9763400
10100,-250,700,"sd","14:08:56",9733400
10100,-250,800,"sd","14:08:56",9732700
10100,-250,10000,"sd","14:08:56",9731900
10100,-250,200,"sd","14:08:56",9721900
10100,-250,200,"sd","14:08:56",9721700
10100,-250,5100,"sd","14:08:56",9721500
10100,-250,1000,"sd","14:08:56",9716400
10100,-250,500,"sd","14:08:56",9715400
10100,-250,500,"sd","14:08:56",9714900
10100,-250,1000,"sd","14:08:56",9714400
10100,-250,1400,"sd","14:08:56",9713400
10100,-250,300,"sd","14:08:56",9712000
10100,-250,100,"sd","14:08:56",9711700
10100,-250,200100,"sd","14:08:56",9711600
10100,-250,100000,"sd","14:08:56",9511500
10100,-250,1000,"sd","14:08:56",9411500
10100,-250,200,"sd","14:08:56",9410500
10100,-250,200,"sd","14:08:56",9410300
10100,-250,300,"sd","14:08:56",9410100
10100,-250,200,"sd","14:08:56",9409800
10100,-250,1000,"sd","14:08:56",9409600
10100,-250,100,"sd","14:08:56",9408600
10100,-250,100,"sd","14:08:56",9408500
10100,-250,200,"sd","14:08:56",9408400
10100,-250,100,"sd","14:08:56",9408200
10100,-250,2000,"sd","14:08:56",9408100
10100,-250,600,"sd","14:08:55",9406100
10100,-250,200,"sd","14:08:55",9405500
10100,-250,100,"sd","14:08:55",9405300
10100,-250,200,"sd","14:08:55",9405200
10100,-250,500,"sd","14:08:55",9405000
10100,-250,100,"sd","14:08:55",9404500
10100,-250,100,"sd","14:08:55",9404400
10100,-250,200,"sd","14:08:55",9404300
10100,-250,1000,"sd","14:08:55",9404100
10100,-250,500,"sd","14:08:55",9403100
10100,-250,100,"sd","14:08:55",9402600
10100,-250,1000,"sd","14:08:55",9402500
10100,-250,2000,"sd","14:08:55",9401500
10100,-250,300,"sd","14:08:55",9399500
10100,-250,4000,"sd","14:08:55",9399200
10100,-250,2000,"sd","14:08:55",9395200
10100,-250,100,"sd","14:08:55",9393200
10100,-250,200,"sd","14:08:55",9393100
10100,-250,100,"sd","14:08:55",9392900
10100,-250,400,"sd","14:08:55",9392800
10100,-250,2000,"sd","14:08:55",9392400
10100,-250,600,"sd","14:08:55",9390400
10100,-250,4900,"sd","14:08:55",9389800
10100,-250,500,"sd","14:08:55",9384900
10100,-250,2000,"sd","14:08:55",9384400
10100,-250,3000,"sd","14:08:55",9382400
10100,-250,200,"sd","14:08:55",9379400
10100,-250,100,"sd","14:08:55",9379200
10100,-250,600,"sd","14:08:55",9379100
10100,-250,600,"sd","14:08:55",9378500
10100,-250,100,"sd","14:08:55",9377900
10150,-200,300,"sd","14:08:55",9377800
10100,-250,3100,"sd","14:08:55",9377500
10150,-200,100,"sd","14:08:55",9374400
10200,-150,100,"bu","14:08:55",9374300
10150,-200,200,"bu","14:08:53",9374200
10150,-200,9500,"bu","14:08:53",9374000
10150,-200,100,"bu","14:08:52",9364500
10150,-200,2000,"bu","14:08:51",9364400
10150,-200,300,"bu","14:08:49",9362400
10150,-200,500,"bu","14:08:46",9362100
10150,-200,200,"bu","14:08:45",9361600
10150,-200,10000,"bu","14:08:45",9361400
10150,-200,700,"bu","14:08:41",9351400
10150,-200,100,"bu","14:08:40",9350700
10150,-200,200,"bu","14:08:39",9350600
10150,-200,100,"bu","14:08:38",9350400
10150,-200,10000,"bu","14:08:38",9350300
10150,-200,500,"sd","14:08:37",9340300
10150,-200,600,"sd","14:08:37",9339800
10150,-200,200,"sd","14:08:37",9339200
10150,-200,1000,"sd","14:08:37",9339000
10150,-200,2000,"sd","14:08:37",9338000
10150,-200,1400,"sd","14:08:37",9336000
10150,-200,1000,"sd","14:08:37",9334600
10150,-200,500,"sd","14:08:37",9333600
10150,-200,1000,"sd","14:08:37",9333100
10150,-200,200,"sd","14:08:37",9332100
10150,-200,100,"sd","14:08:37",9331900
10150,-200,1000,"sd","14:08:37",9331800
10150,-200,2000,"sd","14:08:37",9330800
10150,-200,200,"sd","14:08:37",9328800
10150,-200,500,"sd","14:08:37",9328600
10150,-200,500,"sd","14:08:37",9328100
10150,-200,300,"sd","14:08:37",9327600
10150,-200,1000,"sd","14:08:37",9327300
10150,-200,2300,"sd","14:08:37",9326300
10150,-200,1100,"sd","14:08:36",9324000
10150,-200,1000,"sd","14:08:36",9322900
10150,-200,1000,"sd","14:08:36",9321900
10150,-200,2000,"sd","14:08:36",9320900
10150,-200,200,"sd","14:08:36",9318900
10150,-200,1000,"sd","14:08:36",9318700
10150,-200,600,"sd","14:08:36",9317700
10150,-200,500,"sd","14:08:36",9317100
10150,-200,1000,"sd","14:08:36",9316600
10150,-200,1500,"sd","14:08:36",9315600
10200,-150,3800,"bu","14:08:30",9314100
10200,-150,100,"sd","14:08:25",9310300
10150,-200,3500,"sd","14:08:21",9310200
10150,-200,5000,"sd","14:08:21",9306700
10150,-200,200,"sd","14:08:21",9301700
10150,-200,500,"sd","14:08:21",9301500
10150,-200,1000,"sd","14:08:21",9301000
10150,-200,300,"sd","14:08:21",9300000
10150,-200,1500,"sd","14:08:21",9299700
10150,-200,700,"sd","14:08:21",9298200
10150,-200,100,"sd","14:08:21",9297500
10150,-200,100,"sd","14:08:21",9297400
10150,-200,5000,"sd","14:08:21",9297300
10150,-200,500,"sd","14:08:21",9292300
10150,-200,2400,"sd","14:08:21",9291800
10200,-150,29200,"sd","14:08:21",9289400
10200,-150,1000,"bu","14:08:19",9260200
10200,-150,8000,"bu","14:08:19",9259200
10200,-150,500,"bu","14:08:19",9251200
10200,-150,21300,"bu","14:08:19",9250700
10200,-150,600,"bu","14:08:18",9229400
10200,-150,5000,"bu","14:08:06",9228800
10200,-150,2000,"bu","14:08:04",9223800
10200,-150,1000,"bu","14:08:04",9221800
10200,-150,2000,"bu","14:08:01",9220800
10200,-150,10000,"bu","14:08:01",9218800
10200,-150,1000,"sd","14:07:56",9208800
10200,-150,200,"sd","14:07:56",9207800
10200,-150,3000,"sd","14:07:56",9207600
10200,-150,1000,"sd","14:07:56",9204600
10200,-150,300,"sd","14:07:56",9203600
10200,-150,2000,"sd","14:07:56",9203300
10200,-150,600,"sd","14:07:56",9201300
10250,-100,600,"bu","14:07:55",9200700
10250,-100,200,"bu","14:07:54",9200100
10200,-150,1200,"sd","14:07:54",9199900
10200,-150,200,"sd","14:07:38",9198700
10150,-200,2600,"sd","14:07:30",9198500
10150,-200,300,"sd","14:07:30",9195900
10150,-200,100,"sd","14:07:30",9195600
10150,-200,7400,"sd","14:07:30",9195500
10150,-200,1500,"sd","14:07:30",9188100
10150,-200,3000,"sd","14:07:30",9186600
10150,-200,5000,"sd","14:07:30",9183600
10150,-200,300,"sd","14:07:30",9178600
10150,-200,300,"sd","14:07:30",9178300
10150,-200,1000,"sd","14:07:30",9178000
10150,-200,100,"sd","14:07:30",9177000
10150,-200,100,"sd","14:07:30",9176900
10150,-200,200,"sd","14:07:30",9176800
10150,-200,100,"sd","14:07:30",9176600
10150,-200,10000,"sd","14:07:30",9176500
10150,-200,5400,"sd","14:07:30",9166500
10150,-200,1000,"sd","14:07:30",9161100
10150,-200,1000,"sd","14:07:30",9160100
10200,-150,300,"sd","14:07:30",9159100
10200,-150,10300,"sd","14:07:30",9158800
10200,-150,9700,"bu","14:07:28",9148500
10200,-150,300,"bu","14:07:27",9138800
10200,-150,700,"bu","14:07:27",9138500
10200,-150,100,"bu","14:07:26",9137800
10200,-150,4000,"bu","14:07:23",9137700
10200,-150,200,"bu","14:07:21",9133700
10200,-150,1000,"bu","14:07:20",9133500
10200,-150,500,"bu","14:07:12",9132500
10200,-150,600,"bu","14:07:10",9132000
10200,-150,1000,"bu","14:07:09",9131400
10200,-150,600,"bu","14:06:59",9130400
10200,-150,5000,"bu","14:06:57",9129800
10200,-150,800,"bu","14:06:43",9124800
10150,-200,19000,"bu","14:06:30",9124000
10150,-200,600,"bu","14:06:25",9105000
10150,-200,1000,"bu","14:06:24",9104400
10150,-200,7400,"bu","14:06:21",9103400
10150,-200,1000,"sd","14:06:20",9096000
10150,-200,4800,"sd","14:06:20",9095000
10150,-200,2000,"sd","14:06:20",9090200
10150,-200,2000,"sd","14:06:20",9088200
10150,-200,800,"sd","14:06:20",9086200
10150,-200,100,"sd","14:06:20",9085400
10150,-200,300,"sd","14:06:20",9085300
10150,-200,100,"sd","14:06:20",9085000
10150,-200,4500,"sd","14:06:20",9084900
10150,-200,1000,"sd","14:06:20",9080400
10150,-200,200,"sd","14:06:20",9079400
10150,-200,500,"sd","14:06:20",9079200
10150,-200,100,"sd","14:06:20",9078700
10150,-200,200,"sd","14:06:20",9078600
10150,-200,2000,"sd","14:06:20",9078400
10150,-200,2000,"sd","14:06:20",9076400
10150,-200,100,"sd","14:06:20",9074400
10150,-200,300,"sd","14:06:20",9074300
10200,-150,5000,"bu","14:06:06",9074000
10150,-200,72000,"sd","14:06:05",9069000
10150,-200,300,"sd","14:06:05",8997000
10150,-200,3000,"sd","14:06:05",8996700
10150,-200,2000,"sd","14:06:05",8993700
10150,-200,400,"sd","14:06:05",8991700
10150,-200,500,"sd","14:06:05",8991300
10150,-200,100,"sd","14:06:05",8990800
10150,-200,1400,"sd","14:06:05",8990700
10150,-200,1000,"sd","14:06:05",8989300
10150,-200,1000,"sd","14:06:05",8988300
10150,-200,800,"sd","14:06:05",8987300
10150,-200,6300,"sd","14:06:05",8986500
10150,-200,200,"sd","14:06:05",8980200
10150,-200,2000,"sd","14:06:05",8980000
10150,-200,6100,"sd","14:06:05",8978000
10150,-200,10000,"sd","14:06:05",8971900
10150,-200,1000,"sd","14:06:05",8961900
10150,-200,5000,"sd","14:06:05",8960900
10150,-200,10000,"sd","14:06:05",8955900
10150,-200,1000,"sd","14:06:05",8945900
10150,-200,500,"sd","14:06:05",8944900
10150,-200,1100,"sd","14:06:05",8944400
10150,-200,10000,"sd","14:06:05",8943300
10150,-200,10100,"sd","14:06:05",8933300
10150,-200,1000,"sd","14:06:05",8923200
10150,-200,200,"sd","14:06:05",8922200
10150,-200,200,"sd","14:06:05",8922000
10150,-200,3100,"sd","14:06:05",8921800
10150,-200,500,"sd","14:06:05",8918700
10150,-200,100,"sd","14:06:05",8918200
10150,-200,500,"sd","14:06:05",8918100
10150,-200,200,"sd","14:06:05",8917600
10150,-200,500,"sd","14:06:05",8917400
10150,-200,400,"sd","14:06:05",8916900
10150,-200,500,"sd","14:06:05",8916500
10150,-200,1000,"sd","14:06:05",8916000
10150,-200,100,"sd","14:06:05",8915000
10150,-200,2000,"sd","14:06:05",8914900
10150,-200,2500,"sd","14:06:05",8912900
10150,-200,200,"sd","14:06:05",8910400
10150,-200,100,"sd","14:06:05",8910200
10150,-200,600,"sd","14:06:05",8910100
10150,-200,100,"sd","14:06:05",8909500
10150,-200,100,"sd","14:06:05",8909400
10150,-200,600,"sd","14:06:05",8909300
10150,-200,5000,"sd","14:06:05",8908700
10150,-200,100,"sd","14:06:05",8903700
10150,-200,100,"sd","14:06:05",8903600
10150,-200,200,"sd","14:06:05",8903500
10150,-200,600,"sd","14:06:05",8903300
10150,-200,100,"sd","14:06:05",8902700
10150,-200,600,"sd","14:06:05",8902600
10150,-200,500,"sd","14:06:05",8902000
10150,-200,400,"sd","14:06:05",8901500
10150,-200,32100,"sd","14:06:05",8901100
10200,-150,600,"bu","14:06:02",8869000
10200,-150,8000,"bu","14:05:59",8868400
10200,-150,2000,"bu","14:05:58",8860400
10200,-150,200,"bu","14:05:55",8858400
10200,-150,5000,"bu","14:05:54",8858200
10200,-150,5000,"unknown","14:05:53",8853200
10200,-150,5900,"sd","14:05:53",8848200
10200,-150,1000,"sd","14:05:53",8842300
10200,-150,1000,"sd","14:05:53",8841300
10200,-150,1000,"sd","14:05:53",8840300
10200,-150,600,"sd","14:05:53",8839300
10200,-150,200,"sd","14:05:53",8838700
10200,-150,44100,"sd","14:05:44",8838500
10200,-150,400,"sd","14:05:44",8794400
10200,-150,600,"sd","14:05:44",8794000
10200,-150,2000,"sd","14:05:44",8793400
10200,-150,700,"sd","14:05:44",8791400
10200,-150,1000,"sd","14:05:44",8790700
10200,-150,100,"sd","14:05:44",8789700
10200,-150,2000,"sd","14:05:44",8789600
10200,-150,600,"sd","14:05:44",8787600
10200,-150,5000,"sd","14:05:44",8787000
10200,-150,1000,"sd","14:05:44",8782000
10200,-150,300,"sd","14:05:44",8781000
10200,-150,5000,"sd","14:05:44",8780700
10200,-150,11800,"sd","14:05:44",8775700
10200,-150,3000,"sd","14:05:44",8763900
10200,-150,1200,"sd","14:05:44",8760900
10200,-150,4000,"sd","14:05:44",8759700
10200,-150,600,"sd","14:05:44",8755700
10200,-150,2000,"sd","14:05:44",8755100
10200,-150,2000,"sd","14:05:44",8753100
10200,-150,2000,"sd","14:05:44",8751100
10200,-150,10600,"sd","14:05:44",8749100
10200,-150,300,"sd","14:05:25",8738500
10200,-150,15000,"sd","14:05:15",8738200
10200,-150,1900,"sd","14:04:24",8723200
10200,-150,3000,"sd","14:04:23",8721300
10200,-150,10000,"sd","14:04:15",8718300
10200,-150,1000,"sd","14:04:15",8708300
10200,-150,8200,"bu","14:04:12",8707300
10200,-150,600,"bu","14:04:09",8699100
10200,-150,100,"bu","14:04:08",8698500
10200,-150,5000,"bu","14:04:07",8698400
10200,-150,100,"bu","14:04:06",8693400
10200,-150,100,"bu","14:04:02",8693300
10200,-150,500,"bu","14:03:59",8693200
10200,-150,1000,"bu","14:03:58",8692700
10200,-150,1200,"bu","14:03:56",8691700
10200,-150,3000,"sd","14:03:54",8690500
10200,-150,500,"sd","14:03:54",8687500
10200,-150,500,"sd","14:03:54",8687000
10200,-150,8500,"sd","14:03:54",8686500
10200,-150,600,"sd","14:03:54",8678000
10200,-150,400,"sd","14:03:54",8677400
10200,-150,100,"sd","14:03:54",8677000
10200,-150,2900,"sd","14:03:54",8676900
10200,-150,5000,"sd","14:03:54",8674000
10200,-150,2000,"sd","14:03:54",8669000
10200,-150,1000,"sd","14:03:54",8667000
10200,-150,500,"sd","14:03:54",8666000
10200,-150,500,"sd","14:03:54",8665500
10200,-150,4000,"sd","14:03:54",8665000
10200,-150,200,"sd","14:03:54",8661000
10200,-150,2000,"sd","14:03:54",8660800
10200,-150,700,"sd","14:03:54",8658800
10200,-150,600,"sd","14:03:54",8658100
10200,-150,200,"sd","14:03:54",8657500
10200,-150,500,"sd","14:03:54",8657300
10200,-150,300,"bu","14:03:26",8656800
10200,-150,100,"bu","14:03:25",8656500
10200,-150,600,"bu","14:03:24",8656400
10200,-150,5000,"bu","14:03:22",8655800
10200,-150,900,"bu","14:03:21",8650800
10200,-150,2000,"bu","14:03:21",8649900
10200,-150,100,"bu","14:03:20",8647900
10200,-150,100,"bu","14:03:20",8647800
10200,-150,1300,"bu","14:03:19",8647700
10200,-150,2200,"bu","14:03:19",8646400
10200,-150,200,"bu","14:03:18",8644200
10200,-150,100,"bu","14:03:15",8644000
10200,-150,1000,"bu","14:03:14",8643900
10200,-150,3000,"bu","14:03:11",8642900
10200,-150,100,"bu","14:03:10",8639900
10200,-150,500,"bu","14:03:07",8639800
10200,-150,600,"bu","14:03:04",8639300
10200,-150,5000,"bu","14:03:03",8638700
10200,-150,700,"bu","14:03:02",8633700
10200,-150,5000,"bu","14:03:00",8633000
10200,-150,2000,"bu","14:02:51",8628000
10200,-150,100,"bu","14:02:43",8626000
10200,-150,1000,"sd","14:02:42",8625900
10200,-150,100,"sd","14:02:42",8624900
10200,-150,600,"sd","14:02:42",8624800
10200,-150,8300,"sd","14:02:42",8624200
10200,-150,500,"sd","14:02:42",8615900
10200,-150,1000,"sd","14:02:42",8615400
10200,-150,500,"sd","14:02:42",8614400
10200,-150,1000,"sd","14:02:42",8613900
