"price","change","match_qtty","side","time","total_vol"
3560,-260,300,"bu","14:45:03",215800
3560,-260,400,"bu","14:29:26",215500
3560,-260,100,"bu","14:18:13",215100
3560,-260,1000,"bu","14:17:52",215000
3560,-260,1000,"bu","14:14:27",214000
3560,-260,200,"bu","14:04:54",213000
3560,-260,100,"bu","13:55:13",212800
3560,-260,100,"bu","13:50:32",212700
3560,-260,100,"bu","13:44:08",212600
3560,-260,200,"bu","13:39:15",212500
3560,-260,100,"bu","13:37:14",212300
3560,-260,800,"bu","13:28:20",212200
3560,-260,1000,"bu","13:27:02",211400
3560,-260,900,"bu","13:25:55",210400
3560,-260,15000,"bu","13:24:49",209500
3560,-260,4000,"bu","13:21:41",194500
3560,-260,16000,"bu","13:21:19",190500
3560,-260,600,"bu","13:18:55",174500
3560,-260,500,"bu","13:18:12",173900
3560,-260,100,"bu","13:18:00",173400
3560,-260,4000,"bu","13:15:33",173300
3560,-260,100,"bu","13:14:42",169300
3560,-260,1400,"bu","13:12:55",169200
3560,-260,200,"bu","13:11:36",167800
3560,-260,100,"bu","13:06:56",167600
3560,-260,1000,"bu","13:06:05",167500
3560,-260,1100,"bu","13:05:22",166500
3560,-260,500,"bu","13:03:21",165400
3560,-260,100,"bu","13:00:36",164900
3560,-260,600,"bu","11:27:17",164800
3560,-260,200,"bu","11:19:49",164200
3560,-260,10000,"bu","11:12:18",164000
3560,-260,100,"bu","11:05:22",154000
3560,-260,200,"bu","11:02:06",153900
3560,-260,100,"bu","10:56:58",153700
3560,-260,200,"bu","10:56:34",153600
3560,-260,300,"bu","10:56:27",153400
3560,-260,100,"bu","10:55:28",153100
3560,-260,200,"bu","10:54:38",153000
3560,-260,100,"bu","10:41:06",152800
3560,-260,100,"bu","10:36:53",152700
3560,-260,100,"bu","10:35:49",152600
3560,-260,500,"bu","10:29:39",152500
3560,-260,200,"bu","10:29:33",152000
3560,-260,500,"bu","10:25:58",151800
3560,-260,100,"bu","10:19:59",151300
3560,-260,200,"bu","10:19:20",151200
3560,-260,100,"bu","10:18:28",151000
3560,-260,400,"bu","10:18:09",150900
3560,-260,200,"bu","10:15:55",150500
3560,-260,100,"bu","10:14:59",150300
3560,-260,200,"bu","10:14:59",150200
3560,-260,200,"bu","10:14:17",150000
3560,-260,2000,"bu","10:14:11",149800
3560,-260,100,"bu","10:12:27",147800
3560,-260,100,"bu","10:11:19",147700
3560,-260,300,"bu","10:11:06",147600
3560,-260,200,"bu","10:07:51",147300
3560,-260,100,"bu","10:07:08",147100
3560,-260,1000,"bu","10:05:38",147000
3560,-260,200,"bu","10:02:32",146000
3560,-260,200,"bu","10:01:28",145800
3560,-260,1000,"bu","10:00:49",145600
3560,-260,10000,"bu","09:56:51",144600
3560,-260,100,"bu","09:56:09",134600
3560,-260,300,"bu","09:54:58",134500
3560,-260,100,"bu","09:54:36",134200
3560,-260,1000,"bu","09:54:00",134100
3560,-260,200,"bu","09:53:43",133100
3560,-260,100,"bu","09:51:13",132900
3560,-260,500,"bu","09:50:25",132800
3560,-260,5000,"bu","09:49:57",132300
3560,-260,1000,"bu","09:49:49",127300
3560,-260,1000,"bu","09:47:12",126300
3560,-260,100,"bu","09:46:31",125300
3560,-260,5000,"bu","09:42:50",125200
3560,-260,1000,"bu","09:40:53",120200
3560,-260,1000,"bu","09:40:13",119200
3560,-260,1000,"bu","09:40:03",118200
3560,-260,1000,"bu","09:39:18",117200
3560,-260,700,"bu","09:38:24",116200
3560,-260,200,"bu","09:38:24",115500
3560,-260,500,"bu","09:38:24",115300
3560,-260,100,"bu","09:37:18",114800
3560,-260,2000,"bu","09:36:05",114700
3560,-260,500,"bu","09:36:05",112700
3560,-260,100,"bu","09:35:31",112200
3560,-260,1000,"bu","09:35:21",112100
3560,-260,400,"bu","09:33:20",111100
3560,-260,1000,"bu","09:33:12",110700
3560,-260,100,"bu","09:31:18",109700
3560,-260,400,"bu","09:31:10",109600
3560,-260,1000,"bu","09:30:09",109200
3560,-260,300,"bu","09:29:43",108200
3560,-260,100,"bu","09:29:43",107900
3560,-260,100,"bu","09:29:42",107800
3560,-260,200,"bu","09:29:42",107700
3560,-260,100,"bu","09:29:36",107500
3560,-260,1600,"bu","09:29:20",107400
3560,-260,100,"bu","09:29:08",105800
3560,-260,600,"bu","09:28:30",105700
3560,-260,1000,"bu","09:28:28",105100
3560,-260,500,"bu","09:27:49",104100
3560,-260,3000,"bu","09:27:49",103600
3560,-260,300,"bu","09:27:43",100600
3560,-260,2000,"bu","09:27:43",100300
3560,-260,400,"bu","09:27:43",98300
3560,-260,7300,"bu","09:27:43",97900
3560,-260,300,"bu","09:26:55",90600
3560,-260,100,"bu","09:25:46",90300
3560,-260,1000,"bu","09:25:36",90200
3560,-260,100,"bu","09:24:57",89200
3560,-260,300,"bu","09:24:39",89100
3560,-260,900,"bu","09:23:28",88800
3560,-260,1000,"bu","09:23:28",87900
3560,-260,3100,"bu","09:23:28",86900
3560,-260,1000,"bu","09:23:16",83800
3560,-260,900,"bu","09:22:25",82800
3560,-260,100,"bu","09:22:25",81900
3560,-260,1800,"bu","09:21:53",81800
3560,-260,200,"bu","09:21:53",80000
3560,-260,5000,"bu","09:21:53",79800
3560,-260,10000,"bu","09:21:53",74800
3560,-260,1000,"bu","09:21:22",64800
3560,-260,600,"bu","09:21:18",63800
3560,-260,1000,"bu","09:21:11",63200
3560,-260,600,"bu","09:20:52",62200
3560,-260,400,"bu","09:20:52",61600
3560,-260,2000,"bu","09:20:34",61200
3560,-260,100,"bu","09:20:15",59200
3560,-260,500,"bu","09:19:43",59100
3560,-260,500,"bu","09:19:43",58600
3560,-260,3000,"bu","09:19:36",58100
3560,-260,1000,"bu","09:19:19",55100
3560,-260,500,"bu","09:19:15",54100
3560,-260,1000,"bu","09:19:15",53600
3560,-260,1500,"bu","09:19:15",52600
3560,-260,3500,"bu","09:18:47",51100
3560,-260,6500,"bu","09:18:47",47600
3560,-260,200,"bu","09:17:59",41100
3560,-260,2000,"bu","09:17:59",40900
3560,-260,200,"bu","09:16:42",38900
3560,-260,1100,"bu","09:16:34",38700
3560,-260,900,"bu","09:16:34",37600
3560,-260,500,"bu","09:16:25",36700
3560,-260,1000,"bu","09:16:13",36200
3560,-260,500,"bu","09:16:07",35200
3560,-260,1100,"bu","09:16:06",34700
3560,-260,900,"bu","09:16:06",33600
3560,-260,100,"bu","09:15:51",32700
3560,-260,1900,"bu","09:15:51",32600
3560,-260,2000,"bu","09:15:46",30700
3560,-260,5000,"bu","09:15:43",28700
3560,-260,1500,"bu","09:15:43",23700
3560,-260,1000,"bu","09:15:41",22200
3560,-260,100,"bu","09:15:39",21200
3560,-260,100,"bu","09:15:27",21100
3560,-260,500,"bu","09:15:26",21000
3560,-260,1000,"bu","09:15:25",20500
3560,-260,500,"bu","09:15:15",19500
3560,-260,100,"bu","09:15:14",19000
3560,-260,18900,"bu","09:15:02",18900
