"price","change","match_qtty","side","time","total_vol"
16850,-350,195500,"unknown","14:45:00",1645300
16850,-350,1800,"sd","14:29:47",1449800
16850,-350,200,"sd","14:29:47",1448000
16950,-250,2500,"bu","14:29:43",1447800
16850,-350,100,"bu","14:29:29",1445300
16850,-350,100,"bu","14:29:29",1445200
16850,-350,2900,"bu","14:29:29",1445100
16850,-350,100,"bu","14:29:23",1442200
16800,-400,4100,"sd","14:29:20",1442100
16800,-400,500,"sd","14:29:20",1438000
16800,-400,2900,"sd","14:29:20",1437500
16850,-350,500,"bu","14:29:18",1434600
16800,-400,100,"sd","14:29:11",1434100
16800,-400,100,"sd","14:29:11",1434000
16850,-350,100,"bu","14:29:04",1433900
16850,-350,300,"sd","14:28:54",1433800
16850,-350,2000,"sd","14:28:54",1433500
16850,-350,1000,"sd","14:28:54",1431500
16850,-350,3000,"sd","14:28:54",1430500
16850,-350,500,"sd","14:28:54",1427500
16850,-350,400,"sd","14:28:54",1427000
16850,-350,100,"sd","14:28:54",1426600
16850,-350,1000,"sd","14:28:54",1426500
16850,-350,500,"sd","14:28:54",1425500
16850,-350,500,"sd","14:28:54",1425000
16850,-350,300,"sd","14:28:54",1424500
16900,-300,200,"sd","14:28:54",1424200
16900,-300,1000,"sd","14:28:54",1424000
16900,-300,100,"sd","14:28:54",1423000
16900,-300,500,"sd","14:28:54",1422900
16900,-300,1700,"sd","14:28:54",1422400
16900,-300,300,"sd","14:28:48",1420700
16900,-300,200,"sd","14:28:48",1420400
16900,-300,500,"sd","14:28:48",1420200
16950,-250,200,"bu","14:28:40",1419700
16950,-250,2000,"sd","14:28:35",1419500
16950,-250,100,"bu","14:28:33",1417500
16950,-250,2400,"sd","14:28:22",1417400
17000,-200,3000,"bu","14:28:18",1415000
17000,-200,200,"bu","14:28:14",1412000
17000,-200,1000,"bu","14:27:56",1411800
17000,-200,100,"bu","14:27:54",1410800
17000,-200,3700,"bu","14:27:40",1410700
17000,-200,5000,"sd","14:27:37",1407000
17000,-200,6000,"sd","14:27:37",1402000
17000,-200,200,"sd","14:27:37",1396000
17000,-200,100,"sd","14:27:37",1395800
17000,-200,100,"sd","14:27:37",1395700
17100,-100,11400,"bu","14:27:02",1395600
17050,-150,600,"bu","14:27:02",1384200
17050,-150,200,"sd","14:26:44",1383600
17050,-150,100,"sd","14:26:44",1383400
17050,-150,100,"sd","14:26:44",1383300
17050,-150,100,"sd","14:26:35",1383200
17050,-150,100,"sd","14:26:35",1383100
17050,-150,100,"sd","14:26:35",1383000
17050,-150,100,"sd","14:26:35",1382900
17050,-150,100,"sd","14:26:35",1382800
17100,-100,1000,"bu","14:26:25",1382700
17050,-150,100,"sd","14:26:17",1381700
17050,-150,200,"sd","14:26:17",1381600
17050,-150,100,"sd","14:26:02",1381400
17100,-100,1000,"bu","14:25:46",1381300
17100,-100,600,"bu","14:24:59",1380300
17150,-50,6700,"bu","14:23:49",1379700
17100,-100,500,"bu","14:23:49",1373000
17100,-100,100,"bu","14:23:46",1372500
17100,-100,100,"sd","14:23:17",1372400
17100,-100,1300,"sd","14:23:17",1372300
17100,-100,2700,"sd","14:23:04",1371000
17150,-50,200,"bu","14:22:48",1368300
17100,-100,1600,"bu","14:22:18",1368100
17100,-100,400,"bu","14:22:12",1366500
17100,-100,200,"bu","14:22:12",1366100
17100,-100,5000,"bu","14:22:12",1365900
17100,-100,100,"bu","14:22:12",1360900
17100,-100,500,"bu","14:22:12",1360800
17100,-100,100,"bu","14:22:12",1360300
17100,-100,500,"bu","14:22:12",1360200
17100,-100,200,"bu","14:22:12",1359700
17050,-150,2700,"bu","14:21:42",1359500
17050,-150,2000,"bu","14:21:42",1356800
17000,-200,100,"sd","14:21:39",1354800
17000,-200,400,"sd","14:21:30",1354700
17000,-200,500,"sd","14:21:30",1354300
17050,-150,9700,"bu","14:21:23",1353800
17050,-150,300,"bu","14:21:23",1344100
17000,-200,1400,"bu","14:21:08",1343800
17000,-200,500,"bu","14:21:05",1342400
17000,-200,500,"bu","14:20:35",1341900
17000,-200,500,"bu","14:20:35",1341400
17000,-200,400,"bu","14:20:20",1340900
17000,-200,100,"sd","14:20:14",1340500
17050,-150,100,"bu","14:20:05",1340400
17050,-150,1000,"bu","14:20:05",1340300
17050,-150,3800,"bu","14:20:05",1339300
17000,-200,2000,"bu","14:20:05",1335500
17000,-200,1000,"bu","14:20:05",1333500
17000,-200,2000,"bu","14:20:05",1332500
17000,-200,100,"bu","14:20:05",1330500
17000,-200,300,"bu","14:19:43",1330400
17000,-200,100,"bu","14:19:31",1330100
17000,-200,300,"bu","14:19:21",1330000
17000,-200,700,"bu","14:19:21",1329700
17000,-200,2000,"bu","14:19:17",1329000
17000,-200,1300,"bu","14:19:12",1327000
17000,-200,200,"bu","14:19:12",1325700
17000,-200,300,"bu","14:18:45",1325500
16950,-250,2000,"sd","14:18:43",1325200
17000,-200,500,"bu","14:18:37",1323200
16950,-250,2000,"bu","14:18:28",1322700
16950,-250,1000,"bu","14:18:28",1320700
16950,-250,1000,"bu","14:18:28",1319700
16950,-250,200,"bu","14:18:28",1318700
16950,-250,400,"bu","14:18:21",1318500
16950,-250,400,"bu","14:17:56",1318100
16950,-250,200,"bu","14:17:43",1317700
16950,-250,100,"bu","14:17:43",1317500
16950,-250,4000,"bu","14:17:43",1317400
16950,-250,5000,"bu","14:16:55",1313400
16900,-300,300,"sd","14:16:23",1308400
16900,-300,700,"sd","14:15:57",1308100
16900,-300,1700,"bu","14:15:35",1307400
16900,-300,1100,"bu","14:15:35",1305700
16900,-300,200,"bu","14:14:55",1304600
16900,-300,100,"bu","14:14:46",1304400
16900,-300,300,"bu","14:14:06",1304300
16850,-350,100,"sd","14:13:26",1304000
16850,-350,200,"sd","14:13:26",1303900
16850,-350,1000,"sd","14:13:26",1303700
16850,-350,1600,"sd","14:13:26",1302700
16900,-300,300,"sd","14:12:54",1301100
16900,-300,800,"sd","14:12:26",1300800
16900,-300,200,"sd","14:12:26",1300000
16900,-300,100,"bu","14:12:12",1299800
16900,-300,200,"bu","14:12:12",1299700
16900,-300,500,"bu","14:12:02",1299500
16900,-300,500,"bu","14:12:02",1299000
16900,-300,500,"bu","14:11:47",1298500
16900,-300,500,"bu","14:11:47",1298000
16900,-300,400,"bu","14:11:38",1297500
16900,-300,1100,"bu","14:11:18",1297100
16900,-300,500,"bu","14:11:18",1296000
16900,-300,1100,"bu","14:11:18",1295500
16900,-300,800,"bu","14:11:18",1294400
16850,-350,1800,"bu","14:10:13",1293600
16850,-350,200,"bu","14:10:01",1291800
16800,-400,1000,"sd","14:09:55",1291600
16800,-400,500,"sd","14:09:41",1290600
16700,-500,200,"sd","14:09:10",1290100
16700,-500,200,"sd","14:09:10",1289900
16750,-450,100,"sd","14:09:10",1289700
16750,-450,1700,"sd","14:09:10",1289600
16750,-450,1000,"sd","14:09:10",1287900
16750,-450,200,"sd","14:09:10",1286900
16750,-450,2000,"sd","14:09:10",1286700
16750,-450,500,"sd","14:09:10",1284700
16750,-450,1000,"sd","14:09:10",1284200
16750,-450,100,"sd","14:09:10",1283200
16750,-450,500,"sd","14:09:10",1283100
16750,-450,900,"sd","14:09:10",1282600
16800,-400,100,"sd","14:09:10",1281700
16800,-400,1500,"sd","14:09:10",1281600
16800,-400,3000,"bu","14:08:55",1280100
16800,-400,2700,"bu","14:08:55",1277100
16800,-400,2000,"bu","14:08:55",1274400
16750,-450,300,"sd","14:08:53",1272400
16750,-450,1000,"sd","14:08:53",1272100
16750,-450,100,"sd","14:08:53",1271100
16750,-450,200,"sd","14:08:53",1271000
16750,-450,2700,"sd","14:08:53",1270800
16750,-450,200,"sd","14:08:53",1268100
16750,-450,300,"sd","14:08:53",1267900
16750,-450,200,"sd","14:08:53",1267600
16750,-450,1000,"sd","14:08:53",1267400
16750,-450,500,"sd","14:08:35",1266400
16750,-450,1500,"sd","14:08:29",1265900
16800,-400,500,"bu","14:08:29",1264400
16750,-450,1000,"sd","14:07:36",1263900
16750,-450,1000,"sd","14:07:36",1262900
16800,-400,1000,"sd","14:07:21",1261900
16800,-400,200,"sd","14:07:21",1260900
16800,-400,1000,"sd","14:07:21",1260700
16800,-400,1500,"sd","14:07:21",1259700
16800,-400,300,"sd","14:07:21",1258200
16800,-400,100,"sd","14:07:21",1257900
16800,-400,2000,"sd","14:07:21",1257800
16800,-400,100,"sd","14:07:21",1255800
16800,-400,500,"sd","14:07:21",1255700
16800,-400,1000,"sd","14:07:21",1255200
16800,-400,200,"sd","14:07:21",1254200
16800,-400,2000,"sd","14:07:21",1254000
16800,-400,200,"sd","14:07:21",1252000
16800,-400,200,"sd","14:07:21",1251800
16800,-400,2000,"sd","14:07:21",1251600
16800,-400,2000,"sd","14:07:21",1249600
16800,-400,2000,"sd","14:07:21",1247600
16800,-400,600,"sd","14:07:21",1245600
16800,-400,1400,"sd","14:07:21",1245000
16800,-400,4800,"sd","14:07:21",1243600
16800,-400,200,"sd","14:07:19",1238800
16800,-400,100,"sd","14:07:19",1238600
16800,-400,400,"sd","14:07:19",1238500
16800,-400,200,"sd","14:07:19",1238100
16800,-400,100,"sd","14:07:19",1237900
16800,-400,500,"sd","14:07:19",1237800
16800,-400,500,"sd","14:07:19",1237300
16850,-350,2000,"sd","14:07:05",1236800
16850,-350,2000,"sd","14:07:05",1234800
16850,-350,200,"sd","14:07:05",1232800
16850,-350,200,"sd","14:07:05",1232600
16850,-350,20300,"sd","14:07:05",1232400
16850,-350,500,"sd","14:07:05",1212100
16850,-350,100,"sd","14:07:05",1211600
16850,-350,1000,"sd","14:07:05",1211500
16900,-300,100,"bu","14:06:22",1210500
16900,-300,100,"sd","14:06:01",1210400
16900,-300,100,"sd","14:06:01",1210300
16900,-300,2900,"sd","14:06:01",1210200
16900,-300,2000,"sd","14:06:01",1207300
16900,-300,100,"sd","14:05:51",1205300
16900,-300,900,"sd","14:05:43",1205200
16900,-300,100,"sd","14:05:43",1204300
16900,-300,1000,"sd","14:05:43",1204200
16900,-300,3500,"sd","14:05:43",1203200
16900,-300,600,"sd","14:05:19",1199700
16950,-250,1200,"bu","14:04:52",1199100
16900,-300,100,"sd","14:04:49",1197900
16900,-300,1200,"sd","14:04:44",1197800
16900,-300,500,"sd","14:04:44",1196600
16900,-300,500,"sd","14:04:44",1196100
16900,-300,100,"sd","14:04:44",1195600
16900,-300,300,"sd","14:04:44",1195500
16900,-300,2700,"sd","14:04:34",1195200
16900,-300,3100,"sd","14:04:33",1192500
16900,-300,200,"sd","14:04:16",1189400
16900,-300,200,"sd","14:03:35",1189200
16900,-300,100,"sd","14:03:34",1189000
16900,-300,900,"sd","14:02:35",1188900
16950,-250,500,"bu","14:01:30",1188000
16950,-250,500,"bu","14:00:29",1187500
16950,-250,300,"bu","13:59:50",1187000
16900,-300,500,"bu","13:59:41",1186700
16900,-300,100,"bu","13:59:26",1186200
16900,-300,100,"bu","13:59:21",1186100
16900,-300,100,"bu","13:59:05",1186000
16900,-300,1500,"bu","13:58:59",1185900
16900,-300,1000,"bu","13:58:47",1184400
16900,-300,5000,"sd","13:58:44",1183400
16900,-300,100,"sd","13:58:44",1178400
16900,-300,100,"sd","13:58:44",1178300
16900,-300,1000,"sd","13:58:44",1178200
16900,-300,500,"sd","13:58:44",1177200
16900,-300,600,"sd","13:58:30",1176700
16900,-300,1000,"sd","13:58:30",1176100
16900,-300,1000,"sd","13:58:30",1175100
16900,-300,900,"sd","13:58:30",1174100
16900,-300,400,"sd","13:58:30",1173200
16900,-300,100,"sd","13:58:30",1172800
16900,-300,600,"sd","13:58:30",1172700
16900,-300,100,"sd","13:58:30",1172100
16900,-300,200,"sd","13:58:30",1172000
16950,-250,100,"sd","13:57:37",1171800
16950,-250,1900,"sd","13:57:12",1171700
16950,-250,100,"sd","13:57:12",1169800
16950,-250,100,"sd","13:57:12",1169700
16950,-250,100,"sd","13:57:12",1169600
17000,-200,100,"bu","13:57:04",1169500
17000,-200,500,"bu","13:55:23",1169400
17000,-200,500,"bu","13:55:23",1168900
17000,-200,100,"bu","13:54:07",1168400
17000,-200,4900,"bu","13:54:07",1168300
17000,-200,100,"bu","13:52:55",1163400
17000,-200,200,"bu","13:52:55",1163300
17000,-200,100,"bu","13:52:36",1163100
17000,-200,200,"bu","13:52:24",1163000
17000,-200,1900,"bu","13:52:24",1162800
17000,-200,100,"bu","13:52:19",1160900
17000,-200,200,"bu","13:52:19",1160800
17000,-200,100,"bu","13:52:19",1160600
17000,-200,100,"bu","13:52:19",1160500
17000,-200,300,"bu","13:51:50",1160400
17000,-200,100,"bu","13:51:20",1160100
17000,-200,100,"bu","13:51:13",1160000
17000,-200,400,"bu","13:51:06",1159900
16900,-300,300,"sd","13:50:48",1159500
16900,-300,500,"sd","13:50:48",1159200
16900,-300,5000,"sd","13:49:59",1158700
16900,-300,1300,"sd","13:49:44",1153700
16950,-250,800,"bu","13:49:41",1152400
16900,-300,1200,"sd","13:48:41",1151600
16900,-300,2000,"sd","13:48:24",1150400
16950,-250,100,"bu","13:48:10",1148400
16950,-250,1000,"bu","13:48:07",1148300
16950,-250,100,"bu","13:47:47",1147300
16950,-250,1800,"sd","13:47:25",1147200
16950,-250,8200,"sd","13:47:15",1145400
16950,-250,500,"sd","13:47:15",1137200
16950,-250,100,"sd","13:47:15",1136700
16950,-250,100,"sd","13:47:15",1136600
16950,-250,200,"sd","13:47:13",1136500
16950,-250,200,"sd","13:47:11",1136300
16950,-250,1000,"sd","13:47:10",1136100
16950,-250,300,"sd","13:47:10",1135100
16950,-250,500,"sd","13:47:10",1134800
17000,-200,500,"sd","13:46:27",1134300
17000,-200,600,"sd","13:46:27",1133800
17000,-200,600,"sd","13:46:03",1133200
17000,-200,100,"sd","13:45:42",1132600
17000,-200,500,"sd","13:45:38",1132500
17000,-200,1800,"sd","13:45:34",1132000
17050,-150,1200,"sd","13:45:06",1130200
17100,-100,400,"bu","13:45:05",1129000
17050,-150,2000,"sd","13:44:57",1128600
17050,-150,200,"sd","13:44:51",1126600
17050,-150,1000,"sd","13:44:44",1126400
17050,-150,600,"bu","13:44:44",1125400
17050,-150,2400,"sd","13:44:41",1124800
17050,-150,600,"sd","13:44:10",1122400
17050,-150,100,"sd","13:44:10",1121800
17050,-150,100,"sd","13:44:10",1121700
17050,-150,100,"sd","13:44:10",1121600
17050,-150,200,"sd","13:44:10",1121500
17050,-150,300,"sd","13:44:10",1121300
17050,-150,200,"sd","13:44:00",1121000
17050,-150,600,"sd","13:42:17",1120800
17100,-100,400,"sd","13:42:17",1120200
17100,-100,500,"sd","13:42:13",1119800
17100,-100,1000,"bu","13:42:09",1119300
17100,-100,300,"bu","13:42:09",1118300
17100,-100,1800,"bu","13:42:09",1118000
17050,-150,600,"sd","13:42:09",1116200
17050,-150,100,"sd","13:42:09",1115600
17050,-150,100,"sd","13:42:09",1115500
17050,-150,100,"sd","13:42:09",1115400
17050,-150,100,"sd","13:42:09",1115300
17100,-100,2000,"bu","13:42:05",1115200
17100,-100,1000,"bu","13:41:52",1113200
17100,-100,200,"bu","13:41:30",1112200
17100,-100,400,"bu","13:41:30",1112000
17100,-100,100,"bu","13:40:22",1111600
17100,-100,500,"bu","13:40:15",1111500
17100,-100,500,"bu","13:40:15",1111000
17100,-100,2100,"bu","13:40:09",1110500
17000,-200,1000,"sd","13:39:59",1108400
17100,-100,600,"bu","13:39:54",1107400
17100,-100,600,"sd","13:39:38",1106800
17100,-100,10100,"sd","13:39:38",1106200
17100,-100,2500,"bu","13:39:22",1096100
17100,-100,5000,"bu","13:39:22",1093600
17100,-100,1000,"bu","13:39:22",1088600
17100,-100,500,"bu","13:39:22",1087600
17100,-100,2000,"bu","13:39:22",1087100
17100,-100,200,"bu","13:39:22",1085100
17100,-100,2000,"bu","13:39:22",1084900
17100,-100,500,"bu","13:39:22",1082900
17100,-100,5000,"bu","13:39:22",1082400
17100,-100,7200,"bu","13:39:22",1077400
17100,-100,2400,"bu","13:39:16",1070200
17050,-150,1000,"bu","13:39:16",1067800
17050,-150,2000,"bu","13:39:16",1066800
17050,-150,1700,"bu","13:39:16",1064800
17000,-200,400,"bu","13:39:04",1063100
17000,-200,500,"bu","13:39:04",1062700
17000,-200,100,"bu","13:39:04",1062200
17000,-200,1100,"bu","13:39:02",1062100
17000,-200,1300,"bu","13:39:02",1061000
17000,-200,700,"bu","13:39:02",1059700
17000,-200,300,"bu","13:39:02",1059000
17000,-200,500,"bu","13:38:58",1058700
17000,-200,100,"bu","13:38:53",1058200
17000,-200,100,"bu","13:38:51",1058100
17000,-200,100,"bu","13:38:51",1058000
16950,-250,2900,"bu","13:38:39",1057900
16950,-250,200,"bu","13:38:37",1055000
16950,-250,9000,"bu","13:38:37",1054800
16950,-250,7900,"bu","13:38:35",1045800
16950,-250,600,"bu","13:38:35",1037900
16950,-250,6000,"bu","13:38:35",1037300
16950,-250,3700,"bu","13:38:35",1031300
16950,-250,1000,"bu","13:38:35",1027600
16950,-250,1000,"bu","13:38:35",1026600
16950,-250,3800,"bu","13:38:35",1025600
16950,-250,2000,"bu","13:38:35",1021800
16950,-250,1000,"bu","13:38:35",1019800
16950,-250,3000,"bu","13:38:35",1018800
16900,-300,3400,"bu","13:37:22",1015800
16900,-300,100,"bu","13:37:17",1012400
16900,-300,500,"bu","13:37:14",1012300
16900,-300,200,"bu","13:37:14",1011800
16900,-300,300,"bu","13:37:14",1011600
16900,-300,500,"bu","13:36:40",1011300
16900,-300,200,"bu","13:36:34",1010800
16900,-300,1000,"bu","13:36:00",1010600
16800,-400,1800,"sd","13:35:56",1009600
16850,-350,600,"sd","13:35:56",1007800
16850,-350,600,"sd","13:35:56",1007200
16850,-350,800,"sd","13:35:48",1006600
16850,-350,3600,"bu","13:35:33",1005800
16800,-400,100,"sd","13:34:24",1002200
16800,-400,1000,"bu","13:34:10",1002100
16800,-400,100,"sd","13:34:09",1001100
16800,-400,5000,"sd","13:34:09",1001000
16800,-400,1000,"sd","13:34:09",996000
16800,-400,400,"sd","13:34:09",995000
16800,-400,5000,"sd","13:34:09",994600
16800,-400,2000,"sd","13:34:09",989600
16800,-400,500,"sd","13:34:09",987600
16850,-350,200,"bu","13:33:39",987100
16850,-350,500,"sd","13:33:25",986900
16850,-350,5000,"sd","13:33:25",986400
16850,-350,700,"sd","13:33:25",981400
16850,-350,200,"sd","13:33:24",980700
16850,-350,2600,"bu","13:33:12",980500
16850,-350,1500,"bu","13:33:12",977900
16850,-350,500,"bu","13:32:33",976400
16850,-350,800,"bu","13:32:19",975900
16850,-350,1800,"bu","13:32:19",975100
16850,-350,5000,"bu","13:32:17",973300
16850,-350,100,"bu","13:32:12",968300
16850,-350,500,"bu","13:32:08",968200
16850,-350,600,"bu","13:31:55",967700
16850,-350,300,"bu","13:31:55",967100
16850,-350,1000,"bu","13:31:45",966800
16850,-350,100,"bu","13:31:39",965800
16850,-350,100,"bu","13:31:36",965700
16850,-350,500,"bu","13:31:22",965600
16850,-350,300,"bu","13:31:18",965100
16800,-400,600,"bu","13:30:22",964800
16800,-400,1000,"bu","13:30:18",964200
16800,-400,100,"bu","13:30:11",963200
16800,-400,300,"bu","13:30:07",963100
16800,-400,2700,"bu","13:30:07",962800
16800,-400,200,"bu","13:30:06",960100
16800,-400,400,"bu","13:29:48",959900
16800,-400,200,"bu","13:29:47",959500
16800,-400,1500,"bu","13:29:44",959300
16800,-400,2700,"bu","13:29:43",957800
16800,-400,10000,"bu","13:29:30",955100
16800,-400,100,"bu","13:29:18",945100
16800,-400,300,"sd","13:29:08",945000
16800,-400,200,"sd","13:29:08",944700
16800,-400,1500,"sd","13:29:08",944500
16800,-400,1000,"sd","13:29:08",943000
16800,-400,5000,"sd","13:29:08",942000
16800,-400,1000,"sd","13:29:08",937000
16800,-400,1000,"sd","13:29:08",936000
16800,-400,500,"sd","13:29:08",935000
16800,-400,1000,"sd","13:29:08",934500
16800,-400,100,"sd","13:29:08",933500
16800,-400,5000,"sd","13:29:08",933400
16800,-400,1600,"sd","13:29:08",928400
16800,-400,3000,"sd","13:29:08",926800
16800,-400,10000,"sd","13:29:08",923800
16800,-400,1000,"sd","13:29:08",913800
16850,-350,100,"bu","13:28:53",912800
16800,-400,2500,"sd","13:28:45",912700
16800,-400,1500,"sd","13:28:39",910200
16800,-400,500,"sd","13:28:39",908700
16850,-350,500,"sd","13:28:21",908200
16850,-350,10000,"sd","13:28:21",907700
16850,-350,200,"sd","13:28:21",897700
16850,-350,100,"sd","13:28:21",897500
16850,-350,200,"sd","13:28:21",897400
16850,-350,1000,"sd","13:28:21",897200
16850,-350,1500,"sd","13:28:21",896200
16850,-350,30000,"sd","13:28:21",894700
16850,-350,30000,"sd","13:28:21",864700
16850,-350,5000,"sd","13:28:21",834700
16850,-350,200,"sd","13:28:21",829700
16850,-350,500,"sd","13:28:21",829500
16850,-350,8000,"sd","13:28:21",829000
16850,-350,100,"sd","13:28:21",821000
16850,-350,300,"sd","13:28:21",820900
16850,-350,100,"sd","13:28:13",820600
16900,-300,400,"bu","13:28:12",820500
16900,-300,600,"bu","13:28:12",820100
16900,-300,1400,"sd","13:27:14",819500
16900,-300,600,"sd","13:27:07",818100
16900,-300,100,"sd","13:27:07",817500
16900,-300,2300,"sd","13:27:07",817400
16900,-300,200,"sd","13:27:04",815100
16900,-300,2500,"sd","13:26:49",814900
16900,-300,2000,"sd","13:26:49",812400
16900,-300,500,"sd","13:26:49",810400
16900,-300,100,"bu","13:25:57",809900
16900,-300,1000,"bu","13:25:57",809800
16900,-300,400,"bu","13:25:57",808800
16900,-300,300,"bu","13:25:47",808400
16850,-350,5000,"sd","13:25:35",808100
16850,-350,100,"sd","13:25:16",803100
16850,-350,100,"sd","13:25:01",803000
16900,-300,200,"bu","13:24:52",802900
16900,-300,100,"bu","13:24:49",802700
16900,-300,100,"bu","13:24:38",802600
16900,-300,600,"bu","13:24:34",802500
16900,-300,1000,"bu","13:24:20",801900
16900,-300,1000,"bu","13:24:01",800900
16850,-350,2000,"sd","13:23:52",799900
16900,-300,100,"bu","13:23:27",797900
16900,-300,100,"bu","13:23:02",797800
16900,-300,200,"sd","13:22:44",797700
16900,-300,900,"sd","13:22:44",797500
16900,-300,200,"sd","13:22:40",796600
16900,-300,500,"bu","13:22:39",796400
16900,-300,1700,"bu","13:22:39",795900
16900,-300,6700,"bu","13:22:39",794200
16900,-300,1900,"sd","13:22:21",787500
16900,-300,1000,"bu","13:22:13",785600
16900,-300,300,"bu","13:22:13",784600
16900,-300,1800,"bu","13:22:13",784300
16900,-300,2000,"bu","13:22:05",782500
16850,-350,200,"sd","13:21:53",780500
16900,-300,100,"bu","13:21:35",780300
16900,-300,100,"bu","13:21:20",780200
16900,-300,200,"bu","13:21:19",780100
16850,-350,10200,"sd","13:21:10",779900
16850,-350,100,"sd","13:21:10",769700
16850,-350,100,"sd","13:21:10",769600
16850,-350,200,"sd","13:21:10",769500
16850,-350,4000,"sd","13:21:10",769300
16850,-350,1000,"sd","13:21:07",765300
16900,-300,100,"bu","13:21:02",764300
16900,-300,100,"bu","13:20:58",764200
16900,-300,500,"sd","13:20:47",764100
16900,-300,100,"sd","13:20:47",763600
16900,-300,1000,"sd","13:19:56",763500
16900,-300,300,"sd","13:19:50",762500
16900,-300,700,"sd","13:19:44",762200
16900,-300,200,"sd","13:19:31",761500
16900,-300,11800,"sd","13:19:13",761300
16900,-300,2500,"sd","13:19:13",749500
16900,-300,500,"sd","13:19:13",747000
16900,-300,200,"sd","13:19:13",746500
16950,-250,100,"sd","13:18:44",746300
16950,-250,200,"sd","13:18:44",746200
16950,-250,5200,"sd","13:18:44",746000
16950,-250,4100,"sd","13:18:42",740800
16950,-250,500,"sd","13:17:59",736700
16950,-250,100,"bu","13:17:57",736200
16950,-250,100,"bu","13:17:57",736100
16950,-250,200,"bu","13:17:53",736000
16950,-250,300,"bu","13:17:53",735800
16950,-250,1700,"bu","13:17:43",735500
16950,-250,2000,"bu","13:17:43",733800
16950,-250,1000,"bu","13:17:43",731800
16950,-250,5000,"bu","13:17:43",730800
16950,-250,300,"bu","13:17:43",725800
16950,-250,400,"bu","13:17:42",725500
16950,-250,300,"bu","13:17:19",725100
16950,-250,500,"bu","13:17:14",724800
16950,-250,700,"bu","13:17:10",724300
16950,-250,100,"bu","13:17:00",723600
16950,-250,100,"bu","13:16:42",723500
16950,-250,1600,"bu","13:16:36",723400
16950,-250,1000,"bu","13:16:36",721800
16900,-300,200,"sd","13:16:14",720800
16900,-300,800,"sd","13:16:14",720600
16900,-300,200,"bu","13:15:54",719800
16900,-300,300,"sd","13:15:32",719600
16900,-300,200,"bu","13:15:10",719300
16900,-300,1000,"bu","13:15:08",719100
16900,-300,800,"bu","13:15:08",718100
16900,-300,100,"bu","13:15:08",717300
16900,-300,1900,"bu","13:15:05",717200
16900,-300,200,"bu","13:15:05",715300
16900,-300,500,"bu","13:15:05",715100
16900,-300,100,"bu","13:15:05",714600
16900,-300,300,"bu","13:15:05",714500
16900,-300,2000,"bu","13:15:03",714200
16900,-300,100,"bu","13:14:58",712200
16900,-300,5000,"bu","13:14:36",712100
16900,-300,5000,"bu","13:14:25",707100
16900,-300,100,"bu","13:14:05",702100
16900,-300,1300,"bu","13:13:54",702000
16900,-300,700,"bu","13:13:54",700700
16900,-300,100,"bu","13:13:52",700000
16900,-300,900,"bu","13:13:52",699900
16900,-300,100,"bu","13:13:50",699000
16900,-300,100,"bu","13:13:50",698900
16900,-300,1300,"bu","13:13:50",698800
16900,-300,5000,"bu","13:13:37",697500
16900,-300,1000,"bu","13:13:26",692500
16850,-350,1000,"bu","13:13:15",691500
16850,-350,2000,"bu","13:13:15",690500
16850,-350,500,"bu","13:13:15",688500
16850,-350,500,"bu","13:13:11",688000
16800,-400,100,"bu","13:13:02",687500
16800,-400,800,"bu","13:13:02",687400
16800,-400,1200,"bu","13:12:58",686600
16800,-400,200,"bu","13:12:58",685400
16800,-400,600,"bu","13:12:58",685200
16800,-400,300,"bu","13:12:58",684600
16800,-400,500,"bu","13:12:57",684300
16800,-400,600,"bu","13:12:57",683800
16800,-400,400,"bu","13:12:57",683200
16800,-400,100,"bu","13:12:55",682800
16800,-400,1000,"bu","13:12:51",682700
16800,-400,700,"bu","13:12:49",681700
16800,-400,100,"bu","13:12:43",681000
16800,-400,100,"bu","13:12:39",680900
16800,-400,2000,"bu","13:12:24",680800
16800,-400,100,"bu","13:12:17",678800
16800,-400,700,"bu","13:12:12",678700
16750,-450,2000,"bu","13:11:20",678000
16800,-400,100,"bu","13:10:53",676000
16700,-500,2000,"sd","13:10:42",675900
16700,-500,2300,"sd","13:10:34",673900
16700,-500,1000,"sd","13:10:34",671600
16700,-500,1700,"sd","13:10:34",670600
16750,-450,100,"bu","13:10:32",668900
16750,-450,100,"sd","13:10:28",668800
16750,-450,300,"sd","13:10:28",668700
16750,-450,100,"sd","13:10:28",668400
16750,-450,400,"sd","13:10:28",668300
16750,-450,4600,"sd","13:10:18",667900
16750,-450,1000,"sd","13:10:18",663300
16750,-450,700,"sd","13:10:18",662300
16750,-450,200,"sd","13:10:18",661600
16750,-450,500,"sd","13:10:18",661400
16750,-450,1000,"sd","13:10:17",660900
16750,-450,8000,"sd","13:09:56",659900
16750,-450,1000,"sd","13:09:08",651900
16700,-500,300,"sd","13:08:12",650900
16700,-500,300,"sd","13:08:12",650600
16750,-450,200,"sd","13:08:12",650300
16750,-450,2900,"sd","13:08:12",650100
16750,-450,800,"sd","13:08:12",647200
16750,-450,600,"sd","13:08:12",646400
16750,-450,1000,"sd","13:08:12",645800
16750,-450,1000,"sd","13:08:12",644800
16750,-450,900,"sd","13:08:12",643800
16750,-450,500,"sd","13:07:31",642900
16750,-450,200,"bu","13:07:25",642400
16750,-450,1400,"bu","13:07:25",642200
16750,-450,2300,"bu","13:07:25",640800
16750,-450,500,"bu","13:07:23",638500
16750,-450,100,"sd","13:07:18",638000
16750,-450,100,"sd","13:07:18",637900
16750,-450,500,"sd","13:07:18",637800
16750,-450,100,"sd","13:07:18",637300
16750,-450,300,"sd","13:07:18",637200
16750,-450,1000,"sd","13:07:18",636900
16750,-450,100,"sd","13:07:18",635900
16800,-400,700,"sd","13:06:58",635800
16800,-400,200,"bu","13:06:57",635100
16800,-400,100,"bu","13:06:57",634900
16800,-400,200,"sd","13:06:45",634800
16800,-400,200,"sd","13:06:45",634600
16850,-350,1000,"bu","13:06:39",634400
16800,-400,300,"bu","13:06:25",633400
16800,-400,100,"bu","13:06:14",633100
16800,-400,200,"bu","13:06:13",633000
16900,-300,100,"bu","13:05:27",632800
16900,-300,200,"bu","13:05:16",632700
16650,-550,100,"sd","13:05:02",632500
16650,-550,200,"sd","13:05:02",632400
16650,-550,200,"sd","13:05:02",632200
16650,-550,700,"sd","13:05:02",632000
16650,-550,300,"sd","13:05:02",631300
16700,-500,1000,"sd","13:05:02",631000
16700,-500,200,"sd","13:05:02",630000
16700,-500,800,"sd","13:05:02",629800
16800,-400,200,"sd","13:05:02",629000
16800,-400,200,"sd","13:05:02",628800
16800,-400,200,"sd","13:05:02",628600
16900,-300,100,"bu","13:04:53",628400
16700,-500,300,"sd","13:04:35",628300
16700,-500,100,"sd","13:04:35",628000
16700,-500,2000,"sd","13:04:35",627900
16700,-500,500,"sd","13:04:35",625900
16700,-500,100,"sd","13:04:35",625400
16700,-500,100,"sd","13:04:35",625300
16700,-500,100,"sd","13:04:35",625200
16700,-500,1000,"sd","13:04:35",625100
16700,-500,100,"sd","13:04:35",624100
16700,-500,200,"sd","13:04:35",624000
16700,-500,200,"sd","13:04:35",623800
16700,-500,100,"sd","13:04:35",623600
16700,-500,200,"sd","13:04:35",623500
16700,-500,5000,"sd","13:04:35",623300
16700,-500,1000,"sd","13:04:35",618300
16700,-500,10000,"sd","13:04:35",617300
16700,-500,3000,"sd","13:04:35",607300
16700,-500,2000,"sd","13:04:35",604300
16700,-500,500,"sd","13:04:35",602300
16700,-500,200,"sd","13:04:35",601800
16700,-500,300,"sd","13:04:35",601600
16700,-500,500,"sd","13:04:35",601300
16700,-500,100,"sd","13:04:35",600800
16700,-500,1000,"sd","13:04:35",600700
16700,-500,1000,"sd","13:04:35",599700
16700,-500,500,"sd","13:04:35",598700
16700,-500,200,"sd","13:04:35",598200
16700,-500,200,"sd","13:04:35",598000
16700,-500,100,"sd","13:04:35",597800
16750,-450,500,"sd","13:04:35",597700
16750,-450,1000,"sd","13:04:35",597200
16750,-450,100,"sd","13:04:35",596200
16750,-450,100,"sd","13:04:35",596100
16750,-450,100,"sd","13:04:35",596000
16750,-450,100,"sd","13:04:35",595900
16750,-450,300,"sd","13:04:35",595800
16750,-450,100,"sd","13:04:35",595500
16750,-450,1000,"sd","13:04:35",595400
16750,-450,10000,"sd","13:04:35",594400
16750,-450,1000,"sd","13:04:35",584400
16750,-450,500,"sd","13:04:35",583400
16750,-450,5000,"sd","13:04:35",582900
16750,-450,200,"sd","13:04:35",577900
16800,-400,200,"sd","13:04:35",577700
16800,-400,1000,"sd","13:04:35",577500
16800,-400,10000,"sd","13:04:35",576500
16800,-400,500,"sd","13:04:35",566500
16800,-400,300,"sd","13:04:35",566000
16800,-400,200,"sd","13:04:35",565700
16800,-400,200,"sd","13:04:35",565500
16800,-400,300,"sd","13:04:29",565300
16800,-400,200,"sd","13:04:29",565000
16800,-400,200,"sd","13:04:29",564800
16800,-400,1700,"sd","13:04:29",564600
16850,-350,400,"sd","13:04:29",562900
16800,-400,300,"sd","13:04:00",562500
16800,-400,1000,"sd","13:04:00",562200
16800,-400,100,"sd","13:04:00",561200
16800,-400,400,"bu","13:03:19",561100
16800,-400,400,"sd","13:03:07",560700
16800,-400,300,"sd","13:03:07",560300
16800,-400,1000,"sd","13:03:07",560000
16800,-400,500,"sd","13:03:07",559000
16800,-400,100,"sd","13:03:07",558500
16800,-400,100,"sd","13:02:24",558400
16800,-400,500,"bu","13:02:06",558300
16800,-400,300,"bu","13:02:06",557800
16800,-400,200,"bu","13:02:03",557500
16800,-400,100,"bu","13:02:03",557300
16800,-400,700,"bu","13:02:03",557200
16750,-450,400,"sd","13:02:03",556500
16800,-400,500,"bu","13:02:00",556100
16750,-450,300,"sd","13:01:49",555600
16750,-450,100,"sd","13:01:36",555300
16750,-450,200,"sd","13:01:36",555200
16750,-450,1000,"sd","13:01:36",555000
16800,-400,500,"sd","13:01:26",554000
16800,-400,100,"sd","13:01:26",553500
16800,-400,1100,"sd","13:01:26",553400
16800,-400,900,"sd","13:01:25",552300
16800,-400,200,"sd","13:01:25",551400
16800,-400,100,"sd","13:01:25",551200
16800,-400,200,"sd","13:01:25",551100
16800,-400,200,"sd","13:01:25",550900
16800,-400,1400,"sd","13:01:25",550700
16800,-400,400,"sd","13:01:17",549300
16800,-400,1300,"sd","13:00:53",548900
16800,-400,3000,"sd","13:00:44",547600
16800,-400,33900,"sd","13:00:26",544600
16800,-400,2000,"sd","13:00:26",510700
16800,-400,500,"sd","13:00:26",508700
16800,-400,200,"sd","13:00:26",508200
16800,-400,100,"sd","13:00:26",508000
16800,-400,100,"sd","13:00:26",507900
16800,-400,1000,"sd","13:00:26",507800
16800,-400,100,"sd","13:00:26",506800
16800,-400,100,"sd","13:00:26",506700
16800,-400,2000,"sd","13:00:26",506600
16800,-400,2000,"sd","13:00:26",504600
16800,-400,12000,"sd","13:00:26",502600
16800,-400,100,"sd","13:00:26",490600
16800,-400,2000,"sd","13:00:26",490500
16800,-400,500,"sd","13:00:26",488500
16800,-400,1000,"sd","13:00:26",488000
16800,-400,1500,"sd","13:00:26",487000
16800,-400,800,"sd","13:00:26",485400
16800,-400,100,"sd","13:00:26",485500
16850,-350,1000,"sd","13:00:24",484600
16850,-350,200,"sd","13:00:24",483600
16850,-350,1500,"sd","13:00:24",483400
16850,-350,3500,"sd","13:00:21",481900
16850,-350,100,"sd","13:00:21",478400
16850,-350,100,"sd","13:00:21",478300
16850,-350,1300,"sd","13:00:21",478200
16850,-350,10000,"sd","13:00:20",476900
16850,-350,100,"sd","13:00:19",466900
16900,-300,300,"bu","13:00:17",466800
16900,-300,1000,"bu","13:00:16",466500
16900,-300,100,"bu","13:00:09",465500
16850,-350,600,"sd","13:00:07",465400
16850,-350,100,"sd","13:00:07",464800
16850,-350,2000,"sd","13:00:07",464700
16850,-350,300,"sd","13:00:07",462700
16850,-350,200,"sd","13:00:06",462400
16900,-300,100,"bu","13:00:04",462200
16900,-300,100,"bu","13:00:01",462100
16900,-300,1000,"bu","13:00:01",462000
16900,-300,1000,"bu","13:00:01",461000
16850,-350,8300,"sd","13:00:01",460000
16850,-350,500,"sd","13:00:01",451700
16850,-350,1200,"sd","13:00:01",451200
16850,-350,200,"sd","13:00:00",450000
16900,-300,800,"sd","13:00:00",449800
16900,-300,200,"sd","13:00:00",449000
16850,-350,3600,"sd","12:59:59",448800
16850,-350,200,"sd","12:59:59",445200
16850,-350,100,"sd","12:59:59",445000
16850,-350,1000,"sd","12:59:59",444900
16850,-350,500,"sd","12:59:59",443900
16850,-350,500,"sd","12:59:59",443400
16850,-350,3000,"sd","12:59:59",442900
16900,-300,1000,"sd","12:59:59",439900
16900,-300,1000,"sd","12:59:59",438900
16900,-300,1000,"sd","12:59:59",437900
16900,-300,100,"sd","12:59:59",436900
16900,-300,700,"sd","12:59:59",436800
16900,-300,500,"sd","11:29:45",436100
16900,-300,1000,"sd","11:29:41",435600
16900,-300,600,"sd","11:29:41",434600
16900,-300,100,"sd","11:29:41",434000
16900,-300,100,"sd","11:29:41",433900
16900,-300,100,"sd","11:29:41",433800
16900,-300,100,"sd","11:29:41",433700
16900,-300,200,"sd","11:29:23",433600
16900,-300,200,"sd","11:29:23",433400
16900,-300,100,"sd","11:29:23",433200
16900,-300,500,"sd","11:29:23",433100
16900,-300,500,"sd","11:29:21",432600
16900,-300,100,"sd","11:29:05",432100
16900,-300,700,"sd","11:28:58",432000
16900,-300,1000,"sd","11:28:57",431300
16900,-300,2200,"sd","11:28:26",430300
16900,-300,500,"sd","11:28:26",428100
16900,-300,300,"sd","11:28:26",427600
16900,-300,1700,"sd","11:28:05",427300
16900,-300,100,"sd","11:28:05",425600
16900,-300,200,"sd","11:28:05",425500
16950,-250,500,"bu","11:27:44",425300
16950,-250,100,"bu","11:27:25",424800
16950,-250,100,"bu","11:27:25",424700
16900,-300,2800,"sd","11:27:20",424600
16900,-300,200,"sd","11:27:20",421800
16900,-300,100,"sd","11:27:01",421600
16900,-300,200,"sd","11:26:16",421500
16900,-300,200,"sd","11:26:16",421300
16900,-300,2100,"sd","11:26:16",421100
16950,-250,1000,"bu","11:24:44",419000
16950,-250,700,"bu","11:23:53",418000
16950,-250,100,"bu","11:22:21",417300
16950,-250,100,"bu","11:21:45",417200
16950,-250,500,"sd","11:20:56",417100
16950,-250,500,"sd","11:20:56",416600
17000,-200,200,"bu","11:20:31",416100
17000,-200,100,"bu","11:20:09",415900
16950,-250,1000,"bu","11:20:02",415800
16950,-250,200,"bu","11:18:42",414800
16950,-250,300,"bu","11:18:40",414600
16950,-250,100,"bu","11:17:58",414300
16950,-250,1000,"bu","11:17:56",414200
16900,-300,900,"sd","11:17:42",413200
16900,-300,100,"sd","11:17:42",412300
16900,-300,2000,"sd","11:17:42",412200
16900,-300,5000,"sd","11:17:42",410200
16900,-300,300,"sd","11:17:42",405200
16900,-300,100,"sd","11:17:42",404900
16900,-300,100,"sd","11:17:42",404800
16900,-300,200,"sd","11:17:42",404700
16900,-300,1000,"sd","11:17:42",404500
16900,-300,3000,"sd","11:17:42",403500
16900,-300,1300,"sd","11:17:42",400500
16950,-250,600,"sd","11:17:26",399200
16950,-250,400,"sd","11:17:26",398600
16950,-250,100,"sd","11:17:20",398200
16950,-250,900,"sd","11:17:20",398100
16950,-250,2000,"sd","11:16:43",397200
16950,-250,100,"sd","11:16:36",395200
16950,-250,400,"sd","11:16:36",395100
17000,-200,2000,"bu","11:14:18",394700
16950,-250,100,"sd","11:13:47",392700
17000,-200,500,"bu","11:13:42",392600
17000,-200,1000,"bu","11:13:29",392100
17000,-200,500,"bu","11:12:41",391100
17000,-200,400,"bu","11:12:39",390600
17000,-200,1000,"bu","11:12:39",390200
17000,-200,1600,"bu","11:12:39",389200
17000,-200,400,"bu","11:12:10",387600
17000,-200,1000,"bu","11:12:10",387200
17000,-200,1000,"bu","11:12:10",386200
17000,-200,600,"bu","11:12:10",385200
17000,-200,200,"bu","11:11:50",384600
17000,-200,200,"bu","11:09:25",384400
16900,-300,700,"sd","11:07:55",384200
16900,-300,100,"bu","11:07:49",383500
16900,-300,2900,"bu","11:07:49",383400
16900,-300,1000,"bu","11:07:44",380500
16900,-300,100,"bu","11:07:40",379500
16900,-300,500,"bu","11:07:29",379400
16900,-300,100,"sd","11:07:27",378900
16900,-300,200,"sd","11:07:27",378800
16900,-300,4000,"sd","11:07:27",378600
16900,-300,2000,"sd","11:07:27",374600
16900,-300,1000,"sd","11:07:27",372600
16900,-300,300,"sd","11:07:27",371600
16900,-300,100,"sd","11:07:27",371300
16900,-300,200,"sd","11:07:27",371200
16900,-300,1000,"sd","11:07:27",371000
16900,-300,500,"sd","11:07:27",370000
16900,-300,100,"sd","11:07:27",369500
16900,-300,500,"sd","11:07:27",369400
16900,-300,100,"sd","11:07:27",368900
16900,-300,100,"sd","11:07:27",368800
16900,-300,100,"sd","11:07:27",368700
16900,-300,200,"sd","11:07:27",368600
16900,-300,1800,"sd","11:07:19",368400
16900,-300,500,"sd","11:07:19",366600
16900,-300,400,"sd","11:07:19",366100
16900,-300,300,"sd","11:07:19",365700
16900,-300,1000,"sd","11:06:29",365400
16900,-300,1000,"sd","11:05:05",364400
16900,-300,300,"sd","11:04:15",363400
17000,-200,200,"sd","11:04:15",363100
16900,-300,2400,"sd","11:03:39",362900
16900,-300,500,"sd","11:03:39",360500
16900,-300,1000,"sd","11:03:39",360000
16900,-300,1000,"sd","11:03:39",359000
16900,-300,500,"sd","11:03:39",358000
16900,-300,100,"sd","11:03:39",357500
16900,-300,500,"sd","11:03:39",357400
16900,-300,300,"sd","11:03:39",356900
16900,-300,100,"sd","11:03:39",356100
16900,-300,500,"sd","11:03:39",356600
16950,-250,400,"sd","11:03:39",356000
16950,-250,100,"sd","11:03:39",355600
16950,-250,100,"sd","11:03:39",355500
16950,-250,5000,"sd","11:03:39",355400
16950,-250,1000,"sd","11:03:39",350400
16950,-250,100,"sd","11:03:39",349400
16950,-250,300,"sd","11:03:39",349300
17000,-200,100,"sd","11:03:39",349000
17000,-200,500,"sd","11:03:37",348900
17000,-200,100,"sd","11:03:09",348400
17000,-200,300,"sd","11:03:09",348300
17000,-200,300,"sd","11:03:09",348000
17000,-200,100,"sd","11:03:09",347700
17000,-200,500,"sd","11:03:09",347600
17000,-200,400,"sd","11:03:09",347100
17000,-200,2000,"sd","11:03:09",346700
17000,-200,100,"sd","11:03:09",344700
17000,-200,1000,"sd","11:03:09",344600
17000,-200,5000,"sd","11:03:09",343600
17000,-200,5000,"sd","11:03:09",338600
17000,-200,1000,"sd","11:03:09",333600
17000,-200,100,"sd","11:03:09",332600
17000,-200,100,"sd","11:03:09",332500
17000,-200,500,"sd","11:03:09",332400
17000,-200,1000,"sd","11:03:09",331900
17000,-200,100,"sd","11:03:09",330900
17000,-200,1000,"sd","11:03:09",330800
17000,-200,200,"sd","11:03:09",329800
17000,-200,400,"sd","11:03:09",329600
17000,-200,500,"sd","11:03:09",329200
17000,-200,300,"sd","11:03:09",328700
17000,-200,300,"sd","11:03:09",328400
17000,-200,100,"sd","11:03:09",328100
17000,-200,600,"sd","11:03:09",328000
17050,-150,300,"bu","11:02:44",327400
17050,-150,700,"bu","11:02:44",327100
17050,-150,300,"bu","11:02:29",326400
17000,-200,400,"sd","11:02:01",326100
17000,-200,900,"sd","11:02:01",325700
17000,-200,1000,"sd","11:02:01",324800
17000,-200,2700,"sd","11:02:01",323800
17000,-200,2300,"sd","11:01:24",321100
17000,-200,200,"sd","11:01:24",318800
17000,-200,200,"sd","11:01:24",318600
17000,-200,200,"sd","11:01:24",318400
17000,-200,100,"sd","11:01:24",318200
17000,-200,1200,"sd","11:01:24",318100
17000,-200,300,"sd","11:01:24",316900
17000,-200,200,"sd","11:01:24",316600
17000,-200,300,"sd","11:01:24",316400
17000,-200,2000,"sd","11:01:24",316100
17000,-200,500,"sd","11:01:24",314100
17050,-150,300,"sd","11:01:24",313600
17050,-150,200,"sd","11:01:24",313300
17050,-150,1000,"sd","11:01:24",313100
17050,-150,500,"sd","11:01:01",312100
17050,-150,500,"sd","11:00:53",311600
17050,-150,300,"sd","11:00:53",311100
17050,-150,500,"sd","11:00:53",310800
17050,-150,100,"sd","11:00:53",310300
17050,-150,100,"sd","11:00:52",310200
17050,-150,400,"bu","10:59:49",310100
17050,-150,600,"bu","10:59:32",309700
17050,-150,4400,"bu","10:59:32",309100
17050,-150,500,"bu","10:59:30",304700
17050,-150,100,"bu","10:59:22",304200
17050,-150,900,"bu","10:59:22",304100
17050,-150,1000,"bu","10:59:17",303200
17050,-150,200,"bu","10:58:53",302200
17050,-150,200,"bu","10:58:50",302000
17050,-150,100,"bu","10:58:50",301800
17050,-150,100,"bu","10:58:44",301700
17050,-150,200,"bu","10:58:40",301600
17050,-150,100,"bu","10:58:30",301400
17050,-150,100,"bu","10:58:10",301300
17050,-150,100,"bu","10:58:09",301200
17050,-150,1000,"bu","10:58:09",301100
17050,-150,500,"bu","10:58:04",300100
17050,-150,200,"bu","10:58:02",299600
17050,-150,1900,"bu","10:57:53",299400
17050,-150,300,"bu","10:57:52",297500
17050,-150,5000,"bu","10:57:38",297200
17050,-150,500,"bu","10:57:19",292200
17050,-150,500,"bu","10:57:18",291700
17050,-150,200,"sd","10:56:34",291200
17050,-150,100,"sd","10:56:34",291000
17050,-150,200,"sd","10:56:34",290900
17050,-150,200,"sd","10:56:34",290700
17050,-150,3000,"sd","10:56:34",290500
17050,-150,100,"sd","10:56:34",287500
17050,-150,100,"sd","10:55:48",287400
17050,-150,800,"sd","10:55:48",287300
17050,-150,1200,"sd","10:54:52",286500
17050,-150,100,"sd","10:54:52",285300
17050,-150,400,"sd","10:54:35",285200
17050,-150,200,"sd","10:54:35",284800
17050,-150,100,"sd","10:54:35",284600
17050,-150,100,"sd","10:54:35",284500
17050,-150,200,"sd","10:54:35",284400
17100,-100,400,"bu","10:54:07",284200
17100,-100,200,"bu","10:53:14",283800
17100,-100,200,"bu","10:53:03",283600
17100,-100,100,"sd","10:52:45",283400
17100,-100,1000,"sd","10:52:45",283300
17100,-100,500,"sd","10:52:06",282300
17100,-100,2300,"bu","10:51:58",281800
17100,-100,1200,"bu","10:51:58",279500
17100,-100,800,"bu","10:51:50",278300
17100,-100,8200,"bu","10:51:50",277500
17100,-100,400,"bu","10:51:08",269300
17100,-100,600,"sd","10:49:51",268900
17100,-100,800,"sd","10:49:51",268300
17100,-100,1000,"sd","10:49:18",267500
17100,-100,200,"sd","10:49:02",266500
17100,-100,3000,"sd","10:49:01",266300
17100,-100,200,"sd","10:49:01",263300
17100,-100,2000,"sd","10:49:01",263100
17100,-100,100,"sd","10:49:01",261100
17100,-100,200,"sd","10:49:01",261000
17100,-100,1000,"sd","10:49:01",260800
17100,-100,1500,"sd","10:49:01",259800
17100,-100,200,"sd","10:49:01",258300
17100,-100,500,"sd","10:49:01",258100
17100,-100,2000,"sd","10:49:01",257600
17100,-100,1000,"sd","10:49:01",255600
17100,-100,1500,"sd","10:49:01",254600
17100,-100,300,"sd","10:49:01",253100
17100,-100,100,"sd","10:49:01",252800
17100,-100,200,"sd","10:49:01",252700
17100,-100,1000,"sd","10:49:01",252500
17100,-100,100,"sd","10:49:01",251500
17100,-100,100,"sd","10:49:01",251400
17150,-50,300,"bu","10:46:37",251300
17150,-50,800,"bu","10:46:37",251000
17150,-50,900,"bu","10:46:37",250200
17100,-100,100,"sd","10:46:35",249300
17100,-100,100,"sd","10:46:35",249200
17100,-100,400,"sd","10:46:09",249100
17100,-100,500,"sd","10:46:09",248700
17100,-100,100,"sd","10:46:09",248200
17100,-100,2900,"sd","10:45:43",248100
17100,-100,100,"sd","10:45:43",245200
17150,-50,900,"bu","10:43:50",245100
17150,-50,500,"bu","10:43:50",244200
17150,-50,600,"bu","10:43:50",243700
17150,-50,500,"sd","10:41:38",243100
17150,-50,1000,"sd","10:41:38",242600
17150,-50,200,"sd","10:41:38",241600
17150,-50,3000,"sd","10:41:38",241400
17150,-50,200,"sd","10:41:38",238400
17150,-50,500,"sd","10:41:38",238200
17150,-50,500,"sd","10:41:38",237700
17150,-50,1000,"sd","10:41:38",237200
17150,-50,100,"sd","10:41:38",236200
17150,-50,100,"sd","10:41:38",236100
17150,-50,2000,"sd","10:41:38",236000
17150,-50,300,"sd","10:41:38",234000
17150,-50,200,"sd","10:41:28",233700
17200,0,3000,"bu","10:39:41",233500
17200,0,2000,"bu","10:39:41",230500
17200,0,2000,"bu","10:39:41",228500
17200,0,100,"sd","10:38:34",226500
17200,0,1000,"sd","10:38:34",226400
17200,0,4000,"sd","10:38:34",225400
17200,0,1000,"sd","10:38:34",221400
17200,0,500,"sd","10:38:34",220400
17200,0,400,"sd","10:38:34",219900
17200,0,1000,"sd","10:38:18",219500
17200,0,1000,"sd","10:37:58",218500
17200,0,600,"sd","10:37:50",217500
17200,0,1000,"sd","10:37:50",216900
17200,0,100,"sd","10:37:50",215900
17200,0,100,"sd","10:37:50",215800
17200,0,8200,"sd","10:37:50",215700
17200,0,1800,"sd","10:37:49",207500
17200,0,200,"sd","10:37:49",205700
17200,0,1000,"sd","10:37:49",205500
17200,0,300,"sd","10:37:49",204500
17200,0,100,"sd","10:37:49",204200
17200,0,100,"sd","10:37:49",204100
17200,0,6100,"sd","10:37:49",204000
17200,0,1000,"sd","10:37:25",197900
17200,0,100,"sd","10:33:52",196900
17250,50,200,"bu","10:32:10",196800
17250,50,2000,"bu","10:31:43",196600
17200,0,1000,"sd","10:31:16",194600
17200,0,100,"sd","10:31:09",193600
17200,0,1700,"sd","10:30:53",193500
17200,0,200,"sd","10:30:53",191800
17200,0,100,"sd","10:30:53",191600
17200,0,400,"sd","10:29:34",191500
17200,0,600,"sd","10:29:34",191100
17200,0,100,"sd","10:23:49",190500
17200,0,2000,"sd","10:23:26",190400
17200,0,300,"sd","10:22:57",188400
17200,0,1600,"sd","10:22:57",188100
17250,50,1900,"bu","10:20:23",186500
17250,50,100,"bu","10:20:23",184600
17250,50,2000,"bu","10:16:59",184500
17250,50,1400,"sd","10:13:56",182500
17250,50,600,"sd","10:13:54",181100
17250,50,400,"sd","10:13:54",180500
17250,50,300,"bu","10:10:51",180100
17250,50,300,"bu","10:10:51",179800
17250,50,100,"bu","10:10:30",179500
17250,50,2100,"bu","10:10:15",179400
17250,50,1000,"sd","10:09:37",177300
17250,50,200,"sd","10:09:37",176300
17250,50,1000,"sd","10:09:37",176100
17250,50,100,"sd","10:09:37",175100
17250,50,200,"sd","10:09:37",175000
17250,50,100,"sd","10:08:39",174800
17250,50,100,"sd","10:08:26",174700
17250,50,100,"bu","10:07:49",174600
17250,50,400,"bu","10:07:36",174500
17250,50,500,"bu","10:07:09",174100
17250,50,200,"bu","10:07:06",173600
17250,50,500,"bu","10:06:58",173400
17250,50,300,"bu","10:06:14",172900
17250,50,500,"bu","10:06:14",172600
17250,50,200,"bu","10:06:14",172100
17250,50,1000,"bu","10:06:14",171900
17250,50,100,"bu","10:06:14",170900
17250,50,400,"bu","10:06:14",170800
17250,50,100,"bu","10:05:51",170400
17250,50,1000,"bu","10:05:51",170300
17250,50,500,"bu","10:05:51",169300
17250,50,300,"bu","10:05:51",168800
17200,0,100,"sd","10:02:40",168500
17200,0,300,"sd","09:59:41",168400
17200,0,200,"bu","09:58:02",168100
17200,0,500,"bu","09:58:02",167900
17200,0,2000,"bu","09:58:02",167400
17200,0,3300,"bu","09:58:02",165400
17200,0,1700,"bu","09:58:02",162100
17200,0,300,"bu","09:58:02",160400
17200,0,700,"bu","09:57:41",160100
17200,0,200,"bu","09:57:41",159400
17200,0,1800,"bu","09:57:34",159200
17200,0,1200,"bu","09:57:34",157400
17200,0,1000,"bu","09:56:56",156200
17200,0,1000,"bu","09:52:19",155200
17200,0,200,"bu","09:50:03",154200
17200,0,100,"sd","09:49:40",154000
17200,0,1000,"sd","09:49:40",153900
17250,50,200,"bu","09:49:38",152900
17250,50,100,"bu","09:49:38",152700
17250,50,200,"bu","09:49:38",152600
17250,50,1500,"bu","09:49:38",152400
17250,50,500,"bu","09:49:05",150900
17250,50,700,"bu","09:49:05",150400
17250,50,100,"bu","09:46:37",149700
17250,50,200,"bu","09:45:54",149600
17250,50,500,"bu","09:45:17",149400
17250,50,200,"bu","09:44:37",148900
17250,50,400,"bu","09:44:37",148700
17250,50,1000,"bu","09:44:37",148300
17250,50,300,"bu","09:44:37",147300
17250,50,2400,"bu","09:44:37",147000
17200,0,1000,"bu","09:44:06",144600
17200,0,500,"bu","09:44:06",143600
17200,0,1000,"bu","09:44:06",143100
17200,0,200,"bu","09:44:06",142100
17200,0,100,"bu","09:43:58",141900
17200,0,700,"bu","09:43:36",141800
17200,0,200,"bu","09:43:36",141100
17200,0,1100,"bu","09:43:36",140900
17150,-50,300,"sd","09:38:15",139800
17150,-50,200,"sd","09:37:57",139500
17200,0,1000,"bu","09:37:20",139300
17200,0,200,"bu","09:36:51",138300
17200,0,3000,"bu","09:36:46",138100
17200,0,100,"sd","09:36:30",135100
17200,0,700,"sd","09:36:30",135000
17200,0,100,"sd","09:36:30",134300
17200,0,4000,"sd","09:36:30",134200
17200,0,400,"sd","09:36:30",130200
17200,0,2000,"sd","09:36:28",129800
17200,0,200,"sd","09:34:54",127800
17250,50,200,"bu","09:34:54",127600
17250,50,2400,"bu","09:34:37",127400
17250,50,100,"bu","09:34:37",125000
17250,50,2000,"bu","09:34:37",124900
17250,50,500,"bu","09:34:37",122900
17200,0,300,"bu","09:34:14",122400
17200,0,100,"bu","09:34:14",122100
17200,0,100,"bu","09:34:07",122000
17200,0,200,"bu","09:34:05",121900
17200,0,800,"bu","09:34:05",121700
17200,0,100,"bu","09:34:01",120900
17200,0,100,"bu","09:33:34",120800
17200,0,400,"bu","09:33:34",120700
17200,0,1000,"bu","09:33:34",120300
17200,0,1000,"bu","09:33:26",119300
17200,0,1000,"bu","09:33:26",118300
17200,0,2900,"bu","09:33:26",117300
17200,0,1400,"bu","09:33:08",114400
17200,0,700,"bu","09:32:56",113000
17200,0,1100,"bu","09:32:56",112300
17200,0,200,"bu","09:32:56",111200
17150,-50,4000,"bu","09:31:56",111000
17150,-50,1000,"bu","09:31:56",107000
17150,-50,2000,"bu","09:31:56",106000
17150,-50,500,"bu","09:31:51",104000
17150,-50,100,"bu","09:31:48",103500
17150,-50,500,"bu","09:31:41",103400
17150,-50,6900,"bu","09:31:38",102900
17150,-50,1000,"bu","09:31:38",96000
17150,-50,2000,"bu","09:31:38",95000
17150,-50,100,"bu","09:31:38",93000
17150,-50,100,"bu","09:31:32",92900
17150,-50,500,"bu","09:31:21",92800
17100,-100,400,"sd","09:30:55",92300
17100,-100,100,"sd","09:30:55",91900
17100,-100,200,"sd","09:30:55",91800
17100,-100,1000,"sd","09:30:55",91600
17100,-100,900,"sd","09:30:55",90600
17100,-100,100,"sd","09:30:53",89700
17100,-100,100,"sd","09:30:53",89600
17100,-100,100,"sd","09:30:53",89500
17100,-100,400,"sd","09:30:32",89400
17150,-50,500,"bu","09:30:08",89000
17100,-100,1600,"sd","09:30:00",88500
17100,-100,300,"sd","09:30:00",86900
17100,-100,100,"sd","09:30:00",86600
17150,-50,600,"bu","09:29:14",86500
17150,-50,100,"bu","09:28:38",85900
17100,-100,600,"sd","09:28:36",85800
17100,-100,200,"sd","09:28:31",85200
17100,-100,500,"sd","09:28:09",85000
17100,-100,100,"sd","09:28:09",84500
17100,-100,100,"sd","09:27:59",84400
17100,-100,100,"sd","09:27:59",84300
17100,-100,200,"sd","09:27:59",84200
17100,-100,600,"sd","09:27:59",84000
17100,-100,200,"sd","09:25:00",83400
17100,-100,500,"sd","09:23:51",83200
17100,-100,600,"sd","09:23:44",82700
17100,-100,2300,"sd","09:23:34",82100
17100,-100,1000,"sd","09:23:27",79800
17150,-50,100,"bu","09:23:02",78800
17100,-100,800,"bu","09:22:45",78700
17100,-100,1000,"sd","09:22:36",77900
17100,-100,100,"sd","09:22:36",76900
17100,-100,5000,"sd","09:22:36",76800
17100,-100,100,"sd","09:22:36",71800
17100,-100,1000,"sd","09:22:36",71700
17100,-100,3000,"sd","09:22:36",70700
17100,-100,2000,"sd","09:22:36",67700
17100,-100,4000,"sd","09:22:36",65700
17100,-100,1000,"sd","09:22:36",61700
17100,-100,1800,"sd","09:22:36",60700
17100,-100,500,"sd","09:22:36",58900
17100,-100,1100,"sd","09:22:36",58400
17150,-50,100,"bu","09:22:33",57300
17150,-50,1000,"bu","09:21:27",57200
17150,-50,100,"bu","09:21:20",56200
17150,-50,100,"bu","09:20:54",56100
17150,-50,1000,"bu","09:20:52",56000
17150,-50,100,"bu","09:20:40",55000
17150,-50,200,"sd","09:20:28",54900
17150,-50,500,"sd","09:20:28",54700
17150,-50,3500,"sd","09:20:28",54200
17150,-50,600,"sd","09:20:22",50700
17150,-50,500,"sd","09:20:09",50100
17150,-50,1000,"sd","09:19:14",49600
17150,-50,1000,"bu","09:19:13",48600
17150,-50,2000,"bu","09:19:13",47600
17150,-50,1400,"bu","09:19:13",45600
17100,-100,900,"sd","09:18:46",44200
17100,-100,100,"sd","09:18:46",43300
17150,-50,600,"bu","09:18:40",43200
17150,-50,100,"bu","09:18:40",42600
17150,-50,300,"bu","09:18:40",42500
17150,-50,200,"bu","09:18:35",42200
17100,-100,100,"sd","09:18:33",42000
17100,-100,600,"sd","09:18:33",41900
17150,-50,500,"bu","09:18:31",41300
17150,-50,1000,"bu","09:18:30",40800
17150,-50,300,"bu","09:17:20",39800
17150,-50,2300,"bu","09:17:09",39500
17150,-50,200,"bu","09:17:05",37200
17150,-50,2000,"bu","09:16:56",37000
17150,-50,100,"bu","09:16:51",35000
17150,-50,10000,"bu","09:16:28",34900
17100,-100,1400,"sd","09:16:23",24900
17100,-100,2000,"sd","09:16:23",23500
17100,-100,3000,"sd","09:16:23",21500
17100,-100,100,"sd","09:16:23",18500
17100,-100,200,"sd","09:16:23",18400
17100,-100,5300,"sd","09:16:23",18200
17150,-50,200,"sd","09:15:46",12900
17150,-50,3500,"sd","09:15:46",12700
17200,0,100,"bu","09:15:45",9200
17150,-50,500,"bu","09:15:11",9100
17150,-50,1000,"bu","09:15:11",8600
17150,-50,1000,"bu","09:15:11",7600
17100,-100,6600,"sd","09:15:00",6600
