"price","change","match_qtty","side","time","total_vol"
17600,200,35000,"unknown","14:44:59",660900
17550,150,300,"bu","14:29:27",625900
17550,150,400,"bu","14:29:18",625600
17500,100,200,"sd","14:29:06",625200
17500,100,500,"sd","14:28:58",625000
17500,100,500,"sd","14:28:58",624500
17500,100,200,"sd","14:28:58",624000
17500,100,100,"sd","14:27:50",623800
17500,100,400,"sd","14:27:50",623700
17550,150,100,"bu","14:27:47",623300
17500,100,600,"bu","14:25:54",623200
17500,100,500,"bu","14:25:47",622600
17500,100,1000,"bu","14:25:47",622100
17500,100,1800,"bu","14:25:47",621100
17500,100,100,"bu","14:25:47",619300
17500,100,1600,"bu","14:25:47",619200
17500,100,100,"bu","14:24:53",617600
17500,100,4900,"bu","14:24:53",617500
17500,100,200,"bu","14:24:22",612600
17450,50,1300,"sd","14:24:07",612400
17450,50,300,"sd","14:24:07",611100
17450,50,500,"sd","14:24:07",610800
17450,50,2000,"sd","14:24:07",610300
17450,50,3600,"sd","14:24:07",608300
17500,100,1000,"bu","14:23:58",604700
17500,100,100,"bu","14:22:09",603700
17450,50,500,"sd","14:21:58",603600
17500,100,1700,"bu","14:21:48",603100
17450,50,400,"sd","14:20:11",601400
17450,50,500,"sd","14:18:52",601000
17450,50,100,"sd","14:18:52",600500
17450,50,100,"sd","14:18:52",600400
17450,50,1100,"sd","14:18:52",600300
17450,50,900,"sd","14:18:18",599200
17450,50,1100,"sd","14:18:18",598300
17450,50,100,"sd","14:17:47",597200
17450,50,500,"sd","14:16:26",597100
17450,50,300,"sd","14:16:15",596600
17450,50,200,"sd","14:16:14",596300
17450,50,500,"sd","14:16:14",596100
17450,50,100,"sd","14:16:14",595600
17450,50,1000,"sd","14:15:46",595500
17450,50,100,"sd","14:14:54",594500
17450,50,2000,"sd","14:14:29",594400
17500,100,100,"sd","14:14:02",592400
17500,100,200,"sd","14:14:02",592300
17500,100,200,"bu","14:12:30",592100
17500,100,500,"bu","14:12:29",591900
17500,100,300,"sd","14:11:51",591400
17500,100,1700,"bu","14:11:37",591100
17500,100,500,"bu","14:11:13",589400
17450,50,1800,"sd","14:10:39",588900
17450,50,2000,"sd","14:10:39",587100
17450,50,200,"sd","14:10:39",585100
17500,100,1000,"bu","14:09:58",584900
17500,100,800,"bu","14:09:56",583900
17500,100,1900,"sd","14:09:54",583100
17500,100,2000,"sd","14:09:54",581200
17500,100,1600,"sd","14:09:54",579200
17500,100,1000,"sd","14:09:50",577600
17500,100,1000,"sd","14:09:08",576600
17500,100,500,"sd","14:08:46",575600
17400,0,100,"sd","14:08:01",575100
17400,0,500,"sd","14:08:01",575000
17450,50,1300,"sd","14:08:01",574500
17500,100,100,"sd","14:08:01",573200
17500,100,100,"bu","14:08:00",573100
17500,100,800,"bu","14:08:00",573000
17450,50,200,"sd","14:07:48",572200
17450,50,1000,"sd","14:07:29",572000
17450,50,500,"sd","14:07:06",571000
17500,100,200,"bu","14:07:01",570500
17500,100,500,"sd","14:06:38",570300
17500,100,500,"sd","14:06:38",569800
17500,100,400,"sd","14:06:38",569300
17500,100,900,"sd","14:06:30",568900
17550,150,100,"bu","14:05:58",568000
17600,200,1700,"bu","14:05:36",567900
17600,200,300,"bu","14:05:36",566200
17600,200,100,"bu","14:05:25",565900
17600,200,100,"bu","14:05:25",565800
17600,200,200,"bu","14:05:25",565700
17600,200,2600,"bu","14:05:25",565500
17600,200,500,"bu","14:05:08",562900
17600,200,600,"bu","14:05:03",562400
17600,200,1000,"bu","14:05:03",561800
17600,200,2400,"bu","14:05:03",560800
17600,200,200,"bu","14:04:53",558400
17500,100,1700,"unknown","14:04:33",558200
17500,100,300,"bu","14:04:22",556500
17500,100,1500,"bu","14:04:22",556200
17500,100,5000,"bu","14:04:16",554700
17450,50,100,"bu","14:04:08",549700
17450,50,500,"bu","14:04:08",549600
17450,50,1400,"bu","14:04:08",549100
17400,0,500,"sd","14:03:55",547700
17400,0,600,"bu","14:03:18",547200
17400,0,300,"bu","14:03:18",546600
17400,0,100,"bu","14:03:18",546300
17400,0,200,"bu","14:03:18",546200
17400,0,1700,"bu","14:03:15",546000
17400,0,300,"bu","14:03:12",544300
17400,0,1000,"bu","14:03:09",544000
17400,0,500,"bu","14:03:02",543000
17400,0,1000,"bu","14:02:50",542500
17400,0,3500,"bu","14:02:50",541500
17400,0,1700,"bu","14:02:37",538000
17400,0,100,"bu","14:02:37",536300
17350,-50,100,"bu","14:02:37",536200
17350,-50,500,"bu","14:02:36",536100
17350,-50,600,"bu","14:02:36",535600
17300,-100,800,"bu","14:02:32",535000
17250,-150,100,"bu","14:02:02",534200
17250,-150,1200,"bu","14:02:00",534100
17250,-150,700,"bu","14:01:59",532900
17250,-150,100,"bu","14:01:59",532200
17250,-150,100,"bu","14:01:55",532100
17250,-150,500,"bu","14:01:48",532000
17200,-200,500,"bu","14:01:41",531500
17000,-400,800,"sd","13:59:37",531000
17000,-400,5000,"sd","13:59:37",530200
17000,-400,400,"sd","13:59:37",525200
17000,-400,1000,"sd","13:59:37",524800
17000,-400,200,"sd","13:59:37",523800
17000,-400,1000,"sd","13:59:37",523600
17000,-400,1000,"sd","13:59:37",522600
17000,-400,1000,"sd","13:59:37",521600
17000,-400,3000,"sd","13:59:37",520600
17000,-400,1000,"sd","13:59:37",517600
17000,-400,5000,"sd","13:59:37",516600
17000,-400,500,"sd","13:59:37",511600
17000,-400,2000,"sd","13:59:37",511100
17000,-400,1000,"sd","13:59:37",509100
17000,-400,4100,"sd","13:59:37",508100
17050,-350,200,"sd","13:59:37",504000
17050,-350,700,"sd","13:59:37",503800
17050,-350,400,"sd","13:59:37",503100
17050,-350,600,"sd","13:59:37",502700
17050,-350,3000,"sd","13:59:37",502100
17050,-350,100,"sd","13:59:37",499100
17050,-350,200,"sd","13:59:37",499000
17050,-350,500,"sd","13:59:37",498800
17050,-350,500,"sd","13:59:37",498300
17050,-350,5000,"sd","13:59:37",497800
17200,-200,1800,"sd","13:59:37",492800
17200,-200,7700,"bu","13:59:24",491000
17200,-200,500,"bu","13:59:24",483300
17200,-200,400,"sd","13:58:30",482800
17150,-250,600,"sd","13:58:22",482400
17150,-250,1000,"bu","13:57:59",481800
17150,-250,1000,"bu","13:57:41",480800
17150,-250,700,"bu","13:57:28",479800
17150,-250,300,"bu","13:57:28",479100
17100,-300,500,"sd","13:57:19",478800
17100,-300,300,"sd","13:57:19",478300
17100,-300,700,"sd","13:57:16",478000
17100,-300,500,"sd","13:57:16",477300
17100,-300,800,"sd","13:57:16",476800
17100,-300,1200,"sd","13:56:55",476000
17100,-300,1000,"sd","13:56:55",474800
17100,-300,800,"sd","13:56:55",473800
17100,-300,200,"sd","13:56:13",473000
17100,-300,200,"sd","13:56:13",472800
17100,-300,300,"sd","13:56:13",472600
17100,-300,1700,"sd","13:55:44",472300
17100,-300,1700,"sd","13:55:41",470600
17100,-300,1300,"sd","13:55:09",468900
17100,-300,2000,"sd","13:55:09",467600
17100,-300,200,"sd","13:55:09",465600
17100,-300,200,"sd","13:55:09",465400
17100,-300,100,"sd","13:55:09",465200
17100,-300,10000,"sd","13:55:09",465100
17100,-300,500,"sd","13:55:09",455100
17100,-300,1000,"sd","13:55:09",454600
17100,-300,500,"sd","13:55:09",453600
17100,-300,200,"sd","13:55:09",453100
17100,-300,5300,"sd","13:55:09",452900
17150,-250,500,"sd","13:55:09",447600
17150,-250,300,"sd","13:55:09",447100
17150,-250,100,"sd","13:55:09",446800
17150,-250,2800,"sd","13:55:09",446700
17200,-200,300,"bu","13:54:21",443900
17200,-200,200,"bu","13:54:08",443600
17200,-200,500,"bu","13:53:06",443400
17150,-250,4000,"sd","13:52:42",442900
17150,-250,8000,"sd","13:52:34",438900
17150,-250,800,"sd","13:52:27",430900
17200,-200,100,"bu","13:52:18",430100
17200,-200,500,"bu","13:52:00",430000
17150,-250,4400,"sd","13:51:50",429500
17200,-200,1700,"bu","13:51:47",425100
17200,-200,3000,"bu","13:51:47",423400
17200,-200,300,"bu","13:51:47",420400
17200,-200,100,"bu","13:51:29",420100
17150,-250,600,"sd","13:49:26",420000
17100,-300,9400,"sd","13:49:26",419400
17100,-300,600,"sd","13:49:18",410000
17150,-250,1000,"bu","13:49:14",409400
17150,-250,400,"bu","13:49:08",408400
17150,-250,300,"bu","13:48:54",408000
17150,-250,200,"bu","13:48:52",407700
17150,-250,100,"sd","13:48:49",407500
17150,-250,400,"sd","13:48:49",407400
17150,-250,100,"sd","13:48:49",407000
17150,-250,100,"sd","13:48:49",406900
17150,-250,500,"sd","13:48:49",406800
17150,-250,1000,"sd","13:48:49",406300
17150,-250,900,"sd","13:48:49",405300
17150,-250,4400,"sd","13:48:49",404400
17200,-200,1500,"bu","13:48:46",400000
17200,-200,2000,"bu","13:48:33",398500
17200,-200,1100,"sd","13:47:51",396500
17200,-200,900,"bu","13:47:47",395400
17150,-250,1600,"sd","13:47:45",394500
17150,-250,100,"sd","13:47:45",392900
17150,-250,1000,"sd","13:47:45",392800
17150,-250,600,"sd","13:47:45",391800
17200,-200,1000,"sd","13:47:22",391200
17200,-200,1000,"sd","13:47:22",390200
17200,-200,5000,"sd","13:47:22",389200
17200,-200,2100,"sd","13:47:22",384200
17250,-150,100,"sd","13:46:45",382100
17250,-150,200,"sd","13:46:45",382000
17250,-150,2000,"sd","13:46:06",381800
17250,-150,1000,"sd","13:46:04",379800
17250,-150,800,"bu","13:45:12",378800
17250,-150,200,"bu","13:43:23",378000
17200,-200,1000,"sd","13:43:06",377800
17200,-200,500,"sd","13:42:43",376800
17200,-200,600,"sd","13:42:38",376300
17200,-200,800,"bu","13:42:26",375700
17200,-200,1000,"bu","13:41:41",374900
17150,-250,1000,"sd","13:41:20",373900
17150,-250,400,"sd","13:39:30",372900
17200,-200,600,"sd","13:39:30",372500
17150,-250,2000,"sd","13:31:40",371900
17100,-300,7700,"sd","13:31:24",369900
17150,-250,2000,"sd","13:31:24",362200
17150,-250,1000,"sd","13:31:24",360200
17150,-250,3400,"sd","13:31:24",359200
17150,-250,5000,"sd","13:31:24",355800
17150,-250,100,"sd","13:31:24",350800
17150,-250,1000,"sd","13:31:24",350700
17150,-250,500,"sd","13:31:24",349700
17150,-250,2300,"sd","13:31:24",349200
17200,-200,500,"sd","13:31:24",346900
17200,-200,1500,"sd","13:31:24",346400
17200,-200,1100,"bu","13:27:58",344900
17200,-200,500,"bu","13:27:58",343800
17200,-200,1000,"bu","13:27:55",343300
17150,-250,500,"sd","13:27:31",342300
17150,-250,100,"sd","13:27:31",341800
17150,-250,100,"sd","13:26:17",341700
17100,-300,7000,"sd","13:25:10",341600
17100,-300,500,"sd","13:25:10",334600
17100,-300,1500,"sd","13:25:10",334100
17150,-250,1000,"sd","13:25:10",332600
17150,-250,500,"sd","13:25:10",331600
17150,-250,7700,"sd","13:25:10",331100
17150,-250,200,"sd","13:25:10",323400
17150,-250,1600,"sd","13:25:10",323200
17150,-250,100,"sd","13:24:40",321600
17150,-250,900,"sd","13:24:40",321500
17150,-250,1100,"sd","13:23:22",320600
17150,-250,200,"sd","13:23:22",319500
17150,-250,300,"sd","13:22:56",319300
17150,-250,1000,"sd","13:22:56",319000
17150,-250,500,"sd","13:22:56",318000
17150,-250,200,"sd","13:22:56",317500
17200,-200,700,"bu","13:22:01",317300
17200,-200,100,"sd","13:20:59",316600
17200,-200,5000,"sd","13:20:59",316500
17200,-200,2700,"sd","13:20:59",311500
17200,-200,1300,"sd","13:20:38",308800
17200,-200,200,"sd","13:20:38",307500
17200,-200,500,"sd","13:20:38",307300
17200,-200,300,"sd","13:20:38",306800
17200,-200,100,"sd","13:20:38",306500
17200,-200,500,"sd","13:20:38",306400
17200,-200,100,"sd","13:20:38",305900
17200,-200,1400,"sd","13:19:50",305800
17250,-150,5000,"sd","13:19:50",304400
17250,-150,100,"sd","13:19:50",299400
17250,-150,3000,"sd","13:19:50",299300
17250,-150,500,"sd","13:19:50",296300
17300,-100,100,"sd","13:18:48",295800
17350,-50,1600,"bu","13:18:33",295700
17350,-50,400,"bu","13:18:33",294100
17300,-100,2000,"sd","13:17:35",293700
17300,-100,1000,"sd","13:17:00",291700
17300,-100,500,"sd","13:16:25",290700
17300,-100,400,"sd","13:16:22",290200
17300,-100,500,"sd","13:16:22",289800
17300,-100,100,"sd","13:11:07",289300
17300,-100,100,"sd","13:11:07",289200
17300,-100,300,"sd","13:11:07",289100
17300,-100,300,"sd","13:11:07",288800
17300,-100,1000,"sd","13:07:58",288500
17300,-100,800,"sd","13:06:15",287500
17300,-100,200,"sd","13:06:15",286700
17300,-100,800,"sd","13:04:22",286500
17300,-100,200,"sd","13:04:22",285700
17350,-50,100,"sd","13:03:32",285500
17350,-50,100,"sd","13:03:32",285400
17350,-50,300,"sd","13:03:31",285300
17350,-50,100,"sd","13:03:05",285000
17350,-50,1000,"sd","13:03:00",284900
17350,-50,2000,"sd","13:02:40",283900
17400,0,200,"bu","13:02:07",281900
17400,0,300,"bu","13:01:44",281700
17350,-50,500,"bu","13:00:22",281400
17350,-50,500,"sd","13:00:14",280900
17350,-50,1000,"sd","13:00:14",280400
17350,-50,100,"sd","13:00:03",279400
17350,-50,900,"sd","13:00:02",279300
17350,-50,1600,"sd","13:00:00",278400
17350,-50,500,"sd","13:00:00",276800
17350,-50,3000,"sd","11:28:10",276300
17350,-50,2900,"bu","11:26:08",273300
17350,-50,100,"bu","11:25:32",270400
17300,-100,2000,"sd","11:24:00",270300
17300,-100,300,"sd","11:22:26",268300
17300,-100,2500,"bu","11:22:26",268000
17300,-100,5000,"bu","11:21:48",265500
17300,-100,200,"bu","11:19:31",260500
17300,-100,300,"sd","11:19:29",260300
17300,-100,1000,"sd","11:19:29",260000
17300,-100,1700,"unknown","11:18:23",259000
17300,-100,2000,"unknown","11:18:23",257300
17300,-100,3000,"unknown","11:18:23",255300
17300,-100,100,"unknown","11:18:23",252300
17300,-100,200,"unknown","11:18:23",252200
17300,-100,200,"unknown","11:18:23",252000
17300,-100,100,"sd","11:15:43",251800
17300,-100,200,"bu","11:12:04",251700
17200,-200,500,"sd","11:11:18",251500
17200,-200,100,"sd","11:11:18",251000
17300,-100,800,"bu","11:11:17",250900
17150,-250,1000,"sd","11:09:36",250100
17000,-400,900,"sd","11:09:29",249100
17100,-300,100,"sd","11:09:29",248200
17100,-300,700,"sd","11:09:29",248100
17300,-100,300,"sd","11:09:29",247400
17100,-300,300,"sd","11:09:21",247100
17150,-250,1700,"sd","11:09:21",246800
17150,-250,300,"sd","11:09:10",245100
17300,-100,1700,"sd","11:09:10",244800
17150,-250,1000,"sd","11:09:00",243100
17200,-200,500,"sd","11:09:00",242100
17200,-200,500,"sd","11:09:00",241600
17300,-100,300,"sd","11:08:50",241100
17300,-100,1000,"sd","11:08:50",240800
17300,-100,700,"sd","11:08:50",239800
17300,-100,300,"sd","11:08:37",239100
17300,-100,500,"sd","11:08:37",238800
17300,-100,1000,"sd","11:08:37",238300
17300,-100,200,"sd","11:08:37",237300
17300,-100,300,"sd","11:08:25",237100
17300,-100,200,"sd","11:08:25",236800
17350,-50,1000,"sd","11:08:25",236600
17350,-50,500,"sd","11:08:25",235600
17400,0,200,"bu","11:05:39",235100
17400,0,200,"bu","11:04:45",234900
17400,0,300,"bu","11:04:14",234700
17400,0,1000,"bu","11:04:14",234400
17400,0,300,"bu","11:04:14",233400
17400,0,1700,"sd","11:03:23",233100
17400,0,600,"sd","11:03:23",231400
17400,0,10000,"sd","11:03:23",230800
17400,0,1000,"sd","11:03:23",220800
17400,0,500,"sd","11:03:23",219800
17400,0,500,"sd","11:03:23",219300
17400,0,10000,"sd","11:03:23",218800
17400,0,2000,"sd","11:03:23",208800
17450,50,200,"sd","11:03:23",206800
17450,50,500,"sd","11:03:23",206600
17450,50,1000,"sd","11:03:23",206100
17450,50,500,"sd","11:03:23",205100
17450,50,1500,"sd","11:03:23",204600
17500,100,1000,"sd","11:02:30",203100
17500,100,1000,"sd","11:02:30",202100
17500,100,600,"sd","11:02:30",201100
17500,100,300,"sd","11:02:00",200500
17500,100,1000,"sd","11:01:58",200200
17500,100,500,"bu","10:59:10",199200
17500,100,600,"bu","10:59:10",198700
17500,100,3000,"bu","10:57:54",198100
17500,100,400,"sd","10:57:52",195100
17500,100,1100,"sd","10:56:41",194700
17500,100,100,"sd","10:56:41",193600
17500,100,100,"sd","10:56:41",193500
17500,100,200,"sd","10:56:41",193400
17500,100,1300,"sd","10:55:11",193200
17500,100,500,"sd","10:55:11",191900
17500,100,1000,"sd","10:55:11",191400
17550,150,3000,"sd","10:55:11",190400
17550,150,2900,"sd","10:55:11",187400
17500,100,1000,"sd","10:55:11",184500
17500,100,500,"sd","10:55:11",183500
17500,100,100,"sd","10:55:11",183000
17500,100,1500,"sd","10:55:11",182900
17500,100,500,"sd","10:55:11",181400
17550,150,1000,"sd","10:55:11",180900
17550,150,3000,"sd","10:55:11",179900
17550,150,1000,"sd","10:55:11",176900
17550,150,500,"sd","10:55:11",175900
17550,150,2000,"sd","10:55:11",175400
17550,150,200,"sd","10:55:11",173400
17550,150,2000,"sd","10:55:11",173200
17550,150,3000,"sd","10:55:11",171200
17600,200,500,"bu","10:53:47",168200
17600,200,400,"bu","10:52:13",167700
17600,200,500,"bu","10:50:29",167300
17600,200,900,"bu","10:49:55",166800
17600,200,500,"bu","10:48:38",165900
17600,200,500,"bu","10:48:38",165400
17600,200,500,"bu","10:48:26",164900
17600,200,200,"bu","10:48:00",164400
17600,200,800,"bu","10:45:09",164200
17600,200,200,"bu","10:45:09",163400
17600,200,2400,"bu","10:44:42",163200
17600,200,100,"sd","10:44:27",160800
17600,200,300,"sd","10:44:27",160700
17600,200,200,"sd","10:43:25",160400
17600,200,100,"sd","10:43:25",160200
17600,200,500,"sd","10:43:25",160100
17600,200,200,"sd","10:43:25",159600
17600,200,800,"bu","10:41:50",159400
17600,200,200,"bu","10:41:35",158600
17600,200,900,"bu","10:41:09",158400
17600,200,100,"bu","10:40:33",157500
17600,200,200,"bu","10:40:33",157400
17600,200,700,"bu","10:40:33",157200
17600,200,1000,"bu","10:36:16",156500
17600,200,3300,"sd","10:35:59",155500
17600,200,200,"sd","10:34:08",152200
17600,200,1000,"sd","10:33:16",152000
17600,200,200,"sd","10:33:04",151000
17600,200,300,"bu","10:31:27",150800
17600,200,300,"bu","10:31:24",150500
17600,200,200,"bu","10:31:11",150200
17600,200,3000,"bu","10:31:11",150000
17600,200,300,"bu","10:31:11",147000
17600,200,200,"bu","10:30:48",146700
17600,200,500,"bu","10:30:41",146500
17600,200,2000,"bu","10:30:40",146000
17600,200,1500,"bu","10:29:36",144000
17600,200,900,"bu","10:28:20",142500
17550,150,900,"sd","10:26:11",141600
17550,150,3000,"sd","10:18:40",140700
17550,150,1200,"sd","10:17:55",137700
17550,150,400,"sd","10:17:55",136500
17550,150,1400,"sd","10:17:55",136100
17600,200,500,"bu","10:17:20",134700
17600,200,500,"bu","10:17:20",134200
17550,150,300,"sd","10:14:13",133700
17550,150,500,"sd","10:12:36",133400
17550,150,300,"sd","10:01:57",132900
17550,150,100,"sd","10:01:32",132600
17550,150,300,"sd","10:01:17",132500
17550,150,700,"sd","10:01:04",132200
17550,150,1000,"sd","10:00:47",131500
17550,150,4300,"sd","09:57:00",130500
17600,200,5600,"sd","09:56:57",126200
17600,200,100,"sd","09:56:57",120600
17600,200,300,"sd","09:56:48",120500
17600,200,100,"sd","09:56:48",120200
17600,200,1900,"sd","09:56:37",120100
17600,200,200,"sd","09:56:37",118200
17600,200,1300,"sd","09:56:37",118000
17600,200,500,"sd","09:56:37",116700
17600,200,400,"sd","09:56:37",116200
17600,200,100,"sd","09:56:37",115800
17600,200,600,"sd","09:56:37",115700
17650,250,800,"bu","09:54:09",115100
17650,250,200,"bu","09:54:09",114300
17600,200,1100,"sd","09:52:37",114100
17650,250,1000,"bu","09:52:01",113000
17650,250,100,"sd","09:51:50",112000
17650,250,10000,"sd","09:50:15",111900
17650,250,200,"sd","09:50:15",101900
17650,250,300,"sd","09:50:15",101700
17700,300,200,"bu","09:50:15",101400
17700,300,400,"bu","09:50:00",101200
17700,300,600,"bu","09:48:01",100800
17700,300,300,"bu","09:48:01",100200
17700,300,100,"bu","09:48:01",99900
17700,300,1000,"bu","09:47:51",99800
17700,300,1000,"bu","09:47:51",98800
17700,300,1000,"bu","09:45:43",97800
17700,300,1000,"bu","09:45:43",96800
17650,250,700,"bu","09:44:55",95800
17650,250,1000,"bu","09:44:02",95100
17650,250,100,"bu","09:43:40",94100
17650,250,200,"bu","09:43:40",94000
17650,250,500,"bu","09:43:40",93800
17650,250,200,"bu","09:43:40",93300
17600,200,300,"sd","09:41:15",93100
17650,250,100,"bu","09:41:00",92800
17650,250,200,"bu","09:40:35",92700
17600,200,10000,"sd","09:40:08",92500
17600,200,1000,"sd","09:39:04",82500
17600,200,1000,"unknown","09:36:04",81500
17600,200,200,"bu","09:35:44",80500
17600,200,800,"bu","09:35:30",80300
17600,200,4000,"bu","09:35:30",79500
17550,150,100,"sd","09:33:56",75500
17600,200,1000,"sd","09:32:56",75400
17600,200,10000,"sd","09:32:43",74400
17600,200,1000,"sd","09:32:17",64400
17600,200,1000,"sd","09:32:17",63400
17600,200,100,"sd","09:32:10",62400
17600,200,100,"sd","09:31:35",62300
17650,250,1000,"bu","09:31:29",62200
17600,200,400,"bu","09:31:03",61200
17600,200,600,"bu","09:31:03",60800
17600,200,100,"sd","09:28:40",60200
17600,200,2000,"sd","09:28:40",60100
17600,200,2800,"sd","09:28:40",58100
17650,250,2000,"sd","09:27:56",55300
17700,300,300,"sd","09:27:42",53300
17700,300,200,"bu","09:27:22",53000
17600,200,200,"sd","09:26:40",52800
17600,200,2800,"sd","09:26:40",52600
17600,200,200,"sd","09:26:38",49800
17600,200,1000,"sd","09:24:55",49600
17600,200,500,"sd","09:24:32",48600
17600,200,300,"sd","09:24:32",48100
17700,300,200,"sd","09:24:32",47800
17700,300,100,"bu","09:24:23",47600
17700,300,200,"bu","09:24:23",47500
17700,300,800,"sd","09:24:15",47300
17700,300,200,"sd","09:24:05",46500
17700,300,1000,"bu","09:23:57",46300
17900,500,900,"bu","09:23:32",45300
17850,450,100,"unknown","09:23:32",44400
17850,450,100,"unknown","09:23:32",44300
17800,400,500,"unknown","09:23:32",44200
17700,300,400,"unknown","09:23:32",43700
17700,300,100,"bu","09:23:11",43300
17700,300,200,"sd","09:23:10",43200
17700,300,1000,"sd","09:23:10",43000
17700,300,1000,"sd","09:23:10",42000
17700,300,600,"bu","09:23:10",41000
17700,300,100,"bu","09:23:10",40400
17600,200,200,"sd","09:22:50",40300
17600,200,300,"bu","09:22:15",40100
17600,200,200,"bu","09:22:15",39800
17500,100,100,"bu","09:21:21",39600
17500,100,100,"bu","09:21:21",39500
17500,100,1600,"bu","09:21:21",39400
17500,100,3000,"bu","09:21:16",37800
17500,100,6000,"bu","09:20:29",34800
17500,100,200,"sd","09:19:23",28800
17500,100,3000,"sd","09:19:23",28600
17500,100,100,"sd","09:19:23",25600
17500,100,100,"sd","09:18:48",25500
17500,100,100,"sd","09:17:40",25400
17500,100,400,"bu","09:17:00",25300
17500,100,100,"bu","09:17:00",24900
17500,100,200,"bu","09:17:00",24800
17500,100,300,"sd","09:16:41",24600
17500,100,2100,"sd","09:16:41",24300
17500,100,1000,"sd","09:16:21",22200
17500,100,7900,"sd","09:16:21",21200
17500,100,1000,"sd","09:16:21",13300
17500,100,100,"sd","09:16:21",12300
17600,200,400,"sd","09:16:19",12200
17600,200,600,"sd","09:16:19",11800
17600,200,500,"bu","09:15:43",11200
17600,200,300,"bu","09:15:43",10700
17600,200,1600,"bu","09:15:43",10400
17600,200,8800,"unknown","09:15:00",8800
