"price","change","match_qtty","side","time","total_vol"
4330,-10,41400,"unknown","14:45:00",1681000
4310,-30,900,"sd","14:29:14",1639600
4310,-30,100,"sd","14:29:14",1638700
4310,-30,100,"sd","14:29:14",1638600
4310,-30,200,"sd","14:29:14",1638500
4310,-30,3700,"sd","14:29:14",1638300
4310,-30,1300,"sd","14:28:55",1634600
4310,-30,100,"sd","14:28:55",1633300
4310,-30,2600,"sd","14:28:55",1633200
4320,-20,100,"sd","14:28:55",1630600
4320,-20,900,"sd","14:28:55",1630500
4320,-20,800,"bu","14:28:37",1629600
4320,-20,100,"bu","14:28:31",1628800
4310,-30,1800,"sd","14:27:24",1628700
4320,-20,100,"sd","14:27:24",1626900
4310,-30,1300,"sd","14:26:55",1626800
4320,-20,2200,"sd","14:26:55",1625500
4310,-30,5300,"sd","14:26:15",1623300
4310,-30,300,"sd","14:26:15",1618000
4310,-30,1000,"sd","14:26:15",1617700
4310,-30,10000,"sd","14:26:15",1616700
4310,-30,8400,"sd","14:26:15",1606700
4310,-30,1100,"sd","14:25:50",1598300
4320,-20,100,"sd","14:25:50",1597200
4320,-20,800,"sd","14:25:50",1597100
4320,-20,1200,"bu","14:25:45",1596300
4320,-20,1000,"bu","14:25:35",1595100
4320,-20,3800,"bu","14:25:35",1594100
4320,-20,200,"bu","14:25:35",1590300
4310,-30,500,"sd","14:25:09",1590100
4310,-30,700,"sd","14:25:09",1589600
4310,-30,800,"sd","14:25:09",1588900
4310,-30,100,"sd","14:24:24",1588100
4320,-20,2000,"sd","14:23:43",1588000
4330,-10,200,"bu","14:23:29",1586000
4320,-20,500,"bu","14:23:15",1585800
4310,-30,100,"sd","14:23:14",1585300
4310,-30,900,"sd","14:23:14",1585200
4310,-30,9200,"sd","14:21:29",1584300
4320,-20,800,"sd","14:21:29",1575100
4310,-30,4000,"sd","14:16:09",1574300
4310,-30,9800,"bu","14:15:41",1570300
4310,-30,5000,"sd","14:15:33",1560500
4310,-30,100,"sd","14:15:33",1555500
4320,-20,100,"sd","14:15:33",1555400
4320,-20,100,"bu","14:15:17",1555300
4320,-20,4900,"bu","14:15:04",1555200
4320,-20,100,"bu","14:15:04",1550300
4320,-20,900,"bu","14:14:50",1550200
4300,-40,400,"sd","14:14:25",1549300
4300,-40,300,"sd","14:12:44",1548900
4300,-40,2400,"sd","14:12:18",1548600
4300,-40,600,"sd","14:12:18",1546200
4300,-40,400,"bu","14:11:57",1545600
4300,-40,400,"bu","14:11:45",1545200
4300,-40,100,"bu","14:11:42",1544800
4300,-40,100,"bu","14:11:34",1544700
4300,-40,2000,"sd","14:11:26",1544600
4300,-40,3400,"sd","14:11:14",1542600
4300,-40,600,"sd","14:11:14",1539200
4300,-40,1000,"sd","14:11:14",1538600
4300,-40,200,"sd","14:10:56",1537600
4300,-40,6000,"sd","14:10:56",1537400
4300,-40,100,"sd","14:10:56",1531400
4300,-40,100,"sd","14:10:56",1531300
4300,-40,1000,"sd","14:10:56",1531200
4300,-40,600,"sd","14:10:56",1530200
4300,-40,2000,"sd","14:10:56",1529600
4300,-40,3500,"sd","14:10:56",1527600
4300,-40,1000,"sd","14:10:56",1524100
4300,-40,4000,"sd","14:10:56",1523100
4300,-40,200,"sd","14:10:56",1519100
4300,-40,200,"sd","14:10:56",1518900
4300,-40,100,"sd","14:10:56",1518700
4310,-30,100,"bu","14:10:48",1518600
4310,-30,1000,"bu","14:10:46",1518500
4310,-30,200,"bu","14:10:46",1517500
4310,-30,3000,"bu","14:10:46",1517300
4310,-30,300,"bu","14:10:46",1514300
4310,-30,5000,"bu","14:10:46",1514000
4310,-30,1000,"bu","14:10:46",1509000
4310,-30,3000,"bu","14:10:46",1508000
4310,-30,100,"bu","14:10:46",1505000
4310,-30,100,"unknown","14:10:46",1504900
4310,-30,500,"sd","14:10:46",1504800
4310,-30,700,"sd","14:10:46",1504300
4320,-20,5000,"bu","14:10:15",1503600
4320,-20,1000,"bu","14:10:10",1498600
4320,-20,100,"sd","14:09:58",1497600
4320,-20,900,"sd","14:09:58",1497500
4320,-20,100,"sd","14:09:57",1496600
4320,-20,1200,"sd","14:09:57",1496500
4320,-20,1200,"sd","14:09:31",1495300
4320,-20,200,"sd","14:09:31",1494100
4320,-20,1700,"sd","14:09:31",1493900
4320,-20,1500,"sd","14:09:27",1492200
4320,-20,500,"sd","14:09:27",1490700
4320,-20,1500,"sd","14:08:13",1490200
4320,-20,1000,"sd","14:08:13",1488700
4320,-20,500,"sd","14:08:13",1487700
4320,-20,1700,"sd","14:07:37",1487200
4320,-20,200,"sd","14:07:37",1485500
4320,-20,1000,"sd","14:04:44",1485300
4320,-20,1000,"sd","14:04:43",1484300
4320,-20,1800,"sd","14:04:39",1483300
4320,-20,500,"sd","14:04:39",1481500
4320,-20,700,"bu","14:04:16",1481000
4320,-20,2000,"bu","14:04:16",1480300
4320,-20,2300,"bu","14:04:16",1478300
4320,-20,2000,"sd","14:03:53",1476000
4320,-20,100,"sd","14:03:46",1474000
4320,-20,3600,"bu","14:03:28",1473900
4320,-20,500,"bu","14:02:59",1470300
4320,-20,500,"sd","14:02:43",1469800
4320,-20,400,"sd","14:02:43",1469300
4320,-20,1300,"sd","14:00:13",1468900
4320,-20,100,"sd","14:00:09",1467600
4330,-10,200,"bu","14:00:08",1467500
4330,-10,5000,"bu","13:59:26",1467300
4330,-10,1000,"bu","13:59:26",1462300
4320,-20,1200,"bu","13:58:40",1461300
4320,-20,6000,"sd","13:58:00",1460100
4320,-20,300,"sd","13:57:58",1454100
4320,-20,100,"sd","13:57:37",1453800
4320,-20,600,"sd","13:57:23",1453700
4320,-20,300,"sd","13:57:13",1453100
4320,-20,2100,"sd","13:56:54",1452800
4320,-20,100,"sd","13:56:36",1450700
4330,-10,100,"bu","13:56:28",1450600
4330,-10,100,"bu","13:56:22",1450500
4330,-10,1500,"bu","13:56:22",1450400
4330,-10,1500,"bu","13:56:22",1448900
4330,-10,1900,"bu","13:56:22",1447400
4310,-30,300,"sd","13:55:40",1445500
4310,-30,200,"sd","13:55:40",1445200
4330,-10,200,"bu","13:54:53",1445000
4310,-30,400,"sd","13:54:06",1444800
4310,-30,1200,"sd","13:53:10",1444400
4310,-30,100,"sd","13:53:10",1443200
4310,-30,100,"sd","13:53:10",1443100
4310,-30,600,"sd","13:53:10",1443000
4330,-10,2000,"bu","13:52:29",1442400
4330,-10,300,"bu","13:52:20",1440400
4310,-30,400,"sd","13:51:38",1440100
4310,-30,100,"sd","13:51:38",1439700
4310,-30,900,"bu","13:51:37",1439600
4300,-40,100,"sd","13:51:25",1438700
4310,-30,1000,"bu","13:51:15",1438600
4310,-30,2200,"bu","13:51:10",1437600
4310,-30,300,"sd","13:50:34",1435400
4310,-30,600,"sd","13:50:34",1435100
4330,-10,100,"bu","13:50:13",1434500
4310,-30,9900,"bu","13:49:51",1434400
4300,-40,4900,"sd","13:49:51",1424500
4300,-40,7000,"sd","13:49:51",1419600
4300,-40,100,"sd","13:49:51",1412600
4300,-40,500,"sd","13:49:51",1412500
4300,-40,200,"sd","13:49:51",1412000
4300,-40,1000,"sd","13:49:51",1411800
4300,-40,4000,"sd","13:49:51",1410800
4300,-40,100,"sd","13:49:51",1406800
4300,-40,1000,"sd","13:49:51",1406700
4300,-40,2800,"sd","13:49:51",1405700
4300,-40,800,"sd","13:49:51",1402900
4300,-40,100,"sd","13:49:51",1402100
4300,-40,2000,"sd","13:49:51",1402000
4300,-40,1000,"sd","13:49:51",1400000
4300,-40,300,"sd","13:49:51",1399000
4300,-40,1000,"sd","13:49:51",1398700
4300,-40,300,"sd","13:49:51",1397700
4300,-40,200,"sd","13:49:51",1397400
4300,-40,2000,"sd","13:49:51",1397200
4300,-40,5100,"sd","13:49:51",1395200
4300,-40,200,"sd","13:49:51",1390100
4300,-40,400,"sd","13:49:51",1389900
4300,-40,200,"sd","13:49:51",1389500
4300,-40,1000,"sd","13:49:51",1389300
4300,-40,100,"sd","13:49:51",1388300
4300,-40,700,"sd","13:49:51",1388200
4300,-40,300,"sd","13:49:51",1387500
4300,-40,8100,"sd","13:49:51",1387200
4310,-30,100,"bu","13:49:43",1379100
4310,-30,5000,"bu","13:49:18",1379000
4310,-30,1000,"bu","13:49:18",1374000
4310,-30,5000,"sd","13:49:14",1373000
4310,-30,100,"sd","13:49:14",1368000
4310,-30,1700,"sd","13:49:14",1367900
4310,-30,500,"sd","13:49:14",1366200
4310,-30,5000,"sd","13:49:14",1365700
4310,-30,100,"sd","13:49:14",1360700
4310,-30,3000,"sd","13:49:14",1360600
4310,-30,2000,"sd","13:49:14",1357600
4320,-20,26300,"bu","13:49:04",1355600
4320,-20,5000,"bu","13:49:04",1329300
4310,-30,1000,"sd","13:48:34",1324300
4320,-20,500,"bu","13:48:25",1323300
4320,-20,500,"sd","13:48:17",1322800
4320,-20,200,"sd","13:48:17",1322300
4320,-20,1000,"sd","13:48:17",1322100
4320,-20,100,"sd","13:48:17",1321100
4320,-20,12000,"sd","13:48:17",1321000
4320,-20,1000,"sd","13:48:17",1309000
4320,-20,1000,"sd","13:48:16",1308000
4320,-20,1000,"sd","13:48:16",1307000
4320,-20,2500,"sd","13:48:16",1306000
4320,-20,600,"sd","13:48:16",1303500
4330,-10,1200,"bu","13:48:13",1302900
4330,-10,500,"sd","13:47:57",1301700
4330,-10,6900,"sd","13:47:57",1301200
4340,0,1500,"bu","13:47:44",1294300
4340,0,3500,"bu","13:47:44",1292800
4330,-10,100,"sd","13:47:23",1289300
4330,-10,3000,"bu","13:47:23",1289200
4330,-10,100,"bu","13:46:17",1286200
4330,-10,5200,"bu","13:45:48",1286100
4320,-20,300,"sd","13:45:37",1280900
4320,-20,1000,"sd","13:44:56",1280600
4320,-20,900,"sd","13:44:18",1279600
4320,-20,1000,"sd","13:43:55",1278700
4330,-10,2000,"bu","13:43:04",1277700
4320,-20,1200,"bu","13:42:13",1275700
4320,-20,100,"bu","13:41:35",1274500
4320,-20,100,"bu","13:41:19",1274400
4320,-20,3000,"bu","13:40:44",1274300
4320,-20,100,"sd","13:40:43",1271300
4320,-20,2000,"sd","13:40:43",1271200
4320,-20,100,"sd","13:40:43",1269200
4320,-20,300,"sd","13:40:43",1269100
4320,-20,600,"sd","13:40:43",1268800
4320,-20,500,"sd","13:40:43",1268200
4320,-20,100,"sd","13:40:43",1267700
4320,-20,500,"sd","13:40:43",1267600
4320,-20,6300,"sd","13:40:43",1267100
4330,-10,100,"sd","13:40:43",1260800
4320,-20,700,"sd","13:40:14",1260700
4320,-20,600,"sd","13:40:14",1260000
4320,-20,200,"sd","13:40:14",1259400
4320,-20,5000,"sd","13:40:14",1259200
4320,-20,1800,"sd","13:40:14",1254200
4330,-10,500,"sd","13:40:14",1252400
4330,-10,300,"sd","13:40:14",1251900
4330,-10,3000,"sd","13:40:14",1251600
4330,-10,1900,"sd","13:40:14",1248600
4330,-10,100,"sd","13:40:11",1246700
4340,0,26500,"sd","13:39:09",1246600
4340,0,100,"sd","13:38:55",1220100
4340,0,3000,"bu","13:38:35",1220000
4340,0,1800,"bu","13:38:35",1217000
4340,0,1000,"bu","13:38:35",1215200
4340,0,1300,"bu","13:38:35",1214200
4320,-20,500,"sd","13:36:39",1212900
4340,0,8700,"bu","13:36:27",1212400
4340,0,100,"bu","13:36:27",1203700
4340,0,1200,"bu","13:36:27",1203600
4320,-20,200,"sd","13:35:22",1202400
4330,-10,100,"sd","13:35:22",1202200
4320,-20,2500,"sd","13:33:48",1202100
4320,-20,500,"sd","13:33:48",1199600
4320,-20,5200,"sd","13:33:48",1199100
4320,-20,500,"sd","13:33:48",1193900
4320,-20,6100,"sd","13:33:48",1193400
4330,-10,900,"bu","13:33:28",1187300
4330,-10,4000,"sd","13:33:16",1186400
4330,-10,100,"sd","13:33:16",1182400
4330,-10,3000,"sd","13:33:16",1182300
4330,-10,2100,"sd","13:33:16",1179300
4330,-10,4300,"sd","13:32:41",1177200
4330,-10,100,"sd","13:32:41",1172900
4330,-10,2000,"sd","13:32:41",1172800
4330,-10,100,"sd","13:31:36",1170800
4330,-10,1900,"sd","13:31:36",1170700
4330,-10,1000,"sd","13:31:26",1168800
4330,-10,500,"sd","13:31:24",1167800
4330,-10,200,"sd","13:30:58",1167300
4330,-10,1400,"bu","13:30:02",1167100
4330,-10,200,"sd","13:29:43",1165700
4330,-10,300,"sd","13:29:43",1165500
4330,-10,100,"sd","13:29:39",1165200
4330,-10,200,"sd","13:29:10",1165100
4330,-10,1000,"sd","13:29:04",1164900
4330,-10,300,"sd","13:28:50",1163900
4330,-10,400,"sd","13:28:45",1163600
4330,-10,1400,"sd","13:28:32",1163200
4330,-10,500,"sd","13:28:22",1161800
4330,-10,200,"bu","13:27:13",1161300
4330,-10,100,"bu","13:27:13",1161100
4330,-10,500,"bu","13:27:13",1161000
4330,-10,4500,"bu","13:26:44",1160500
4330,-10,500,"bu","13:26:44",1156000
4320,-20,100,"sd","13:26:38",1155500
4320,-20,200,"sd","13:26:13",1155400
4320,-20,400,"sd","13:25:53",1155200
4320,-20,300,"sd","13:25:13",1154800
4320,-20,200,"sd","13:25:12",1154500
4320,-20,1100,"sd","13:24:47",1154300
4330,-10,200,"bu","13:24:46",1153200
4330,-10,1000,"bu","13:24:42",1153000
4330,-10,3800,"bu","13:24:26",1152000
4330,-10,1200,"bu","13:24:26",1148200
4330,-10,500,"bu","13:23:27",1147000
4330,-10,1300,"bu","13:23:20",1146500
4330,-10,100,"bu","13:23:03",1145200
4330,-10,100,"bu","13:23:01",1145100
4330,-10,2800,"bu","13:22:47",1145000
4330,-10,200,"bu","13:22:47",1142200
4310,-30,300,"bu","13:22:37",1142000
4310,-30,200,"sd","13:21:53",1141700
4300,-40,1900,"sd","13:21:42",1141500
4300,-40,100,"sd","13:21:42",1139600
4300,-40,100,"sd","13:21:42",1139500
4300,-40,100,"sd","13:21:42",1139400
4300,-40,200,"sd","13:21:42",1139300
4300,-40,200,"sd","13:21:42",1139100
4300,-40,100,"sd","13:21:42",1138900
4300,-40,500,"sd","13:21:42",1138800
4300,-40,1000,"sd","13:21:42",1138300
4300,-40,4600,"sd","13:21:42",1137300
4300,-40,100,"sd","13:21:42",1132700
4300,-40,200,"sd","13:21:42",1132600
4300,-40,200,"sd","13:21:42",1132400
4300,-40,3000,"sd","13:21:42",1132200
4300,-40,800,"sd","13:21:42",1129200
4300,-40,1000,"sd","13:21:42",1128400
4300,-40,1000,"sd","13:21:42",1127400
4300,-40,500,"sd","13:21:42",1126400
4300,-40,500,"sd","13:21:42",1125900
4300,-40,4000,"sd","13:21:42",1125400
4300,-40,3000,"sd","13:21:42",1121400
4300,-40,10000,"sd","13:21:42",1118400
4300,-40,2000,"sd","13:21:42",1108400
4300,-40,300,"sd","13:21:42",1106400
4300,-40,1700,"sd","13:21:42",1106100
4310,-30,5000,"sd","13:21:42",1104400
4310,-30,500,"sd","13:21:42",1099400
4310,-30,1000,"sd","13:21:42",1098900
4310,-30,2000,"sd","13:21:42",1097900
4310,-30,1000,"sd","13:21:42",1095900
4310,-30,3400,"sd","13:21:42",1094900
4310,-30,100,"sd","13:21:33",1091500
4310,-30,2500,"bu","13:20:42",1091400
4310,-30,500,"bu","13:20:36",1088900
4310,-30,400,"bu","13:20:22",1088400
4310,-30,500,"bu","13:20:18",1088000
4310,-30,500,"bu","13:20:13",1087500
4310,-30,600,"bu","13:19:54",1087000
4310,-30,1700,"bu","13:19:54",1086400
4310,-30,100,"bu","13:19:46",1084700
4310,-30,300,"sd","13:19:32",1084600
4310,-30,200,"sd","13:19:32",1084300
4310,-30,2000,"sd","13:19:32",1084100
4320,-20,100,"sd","13:19:32",1082100
4310,-30,1000,"sd","13:19:32",1082000
4320,-20,100,"sd","13:19:32",1081000
4310,-30,3000,"sd","13:19:32",1080900
4310,-30,100,"sd","13:19:32",1077900
4320,-20,500,"sd","13:19:32",1077800
4310,-30,1000,"sd","13:19:32",1077300
4310,-30,100,"sd","13:19:32",1076300
4320,-20,1300,"sd","13:19:32",1076200
4310,-30,700,"sd","13:19:32",1074900
4310,-30,100,"sd","13:19:32",1074200
4310,-30,100,"sd","13:19:32",1074100
4310,-30,100,"sd","13:19:32",1074000
4310,-30,200,"sd","13:19:32",1073900
4310,-30,1200,"sd","13:19:32",1073700
4310,-30,600,"sd","13:19:32",1072500
4330,-10,100,"sd","13:19:29",1071900
4330,-10,100,"sd","13:19:29",1071800
4330,-10,100,"sd","13:19:29",1071700
4330,-10,4000,"bu","13:18:45",1071600
4330,-10,1000,"bu","13:18:14",1067600
4320,-20,800,"sd","13:17:51",1066600
4320,-20,900,"sd","13:17:35",1065800
4320,-20,1000,"sd","13:17:35",1064900
4320,-20,100,"sd","13:17:35",1063900
4320,-20,400,"sd","13:17:24",1063800
4320,-20,200,"bu","13:17:00",1063400
4320,-20,300,"bu","13:17:00",1063200
4320,-20,7400,"bu","13:16:58",1062900
4320,-20,1000,"bu","13:16:54",1055500
4320,-20,500,"bu","13:16:48",1054500
4320,-20,100,"bu","13:16:44",1054000
4320,-20,1000,"bu","13:16:23",1053900
4320,-20,2000,"bu","13:16:23",1052900
4320,-20,200,"bu","13:16:23",1050900
4320,-20,1000,"bu","13:16:23",1050700
4320,-20,100,"bu","13:16:23",1049700
4320,-20,100,"bu","13:16:23",1049600
4320,-20,400,"bu","13:16:23",1049500
4320,-20,200,"bu","13:16:23",1049100
4320,-20,200,"bu","13:16:23",1048900
4320,-20,800,"bu","13:16:23",1048700
4320,-20,2100,"bu","13:16:23",1047900
4320,-20,100,"sd","13:16:23",1045800
4320,-20,1000,"sd","13:16:23",1045700
4320,-20,1000,"sd","13:16:23",1044700
4320,-20,500,"sd","13:16:23",1043700
4320,-20,1300,"sd","13:16:13",1043200
4330,-10,10000,"bu","13:16:11",1041900
4330,-10,1700,"bu","13:16:00",1031900
4320,-20,100,"sd","13:15:51",1030200
4330,-10,1000,"bu","13:15:39",1030100
4330,-10,200,"sd","13:15:27",1029100
4330,-10,100,"sd","13:15:27",1028900
4330,-10,700,"sd","13:15:27",1028800
4330,-10,100,"sd","13:15:27",1028100
4330,-10,500,"sd","13:15:27",1028000
4340,0,1000,"bu","13:14:52",1027500
4340,0,7000,"bu","13:14:32",1026500
4340,0,3000,"bu","13:14:05",1019500
4340,0,300,"bu","13:13:23",1016500
4340,0,200,"bu","13:13:07",1016200
4340,0,700,"bu","13:12:48",1016000
4330,-10,400,"sd","13:12:23",1015300
4330,-10,600,"sd","13:12:23",1014900
4330,-10,400,"bu","13:11:40",1014300
4330,-10,2000,"bu","13:11:31",1013900
4330,-10,1000,"bu","13:11:29",1011900
4330,-10,1500,"bu","13:11:07",1010900
4320,-20,100,"sd","13:10:53",1009400
4330,-10,500,"bu","13:10:50",1009300
4320,-20,1000,"sd","13:10:01",1008800
4330,-10,1000,"sd","13:10:01",1007800
4320,-20,4000,"sd","13:09:47",1006800
4320,-20,500,"sd","13:09:18",1002800
4320,-20,600,"sd","13:08:41",1002300
4320,-20,200,"sd","13:08:28",1001700
4320,-20,100,"sd","13:07:25",1001500
4330,-10,300,"sd","13:07:06",1001400
4330,-10,1000,"sd","13:07:06",1001100
4330,-10,100,"sd","13:07:06",1000100
4330,-10,200,"sd","13:07:06",1000000
4330,-10,300,"sd","13:07:06",999800
4330,-10,1000,"sd","13:07:06",999500
4330,-10,100,"sd","13:07:06",998500
4340,0,1500,"bu","13:06:41",998400
4340,0,500,"bu","13:04:45",996900
4340,0,4800,"sd","13:04:19",996400
4340,0,200,"bu","13:04:11",991600
4330,-10,100,"sd","13:03:58",991400
4330,-10,200,"sd","13:03:58",991300
4330,-10,500,"sd","13:03:58",991100
4330,-10,200,"sd","13:03:58",990600
4330,-10,800,"sd","13:03:30",990400
4330,-10,500,"sd","13:03:30",989600
4330,-10,200,"sd","13:03:30",989100
4330,-10,300,"sd","13:03:30",988900
4330,-10,2000,"sd","13:03:30",988600
4330,-10,500,"sd","13:03:30",986600
4330,-10,300,"sd","13:03:30",986100
4330,-10,600,"sd","13:03:30",985800
4340,0,500,"sd","13:02:49",985200
4340,0,200,"sd","13:02:40",984700
4340,0,200,"sd","13:02:39",984500
4340,0,3000,"sd","13:02:20",984300
4340,0,500,"sd","13:02:20",981300
4340,0,300,"sd","13:02:20",980800
4340,0,200,"sd","13:02:20",980500
4340,0,500,"sd","13:02:20",980300
4340,0,100,"sd","13:02:20",979800
4340,0,600,"sd","13:02:20",979700
4340,0,300,"sd","13:02:15",979100
4340,0,400,"sd","13:01:53",978800
4350,10,1000,"bu","13:00:33",978400
4340,0,1000,"sd","13:00:32",977400
4340,0,2000,"sd","13:00:28",976400
4340,0,1000,"sd","13:00:28",974400
4340,0,4000,"sd","13:00:15",973400
4340,0,100,"sd","13:00:09",969400
4350,10,4900,"sd","13:00:08",969300
4350,10,2000,"sd","13:00:08",964400
4350,10,300,"sd","13:00:08",962400
4350,10,2000,"sd","13:00:08",962100
4350,10,100,"sd","13:00:08",960100
4350,10,2100,"sd","13:00:08",960000
4350,10,1500,"sd","13:00:08",957900
4350,10,100,"sd","13:00:08",956400
4350,10,1800,"sd","13:00:04",956300
4350,10,200,"sd","13:00:03",954500
4350,10,1000,"sd","13:00:00",954300
4350,10,100,"sd","13:00:00",953300
4350,10,500,"sd","13:00:00",953200
4350,10,1700,"sd","13:00:00",952700
4350,10,500,"bu","13:00:00",951000
4340,0,700,"sd","13:00:00",950500
4350,10,600,"bu","13:00:00",949800
4340,0,200,"sd","13:00:00",949200
4350,10,100,"bu","11:29:56",949000
4340,0,100,"sd","11:28:51",948900
4350,10,600,"bu","11:26:47",948800
4350,10,2800,"bu","11:26:47",948200
4350,10,500,"bu","11:26:47",945400
4350,10,4100,"bu","11:26:47",944900
4350,10,15000,"sd","11:23:27",940800
4350,10,7700,"sd","11:23:27",925800
4360,20,200,"bu","11:22:18",918100
4360,20,100,"sd","11:21:17",917900
4360,20,12100,"sd","11:21:17",917800
4360,20,4600,"sd","11:21:17",905700
4360,20,100,"sd","11:21:17",901100
4360,20,100,"sd","11:21:17",901000
4360,20,400,"sd","11:20:53",900900
4360,20,300,"sd","11:20:31",900500
4360,20,300,"sd","11:19:51",900200
4360,20,2000,"sd","11:18:16",899900
4360,20,100,"sd","11:17:24",897900
4360,20,3000,"bu","11:16:25",897800
4360,20,200,"bu","11:16:25",894800
4360,20,100,"bu","11:16:25",894600
4360,20,200,"bu","11:16:25",894500
4360,20,2000,"bu","11:16:25",894300
4360,20,2000,"bu","11:16:25",892300
4360,20,2000,"bu","11:16:25",890300
4360,20,5300,"bu","11:16:25",888300
4350,10,100,"bu","11:16:08",883000
4350,10,100,"bu","11:16:08",882900
4350,10,1000,"bu","11:16:08",882800
4350,10,1100,"bu","11:16:08",881800
4350,10,100,"bu","11:14:53",880700
4340,0,100,"sd","11:14:43",880600
4340,0,100,"unknown","11:11:53",880500
4340,0,100,"bu","11:08:07",880400
4340,0,100,"sd","11:08:00",880300
4340,0,1000,"sd","11:08:00",880200
4340,0,100,"sd","11:08:00",879200
4340,0,1000,"sd","11:08:00",879100
4340,0,100,"sd","11:08:00",878100
4340,0,200,"sd","11:08:00",878000
4340,0,100,"sd","11:08:00",877800
4340,0,1000,"sd","11:08:00",877700
4340,0,6300,"sd","11:08:00",876700
4340,0,3700,"sd","11:07:18",870400
4340,0,2000,"sd","11:07:18",866700
4340,0,400,"sd","11:07:18",864700
4340,0,500,"sd","11:07:18",864300
4340,0,100,"sd","11:07:18",863800
4340,0,100,"sd","11:07:18",863700
4340,0,1000,"sd","11:07:18",863600
4340,0,6500,"sd","11:07:18",862600
4340,0,1000,"sd","11:07:18",856100
4340,0,1000,"sd","11:07:18",855100
4340,0,3700,"sd","11:07:18",854100
4350,10,300,"bu","11:07:14",850400
4340,0,1000,"sd","11:06:28",850100
4350,10,200,"bu","11:05:36",849100
4350,10,400,"bu","11:05:36",848900
4350,10,900,"bu","11:05:36",848500
4360,20,6600,"bu","11:05:33",847600
4350,10,100,"sd","11:05:27",841000
4350,10,200,"bu","11:03:01",840900
4350,10,300,"bu","11:03:01",840700
4350,10,100,"bu","11:02:25",840400
4350,10,300,"sd","11:00:42",840300
4350,10,100,"sd","11:00:42",840000
4350,10,200,"sd","11:00:42",839900
4350,10,100,"sd","11:00:42",839700
4350,10,400,"sd","11:00:08",839600
4350,10,500,"sd","11:00:08",839200
4350,10,3000,"sd","11:00:08",838700
4350,10,100,"sd","11:00:08",835700
4350,10,1000,"sd","11:00:08",835600
4360,20,600,"bu","10:58:32",834600
4360,20,1000,"bu","10:58:17",834000
4360,20,100,"bu","10:57:17",833000
4360,20,1000,"bu","10:55:39",832900
4360,20,200,"bu","10:55:37",831900
4360,20,300,"bu","10:55:25",831700
4360,20,400,"bu","10:54:56",831400
4350,10,800,"bu","10:52:46",831000
4350,10,200,"bu","10:52:42",830200
4340,0,500,"sd","10:51:59",830000
4340,0,2000,"sd","10:51:59",829500
4340,0,5300,"sd","10:51:59",827500
4340,0,200,"sd","10:51:59",822200
4340,0,500,"sd","10:51:59",822000
4340,0,1000,"sd","10:51:59",821500
4340,0,300,"sd","10:51:59",820500
4340,0,500,"sd","10:51:59",820200
4340,0,2000,"sd","10:51:59",819700
4350,10,500,"sd","10:51:43",817700
4350,10,5700,"sd","10:51:43",817200
4360,20,11500,"sd","10:51:43",811500
4370,30,5000,"bu","10:50:59",800000
4360,20,1900,"bu","10:50:33",795000
4360,20,400,"bu","10:50:33",793100
4360,20,1200,"bu","10:50:33",792700
4360,20,800,"bu","10:49:53",791500
4360,20,300,"bu","10:49:53",790700
4360,20,100,"bu","10:48:59",790400
4350,10,3900,"sd","10:48:56",790300
4340,0,7000,"sd","10:47:50",786400
4340,0,12500,"sd","10:47:50",779400
4350,10,500,"sd","10:47:50",766900
4340,0,5000,"bu","10:47:11",766400
4340,0,1500,"bu","10:47:11",761400
4340,0,1300,"bu","10:47:03",759900
4340,0,100,"bu","10:46:55",758600
4340,0,7100,"bu","10:46:38",758500
4340,0,2900,"bu","10:46:38",751400
4340,0,100,"bu","10:46:22",748500
4340,0,1000,"bu","10:46:19",748400
4340,0,500,"bu","10:46:04",747400
4340,0,1000,"bu","10:45:58",746900
4340,0,500,"bu","10:45:26",745900
4340,0,200,"bu","10:45:10",745400
4340,0,5000,"bu","10:45:06",745200
4340,0,500,"bu","10:44:50",740200
4340,0,100,"bu","10:44:43",739700
4340,0,1000,"sd","10:44:24",739600
4340,0,800,"sd","10:44:24",738600
4340,0,200,"sd","10:44:24",737800
4340,0,2200,"sd","10:44:24",737600
4350,10,1000,"bu","10:44:10",735400
4340,0,13400,"sd","10:43:23",734400
4340,0,6600,"sd","10:43:23",721000
4340,0,3400,"bu","10:43:08",714400
4340,0,700,"bu","10:42:33",711000
4340,0,200,"sd","10:42:29",710300
4340,0,2800,"sd","10:42:29",710100
4340,0,1000,"sd","10:42:29",707300
4340,0,1000,"sd","10:42:29",706300
4340,0,300,"sd","10:42:25",705300
4340,0,900,"sd","10:42:25",705000
4340,0,100,"sd","10:41:48",704100
4340,0,400,"sd","10:41:48",704000
4340,0,1000,"sd","10:41:48",703600
4340,0,800,"sd","10:41:48",702600
4340,0,400,"sd","10:41:48",701800
4340,0,100,"sd","10:41:48",701400
4340,0,200,"sd","10:41:48",701300
4340,0,1800,"sd","10:41:44",701100
4340,0,200,"sd","10:41:44",699300
4340,0,2800,"sd","10:41:10",699100
4340,0,100,"sd","10:41:10",696300
4340,0,100,"sd","10:41:10",696200
4340,0,400,"sd","10:40:37",696100
4340,0,3000,"sd","10:40:37",695700
4340,0,2000,"sd","10:40:37",692700
4340,0,4000,"sd","10:40:37",690700
4340,0,500,"sd","10:40:37",686700
4340,0,800,"sd","10:40:37",686200
4340,0,200,"sd","10:40:36",685400
4340,0,2500,"sd","10:40:36",685200
4340,0,300,"sd","10:40:36",682700
4340,0,500,"sd","10:40:36",682400
4340,0,1600,"sd","10:40:36",681900
4340,0,500,"sd","10:40:36",680300
4340,0,1400,"sd","10:40:36",679800
4350,10,1000,"sd","10:40:36",678400
4360,20,700,"sd","10:40:36",677400
4360,20,600,"sd","10:40:36",676700
4360,20,400,"sd","10:40:06",676100
4360,20,9600,"sd","10:40:06",675700
4360,20,400,"bu","10:39:08",666100
4360,20,100,"bu","10:39:00",665700
4360,20,4500,"bu","10:38:40",665600
4360,20,5000,"bu","10:38:40",661100
4360,20,7600,"bu","10:38:40",656100
4350,10,3000,"unknown","10:38:40",648500
4350,10,3900,"unknown","10:38:40",645500
4350,10,500,"bu","10:36:22",641600
4350,10,500,"sd","10:36:02",641100
4350,10,100,"sd","10:36:02",640600
4350,10,900,"bu","10:35:56",640500
4350,10,100,"bu","10:35:45",639600
4350,10,800,"bu","10:35:39",639500
4350,10,300,"unknown","10:35:39",638700
4350,10,2900,"sd","10:35:39",638400
4350,10,5000,"sd","10:35:29",635500
4350,10,5000,"sd","10:35:22",630500
4350,10,4000,"sd","10:34:47",625500
4350,10,1700,"bu","10:34:45",621500
4350,10,300,"bu","10:33:59",619800
4350,10,200,"bu","10:33:59",619500
4350,10,200,"bu","10:33:53",619300
4350,10,200,"bu","10:33:12",619100
4340,0,2500,"sd","10:32:59",618900
4350,10,200,"sd","10:32:30",616400
4350,10,200,"sd","10:32:30",616200
4350,10,1000,"sd","10:32:30",616000
4350,10,1000,"sd","10:32:19",615000
4350,10,1000,"sd","10:32:19",614000
4360,20,300,"bu","10:31:25",613000
4360,20,1000,"bu","10:31:03",612700
4360,20,3000,"bu","10:29:27",611700
4340,0,600,"sd","10:29:02",608700
4340,0,300,"sd","10:29:02",608100
4340,0,1100,"sd","10:29:02",607800
4340,0,8000,"sd","10:29:02",606700
4340,0,10000,"sd","10:29:02",598700
4360,20,8100,"bu","10:28:27",588700
4360,20,500,"bu","10:28:27",580600
4360,20,500,"bu","10:28:20",580100
4360,20,200,"bu","10:28:00",579600
4360,20,100,"bu","10:26:58",579400
4350,10,1900,"bu","10:26:58",579300
4350,10,200,"sd","10:26:57",577400
4350,10,300,"sd","10:26:57",577200
4350,10,100,"sd","10:26:57",576900
4350,10,100,"sd","10:26:57",576800
4350,10,100,"sd","10:26:57",576700
4350,10,200,"sd","10:26:57",576600
4350,10,100,"sd","10:26:57",576400
4360,20,100,"bu","10:26:47",576300
4350,10,100,"sd","10:26:19",576200
4350,10,100,"bu","10:25:51",576100
4350,10,100,"sd","10:25:07",576000
4350,10,300,"sd","10:25:07",575900
4350,10,100,"sd","10:25:07",575600
4350,10,900,"sd","10:23:57",575500
4350,10,100,"sd","10:23:57",574600
4340,0,2700,"sd","10:23:05",574500
4340,0,200,"sd","10:23:05",571800
4340,0,200,"sd","10:23:05",571600
4340,0,800,"sd","10:23:05",571400
4340,0,100,"sd","10:23:05",570600
4340,0,1000,"sd","10:23:05",570500
4340,0,4000,"sd","10:23:05",569500
4340,0,200,"sd","10:23:05",565500
4340,0,500,"sd","10:23:05",565300
4340,0,3000,"sd","10:23:05",564800
4340,0,2000,"sd","10:23:05",561800
4340,0,1000,"sd","10:23:05",559800
4340,0,7600,"sd","10:23:05",558800
4350,10,1500,"unknown","10:23:05",551200
4350,10,200,"unknown","10:23:05",549700
4350,10,500,"unknown","10:23:05",549500
4350,10,500,"sd","10:23:05",549000
4350,10,2000,"sd","10:23:05",548500
4350,10,2000,"sd","10:23:05",546500
4360,20,100,"sd","10:23:04",544500
4360,20,100,"sd","10:23:04",544400
4360,20,1400,"sd","10:23:04",544300
4370,30,200,"bu","10:22:38",542900
4370,30,200,"bu","10:22:38",542700
4360,20,100,"sd","10:22:34",542500
4360,20,500,"sd","10:21:53",542400
4360,20,200,"sd","10:21:53",541900
4360,20,300,"sd","10:21:53",541700
4370,30,3700,"bu","10:21:10",541400
4360,20,900,"sd","10:21:03",537700
4360,20,800,"sd","10:19:55",536800
4360,20,200,"sd","10:19:50",536000
4360,20,2000,"sd","10:19:27",535800
4370,30,100,"bu","10:18:40",533800
4370,30,100,"bu","10:18:40",533700
4360,20,100,"sd","10:18:35",533600
4370,30,2500,"bu","10:18:26",533500
4370,30,300,"bu","10:18:26",531000
4370,30,100,"bu","10:18:26",530700
4370,30,2000,"bu","10:18:20",530600
4370,30,6800,"bu","10:17:49",528600
4360,20,700,"bu","10:17:49",521800
4360,20,300,"sd","10:17:45",521100
4350,10,900,"sd","10:17:23",520800
4350,10,20000,"sd","10:17:23",519900
4350,10,1000,"sd","10:17:23",499900
4350,10,3000,"sd","10:17:23",498900
4350,10,400,"sd","10:17:23",495900
4360,20,400,"sd","10:17:23",495500
4360,20,1000,"sd","10:17:23",495100
4360,20,5000,"sd","10:17:23",494100
4350,10,10000,"sd","10:17:23",489100
4360,20,500,"sd","10:17:23",479100
4350,10,1000,"sd","10:17:23",478600
4360,20,10000,"sd","10:17:23",477600
4350,10,2000,"sd","10:17:23",467600
4350,10,3000,"sd","10:17:23",465600
4350,10,500,"sd","10:17:23",462600
4360,20,600,"sd","10:17:23",462100
4350,10,900,"sd","10:17:23",461500
4360,20,5000,"sd","10:17:23",460600
4360,20,400,"sd","10:17:23",455600
4360,20,3000,"sd","10:17:23",455200
4360,20,500,"sd","10:17:23",452200
4360,20,600,"sd","10:17:23",451700
4360,20,200,"sd","10:17:23",451100
4360,20,700,"sd","10:17:16",450900
4370,30,1100,"bu","10:16:33",450200
4370,30,8900,"bu","10:16:33",449100
4370,30,1100,"sd","10:16:21",440200
4370,30,900,"bu","10:16:19",439100
4370,30,100,"bu","10:16:05",438200
4370,30,100,"bu","10:16:05",438100
4370,30,500,"bu","10:15:51",438000
4370,30,400,"bu","10:15:39",437500
4370,30,100,"sd","10:14:19",437100
4370,30,300,"sd","10:14:19",437000
4370,30,1100,"sd","10:13:16",436700
4370,30,1000,"sd","10:13:16",435600
4370,30,200,"sd","10:13:16",434600
4370,30,1000,"sd","10:13:16",434400
4370,30,500,"sd","10:13:16",433400
4370,30,200,"sd","10:13:16",432900
4370,30,800,"sd","10:12:29",432700
4370,30,500,"sd","10:12:27",431900
4380,40,1000,"bu","10:11:29",431400
4380,40,200,"bu","10:09:36",430400
4370,30,100,"sd","10:08:04",430200
4370,30,400,"sd","10:06:50",430100
4370,30,100,"sd","10:06:50",429700
4370,30,200,"sd","10:06:50",429600
4370,30,1000,"sd","10:06:50",429400
4370,30,800,"sd","10:06:50",428400
4380,40,9900,"bu","10:03:54",427600
4380,40,3200,"bu","10:03:54",417700
4380,40,2900,"bu","10:03:54",414500
4370,30,100,"sd","10:03:49",411600
4370,30,500,"sd","10:03:49",411500
4370,30,6400,"sd","10:03:49",411000
4370,30,10000,"sd","10:03:35",404600
4370,30,9600,"sd","10:03:06",394600
4380,40,300,"bu","10:02:30",385000
4380,40,5000,"bu","10:01:17",384700
4370,30,1300,"bu","10:00:12",379700
4370,30,300,"bu","10:00:12",378400
4370,30,2400,"bu","10:00:12",378100
4370,30,100,"bu","10:00:08",375700
4370,30,500,"bu","09:59:59",375600
4370,30,500,"bu","09:59:59",375100
4370,30,100,"bu","09:59:32",374600
4370,30,10000,"bu","09:58:32",374500
4370,30,1800,"bu","09:58:32",364500
4370,30,1000,"bu","09:58:32",362700
4370,30,500,"sd","09:58:32",361700
4370,30,100,"sd","09:58:32",361200
4370,30,1000,"sd","09:58:32",361100
4380,40,4400,"bu","09:58:25",360100
4370,30,2000,"sd","09:58:16",355700
4380,40,1000,"bu","09:56:10",353700
4380,40,300,"bu","09:56:08",352700
4380,40,1000,"bu","09:56:04",352400
4380,40,3000,"bu","09:55:57",351400
4380,40,200,"bu","09:55:22",348400
4380,40,2800,"bu","09:54:38",348200
4380,40,1300,"bu","09:54:38",345400
4380,40,1000,"bu","09:54:38",344100
4380,40,4900,"bu","09:54:38",343100
4380,40,4400,"bu","09:54:00",338200
4380,40,2000,"bu","09:54:00",333800
4380,40,200,"bu","09:54:00",331800
4380,40,3000,"bu","09:54:00",331600
4380,40,200,"bu","09:54:00",328600
4380,40,200,"bu","09:54:00",328400
4370,30,2000,"sd","09:52:57",328200
4360,20,400,"sd","09:48:17",326200
4380,40,200,"bu","09:47:55",325800
4360,20,100,"sd","09:47:51",325600
4380,40,1000,"bu","09:47:33",325500
4380,40,7600,"sd","09:46:56",324500
4380,40,300,"sd","09:46:43",316900
4380,40,100,"bu","09:46:20",316600
4380,40,1000,"bu","09:44:10",316500
4380,40,1000,"bu","09:44:10",315500
4380,40,700,"bu","09:44:10",314500
4380,40,5000,"bu","09:44:10",313800
4380,40,200,"bu","09:44:10",308800
4380,40,6000,"bu","09:44:10",308600
4380,40,7000,"bu","09:44:10",302600
4380,40,1000,"bu","09:44:10",295600
4370,30,100,"bu","09:44:10",294600
4370,30,3000,"bu","09:44:10",294500
4370,30,1000,"bu","09:44:10",291500
4370,30,3000,"bu","09:44:10",290500
4360,20,200,"sd","09:44:04",287500
4360,20,100,"sd","09:44:04",287300
4360,20,700,"unknown","09:43:50",287200
4360,20,1000,"bu","09:43:12",286500
4350,10,1000,"sd","09:42:52",285500
4360,20,300,"bu","09:42:51",284500
4350,10,100,"bu","09:42:19",284200
4350,10,200,"bu","09:42:04",284100
4350,10,400,"sd","09:41:57",283900
4350,10,3300,"sd","09:41:57",283500
4350,10,500,"sd","09:41:38",280200
4350,10,100,"sd","09:41:18",279700
4340,0,100,"sd","09:40:00",279600
4340,0,2400,"sd","09:40:00",279500
4340,0,500,"sd","09:40:00",277100
4350,10,500,"bu","09:39:56",276600
4350,10,11800,"sd","09:39:26",276100
4350,10,1000,"sd","09:39:26",264300
4350,10,1900,"sd","09:39:26",263300
4350,10,400,"sd","09:39:26",261400
4350,10,100,"sd","09:39:26",261000
4350,10,100,"sd","09:39:26",260900
4350,10,200,"sd","09:39:26",260800
4350,10,8000,"sd","09:39:07",260600
4350,10,200,"sd","09:39:07",252600
4360,20,1000,"sd","09:39:07",252400
4360,20,200,"sd","09:39:07",251400
4360,20,500,"sd","09:39:07",251200
4360,20,2000,"sd","09:39:07",250700
4360,20,4000,"sd","09:39:07",248700
4370,30,300,"sd","09:38:43",244700
4370,30,1000,"sd","09:38:43",244400
4370,30,100,"sd","09:38:43",243400
4370,30,500,"sd","09:38:43",243300
4370,30,500,"sd","09:38:43",242800
4370,30,1400,"sd","09:38:43",242300
4370,30,1000,"sd","09:38:40",240900
4370,30,600,"sd","09:38:14",239900
4370,30,100,"sd","09:37:28",239300
4380,40,400,"bu","09:37:28",239200
4370,30,11900,"sd","09:36:34",238800
4380,40,20000,"bu","09:36:26",226900
4380,40,100,"sd","09:35:13",206900
4380,40,100,"sd","09:35:13",206800
4380,40,1500,"sd","09:35:13",206700
4380,40,500,"sd","09:35:10",205200
4380,40,500,"sd","09:35:10",204700
4380,40,1000,"sd","09:34:54",204200
4380,40,700,"sd","09:34:34",203200
4380,40,9300,"sd","09:34:34",202500
4380,40,600,"sd","09:34:07",193200
4390,50,400,"bu","09:34:01",192600
4390,50,200,"bu","09:33:47",192200
4380,40,100,"sd","09:33:05",192000
4390,50,300,"bu","09:32:20",191900
4380,40,500,"bu","09:32:20",191600
4370,30,800,"sd","09:32:19",191100
4380,40,100,"bu","09:31:54",190300
4380,40,100,"sd","09:31:35",190200
4380,40,1000,"sd","09:31:35",190100
4380,40,100,"sd","09:31:35",189100
4380,40,100,"sd","09:31:35",189000
4380,40,200,"sd","09:31:35",188900
4380,40,1000,"sd","09:31:35",188700
4380,40,1000,"sd","09:31:35",187700
4380,40,3900,"sd","09:31:35",186700
4380,40,200,"sd","09:30:17",182800
4390,50,300,"unknown","09:30:17",182600
4400,60,1300,"bu","09:29:32",182300
4380,40,2000,"sd","09:29:04",181000
4400,60,100,"bu","09:29:00",179000
4400,60,1800,"bu","09:28:48",178900
4400,60,2000,"bu","09:28:48",177100
4390,50,500,"bu","09:28:48",175100
4380,40,700,"sd","09:27:37",174600
4380,40,500,"sd","09:27:00",173900
4380,40,10000,"sd","09:26:56",173400
4380,40,18500,"bu","09:25:35",163400
4380,40,500,"bu","09:25:29",144900
4370,30,7200,"sd","09:25:25",144400
4380,40,1000,"bu","09:25:08",137200
4400,60,500,"bu","09:24:39",136200
4380,40,700,"bu","09:24:39",135700
4380,40,4300,"sd","09:24:22",135000
4400,60,1500,"bu","09:24:12",130700
4380,40,700,"sd","09:24:07",129200
4380,40,500,"sd","09:24:07",128500
4380,40,200,"sd","09:24:07",128000
4380,40,600,"sd","09:24:07",127800
4380,40,400,"sd","09:22:42",127200
4380,40,100,"sd","09:22:42",126800
4370,30,1700,"sd","09:20:33",126700
4370,30,200,"sd","09:20:33",125000
4370,30,500,"bu","09:19:27",124800
4370,30,800,"bu","09:19:27",124300
4370,30,500,"bu","09:19:27",123500
4370,30,200,"bu","09:19:18",123000
4370,30,400,"sd","09:18:13",122800
4370,30,100,"sd","09:18:05",122400
4380,40,100,"sd","09:17:23",114300
4380,40,8000,"sd","09:17:23",122300
4400,60,5000,"sd","09:16:52",114200
4400,60,500,"sd","09:16:52",109200
4400,60,5000,"sd","09:16:52",108700
4400,60,27700,"sd","09:16:52",103700
4410,70,500,"sd","09:16:52",76000
4400,60,1000,"sd","09:16:10",75500
4400,60,22300,"sd","09:15:55",74500
4400,60,2000,"sd","09:15:55",52200
4400,60,700,"sd","09:15:55",50200
4400,60,100,"sd","09:15:24",49500
4420,80,9800,"bu","09:15:24",49400
4410,70,200,"bu","09:15:24",39600
4400,60,200,"sd","09:15:08",39400
4400,60,800,"sd","09:15:08",39200
4400,60,38400,"sd","09:15:01",38400
