"price","change","match_qtty","side","time","total_vol"
38750,450,900,"bu","14:22:57",26500
38750,450,300,"bu","14:21:50",25600
38750,450,500,"bu","14:21:30",25300
38750,450,200,"bu","14:20:05",24800
38750,450,100,"bu","14:16:38",24600
38750,450,100,"bu","14:16:38",24500
38750,450,100,"bu","14:13:04",24400
38750,450,300,"bu","14:13:04",24300
38700,400,700,"sd","14:11:45",24000
38700,400,300,"sd","14:08:44",23300
38700,400,100,"sd","13:46:44",23000
38700,400,400,"sd","13:41:36",22900
38700,400,5000,"bu","13:38:04",22500
38700,400,1000,"bu","13:38:04",17500
38700,400,500,"bu","13:38:04",16500
38650,350,600,"unknown","13:37:26",16000
38650,350,100,"bu","13:37:26",15400
38650,350,100,"bu","13:37:26",15300
38650,350,100,"bu","13:37:26",15200
38650,350,100,"bu","13:37:26",15100
38600,300,1000,"sd","13:28:52",15000
38600,300,100,"sd","13:26:16",14000
38600,300,500,"sd","13:25:29",13900
38600,300,200,"sd","13:24:57",13400
38650,350,100,"bu","13:21:27",13200
38600,300,600,"sd","13:13:25",13100
38600,300,1000,"sd","13:12:33",12500
38600,300,200,"bu","13:07:38",11500
38600,300,100,"bu","13:07:38",11300
38600,300,100,"bu","13:07:38",11200
38600,300,100,"bu","13:02:35",11100
38600,300,100,"bu","13:02:35",11000
38500,200,100,"sd","13:01:18",10900
38500,200,100,"sd","13:01:18",10800
38550,250,1000,"sd","13:01:18",10700
38600,300,100,"bu","13:00:01",9700
38600,300,200,"bu","11:25:43",9600
38600,300,100,"sd","11:22:32",9400
38650,350,600,"bu","11:20:24",9300
38650,350,1000,"sd","11:19:56",8700
38650,350,200,"bu","11:19:36",7700
38650,350,300,"bu","11:19:36",7500
38650,350,100,"bu","11:04:36",7200
38650,350,600,"bu","11:01:39",7100
38600,300,100,"bu","11:01:39",6500
38600,300,100,"bu","11:01:39",6400
38600,300,200,"bu","11:01:39",6300
38600,300,100,"bu","10:57:54",6100
38500,200,200,"sd","10:47:16",6000
38500,200,300,"bu","10:41:56",5800
38500,200,100,"sd","10:41:54",5500
38500,200,500,"unknown","10:36:42",5400
38500,200,1000,"bu","10:34:59",4900
38500,200,100,"bu","10:33:33",3900
38500,200,400,"bu","10:24:44",3800
38500,200,100,"bu","10:24:44",3400
38500,200,200,"bu","10:24:44",3300
38500,200,300,"bu","10:24:44",3100
38500,200,200,"bu","10:24:44",2800
38400,100,500,"bu","10:23:47",2600
38400,100,600,"sd","10:18:20",2100
38400,100,100,"sd","10:12:35",1500
38400,100,300,"sd","10:10:25",1400
38400,100,200,"sd","10:10:25",1100
38400,100,100,"sd","10:10:23",900
38400,100,200,"sd","10:03:30",800
38500,200,100,"bu","10:03:04",600
38500,200,100,"bu","10:03:03",500
38400,100,200,"sd","09:53:12",400
38400,100,100,"sd","09:28:35",200
38300,0,100,"sd","09:15:01",100
