"price","change","match_qtty","side","time","total_vol"
23400,100,500,"unknown","14:59:01",419300
23400,100,2500,"bu","14:58:42",418800
23400,100,5000,"sd","14:58:26",416300
23400,100,100,"bu","14:56:04",411300
23500,200,39000,"bu","14:54:55",411200
23400,100,1400,"bu","14:51:17",372200
23300,0,100,"sd","14:51:14",370800
23400,100,100,"bu","14:50:45",370700
23300,0,100,"sd","14:50:21",370600
23300,0,100,"sd","14:48:55",370500
23300,0,400,"bu","14:42:10",370400
23300,0,1000,"bu","14:42:07",370000
23300,0,1000,"bu","14:41:06",369000
23300,0,10000,"bu","14:40:56",368000
23300,0,500,"bu","14:40:23",358000
23300,0,500,"bu","14:40:06",357500
23200,-100,300,"sd","14:38:58",357000
23200,-100,1000,"sd","14:38:27",356700
23200,-100,300,"sd","14:34:05",355700
23200,-100,500,"sd","14:31:50",355400
23200,-100,6600,"bu","14:31:46",354900
23200,-100,1600,"bu","14:31:23",348300
23100,-200,2000,"sd","14:29:40",346700
23100,-200,2500,"sd","14:29:08",344700
23100,-200,29300,"sd","14:28:13",342200
23200,-100,2000,"sd","14:27:24",312900
23200,-100,1000,"sd","14:26:37",310900
23300,0,1700,"bu","14:23:24",309900
23200,-100,700,"sd","14:23:13",308200
23200,-100,500,"sd","14:22:07",307500
23200,-100,500,"sd","14:22:00",307000
23200,-100,1000,"sd","14:21:37",306500
23200,-100,1200,"sd","14:21:23",305500
23200,-100,1000,"sd","14:20:58",304300
23300,0,1000,"bu","14:15:39",303300
23200,-100,1000,"sd","14:14:54",302300
23200,-100,500,"sd","14:10:31",301300
23200,-100,2600,"unknown","14:09:40",300800
23200,-100,100,"bu","14:09:21",298200
23200,-100,300,"bu","14:08:16",298100
23200,-100,1200,"bu","14:08:05",297800
23200,-100,600,"bu","14:07:17",296600
23200,-100,200,"bu","14:07:08",296000
23200,-100,500,"bu","14:05:59",295800
23200,-100,100,"bu","14:05:53",295300
23200,-100,2000,"bu","14:05:40",295200
23200,-100,900,"bu","14:04:56",293200
23200,-100,3500,"sd","14:04:10",292300
23200,-100,5000,"sd","14:03:49",288800
23200,-100,7000,"sd","14:03:29",283800
23200,-100,1500,"sd","14:02:37",276800
23200,-100,6600,"sd","14:02:15",275300
23200,-100,300,"sd","14:00:49",268700
23300,0,4600,"unknown","13:59:31",268400
23300,0,100,"bu","13:58:39",263800
23300,0,400,"bu","13:57:01",263700
23300,0,5000,"sd","13:56:55",263300
23300,0,400,"sd","13:52:46",258300
23300,0,300,"sd","13:44:34",257900
23300,0,400,"sd","13:44:21",257600
23300,0,600,"sd","13:42:50",257200
23300,0,1000,"bu","13:42:39",256600
23300,0,3100,"bu","13:42:28",255600
23300,0,500,"bu","13:42:11",252500
23300,0,100,"bu","13:41:43",252000
23300,0,2000,"bu","13:40:57",251900
23300,0,500,"bu","13:39:37",249900
23300,0,5000,"bu","13:39:22",249400
23300,0,100,"bu","13:37:48",244400
23300,0,200,"bu","13:37:21",244300
23300,0,500,"bu","13:36:48",244100
23300,0,1000,"bu","13:36:42",243600
23200,-100,3000,"sd","13:35:56",242600
23300,0,1000,"bu","13:33:55",239600
23300,0,500,"bu","13:33:42",238600
23300,0,500,"bu","13:33:20",238100
23200,-100,1000,"sd","13:32:41",237600
23300,0,2000,"bu","13:32:22",236600
23300,0,1000,"bu","13:31:52",234600
23300,0,300,"bu","13:27:27",233600
23300,0,100,"bu","13:26:28",233300
23300,0,100,"bu","13:26:10",233200
23300,0,300,"bu","13:25:47",233100
23300,0,2200,"sd","13:25:31",232800
23300,0,1000,"bu","13:25:22",230600
23300,0,300,"bu","13:21:14",229600
23300,0,500,"sd","13:16:36",229300
23300,0,100,"sd","13:14:17",228800
23300,0,1000,"sd","13:13:59",228700
23300,0,1000,"sd","13:13:32",227700
23300,0,3000,"sd","13:13:25",226700
23300,0,1000,"sd","13:12:59",223700
23300,0,2000,"sd","13:11:42",222700
23300,0,1000,"sd","13:11:19",220700
23400,100,5000,"bu","13:09:53",219700
23300,0,2000,"sd","13:09:42",214700
23300,0,24600,"sd","13:09:37",212700
23300,0,200,"sd","13:07:44",188100
23300,0,500,"sd","13:06:44",187900
23400,100,5000,"bu","13:06:04",187400
23400,100,100,"bu","13:03:14",182400
23300,0,100,"sd","13:02:46",182300
23400,100,300,"bu","13:00:21",182200
23400,100,100,"bu","13:00:14",181900
23300,0,300,"sd","13:00:08",181800
23400,100,2000,"bu","13:00:04",181500
23400,100,3000,"bu","13:00:02",179500
23400,100,900,"bu","13:00:01",176500
23300,0,800,"sd","11:29:38",175600
23400,100,5000,"bu","11:27:07",174800
23400,100,2000,"bu","11:24:40",169800
23400,100,700,"bu","11:21:42",167800
23400,100,800,"sd","11:20:31",167100
23400,100,2300,"bu","11:20:27",166300
23400,100,3800,"bu","11:20:10",164000
23300,0,200,"sd","11:17:20",160200
23400,100,900,"bu","11:16:16",160000
23400,100,100,"bu","11:15:58",159100
23400,100,5000,"bu","11:14:38",159000
23300,0,500,"sd","11:14:27",154000
23300,0,3000,"sd","11:14:07",153500
23400,100,1000,"bu","11:08:56",150500
23400,100,500,"bu","11:08:39",149500
23400,100,100,"bu","11:01:11",149000
23200,-100,2500,"sd","11:01:07",148900
23300,0,100,"sd","10:59:11",146400
23400,100,100,"bu","10:58:38",146300
23300,0,900,"bu","10:58:25",146200
23300,0,200,"bu","10:56:56",145300
23300,0,8400,"sd","10:56:43",145100
23300,0,1000,"sd","10:56:13",136700
23300,0,13300,"sd","10:55:55",135700
23300,0,1000,"sd","10:54:46",122400
23400,100,100,"bu","10:52:19",121400
23400,100,300,"sd","10:51:33",121300
23400,100,600,"sd","10:51:20",121000
23400,100,1000,"bu","10:50:41",120400
23400,100,200,"bu","10:50:29",119400
23400,100,800,"sd","10:50:01",119200
23400,100,200,"bu","10:48:39",118400
23400,100,200,"bu","10:48:30",118200
23400,100,200,"bu","10:46:42",118000
23400,100,1000,"bu","10:44:13",117800
23300,0,3000,"sd","10:43:54",116800
23500,200,200,"bu","10:42:22",113800
23500,200,800,"bu","10:41:04",113600
23500,200,300,"bu","10:40:40",112800
23500,200,2000,"bu","10:39:56",112500
23400,100,100,"bu","10:38:13",110500
23400,100,100,"bu","10:36:08",110400
23400,100,200,"bu","10:31:30",110300
23400,100,1000,"unknown","10:27:17",110100
23300,0,2700,"sd","10:20:01",109100
23300,0,300,"sd","10:19:37",106400
23300,0,1000,"sd","10:15:23",106100
23300,0,2600,"sd","10:12:42",105100
23300,0,1100,"sd","10:12:17",102500
23300,0,500,"sd","10:09:54",101400
23300,0,300,"sd","10:06:46",100900
23500,200,3000,"bu","10:06:34",100600
23300,0,300,"sd","10:05:37",97600
23300,0,4200,"sd","10:05:23",97300
23400,100,800,"sd","10:03:23",93100
23400,100,100,"sd","10:03:14",92300
23400,100,1000,"sd","10:03:13",92200
23400,100,6000,"sd","10:02:09",91200
23400,100,300,"sd","09:55:34",85200
23500,200,2900,"bu","09:53:46",84900
23500,200,500,"unknown","09:50:18",82000
23500,200,600,"bu","09:50:15",81500
23500,200,500,"sd","09:49:38",80900
23500,200,1000,"sd","09:49:35",80400
23500,200,1000,"sd","09:49:14",79400
23500,200,5000,"sd","09:48:28",78400
23500,200,100,"sd","09:48:13",73400
23500,200,3300,"sd","09:44:53",73300
23500,200,400,"bu","09:43:47",70000
23500,200,3900,"sd","09:42:18",69600
23500,200,500,"sd","09:39:47",65700
23500,200,300,"sd","09:39:15",65200
23500,200,100,"sd","09:37:45",64900
23500,200,1300,"sd","09:37:29",64800
23500,200,3700,"sd","09:37:26",63500
23600,300,100,"bu","09:36:52",59800
23600,300,100,"bu","09:33:59",59700
23500,200,500,"sd","09:32:33",59600
23600,300,1500,"bu","09:29:29",59100
23500,200,500,"sd","09:29:01",57600
23600,300,1500,"bu","09:28:21",57100
23600,300,500,"bu","09:28:07",55600
23600,300,600,"bu","09:27:02",55100
23600,300,500,"bu","09:26:08",54500
23600,300,1600,"bu","09:23:54",54000
23600,300,200,"bu","09:22:44",52400
23600,300,100,"bu","09:22:06",52200
23600,300,100,"bu","09:18:56",52100
23600,300,900,"bu","09:18:38",52000
23600,300,1000,"sd","09:18:33",51100
23600,300,1000,"sd","09:18:21",50100
23600,300,2000,"sd","09:18:14",49100
23600,300,100,"sd","09:17:24",47100
23600,300,100,"sd","09:16:40",47000
23600,300,1300,"sd","09:15:44",46900
23600,300,1000,"sd","09:15:40",45600
23600,300,400,"bu","09:13:54",44600
23600,300,1200,"sd","09:13:23",44200
23600,300,800,"bu","09:12:34",43000
23600,300,200,"bu","09:12:30",42200
23600,300,400,"sd","09:12:01",42000
23600,300,1000,"sd","09:11:51",41600
23600,300,2200,"bu","09:08:58",40600
23600,300,2300,"bu","09:07:12",38400
23600,300,1100,"bu","09:06:05",36100
23800,500,10000,"bu","09:04:47",35000
23800,500,1000,"unknown","09:03:40",25000
23800,500,4700,"sd","09:03:17",24000
23800,500,500,"sd","09:03:14",19300
23800,500,1000,"sd","09:03:13",18800
23800,500,7800,"sd","09:02:26",17800
23800,500,1400,"sd","09:01:36",10000
23800,500,100,"sd","09:01:33",8600
23800,500,2600,"sd","09:01:26",8500
23800,500,300,"sd","09:01:22",5900
23800,500,5600,"sd","09:00:29",5600
