"price","change","match_qtty","side","time","total_vol"
22850,550,6200,"sd","14:45:01",103500
22800,500,100,"sd","14:29:09",97300
23000,700,100,"bu","14:27:05",97200
22800,500,500,"bu","14:26:46",97100
22800,500,100,"bu","14:26:45",96600
22800,500,300,"bu","14:26:40",96500
22800,500,100,"bu","14:26:38",96200
22750,450,400,"bu","14:26:20",96100
22750,450,300,"bu","14:26:12",95700
22750,450,700,"bu","14:26:12",95400
22700,400,200,"bu","14:25:59",94700
22700,400,200,"bu","14:24:46",94500
22700,400,100,"bu","14:23:31",94300
22700,400,100,"bu","14:23:31",94200
22700,400,300,"bu","14:22:17",94100
22700,400,100,"bu","14:21:52",93800
22450,150,900,"bu","14:21:34",93700
22450,150,1000,"bu","14:21:32",92800
22450,150,1000,"bu","14:21:31",91800
22450,150,2000,"bu","14:21:31",90800
22450,150,800,"bu","14:21:14",88800
22450,150,200,"bu","14:21:03",88000
22450,150,500,"bu","14:21:00",87800
22450,150,2900,"bu","14:20:45",87300
22400,100,1100,"bu","14:20:45",84400
22400,100,500,"bu","14:20:05",83300
22400,100,300,"bu","14:19:49",82800
22400,100,200,"bu","14:18:35",82500
22400,100,300,"bu","14:17:22",82300
22400,100,200,"sd","14:17:11",82000
22450,150,100,"bu","14:16:08",81800
22450,150,100,"bu","14:16:08",81700
22450,150,300,"bu","14:14:53",81600
22450,150,300,"bu","14:14:27",81300
22450,150,700,"bu","14:14:27",81000
22450,150,200,"bu","14:13:39",80300
22450,150,200,"bu","14:12:25",80100
22450,150,300,"bu","14:11:12",79900
22450,150,100,"bu","14:10:27",79600
22400,100,300,"bu","14:10:00",79500
22400,100,200,"bu","14:09:58",79200
22400,100,300,"bu","14:08:44",79000
22400,100,200,"bu","14:07:29",78700
22400,100,100,"bu","14:06:42",78500
22400,100,2000,"bu","14:06:31",78400
22400,100,300,"bu","14:06:15",76400
22400,100,200,"bu","14:06:01",76100
22400,100,200,"bu","14:06:01",75900
22400,100,200,"bu","14:05:02",75700
22400,100,500,"bu","14:04:37",75500
22400,100,100,"bu","14:03:57",75000
22300,0,200,"bu","14:03:47",74900
22300,0,800,"bu","14:03:30",74700
22300,0,400,"bu","14:03:30",73900
22300,0,200,"bu","14:02:34",73500
22300,0,100,"bu","14:02:21",73300
22250,-50,200,"bu","14:01:20",73200
22250,-50,100,"sd","14:00:25",73000
22300,0,200,"bu","14:00:07",72900
22300,0,300,"bu","13:58:53",72700
22300,0,200,"bu","13:57:39",72400
22300,0,300,"bu","13:56:24",72200
22250,-50,100,"bu","13:55:11",71900
22250,-50,100,"bu","13:54:21",71800
22250,-50,100,"bu","13:54:03",71700
22250,-50,300,"bu","13:53:56",71600
22250,-50,300,"bu","13:53:49",71300
22250,-50,300,"sd","13:53:44",71000
22300,0,200,"bu","13:52:43",70700
22250,-50,100,"sd","13:52:32",70500
22250,-50,1100,"sd","13:51:50",70400
22250,-50,200,"bu","13:51:50",69300
22250,-50,300,"bu","13:51:50",69100
22250,-50,300,"bu","13:51:29",68800
22250,-50,200,"bu","13:50:14",68500
22250,-50,200,"bu","13:49:01",68300
22250,-50,300,"bu","13:47:47",68100
22250,-50,200,"bu","13:46:33",67800
22250,-50,300,"bu","13:45:18",67600
22250,-50,200,"bu","13:44:05",67300
22250,-50,300,"bu","13:42:51",67100
22300,0,100,"bu","13:41:37",66800
22300,0,100,"bu","13:41:37",66700
22300,0,300,"bu","13:40:23",66600
22300,0,200,"bu","13:39:09",66300
22300,0,300,"bu","13:37:54",66100
22400,100,200,"bu","13:36:41",65800
22400,100,300,"bu","13:35:27",65600
22400,100,100,"bu","13:34:12",65300
22400,100,100,"bu","13:34:12",65200
22400,100,300,"bu","13:32:59",65100
22400,100,200,"bu","13:31:44",64800
22400,100,300,"bu","13:30:31",64600
22400,100,200,"bu","13:29:17",64300
22400,100,300,"bu","13:28:03",64100
22300,0,200,"bu","13:26:49",63800
22300,0,300,"bu","13:25:34",63600
22400,100,200,"bu","13:24:21",63300
22300,0,100,"sd","13:23:12",63100
22300,0,100,"bu","13:23:07",63000
22400,100,100,"bu","13:21:53",62900
22400,100,100,"bu","13:21:53",62800
22400,100,100,"bu","13:21:53",62700
22400,100,200,"bu","13:20:38",62600
22300,0,100,"bu","13:19:24",62400
22300,0,200,"bu","13:19:24",62300
22300,0,200,"bu","13:18:11",62100
22300,0,100,"sd","13:18:06",61900
22300,0,100,"bu","13:16:56",61800
22300,0,100,"bu","13:16:56",61700
22300,0,200,"bu","13:15:42",61600
22300,0,200,"sd","13:14:46",61400
22300,0,100,"bu","13:14:29",61200
22400,100,200,"bu","13:13:15",61100
22400,100,300,"bu","13:12:01",60900
22400,100,200,"bu","13:10:48",60600
22400,100,300,"bu","13:09:33",60400
22400,100,200,"bu","13:08:20",60100
22300,0,300,"bu","13:08:01",59900
22300,0,300,"bu","13:07:05",59600
22300,0,100,"sd","13:06:15",59300
22300,0,100,"bu","13:05:52",59200
22400,100,300,"bu","13:04:37",59100
22400,100,200,"bu","13:03:23",58800
22400,100,100,"bu","13:02:10",58600
22400,100,200,"bu","13:02:10",58500
22400,100,200,"bu","13:00:56",58300
22300,0,500,"bu","13:00:00",58100
22300,0,400,"bu","13:00:00",57600
22300,0,200,"bu","11:29:42",57200
21750,-550,900,"sd","11:29:33",57000
21800,-500,100,"sd","11:29:32",56100
21800,-500,300,"sd","11:29:10",56000
21800,-500,100,"sd","11:29:10",55700
22000,-300,100,"sd","11:29:10",55600
22300,0,300,"bu","11:28:28",55500
22300,0,200,"bu","11:27:13",55200
22300,0,100,"bu","11:26:46",55000
21800,-500,200,"sd","11:26:26",54900
22000,-300,100,"sd","11:26:26",54700
21800,-500,700,"sd","11:26:02",54600
21850,-450,300,"sd","11:26:02",53900
22300,0,300,"bu","11:25:59",53600
21600,-700,400,"sd","11:25:55",53300
21600,-700,1300,"sd","11:25:55",52900
21650,-650,200,"sd","11:25:55",51600
21700,-600,400,"sd","11:25:55",51400
22000,-300,100,"sd","11:25:55",51000
21800,-500,2000,"sd","11:25:38",50900
21700,-600,600,"sd","11:25:30",48900
21700,-600,200,"sd","11:25:30",48300
21750,-550,200,"sd","11:25:30",48100
21750,-550,800,"sd","11:25:23",47900
21800,-500,100,"sd","11:25:23",47100
22000,-300,100,"sd","11:25:23",47000
22200,-100,100,"sd","11:25:12",46900
22300,0,200,"bu","11:24:46",46800
22200,-100,200,"bu","11:23:32",46600
21700,-600,800,"sd","11:23:08",46400
21800,-500,300,"sd","11:23:08",45600
21800,-500,700,"sd","11:23:03",45300
21800,-500,100,"sd","11:23:03",44600
21900,-400,300,"sd","11:23:03",44500
21900,-400,700,"sd","11:22:33",44200
21900,-400,100,"sd","11:22:33",43500
22000,-300,100,"sd","11:22:33",43400
22000,-300,100,"sd","11:22:33",43300
22100,-200,100,"sd","11:22:33",43200
22300,0,200,"bu","11:22:18",43100
22200,-100,100,"sd","11:22:15",42900
22300,0,300,"bu","11:21:04",42800
22300,0,200,"bu","11:19:49",42500
22200,-100,200,"bu","11:18:36",42300
22200,-100,800,"sd","11:18:11",42100
22200,-100,200,"bu","11:17:50",41300
22250,-50,1500,"sd","11:10:45",41100
22250,-50,1000,"sd","11:09:47",39600
22300,0,500,"bu","10:58:29",38600
22300,0,100,"bu","10:58:28",38100
22300,0,100,"bu","10:58:18",38000
22250,-50,500,"bu","10:57:52",37900
22250,-50,500,"bu","10:55:33",37400
22200,-100,100,"bu","10:50:52",36900
22100,-200,100,"bu","10:50:03",36800
22050,-250,900,"bu","10:49:35",36700
22050,-250,100,"bu","10:48:31",35800
22000,-300,1000,"bu","10:48:06",35700
22000,-300,300,"bu","10:48:06",34700
22000,-300,100,"bu","10:47:51",34400
21950,-350,1000,"bu","10:47:25",34300
22000,-300,100,"bu","10:43:15",33300
22000,-300,900,"bu","10:43:15",33200
22000,-300,100,"bu","10:37:03",32300
21900,-400,500,"bu","10:32:42",32200
22000,-300,100,"sd","10:17:19",31700
21800,-500,400,"bu","10:16:53",31600
21600,-700,1700,"sd","10:16:47",31200
21600,-700,200,"sd","10:16:47",29500
21700,-600,100,"sd","10:16:47",29300
21800,-500,100,"sd","10:15:19",29200
21800,-500,300,"sd","10:13:22",29100
21800,-500,100,"sd","10:13:07",28800
21800,-500,100,"sd","10:12:43",28700
21800,-500,100,"sd","10:11:35",28600
21800,-500,100,"sd","10:11:06",28500
21800,-500,100,"sd","10:10:58",28400
21800,-500,100,"sd","10:10:24",28300
21800,-500,100,"sd","10:10:16",28200
22000,-300,100,"sd","10:09:33",28100
22000,-300,100,"sd","10:09:19",28000
22000,-300,1000,"sd","10:09:17",27900
22000,-300,200,"sd","10:09:08",26900
22000,-300,600,"bu","10:08:44",26700
22000,-300,400,"sd","10:08:10",26100
22000,-300,1000,"sd","10:07:37",25700
22000,-300,300,"bu","10:07:22",24700
22000,-300,300,"bu","10:07:22",24400
22000,-300,300,"sd","10:06:31",24100
22000,-300,500,"sd","10:04:57",23800
22000,-300,1200,"sd","10:04:46",23300
22000,-300,500,"sd","10:04:46",22100
22000,-300,3100,"sd","10:04:46",21600
22050,-250,200,"sd","10:04:46",18500
22100,-200,300,"sd","10:03:04",18300
22100,-200,1700,"bu","09:55:52",18000
22100,-200,2000,"sd","09:53:00",16300
22000,-300,1900,"sd","09:46:38",14300
22000,-300,100,"sd","09:46:38",12400
22100,-200,500,"sd","09:46:38",12300
22100,-200,500,"sd","09:46:38",11800
22300,0,400,"bu","09:45:04",11300
22300,0,600,"sd","09:40:21",10900
22300,0,100,"sd","09:39:48",10300
22400,100,100,"sd","09:37:18",10200
22450,150,500,"bu","09:34:10",10100
22450,150,600,"bu","09:34:10",9600
22450,150,200,"bu","09:34:10",9000
22450,150,800,"bu","09:32:40",8800
22450,150,200,"bu","09:32:40",8000
22450,150,1000,"bu","09:30:27",7800
22400,100,500,"sd","09:29:06",6800
22400,100,300,"bu","09:29:06",6300
22400,100,100,"bu","09:28:52",6000
22400,100,900,"bu","09:26:18",5900
22400,100,100,"bu","09:26:18",5000
22400,100,900,"sd","09:24:10",4900
22400,100,100,"sd","09:21:51",4000
22400,100,900,"sd","09:21:51",3900
22400,100,1100,"bu","09:20:02",3000
22400,100,400,"bu","09:19:43",1900
22400,100,1000,"bu","09:18:19",1500
22300,0,100,"sd","09:17:35",500
22300,0,400,"sd","09:15:01",400
