"price","change","match_qtty","side","time","total_vol"
9300,200,3000,"bu","14:45:01",197000
9200,100,900,"bu","14:28:53",194000
9200,100,200,"bu","14:28:28",193100
9200,100,1000,"bu","14:28:08",192900
9200,100,2000,"bu","14:27:50",191900
9200,100,2000,"bu","14:27:37",189900
9200,100,200,"bu","14:27:17",187900
9100,0,800,"sd","14:27:15",187700
9200,100,5000,"bu","14:27:12",186900
9200,100,2000,"bu","14:25:26",181900
9100,0,1000,"sd","14:24:14",179900
9100,0,500,"sd","14:21:59",178900
9200,100,100,"bu","14:21:56",178400
9200,100,200,"bu","14:19:01",178300
9200,100,200,"bu","14:17:49",178100
9200,100,2900,"sd","14:14:33",177900
9200,100,500,"sd","14:13:35",175000
9200,100,1600,"bu","14:12:48",174500
9200,100,500,"sd","14:10:19",172900
9200,100,2000,"sd","14:08:21",172400
9200,100,700,"sd","14:06:53",170400
9200,100,5000,"sd","14:06:36",169700
9200,100,1800,"sd","14:06:13",164700
9200,100,3000,"sd","14:06:10",162900
9200,100,2000,"sd","14:05:26",159900
9200,100,2600,"sd","14:03:35",157900
9300,200,100,"bu","14:01:48",155300
9300,200,100,"bu","14:01:25",155200
9300,200,200,"bu","13:59:49",155100
9200,100,900,"sd","13:56:52",154900
9200,100,2000,"sd","13:56:16",154000
9200,100,400,"sd","13:55:55",152000
9300,200,500,"bu","13:49:19",151600
9200,100,4500,"sd","13:46:10",151100
9200,100,1800,"bu","13:45:04",146600
9200,100,2000,"bu","13:44:08",144800
9200,100,200,"bu","13:44:05",142800
9200,100,300,"bu","13:43:01",142600
9200,100,300,"bu","13:41:28",142300
9200,100,500,"bu","13:41:05",142000
9200,100,1500,"bu","13:30:00",141500
9200,100,200,"bu","13:28:13",140000
9200,100,100,"sd","13:28:09",139800
9200,100,900,"sd","13:27:56",139700
9200,100,3800,"unknown","13:26:36",138800
9200,100,2200,"sd","13:24:11",135000
9200,100,100,"bu","13:23:46",132800
9200,100,5000,"bu","13:23:08",132700
9200,100,500,"bu","13:17:00",127700
9200,100,300,"bu","13:16:54",127200
9200,100,100,"bu","13:16:16",126900
9200,100,300,"bu","13:15:47",126800
9200,100,400,"bu","13:14:08",126500
9200,100,200,"bu","13:13:16",126100
9200,100,400,"sd","13:11:05",125900
9200,100,800,"sd","13:06:33",125500
9200,100,500,"bu","13:05:41",124700
9100,0,5000,"sd","13:04:36",124200
9200,100,500,"unknown","13:02:39",119200
9200,100,500,"sd","13:00:06",118700
9100,0,6000,"sd","13:00:04",118200
9100,0,800,"sd","11:28:14",112200
9200,100,400,"sd","11:27:32",111400
9300,200,20000,"bu","11:16:16",111000
9100,0,200,"sd","11:15:20",91000
9100,0,6000,"sd","11:14:08",90800
9100,0,10000,"sd","11:11:15",84800
9200,100,1000,"bu","11:09:37",74800
9200,100,300,"bu","11:09:32",73800
9200,100,800,"bu","11:09:17",73500
9200,100,10000,"bu","11:08:59",72700
9200,100,2000,"bu","11:06:24",62700
9200,100,200,"bu","11:06:22",60700
9200,100,200,"bu","11:04:46",60500
9200,100,200,"bu","11:02:30",60300
9200,100,2200,"bu","11:01:25",60100
9200,100,200,"bu","11:01:05",57900
9200,100,400,"bu","10:59:16",57700
9100,0,100,"sd","10:56:52",57300
9100,0,100,"sd","10:55:16",57200
9200,100,800,"bu","10:40:06",57100
9200,100,100,"bu","10:36:19",56300
9200,100,2000,"bu","10:36:08",56200
9200,100,4500,"bu","10:35:55",54200
9200,100,2000,"bu","10:35:23",49700
9200,100,2000,"bu","10:35:11",47700
9200,100,800,"bu","10:34:34",45700
9200,100,200,"bu","10:34:05",44900
9200,100,400,"bu","10:33:06",44700
9100,0,200,"bu","10:18:59",44300
9100,0,500,"bu","10:18:48",44100
9100,0,400,"unknown","10:17:15",43600
9100,0,400,"bu","10:15:42",43200
9100,0,200,"bu","10:13:44",42800
9100,0,100,"bu","10:11:11",42600
9100,0,100,"bu","10:11:02",42500
9100,0,200,"bu","10:10:26",42400
9000,-100,500,"sd","10:09:06",42200
9100,0,100,"bu","10:08:45",41700
9100,0,500,"bu","10:08:19",41600
9100,0,200,"unknown","10:04:42",41100
9100,0,5800,"bu","10:04:06",40900
9100,0,300,"sd","09:59:37",35100
9100,0,100,"sd","09:58:14",34800
9100,0,1400,"sd","09:55:01",34700
9100,0,9500,"sd","09:51:54",33300
9100,0,400,"bu","09:51:49",23800
9100,0,200,"bu","09:49:23",23400
9100,0,100,"bu","09:47:22",23200
9100,0,400,"bu","09:46:06",23100
9100,0,1200,"sd","09:41:08",22700
9100,0,1500,"sd","09:39:57",21500
9100,0,700,"sd","09:37:09",20000
9200,100,500,"bu","09:37:08",19300
9200,100,100,"bu","09:36:02",18800
9100,0,100,"sd","09:35:59",18700
9100,0,2000,"sd","09:34:27",18600
9200,100,300,"bu","09:34:17",16600
9100,0,300,"sd","09:33:04",16300
9200,100,300,"bu","09:24:43",16000
9200,100,3000,"bu","09:18:07",15700
9200,100,3200,"bu","09:17:43",12700
9200,100,2000,"sd","09:17:27",9500
9200,100,500,"sd","09:16:40",7500
9300,200,200,"bu","09:12:09",7000
9200,100,1000,"sd","09:11:53",6800
9200,100,500,"sd","09:10:07",5800
9200,100,1000,"sd","09:08:57",5300
9300,200,500,"bu","09:05:57",4300
9300,200,500,"bu","09:05:25",3800
9300,200,100,"bu","09:04:47",3300
9200,100,400,"sd","09:03:18",3200
9000,-100,2700,"sd","09:02:37",2800
9200,100,100,"bu","09:01:34",100
