"price","change","match_qtty","side","time","total_vol"
38.9,-0.1,37400,"unknown","14:45:02",1000200
39.15,0.15,400,"sd","14:29:15",962800
39.15,0.15,500,"sd","14:28:09",962400
39.35,0.35,300,"bu","14:28:06",961900
39.15,0.15,400,"sd","14:28:06",961600
39.35,0.35,200,"sd","14:27:49",961200
39.35,0.35,800,"sd","14:27:45",961000
39.35,0.35,200,"sd","14:27:45",960200
39.35,0.35,400,"sd","14:27:45",960000
39.4,0.4,100,"bu","14:27:43",959600
39.4,0.4,100,"bu","14:27:43",959500
39.4,0.4,2000,"bu","14:27:43",959400
39.4,0.4,100,"bu","14:27:43",957400
39.4,0.4,500,"bu","14:27:43",957300
39.4,0.4,1900,"bu","14:27:43",956800
39.4,0.4,1900,"bu","14:27:43",954900
39.35,0.35,400,"sd","14:27:40",953000
39.35,0.35,100,"sd","14:27:31",952600
39.35,0.35,2500,"sd","14:27:15",952500
39.35,0.35,500,"sd","14:27:15",950000
39.35,0.35,100,"sd","14:27:08",949500
39.35,0.35,100,"sd","14:27:04",949400
39.35,0.35,100,"sd","14:26:56",949300
39.35,0.35,2000,"sd","14:26:45",949200
39.35,0.35,3000,"sd","14:26:40",947200
39.35,0.35,400,"sd","14:26:34",944200
39.35,0.35,200,"sd","14:26:31",943800
39.35,0.35,100,"sd","14:26:31",943600
39.35,0.35,300,"sd","14:26:05",943500
39.4,0.4,400,"bu","14:26:01",943200
39.4,0.4,2700,"sd","14:25:45",942800
39.45,0.45,800,"bu","14:25:45",940100
39.45,0.45,2500,"bu","14:25:45",939300
39.45,0.45,100,"bu","14:25:45",936800
39.45,0.45,1000,"bu","14:25:45",936700
39.45,0.45,100,"bu","14:25:45",935700
39.45,0.45,200,"bu","14:25:45",935600
39.45,0.45,100,"bu","14:25:45",935400
39.45,0.45,1000,"bu","14:25:45",935300
39.45,0.45,100,"bu","14:25:45",934300
39.45,0.45,1000,"bu","14:25:45",934200
39.45,0.45,300,"bu","14:25:45",933200
39.45,0.45,5000,"bu","14:25:45",932900
39.45,0.45,500,"bu","14:25:45",927900
39.45,0.45,1000,"bu","14:25:45",927400
39.4,0.4,6000,"sd","14:25:24",926400
39.4,0.4,2000,"bu","14:25:20",920400
39.4,0.4,900,"bu","14:25:20",918400
39.4,0.4,500,"bu","14:25:03",917500
39.4,0.4,1000,"bu","14:25:03",917000
39.4,0.4,1000,"bu","14:25:03",916000
39.4,0.4,2800,"bu","14:25:03",915000
39.4,0.4,500,"bu","14:25:03",912200
39.4,0.4,3200,"bu","14:25:03",911700
39.4,0.4,100,"bu","14:25:03",908500
39.4,0.4,1000,"bu","14:25:03",908400
39.4,0.4,400,"bu","14:25:03",907400
39.4,0.4,2000,"bu","14:25:03",907000
39.4,0.4,1000,"bu","14:25:03",905000
39.4,0.4,1000,"bu","14:25:03",904000
39.4,0.4,200,"bu","14:25:03",903000
39.4,0.4,100,"bu","14:25:03",902800
39.35,0.35,500,"bu","14:24:51",902700
39.35,0.35,1000,"bu","14:24:51",902200
39.35,0.35,100,"bu","14:24:51",901200
39.35,0.35,300,"bu","14:24:51",901100
39.15,0.15,200,"sd","14:24:49",900800
39.35,0.35,400,"bu","14:24:48",900600
39.15,0.15,400,"sd","14:24:42",900200
39.3,0.3,5500,"bu","14:24:40",899800
39.3,0.3,200,"bu","14:24:40",894300
39.3,0.3,600,"bu","14:24:40",894100
39.15,0.15,400,"sd","14:24:40",893500
39.1,0.1,1000,"sd","14:24:20",893100
39.3,0.3,400,"bu","14:24:09",892100
39.3,0.3,500,"bu","14:24:02",891700
39.3,0.3,100,"bu","14:24:02",891200
39.3,0.3,1000,"bu","14:24:02",891100
39.25,0.25,100,"bu","14:24:02",890100
39.25,0.25,1200,"bu","14:24:02",890000
39.2,0.2,500,"bu","14:24:02",888800
39.2,0.2,200,"bu","14:24:02",888300
39.2,0.2,1200,"bu","14:24:02",888100
39.2,0.2,200,"bu","14:24:02",886900
39.1,0.1,400,"sd","14:23:56",886700
39.1,0.1,400,"sd","14:23:36",886300
39.2,0.2,400,"bu","14:23:28",885900
39.1,0.1,1000,"sd","14:23:11",885500
39.1,0.1,2000,"sd","14:22:56",884500
39.1,0.1,500,"sd","14:22:41",882500
39.1,0.1,200,"sd","14:22:40",882000
39.1,0.1,1000,"sd","14:22:34",881800
39.1,0.1,1000,"sd","14:22:32",880800
39.1,0.1,400,"sd","14:22:27",879800
39.1,0.1,100,"sd","14:22:06",879400
39.1,0.1,400,"sd","14:22:04",879300
39.1,0.1,400,"sd","14:21:55",878900
39.1,0.1,400,"sd","14:21:52",878500
39.1,0.1,500,"sd","14:21:40",878100
39,0,600,"sd","14:20:59",877600
39,0,100,"sd","14:20:53",877000
39,0,100,"sd","14:20:53",876900
39,0,200,"sd","14:20:53",876800
39.1,0.1,2500,"sd","14:20:40",876600
39.1,0.1,500,"sd","14:20:40",874100
39.1,0.1,1000,"sd","14:20:40",873600
39.1,0.1,100,"sd","14:20:40",872600
39.1,0.1,300,"sd","14:20:40",872500
39.2,0.2,200,"sd","14:20:40",872200
39.2,0.2,400,"sd","14:20:40",872000
39.2,0.2,500,"sd","14:20:39",871600
39.2,0.2,500,"sd","14:20:35",871100
39.2,0.2,200,"sd","14:20:33",870600
39.2,0.2,400,"sd","14:20:33",870400
39.2,0.2,200,"sd","14:20:31",870000
39.2,0.2,400,"sd","14:20:24",869800
39.2,0.2,1000,"sd","14:20:19",869400
39.2,0.2,400,"sd","14:19:57",868400
39.3,0.3,100,"sd","14:19:44",868000
39.3,0.3,100,"sd","14:19:44",867900
39.3,0.3,100,"sd","14:19:44",867800
39.3,0.3,200,"sd","14:19:42",867700
39.3,0.3,200,"sd","14:19:42",867500
39.3,0.3,100,"sd","14:19:39",867300
39.3,0.3,100,"sd","14:19:36",867200
39.3,0.3,400,"sd","14:19:34",867100
39.3,0.3,6300,"sd","14:19:26",866700
39.3,0.3,3700,"sd","14:19:26",860400
39.3,0.3,400,"sd","14:19:23",856700
39.3,0.3,400,"sd","14:19:12",856300
39.35,0.35,1300,"sd","14:18:56",855900
39.35,0.35,200,"sd","14:18:56",854600
39.35,0.35,400,"sd","14:18:53",854400
39.35,0.35,100,"sd","14:18:52",854000
39.35,0.35,100,"sd","14:18:39",853900
39.35,0.35,4000,"sd","14:18:33",853800
39.35,0.35,300,"sd","14:18:28",849800
39.35,0.35,100,"sd","14:18:22",849500
39.35,0.35,200,"sd","14:18:21",849400
39.35,0.35,1000,"sd","14:18:16",849200
39.35,0.35,1600,"sd","14:18:15",848200
39.35,0.35,700,"sd","14:17:52",846600
39.35,0.35,1900,"sd","14:17:52",845900
39.35,0.35,2400,"sd","14:17:52",844000
39.35,0.35,1000,"sd","14:17:41",841600
39.35,0.35,100,"sd","14:17:40",840600
39.35,0.35,5000,"sd","14:17:34",840500
39.35,0.35,500,"sd","14:17:24",835500
39.35,0.35,600,"sd","14:17:19",835000
39.35,0.35,400,"bu","14:17:17",834400
39.35,0.35,300,"bu","14:17:13",834000
39.35,0.35,100,"sd","14:17:10",833700
39.35,0.35,2100,"sd","14:17:10",833600
39.35,0.35,100,"sd","14:17:02",831500
39.35,0.35,100,"sd","14:16:48",831400
39.4,0.4,1000,"bu","14:16:45",831300
39.4,0.4,2500,"sd","14:16:22",830300
39.4,0.4,900,"sd","14:16:18",827800
39.45,0.45,200,"bu","14:16:14",826900
39.45,0.45,100,"bu","14:16:14",826700
39.45,0.45,800,"bu","14:16:14",826600
39.45,0.45,200,"bu","14:15:33",825800
39.45,0.45,600,"bu","14:15:33",825600
39.4,0.4,500,"sd","14:15:14",825000
39.4,0.4,100,"sd","14:15:04",824500
39.4,0.4,1000,"sd","14:15:01",824400
39.4,0.4,100,"bu","14:14:45",823400
39.4,0.4,5000,"bu","14:14:45",823300
39.4,0.4,500,"bu","14:14:45",818300
39.35,0.35,2700,"bu","14:14:36",817800
39.35,0.35,2300,"bu","14:14:35",815100
39.3,0.3,1000,"sd","14:14:33",812800
39.4,0.4,100,"bu","14:14:26",811800
39.4,0.4,100,"bu","14:14:26",811700
39.4,0.4,100,"bu","14:14:26",811600
39.4,0.4,2000,"bu","14:14:26",811500
39.4,0.4,100,"bu","14:14:26",809500
39.4,0.4,100,"bu","14:14:26",809400
39.4,0.4,100,"bu","14:14:26",809300
39.4,0.4,600,"bu","14:14:26",809200
39.4,0.4,1000,"bu","14:14:26",808600
39.4,0.4,1000,"bu","14:14:26",807600
39.35,0.35,2000,"bu","14:14:15",806600
39.35,0.35,5000,"bu","14:14:15",804600
39.3,0.3,400,"sd","14:14:07",799600
39.3,0.3,200,"sd","14:14:02",799200
39.3,0.3,100,"bu","14:13:56",799000
39.3,0.3,100,"bu","14:13:56",798900
39.3,0.3,500,"bu","14:13:56",798800
39.3,0.3,200,"bu","14:13:56",798300
39.3,0.3,100,"bu","14:13:41",798100
39.2,0.2,400,"sd","14:13:29",798000
39.2,0.2,100,"sd","14:13:28",797600
39.25,0.25,100,"sd","14:13:15",797500
39.2,0.2,200,"sd","14:12:54",797400
39.3,0.3,100,"bu","14:12:48",797200
39.3,0.3,100,"bu","14:12:48",797100
39.3,0.3,200,"bu","14:12:48",797000
39.3,0.3,100,"bu","14:12:45",796800
39.2,0.2,200,"sd","14:12:40",796700
39.2,0.2,100,"sd","14:12:22",796500
39.3,0.3,5000,"bu","14:11:41",796400
39.3,0.3,2200,"bu","14:11:41",791400
39.3,0.3,500,"bu","14:11:41",789200
39.2,0.2,500,"unknown","14:11:41",788700
39.2,0.2,500,"unknown","14:11:41",788200
39.2,0.2,400,"unknown","14:11:41",787700
39.3,0.3,700,"bu","14:11:41",787300
39.3,0.3,200,"bu","14:11:41",786600
39.2,0.2,100,"bu","14:11:13",786400
39.2,0.2,100,"bu","14:11:13",786300
39.2,0.2,9800,"bu","14:11:13",786200
39.2,0.2,200,"bu","14:10:58",776400
39.2,0.2,200,"bu","14:10:58",776200
39.05,0.05,200,"sd","14:10:48",776000
39.05,0.05,200,"sd","14:10:48",775800
39.1,0.1,1500,"sd","14:10:48",775600
39.1,0.1,500,"sd","14:10:48",774100
39.1,0.1,500,"sd","14:10:32",773600
39.2,0.2,100,"bu","14:10:26",773100
39.2,0.2,400,"bu","14:10:03",773000
39.1,0.1,1100,"sd","14:10:02",772600
39.3,0.3,2600,"bu","14:09:58",771500
39.3,0.3,1100,"bu","14:09:58",768900
39.3,0.3,100,"bu","14:09:58",767800
39.3,0.3,1000,"bu","14:09:58",767700
39.3,0.3,200,"bu","14:09:58",766700
39.3,0.3,300,"bu","14:09:23",766500
39.3,0.3,200,"bu","14:09:23",766200
39.3,0.3,300,"bu","14:09:21",766000
39.3,0.3,100,"bu","14:09:21",765700
39.3,0.3,100,"bu","14:08:38",765600
39.25,0.25,300,"bu","14:08:38",765500
39.2,0.2,500,"bu","14:08:36",765200
39.2,0.2,700,"bu","14:08:36",764700
39.2,0.2,1000,"bu","14:08:36",764000
39.2,0.2,1000,"bu","14:08:36",763000
39.2,0.2,800,"bu","14:08:36",762000
39.2,0.2,100,"bu","14:08:36",761200
39.2,0.2,1000,"bu","14:08:36",761100
39.2,0.2,700,"bu","14:08:36",760100
39.15,0.15,500,"bu","14:08:21",759400
39.15,0.15,1000,"bu","14:08:21",758900
39.15,0.15,2000,"bu","14:08:21",757900
39.15,0.15,1000,"bu","14:08:21",755900
39.1,0.1,200,"bu","14:07:58",754900
39.1,0.1,500,"bu","14:07:58",754700
39.1,0.1,200,"bu","14:07:58",754200
39.1,0.1,400,"bu","14:07:54",754000
39.1,0.1,400,"bu","14:07:09",753600
39.1,0.1,200,"bu","14:07:04",753200
39.1,0.1,1800,"bu","14:07:04",753000
39.1,0.1,1200,"bu","14:07:02",751200
39.1,0.1,600,"bu","14:07:02",750000
39.1,0.1,400,"bu","14:06:35",749400
39.1,0.1,400,"bu","14:06:35",749000
39.1,0.1,400,"bu","14:06:35",748600
39.1,0.1,700,"bu","14:06:35",748200
39.1,0.1,400,"bu","14:06:35",747500
39.1,0.1,300,"bu","14:06:35",747100
39.1,0.1,10500,"bu","14:06:33",746800
39.1,0.1,400,"bu","14:06:31",736300
39.05,0.05,200,"bu","14:06:26",735900
39.05,0.05,1800,"bu","14:06:11",735700
39.05,0.05,700,"bu","14:06:06",733900
39.05,0.05,2000,"bu","14:05:56",733200
39.05,0.05,100,"bu","14:05:47",731200
39.05,0.05,300,"bu","14:05:47",731100
39,0,200,"sd","14:05:26",730800
39,0,100,"bu","14:05:07",730600
39,0,500,"bu","14:05:07",730500
39,0,100,"bu","14:05:07",730000
39,0,2000,"bu","14:05:07",729900
39,0,500,"bu","14:05:07",727900
39,0,3300,"bu","14:05:07",727400
39,0,5000,"bu","14:05:07",724100
39,0,5000,"bu","14:05:07",719100
39,0,100,"bu","14:05:07",714100
39,0,800,"bu","14:05:07",714000
39,0,400,"bu","14:05:07",713200
39,0,400,"bu","14:05:03",712800
38.95,-0.05,300,"sd","14:05:03",712400
38.9,-0.1,100,"sd","14:04:42",712100
38.9,-0.1,200,"sd","14:04:27",712000
38.9,-0.1,200,"sd","14:04:12",711800
39,0,400,"bu","14:04:11",711600
38.9,-0.1,100,"sd","14:03:59",711200
38.9,-0.1,200,"sd","14:03:46",711100
38.85,-0.15,100,"sd","14:03:33",710900
38.85,-0.15,200,"sd","14:03:17",710800
38.85,-0.15,200,"sd","14:03:07",710600
39,0,300,"bu","14:02:56",710400
39,0,100,"bu","14:02:56",710100
38.85,-0.15,200,"sd","14:02:55",710000
38.85,-0.15,200,"sd","14:02:43",709800
38.85,-0.15,200,"sd","14:02:29",709600
39,0,100,"bu","14:02:21",709400
38.85,-0.15,100,"sd","14:02:15",709300
38.85,-0.15,200,"sd","14:02:01",709200
39,0,300,"bu","14:01:54",709000
39,0,100,"bu","14:01:54",708700
38.85,-0.15,100,"sd","14:01:48",708600
38.85,-0.15,400,"sd","14:01:39",708500
38.85,-0.15,100,"sd","14:01:35",708100
38.85,-0.15,400,"sd","14:01:35",708000
38.85,-0.15,400,"sd","14:01:29",707600
38.85,-0.15,200,"sd","14:01:21",707200
38.85,-0.15,100,"sd","14:01:10",707000
38.85,-0.15,200,"sd","14:01:08",706900
39,0,400,"bu","14:01:07",706700
38.85,-0.15,900,"sd","14:01:03",706300
38.85,-0.15,100,"sd","14:01:03",705400
39,0,500,"bu","14:00:19",705300
39,0,100,"bu","14:00:19",704800
39,0,200,"bu","14:00:19",704700
39,0,800,"bu","14:00:19",704500
39,0,200,"bu","14:00:19",703700
39,0,1500,"bu","14:00:19",703500
39,0,200,"bu","14:00:19",702000
39,0,200,"bu","14:00:19",701800
39,0,2700,"bu","14:00:19",701600
39,0,1500,"bu","14:00:19",698900
39,0,100,"bu","14:00:19",697400
39,0,2000,"bu","14:00:19",697300
39,0,400,"bu","14:00:15",695300
38.85,-0.15,4900,"sd","13:59:56",694900
38.85,-0.15,100,"sd","13:59:56",690000
39,0,400,"bu","13:59:35",689900
38.85,-0.15,200,"sd","13:58:59",689500
38.85,-0.15,200,"sd","13:58:58",689300
38.8,-0.2,300,"sd","13:58:49",689100
38.8,-0.2,100,"sd","13:58:49",688800
38.8,-0.2,100,"sd","13:58:43",688700
38.8,-0.2,1000,"sd","13:58:39",688600
38.8,-0.2,100,"sd","13:58:39",687600
38.8,-0.2,500,"sd","13:58:39",687500
38.8,-0.2,400,"sd","13:58:39",687000
38.8,-0.2,1400,"sd","13:58:39",686600
38.8,-0.2,300,"sd","13:58:39",685200
38.8,-0.2,1200,"sd","13:58:39",684900
38.8,-0.2,1000,"sd","13:58:39",683700
38.8,-0.2,4100,"sd","13:58:39",682700
38.8,-0.2,900,"sd","13:58:27",678600
38.8,-0.2,5000,"sd","13:58:27",677700
38.8,-0.2,1000,"sd","13:58:27",672700
38.8,-0.2,1000,"sd","13:58:27",671700
38.8,-0.2,1000,"sd","13:58:27",670700
38.8,-0.2,100,"sd","13:58:27",669700
38.8,-0.2,100,"sd","13:58:27",669600
38.8,-0.2,100,"sd","13:58:27",669500
38.8,-0.2,200,"sd","13:58:27",669400
38.8,-0.2,500,"sd","13:58:27",669200
38.8,-0.2,100,"sd","13:58:27",668700
38.8,-0.2,200,"sd","13:58:19",668600
38.8,-0.2,200,"sd","13:58:09",668400
38.8,-0.2,200,"sd","13:57:55",668200
39,0,400,"bu","13:57:51",668000
38.8,-0.2,200,"sd","13:57:42",667600
38.8,-0.2,200,"sd","13:57:27",667400
38.8,-0.2,200,"sd","13:57:14",667200
39,0,400,"bu","13:57:10",667000
38.8,-0.2,100,"sd","13:57:03",666600
38.8,-0.2,400,"sd","13:56:59",666500
38.8,-0.2,300,"sd","13:56:55",666100
38.85,-0.15,100,"sd","13:56:55",665800
38.8,-0.2,200,"sd","13:56:50",665700
38.8,-0.2,200,"sd","13:56:49",665500
38.8,-0.2,100,"sd","13:56:33",665300
38.8,-0.2,200,"sd","13:56:23",665200
38.8,-0.2,600,"sd","13:56:21",665000
38.9,-0.1,2700,"sd","13:56:21",664400
38.8,-0.2,500,"sd","13:56:21",661700
38.85,-0.15,100,"sd","13:56:21",661200
38.85,-0.15,5000,"sd","13:56:21",661100
38.85,-0.15,100,"sd","13:56:21",656100
38.85,-0.15,600,"sd","13:56:21",656000
38.9,-0.1,400,"sd","13:56:21",655400
39,0,700,"bu","13:56:11",655000
39,0,200,"bu","13:56:11",654300
39,0,100,"bu","13:56:11",654100
38.9,-0.1,200,"sd","13:56:09",654000
39,0,400,"bu","13:55:54",653800
38.9,-0.1,100,"sd","13:55:53",653400
38.95,-0.05,100,"sd","13:55:53",653300
38.95,-0.05,200,"bu","13:55:45",653200
38.95,-0.05,200,"bu","13:55:45",653000
38.95,-0.05,200,"bu","13:55:44",652800
38.95,-0.05,300,"bu","13:55:44",652600
38.95,-0.05,100,"bu","13:55:36",652300
38.95,-0.05,100,"bu","13:55:36",652200
38.95,-0.05,300,"bu","13:55:28",652100
38.95,-0.05,200,"bu","13:55:28",651800
38.95,-0.05,300,"bu","13:55:28",651600
38.95,-0.05,600,"bu","13:55:26",651300
38.95,-0.05,100,"bu","13:55:18",650700
38.95,-0.05,100,"bu","13:55:18",650600
38.95,-0.05,200,"bu","13:55:18",650500
38.95,-0.05,600,"bu","13:55:18",650300
38.95,-0.05,100,"bu","13:55:14",649700
38.95,-0.05,200,"bu","13:55:06",649600
38.95,-0.05,100,"bu","13:55:00",649400
38.95,-0.05,400,"bu","13:55:00",649300
38.95,-0.05,400,"bu","13:54:33",648900
38.95,-0.05,400,"bu","13:53:52",648500
38.95,-0.05,5000,"bu","13:53:45",648100
38.95,-0.05,300,"bu","13:52:57",643100
38.9,-0.1,100,"bu","13:52:57",642800
38.95,-0.05,400,"bu","13:52:06",642700
38.85,-0.15,400,"bu","13:51:52",642300
38.85,-0.15,400,"bu","13:51:52",641900
38.85,-0.15,400,"bu","13:51:52",641500
38.85,-0.15,200,"bu","13:51:52",641100
38.85,-0.15,400,"bu","13:50:12",640900
38.8,-0.2,200,"sd","13:49:59",640500
38.8,-0.2,4700,"sd","13:49:51",640300
38.85,-0.15,300,"sd","13:49:51",635600
38.85,-0.15,200,"sd","13:49:36",635300
38.95,-0.05,400,"bu","13:49:28",635100
38.85,-0.15,100,"sd","13:49:22",634700
38.85,-0.15,100,"sd","13:49:22",634600
38.85,-0.15,200,"sd","13:49:09",634500
38.95,-0.05,300,"bu","13:48:51",634300
38.95,-0.05,300,"bu","13:48:45",634000
38.85,-0.15,200,"sd","13:48:30",633700
38.95,-0.05,400,"bu","13:48:21",633500
38.85,-0.15,100,"sd","13:48:16",633100
38.85,-0.15,200,"sd","13:48:12",633000
38.85,-0.15,200,"sd","13:48:05",632800
38.8,-0.2,100,"sd","13:47:51",632600
38.8,-0.2,200,"sd","13:47:37",632500
38.8,-0.2,9600,"sd","13:47:32",632300
38.9,-0.1,400,"sd","13:47:32",622700
38.95,-0.05,400,"bu","13:46:53",622300
38.95,-0.05,300,"bu","13:45:34",621900
38.95,-0.05,500,"bu","13:45:06",621600
38.95,-0.05,200,"bu","13:44:44",621100
38.8,-0.2,10000,"sd","13:44:11",620900
38.95,-0.05,300,"bu","13:43:56",610900
38.8,-0.2,200,"sd","13:43:54",610600
38.8,-0.2,200,"sd","13:43:46",610400
38.8,-0.2,100,"sd","13:43:32",610200
38.8,-0.2,200,"sd","13:43:17",610100
38.8,-0.2,4000,"sd","13:43:07",609900
38.8,-0.2,5000,"sd","13:43:07",605900
38.8,-0.2,200,"sd","13:43:07",600900
38.8,-0.2,800,"sd","13:43:07",600700
38.8,-0.2,200,"sd","13:43:05",599900
38.8,-0.2,4000,"sd","13:42:54",599700
38.8,-0.2,500,"sd","13:42:54",595700
38.8,-0.2,1000,"sd","13:42:54",595200
38.8,-0.2,3000,"sd","13:42:54",594200
38.8,-0.2,1500,"sd","13:42:54",591200
38.8,-0.2,100,"sd","13:42:50",589700
38.8,-0.2,200,"sd","13:42:37",589600
38.8,-0.2,100,"sd","13:42:25",589400
38.85,-0.15,100,"sd","13:42:10",589300
38.85,-0.15,100,"sd","13:42:00",589200
38.85,-0.15,100,"sd","13:42:00",589100
38.85,-0.15,400,"sd","13:41:54",589000
38.85,-0.15,200,"sd","13:41:51",588600
38.85,-0.15,200,"sd","13:41:48",588400
38.85,-0.15,200,"sd","13:41:45",588200
38.85,-0.15,200,"sd","13:41:33",588000
38.85,-0.15,100,"sd","13:41:18",587800
38.85,-0.15,200,"sd","13:41:09",587700
38.85,-0.15,100,"sd","13:41:03",587500
38.85,-0.15,500,"sd","13:41:03",587400
38.85,-0.15,100,"sd","13:40:55",586900
38.85,-0.15,100,"sd","13:40:55",586800
38.85,-0.15,400,"sd","13:40:17",586700
38.85,-0.15,100,"sd","13:40:17",586300
38.85,-0.15,400,"sd","13:40:17",586200
39,0,400,"bu","13:39:50",585800
38.85,-0.15,100,"sd","13:39:35",585400
38.85,-0.15,100,"sd","13:39:35",585300
38.85,-0.15,100,"sd","13:38:58",585200
38.85,-0.15,100,"sd","13:38:58",585100
38.85,-0.15,400,"sd","13:38:40",585000
38.85,-0.15,4500,"sd","13:38:28",584600
38.95,-0.05,500,"sd","13:38:28",580100
39,0,100,"bu","13:37:10",579600
38.9,-0.1,400,"bu","13:37:10",579500
39,0,300,"bu","13:36:43",579100
38.85,-0.15,100,"sd","13:36:33",578800
39,0,300,"bu","13:34:25",578700
39,0,600,"bu","13:34:23",578400
38.8,-0.2,200,"sd","13:34:03",577800
38.8,-0.2,900,"sd","13:33:13",577600
38.8,-0.2,200,"sd","13:33:08",576700
38.8,-0.2,300,"sd","13:32:54",576500
38.85,-0.15,500,"sd","13:32:54",576200
38.85,-0.15,900,"sd","13:32:54",575700
38.85,-0.15,100,"sd","13:32:54",574800
38.85,-0.15,500,"sd","13:32:54",574700
38.85,-0.15,2700,"sd","13:32:54",574200
38.85,-0.15,5000,"sd","13:32:05",571500
38.85,-0.15,100,"sd","13:32:04",566500
38.8,-0.2,4400,"sd","13:31:56",566400
38.85,-0.15,100,"sd","13:31:56",562000
38.85,-0.15,100,"sd","13:31:56",561900
38.85,-0.15,200,"sd","13:31:56",561800
38.85,-0.15,200,"sd","13:31:56",561600
38.85,-0.15,200,"sd","13:30:58",561400
38.85,-0.15,100,"sd","13:30:52",561200
38.85,-0.15,300,"sd","13:30:52",561100
38.85,-0.15,200,"sd","13:30:51",560800
38.85,-0.15,200,"sd","13:30:49",560600
38.9,-0.1,200,"sd","13:30:49",560400
38.9,-0.1,400,"sd","13:30:37",560200
38.9,-0.1,200,"sd","13:30:35",559800
38.9,-0.1,200,"sd","13:30:35",559600
38.9,-0.1,100,"sd","13:30:35",559400
38.9,-0.1,100,"sd","13:30:35",559300
38.9,-0.1,400,"sd","13:30:27",559200
38.9,-0.1,100,"sd","13:30:21",558800
38.9,-0.1,100,"sd","13:30:21",558700
38.9,-0.1,100,"sd","13:30:05",558600
38.9,-0.1,100,"sd","13:28:49",558500
38.9,-0.1,100,"sd","13:28:49",558400
39,0,300,"bu","13:28:49",558300
39,0,700,"bu","13:28:48",558000
38.9,-0.1,4200,"sd","13:27:32",557300
38.95,-0.05,500,"sd","13:27:32",553100
38.95,-0.05,300,"sd","13:27:32",552600
39,0,500,"bu","13:27:14",552300
39,0,100,"bu","13:27:07",551800
39,0,700,"sd","13:26:53",551700
39,0,1000,"sd","13:26:53",551000
39,0,200,"sd","13:26:40",550000
39,0,2000,"bu","13:26:15",549800
39,0,1000,"bu","13:26:15",547800
39,0,1000,"bu","13:26:15",546800
39,0,300,"bu","13:26:15",545800
39,0,1200,"bu","13:26:15",545500
39,0,4000,"bu","13:26:15",544300
39,0,200,"bu","13:26:15",540300
39,0,1000,"bu","13:26:15",540100
39,0,300,"bu","13:26:15",539100
39,0,200,"bu","13:26:15",538800
39,0,6000,"bu","13:26:15",538600
39,0,200,"bu","13:26:15",532600
39,0,400,"bu","13:26:15",532400
39,0,300,"bu","13:26:15",532000
39,0,100,"bu","13:26:15",531700
39,0,1400,"bu","13:26:15",531600
39,0,200,"bu","13:26:15",530200
39,0,2000,"bu","13:26:06",530000
39,0,400,"bu","13:24:53",528000
39,0,1000,"bu","13:22:24",527600
39,0,200,"bu","13:21:12",526600
38.95,-0.05,200,"bu","13:20:53",526400
38.95,-0.05,100,"bu","13:20:35",526200
38.95,-0.05,100,"bu","13:20:35",526100
38.95,-0.05,300,"bu","13:20:35",526000
38.95,-0.05,1700,"bu","13:20:31",525700
38.95,-0.05,300,"bu","13:20:31",524000
38.95,-0.05,400,"bu","13:20:26",523700
38.95,-0.05,300,"bu","13:20:26",523300
38.95,-0.05,2000,"bu","13:20:25",523000
38.95,-0.05,500,"bu","13:19:53",521000
38.95,-0.05,100,"bu","13:19:49",520500
38.95,-0.05,300,"bu","13:19:45",520400
38.95,-0.05,1800,"bu","13:19:05",520100
38.95,-0.05,300,"bu","13:19:05",518300
38.95,-0.05,900,"bu","13:19:05",518000
38.95,-0.05,400,"bu","13:19:03",517100
38.95,-0.05,300,"bu","13:19:02",516700
38.95,-0.05,400,"bu","13:18:51",516400
38.9,-0.1,300,"sd","13:18:03",516000
38.9,-0.1,300,"bu","13:17:32",515700
38.9,-0.1,200,"bu","13:17:32",515400
38.9,-0.1,300,"bu","13:17:32",515200
38.9,-0.1,5000,"bu","13:17:32",514900
38.9,-0.1,300,"bu","13:17:32",509900
38.9,-0.1,300,"bu","13:17:32",509600
38.9,-0.1,200,"bu","13:15:27",509300
38.9,-0.1,100,"bu","13:15:27",509100
38.9,-0.1,100,"bu","13:15:27",509000
38.9,-0.1,200,"bu","13:13:06",508900
38.9,-0.1,300,"bu","13:13:06",508700
38.9,-0.1,300,"bu","13:13:01",508400
38.9,-0.1,100,"bu","13:13:01",508100
38.9,-0.1,100,"bu","13:12:48",508000
38.85,-0.15,700,"sd","13:11:35",507900
38.9,-0.1,100,"bu","13:11:31",507200
38.9,-0.1,1900,"bu","13:11:31",507100
38.9,-0.1,200,"bu","13:10:25",505200
38.9,-0.1,300,"bu","13:10:16",505000
38.9,-0.1,500,"bu","13:10:10",504700
38.9,-0.1,300,"bu","13:09:59",504200
38.85,-0.15,300,"sd","13:09:51",503900
38.85,-0.15,300,"sd","13:09:48",503600
38.9,-0.1,400,"bu","13:09:16",503300
38.8,-0.2,10000,"sd","13:09:05",502900
38.8,-0.2,1000,"sd","13:09:02",492900
38.8,-0.2,400,"sd","13:08:08",491900
38.8,-0.2,100,"sd","13:08:03",491500
38.8,-0.2,400,"sd","13:07:59",491400
38.8,-0.2,200,"sd","13:07:44",491000
38.8,-0.2,500,"sd","13:07:44",490800
38.8,-0.2,500,"sd","13:07:44",490300
38.8,-0.2,200,"sd","13:07:44",489800
38.8,-0.2,1000,"sd","13:07:44",489600
38.8,-0.2,100,"sd","13:07:44",488600
38.8,-0.2,1000,"sd","13:07:44",488500
38.8,-0.2,100,"sd","13:07:44",487500
38.8,-0.2,200,"sd","13:07:44",487400
38.8,-0.2,300,"sd","13:07:44",487200
38.8,-0.2,5000,"sd","13:07:44",486900
38.8,-0.2,800,"sd","13:07:44",481900
38.85,-0.15,100,"sd","13:07:44",481100
38.9,-0.1,200,"bu","13:07:25",481000
38.85,-0.15,300,"sd","13:07:17",480800
38.85,-0.15,2300,"sd","13:07:11",480500
38.85,-0.15,300,"bu","13:06:53",478200
38.8,-0.2,2200,"sd","13:05:54",477900
38.8,-0.2,200,"sd","13:05:54",475700
38.8,-0.2,500,"sd","13:05:53",475500
38.8,-0.2,800,"sd","13:05:53",475000
38.8,-0.2,100,"sd","13:05:53",474200
38.8,-0.2,5000,"sd","13:05:53",474100
38.8,-0.2,300,"sd","13:05:53",469100
38.8,-0.2,100,"sd","13:05:53",468800
38.8,-0.2,800,"sd","13:05:53",468700
38.85,-0.15,100,"bu","13:05:53",467900
38.85,-0.15,500,"bu","13:05:26",467800
38.85,-0.15,300,"sd","13:05:11",467300
38.9,-0.1,600,"bu","13:04:57",467000
38.85,-0.15,100,"bu","13:04:44",466400
38.8,-0.2,1500,"sd","13:03:25",466300
38.85,-0.15,100,"bu","13:03:19",464800
38.85,-0.15,100,"sd","13:02:58",464700
38.85,-0.15,900,"sd","13:02:27",464600
38.85,-0.15,1000,"sd","13:02:27",463700
38.85,-0.15,100,"sd","13:02:27",462700
38.85,-0.15,400,"sd","13:01:28",462600
38.85,-0.15,100,"sd","13:01:28",462200
38.85,-0.15,100,"sd","13:01:28",462100
38.85,-0.15,100,"sd","13:01:28",462000
38.85,-0.15,900,"sd","13:01:28",461900
38.85,-0.15,500,"sd","13:01:28",461000
38.85,-0.15,2800,"sd","13:01:28",460500
38.85,-0.15,100,"sd","13:01:28",457700
38.9,-0.1,400,"bu","13:00:54",457600
38.9,-0.1,100,"bu","13:00:09",457200
38.9,-0.1,100,"bu","13:00:08",457100
38.9,-0.1,100,"bu","13:00:05",457000
38.9,-0.1,100,"bu","13:00:03",456900
38.9,-0.1,100,"sd","11:29:04",456800
38.9,-0.1,100,"sd","11:29:04",456700
38.9,-0.1,600,"sd","11:29:04",456600
38.9,-0.1,1000,"sd","11:28:47",456000
38.9,-0.1,1400,"sd","11:28:46",455000
38.9,-0.1,200,"sd","11:28:46",453600
38.9,-0.1,100,"sd","11:28:46",453400
38.9,-0.1,200,"sd","11:28:46",453300
38.9,-0.1,300,"sd","11:28:46",453100
38.9,-0.1,500,"sd","11:28:46",452800
38.9,-0.1,100,"sd","11:28:46",452300
38.9,-0.1,2000,"sd","11:28:46",452200
38.9,-0.1,1200,"sd","11:28:46",450200
38.9,-0.1,800,"sd","11:28:43",449000
38.9,-0.1,100,"sd","11:28:43",448200
38.9,-0.1,1000,"sd","11:28:41",448100
38.9,-0.1,300,"sd","11:28:40",447100
38.9,-0.1,5000,"sd","11:27:24",446800
38.9,-0.1,3700,"sd","11:26:44",441800
38.9,-0.1,1300,"sd","11:26:44",438100
38.9,-0.1,10000,"sd","11:26:33",436800
38.95,-0.05,100,"bu","11:26:16",426800
38.9,-0.1,400,"sd","11:26:14",426700
38.95,-0.05,100,"bu","11:24:41",426300
38.9,-0.1,300,"sd","11:24:21",426200
38.9,-0.1,200,"sd","11:23:44",425900
38.9,-0.1,400,"sd","11:22:25",425700
38.9,-0.1,300,"sd","11:22:12",425300
38.9,-0.1,400,"sd","11:21:18",425000
38.9,-0.1,1700,"sd","11:21:17",424600
38.9,-0.1,100,"sd","11:20:57",422900
38.9,-0.1,400,"sd","11:20:57",422800
38.95,-0.05,1000,"bu","11:20:34",422400
38.95,-0.05,100,"sd","11:19:17",421400
38.95,-0.05,100,"sd","11:19:17",421300
38.95,-0.05,200,"sd","11:19:17",421200
38.95,-0.05,1400,"sd","11:19:17",421000
38.95,-0.05,400,"sd","11:18:46",419600
38.95,-0.05,100,"sd","11:18:31",419200
38.95,-0.05,100,"sd","11:18:24",419100
38.95,-0.05,300,"sd","11:18:24",419000
38.95,-0.05,400,"sd","11:18:21",418700
38.95,-0.05,300,"sd","11:18:20",418300
38.95,-0.05,100,"sd","11:18:20",418000
39,0,1000,"sd","11:17:21",417900
39,0,1000,"sd","11:17:21",416900
39,0,2600,"sd","11:17:21",415900
39,0,100,"sd","11:17:21",413300
39,0,400,"sd","11:16:20",413200
39,0,9500,"sd","11:16:10",412800
39,0,500,"sd","11:16:10",403300
39,0,300,"sd","11:15:45",402800
39,0,400,"sd","11:15:43",402500
39,0,400,"sd","11:15:22",402100
39,0,400,"sd","11:14:51",401700
39,0,400,"sd","11:13:42",401300
39,0,300,"sd","11:13:35",400900
39,0,500,"sd","11:12:54",400600
39,0,300,"sd","11:11:50",400100
39,0,300,"sd","11:11:34",399800
39,0,300,"sd","11:11:26",399500
39,0,900,"sd","11:10:20",399200
39,0,200,"sd","11:10:20",398300
39,0,1300,"sd","11:10:20",398100
39,0,1000,"sd","11:10:20",396800
39,0,100,"sd","11:10:20",395800
39,0,1500,"sd","11:10:20",395700
39,0,200,"sd","11:10:17",394200
39,0,400,"sd","11:10:10",394000
39.1,0.1,400,"bu","11:07:24",393600
39.1,0.1,400,"bu","11:07:24",393200
39.1,0.1,400,"bu","11:07:24",392800
39.1,0.1,100,"bu","11:07:24",392400
39.05,0.05,5000,"bu","11:07:24",392300
39.1,0.1,2000,"bu","11:06:21",387300
39.05,0.05,500,"bu","11:06:18",385300
39.05,0.05,600,"bu","11:06:18",384800
39.05,0.05,5000,"bu","11:06:18",384200
39.05,0.05,900,"bu","11:06:18",379200
39.05,0.05,600,"bu","11:05:52",378300
39.05,0.05,200,"bu","11:05:03",377700
39,0,1000,"sd","11:03:08",377500
39,0,100,"sd","11:01:27",376500
39,0,400,"sd","11:01:19",376400
39,0,400,"sd","11:01:17",376000
39,0,800,"sd","11:01:16",375600
39,0,400,"sd","11:01:14",374800
39,0,300,"sd","11:01:14",374400
39,0,100,"sd","11:01:01",374100
39,0,100,"sd","11:00:33",374000
39,0,400,"sd","11:00:33",373900
39,0,5000,"sd","11:00:08",373500
39.05,0.05,600,"bu","10:57:02",368500
39,0,200,"sd","10:54:04",367900
39,0,4600,"sd","10:54:04",367700
39,0,200,"sd","10:54:04",363100
39,0,200,"sd","10:51:15",362900
39,0,100,"sd","10:50:54",362700
39,0,500,"sd","10:50:48",362600
39,0,800,"sd","10:50:41",362100
39,0,200,"sd","10:50:40",361300
39,0,1000,"sd","10:50:24",361100
39,0,3800,"sd","10:50:21",360100
39,0,100,"sd","10:50:21",356300
39,0,500,"sd","10:50:21",356200
39,0,400,"sd","10:50:21",355700
39,0,200,"sd","10:50:21",355300
39,0,700,"sd","10:50:16",355100
39,0,5000,"sd","10:50:13",354400
39,0,4400,"sd","10:49:56",349400
39,0,500,"sd","10:49:05",345000
39,0,200,"sd","10:48:27",344500
39,0,200,"sd","10:48:14",344300
39,0,3800,"sd","10:48:10",344100
39,0,600,"sd","10:48:10",340300
39,0,300,"sd","10:48:10",339700
39,0,300,"sd","10:48:10",339400
39,0,600,"sd","10:47:50",339100
39,0,400,"sd","10:45:50",338500
39,0,200,"sd","10:45:39",338100
39,0,400,"sd","10:45:39",337900
39,0,100,"sd","10:45:11",337500
39,0,200,"sd","10:44:40",337400
39.05,0.05,500,"bu","10:43:26",337200
39,0,5000,"sd","10:41:11",336700
39.05,0.05,2000,"bu","10:41:08",331700
39.05,0.05,200,"bu","10:40:55",329700
39.1,0.1,1000,"sd","10:35:42",329500
39.1,0.1,700,"sd","10:35:42",328500
39.1,0.1,200,"sd","10:35:42",327800
39.1,0.1,300,"sd","10:34:45",327600
39.1,0.1,500,"bu","10:31:15",327300
39.1,0.1,1500,"sd","10:30:26",326800
39.1,0.1,500,"sd","10:29:54",325300
39.3,0.3,200,"bu","10:29:34",324800
39.3,0.3,100,"bu","10:29:07",324600
39.3,0.3,400,"sd","10:28:38",324500
39.3,0.3,100,"sd","10:27:31",324100
39.3,0.3,100,"sd","10:27:31",324000
39.3,0.3,300,"sd","10:27:31",323900
39.3,0.3,100,"sd","10:27:24",323600
39.3,0.3,300,"sd","10:27:08",323500
39.5,0.5,300,"bu","10:25:51",323200
39.5,0.5,1600,"sd","10:25:25",322900
39.5,0.5,500,"sd","10:25:17",321300
39.5,0.5,500,"sd","10:25:05",320800
39.5,0.5,100,"sd","10:25:04",320300
39.5,0.5,200,"bu","10:25:04",320200
39.5,0.5,400,"bu","10:25:04",320000
39.5,0.5,100,"bu","10:25:04",319600
39.5,0.5,500,"bu","10:25:04",319500
39.5,0.5,100,"bu","10:25:04",319000
39.5,0.5,500,"bu","10:25:04",318900
39.5,0.5,500,"bu","10:25:04",318400
39.5,0.5,1300,"bu","10:25:03",317900
39.5,0.5,200,"bu","10:25:03",316600
39.5,0.5,200,"bu","10:25:03",316400
39.5,0.5,400,"bu","10:25:03",316200
39.5,0.5,500,"bu","10:25:03",315800
39.5,0.5,100,"bu","10:25:03",315300
39.5,0.5,300,"bu","10:25:03",315200
39.45,0.45,5000,"bu","10:25:03",314900
39.45,0.45,500,"bu","10:25:03",309900
39.4,0.4,1500,"bu","10:25:03",309400
39.3,0.3,200,"sd","10:24:49",307900
39.3,0.3,100,"sd","10:24:39",307700
39.5,0.5,200,"bu","10:23:54",307600
39.5,0.5,1500,"bu","10:23:54",307400
39.5,0.5,300,"bu","10:23:54",305900
39.5,0.5,1200,"bu","10:23:28",305600
39.5,0.5,600,"bu","10:23:28",304400
39.45,0.45,1000,"bu","10:23:28",303800
39.45,0.45,500,"bu","10:23:28",302800
39.4,0.4,1400,"bu","10:23:28",302300
39.4,0.4,300,"bu","10:23:28",300900
39.3,0.3,2000,"bu","10:23:09",300600
39.3,0.3,3000,"bu","10:22:55",298600
39.3,0.3,100,"bu","10:22:55",295600
39.3,0.3,100,"bu","10:22:55",295500
39.2,0.2,300,"sd","10:22:34",295400
39.2,0.2,200,"sd","10:22:34",295100
39.2,0.2,100,"bu","10:22:32",294900
39.2,0.2,100,"bu","10:22:32",294800
39.2,0.2,100,"bu","10:22:32",294700
39.2,0.2,1000,"bu","10:22:32",294600
39.2,0.2,300,"bu","10:22:32",293600
39.1,0.1,3000,"bu","10:22:23",293300
39.1,0.1,5000,"bu","10:22:23",290300
39,0,1200,"bu","10:22:06",285300
39,0,200,"bu","10:22:06",284100
39,0,1000,"bu","10:22:02",283900
39,0,500,"bu","10:21:56",282900
39,0,2000,"bu","10:21:50",282400
39,0,100,"bu","10:21:48",280400
39,0,100,"bu","10:21:46",280300
39,0,400,"bu","10:21:45",280200
39,0,200,"bu","10:21:45",279800
39,0,2000,"bu","10:21:38",279600
39,0,300,"bu","10:21:24",277600
39,0,1000,"bu","10:21:12",277300
39,0,400,"bu","10:20:35",276300
39,0,1000,"bu","10:20:26",275900
39,0,100,"bu","10:20:20",274900
39,0,400,"bu","10:20:20",274800
39,0,600,"bu","10:20:07",274400
39,0,100,"bu","10:20:07",273800
39,0,300,"bu","10:19:52",273700
39,0,200,"bu","10:19:50",273400
39,0,400,"bu","10:19:39",273200
39,0,100,"bu","10:19:39",272800
39,0,200,"bu","10:19:39",272700
39,0,100,"bu","10:19:39",272500
39,0,100,"bu","10:19:39",272400
39,0,100,"bu","10:19:39",272300
38.95,-0.05,5000,"bu","10:18:43",272200
38.9,-0.1,400,"sd","10:18:12",267200
38.95,-0.05,100,"sd","10:18:12",266800
38.9,-0.1,3000,"sd","10:17:38",266700
38.95,-0.05,2000,"sd","10:17:38",263700
38.9,-0.1,1200,"bu","10:16:13",261700
38.9,-0.1,300,"bu","10:15:35",260500
38.9,-0.1,100,"bu","10:14:53",260200
38.9,-0.1,800,"bu","10:14:48",260100
38.9,-0.1,100,"bu","10:14:43",259300
38.9,-0.1,1500,"bu","10:14:37",259200
38.9,-0.1,400,"bu","10:14:37",257700
38.9,-0.1,100,"bu","10:14:37",257300
38.85,-0.15,1000,"bu","10:13:19",257200
38.85,-0.15,100,"bu","10:13:19",256200
38.85,-0.15,1700,"bu","10:13:19",256100
38.85,-0.15,2200,"bu","10:13:11",254400
38.85,-0.15,1100,"bu","10:12:55",252200
38.85,-0.15,300,"bu","10:12:55",251100
38.8,-0.2,800,"sd","10:12:44",250800
38.8,-0.2,400,"sd","10:11:21",250000
38.8,-0.2,400,"unknown","10:10:53",249600
38.8,-0.2,100,"sd","10:10:35",249200
38.8,-0.2,100,"sd","10:10:35",249100
38.8,-0.2,200,"sd","10:10:35",249000
38.8,-0.2,700,"bu","10:09:39",248800
38.8,-0.2,200,"bu","10:09:39",248100
38.8,-0.2,1300,"bu","10:09:22",247900
38.8,-0.2,500,"bu","10:09:20",246600
38.8,-0.2,100,"bu","10:09:02",246100
38.8,-0.2,100,"bu","10:08:53",246000
38.8,-0.2,200,"bu","10:08:53",245900
38.8,-0.2,100,"bu","10:08:25",245700
38.8,-0.2,400,"bu","10:08:25",245600
38.75,-0.25,400,"sd","10:08:12",245200
38.8,-0.2,100,"bu","10:07:51",244800
38.8,-0.2,400,"bu","10:07:51",244700
38.8,-0.2,200,"bu","10:07:32",244300
38.75,-0.25,200,"sd","10:07:29",244100
38.8,-0.2,2000,"bu","10:06:50",243900
38.8,-0.2,400,"bu","10:06:34",241900
38.75,-0.25,500,"sd","10:05:59",241500
38.8,-0.2,400,"bu","10:05:38",241000
38.8,-0.2,1600,"bu","10:05:38",240600
38.75,-0.25,200,"sd","10:05:33",239000
38.75,-0.25,700,"sd","10:05:33",238800
38.75,-0.25,1000,"sd","10:05:25",238100
38.75,-0.25,200,"sd","10:05:07",237100
38.75,-0.25,1200,"sd","10:04:45",236900
38.75,-0.25,1000,"sd","10:04:16",235700
38.75,-0.25,500,"sd","10:03:41",234700
38.75,-0.25,5000,"sd","10:03:16",234200
38.75,-0.25,400,"sd","10:02:43",229200
38.75,-0.25,400,"sd","10:02:20",228800
38.75,-0.25,400,"sd","10:01:55",228400
38.75,-0.25,100,"bu","10:01:42",228000
38.75,-0.25,100,"bu","10:01:42",227900
38.75,-0.25,100,"bu","10:01:42",227800
38.75,-0.25,3900,"bu","10:01:42",227700
38.75,-0.25,200,"bu","10:01:23",223800
38.75,-0.25,900,"sd","10:01:16",223600
38.75,-0.25,100,"bu","10:01:00",222700
38.75,-0.25,100,"bu","10:00:47",222600
38.75,-0.25,200,"bu","10:00:28",222500
38.7,-0.3,1500,"sd","10:00:20",222300
38.7,-0.3,100,"sd","10:00:20",220800
38.7,-0.3,900,"sd","10:00:20",220700
38.7,-0.3,300,"sd","09:59:56",219800
38.7,-0.3,100,"sd","09:59:56",219500
38.7,-0.3,200,"sd","09:59:56",219400
38.7,-0.3,100,"sd","09:59:56",219200
38.7,-0.3,500,"sd","09:59:56",219100
38.7,-0.3,400,"sd","09:59:56",218600
38.7,-0.3,400,"sd","09:59:55",218200
38.7,-0.3,400,"sd","09:59:54",217800
38.7,-0.3,400,"sd","09:59:53",217400
38.7,-0.3,400,"sd","09:59:52",217000
38.7,-0.3,200,"sd","09:59:51",216600
38.7,-0.3,200,"sd","09:59:51",216400
38.75,-0.25,100,"sd","09:59:26",216200
38.75,-0.25,100,"sd","09:59:26",216100
38.75,-0.25,100,"bu","09:59:07",216000
38.75,-0.25,100,"sd","09:58:50",215900
38.75,-0.25,200,"sd","09:58:50",215800
38.75,-0.25,500,"sd","09:58:50",215600
38.75,-0.25,600,"sd","09:58:50",215100
38.75,-0.25,400,"sd","09:58:43",214500
38.75,-0.25,100,"sd","09:58:32",214100
38.75,-0.25,300,"sd","09:58:32",214000
38.75,-0.25,1700,"sd","09:58:16",213700
38.75,-0.25,200,"sd","09:58:16",212000
38.75,-0.25,500,"sd","09:58:16",211800
38.75,-0.25,200,"sd","09:58:16",211300
38.75,-0.25,100,"sd","09:58:16",211100
38.75,-0.25,400,"sd","09:58:16",211000
38.75,-0.25,1900,"sd","09:58:16",210600
38.75,-0.25,1000,"sd","09:57:46",208700
38.75,-0.25,100,"sd","09:57:38",207700
38.75,-0.25,100,"sd","09:57:36",207600
38.8,-0.2,500,"bu","09:57:31",207500
38.75,-0.25,400,"sd","09:57:16",207000
38.75,-0.25,300,"sd","09:57:12",206600
38.75,-0.25,400,"sd","09:56:59",206300
38.75,-0.25,800,"sd","09:56:21",205900
38.75,-0.25,500,"sd","09:56:21",205100
38.75,-0.25,100,"sd","09:56:21",204600
38.75,-0.25,200,"sd","09:56:21",204500
38.8,-0.2,800,"bu","09:56:18",204300
38.8,-0.2,100,"bu","09:56:08",203500
38.8,-0.2,500,"sd","09:55:51",203400
38.8,-0.2,200,"sd","09:55:51",202900
38.8,-0.2,700,"sd","09:55:51",202700
38.8,-0.2,200,"sd","09:55:43",202000
38.8,-0.2,100,"sd","09:55:36",201800
38.8,-0.2,300,"sd","09:55:33",201700
38.8,-0.2,400,"sd","09:55:04",201400
38.8,-0.2,200,"sd","09:55:04",201000
38.8,-0.2,3300,"sd","09:55:04",200800
38.8,-0.2,1000,"sd","09:55:04",197500
38.8,-0.2,400,"sd","09:55:04",196500
38.8,-0.2,100,"sd","09:55:04",196100
38.8,-0.2,300,"sd","09:54:58",196000
38.85,-0.15,100,"sd","09:54:58",195700
38.85,-0.15,100,"sd","09:54:50",195600
38.85,-0.15,300,"bu","09:54:42",195500
38.85,-0.15,100,"bu","09:54:31",195200
38.9,-0.1,1600,"bu","09:54:20",195100
38.85,-0.15,400,"bu","09:54:20",193500
38.9,-0.1,100,"bu","09:54:00",193100
38.9,-0.1,300,"bu","09:53:59",193000
38.9,-0.1,400,"bu","09:53:39",192700
38.8,-0.2,4700,"sd","09:53:18",192300
38.8,-0.2,200,"sd","09:53:18",187600
38.8,-0.2,100,"sd","09:53:18",187400
38.8,-0.2,900,"sd","09:53:04",187300
38.8,-0.2,800,"sd","09:53:04",186400
38.8,-0.2,100,"sd","09:53:04",185600
38.8,-0.2,200,"sd","09:53:04",185500
38.8,-0.2,5000,"sd","09:52:59",185300
38.9,-0.1,500,"bu","09:52:47",180300
38.9,-0.1,2000,"sd","09:52:47",179800
38.8,-0.2,5000,"sd","09:52:44",177800
38.8,-0.2,100,"sd","09:52:43",172800
38.8,-0.2,1000,"sd","09:52:43",172700
38.8,-0.2,200,"sd","09:52:43",171700
38.8,-0.2,300,"sd","09:52:43",171500
38.8,-0.2,500,"sd","09:52:43",171200
38.85,-0.15,1900,"sd","09:52:43",170700
38.85,-0.15,500,"sd","09:52:43",168800
38.85,-0.15,500,"sd","09:52:43",168300
38.9,-0.1,100,"bu","09:52:34",167800
38.9,-0.1,400,"bu","09:52:33",167700
38.9,-0.1,700,"bu","09:52:33",167300
38.9,-0.1,1200,"bu","09:52:30",166600
38.9,-0.1,1000,"bu","09:52:28",165400
38.9,-0.1,100,"bu","09:52:26",164400
38.9,-0.1,400,"bu","09:52:26",164300
38.9,-0.1,400,"bu","09:52:19",163900
38.9,-0.1,400,"bu","09:52:19",163500
38.9,-0.1,200,"bu","09:52:19",163100
38.9,-0.1,200,"bu","09:51:39",162900
38.9,-0.1,100,"bu","09:51:39",162700
38.9,-0.1,400,"bu","09:51:39",162600
38.85,-0.15,500,"bu","09:51:39",162200
38.85,-0.15,700,"bu","09:51:39",161700
38.85,-0.15,100,"bu","09:51:39",161000
38.85,-0.15,600,"bu","09:51:34",160900
38.85,-0.15,100,"bu","09:51:17",160300
38.85,-0.15,1200,"bu","09:51:11",160200
38.8,-0.2,500,"sd","09:50:37",159000
38.8,-0.2,400,"sd","09:49:41",158500
38.8,-0.2,200,"bu","09:49:01",158100
38.8,-0.2,200,"bu","09:49:00",157900
38.8,-0.2,100,"bu","09:49:00",157700
38.8,-0.2,200,"bu","09:49:00",157600
38.8,-0.2,2000,"bu","09:49:00",157400
38.8,-0.2,1500,"bu","09:49:00",155400
38.8,-0.2,700,"bu","09:48:28",153900
38.8,-0.2,300,"bu","09:48:17",153200
38.8,-0.2,300,"bu","09:48:10",152900
38.8,-0.2,100,"bu","09:47:59",152600
38.8,-0.2,100,"bu","09:47:44",152500
38.8,-0.2,400,"bu","09:47:44",152400
38.8,-0.2,100,"bu","09:47:38",152000
38.75,-0.25,4000,"sd","09:47:37",151900
38.8,-0.2,300,"bu","09:47:30",147900
38.8,-0.2,200,"bu","09:47:30",147600
38.8,-0.2,100,"bu","09:47:19",147400
38.8,-0.2,100,"bu","09:47:17",147300
38.8,-0.2,400,"bu","09:47:17",147200
38.75,-0.25,400,"bu","09:47:04",146800
38.75,-0.25,400,"bu","09:47:04",146400
38.75,-0.25,200,"bu","09:46:56",146000
38.75,-0.25,1000,"bu","09:46:54",145800
38.75,-0.25,400,"sd","09:46:34",144800
38.75,-0.25,100,"sd","09:46:30",144400
38.75,-0.25,400,"sd","09:46:30",144300
38.75,-0.25,400,"sd","09:46:21",143900
38.75,-0.25,400,"sd","09:46:08",143500
38.75,-0.25,400,"bu","09:46:07",143100
38.75,-0.25,400,"bu","09:46:07",142700
38.75,-0.25,100,"bu","09:45:46",142300
38.75,-0.25,100,"bu","09:45:45",142200
38.75,-0.25,200,"bu","09:45:39",142100
38.75,-0.25,100,"bu","09:45:36",141900
38.75,-0.25,100,"sd","09:45:13",141800
38.75,-0.25,100,"bu","09:45:11",141700
38.75,-0.25,1000,"bu","09:45:07",141600
38.75,-0.25,100,"bu","09:45:03",140600
38.75,-0.25,400,"bu","09:44:57",140500
38.75,-0.25,800,"bu","09:44:57",140100
38.75,-0.25,400,"bu","09:44:57",139300
38.75,-0.25,600,"bu","09:44:57",138900
38.75,-0.25,500,"bu","09:44:39",138300
38.75,-0.25,200,"bu","09:44:25",137800
38.75,-0.25,100,"sd","09:44:05",137600
38.75,-0.25,100,"sd","09:44:05",137500
38.75,-0.25,200,"bu","09:43:43",137400
38.75,-0.25,200,"bu","09:43:43",137200
38.75,-0.25,3800,"bu","09:43:12",137000
38.75,-0.25,1200,"bu","09:43:12",133200
38.7,-0.3,100,"sd","09:41:22",132000
38.7,-0.3,2600,"sd","09:41:22",131900
38.7,-0.3,400,"sd","09:41:11",129300
38.65,-0.35,100,"sd","09:40:54",128900
38.65,-0.35,1900,"sd","09:40:54",128800
38.65,-0.35,3100,"sd","09:40:50",126900
38.65,-0.35,400,"sd","09:40:50",123800
38.7,-0.3,500,"sd","09:40:50",123400
38.7,-0.3,500,"sd","09:40:50",122900
38.7,-0.3,100,"sd","09:40:50",122400
38.7,-0.3,200,"sd","09:40:50",122300
38.7,-0.3,100,"sd","09:40:50",122100
38.7,-0.3,100,"sd","09:40:50",122000
38.7,-0.3,500,"sd","09:40:33",121900
38.75,-0.25,100,"bu","09:40:05",121400
38.7,-0.3,100,"sd","09:39:50",121300
38.7,-0.3,200,"sd","09:39:50",121200
38.7,-0.3,100,"sd","09:39:50",121000
38.7,-0.3,100,"sd","09:39:37",120900
38.7,-0.3,100,"sd","09:39:37",120800
38.7,-0.3,200,"sd","09:39:37",120700
38.7,-0.3,300,"sd","09:39:28",120500
38.7,-0.3,100,"sd","09:39:28",120200
38.7,-0.3,400,"sd","09:39:16",120100
38.75,-0.25,100,"bu","09:39:10",119700
38.75,-0.25,200,"bu","09:39:05",119600
38.7,-0.3,400,"sd","09:39:04",119400
38.75,-0.25,300,"bu","09:38:57",119000
38.7,-0.3,100,"sd","09:38:56",118700
38.7,-0.3,100,"sd","09:38:56",118600
38.7,-0.3,100,"sd","09:38:56",118500
38.7,-0.3,100,"sd","09:38:56",118400
38.75,-0.25,3000,"bu","09:38:53",118300
38.75,-0.25,100,"sd","09:38:52",115300
38.8,-0.2,500,"bu","09:38:43",115200
38.8,-0.2,100,"sd","09:38:36",114700
38.9,-0.1,1000,"bu","09:38:34",114600
38.8,-0.2,200,"sd","09:38:32",113600
38.8,-0.2,100,"sd","09:38:32",113400
38.8,-0.2,700,"sd","09:38:32",113300
38.8,-0.2,2300,"sd","09:38:29",112600
38.8,-0.2,300,"sd","09:38:29",110300
38.8,-0.2,100,"sd","09:38:29",110000
38.8,-0.2,2000,"sd","09:38:29",109900
38.8,-0.2,300,"sd","09:38:29",107900
38.9,-0.1,300,"bu","09:38:28",107600
38.8,-0.2,8800,"sd","09:38:15",107300
38.8,-0.2,500,"sd","09:38:08",98500
38.8,-0.2,400,"sd","09:38:04",98000
38.8,-0.2,2000,"sd","09:38:04",97600
38.8,-0.2,400,"sd","09:38:02",95600
38.8,-0.2,400,"sd","09:37:59",95200
38.8,-0.2,400,"sd","09:37:58",94800
38.8,-0.2,400,"sd","09:37:46",94400
38.8,-0.2,400,"sd","09:37:39",94000
38.8,-0.2,400,"sd","09:37:28",93600
38.8,-0.2,400,"sd","09:37:17",93200
38.9,-0.1,200,"bu","09:37:12",92800
38.8,-0.2,200,"sd","09:37:07",92600
38.8,-0.2,100,"sd","09:37:07",92400
38.8,-0.2,100,"sd","09:37:07",92300
38.9,-0.1,100,"bu","09:36:42",92200
38.85,-0.15,400,"bu","09:36:34",92100
38.9,-0.1,300,"bu","09:36:10",91700
38.9,-0.1,700,"bu","09:36:10",91400
38.8,-0.2,400,"sd","09:35:58",90700
38.8,-0.2,900,"sd","09:35:30",90300
38.8,-0.2,100,"sd","09:35:30",89400
38.9,-0.1,100,"bu","09:35:17",89300
38.8,-0.2,5000,"bu","09:35:03",89200
38.8,-0.2,1000,"bu","09:35:03",84200
38.75,-0.25,2000,"bu","09:33:54",83200
38.65,-0.35,600,"sd","09:33:50",81200
38.7,-0.3,200,"unknown","09:33:50",80600
38.7,-0.3,100,"unknown","09:33:50",80400
38.7,-0.3,100,"unknown","09:33:50",80300
38.7,-0.3,400,"sd","09:33:46",80200
38.7,-0.3,500,"sd","09:33:41",79800
38.7,-0.3,800,"sd","09:33:41",79300
38.7,-0.3,400,"sd","09:33:29",78500
38.7,-0.3,200,"sd","09:33:26",78100
38.7,-0.3,200,"sd","09:33:26",77900
38.7,-0.3,400,"bu","09:33:03",77700
38.7,-0.3,400,"bu","09:33:03",77300
38.7,-0.3,100,"bu","09:32:57",76900
38.7,-0.3,300,"bu","09:32:30",76800
38.7,-0.3,400,"bu","09:32:30",76500
38.7,-0.3,500,"bu","09:32:30",76100
38.7,-0.3,400,"bu","09:32:30",75600
38.7,-0.3,400,"bu","09:32:30",75200
38.7,-0.3,200,"bu","09:32:17",74800
38.7,-0.3,200,"bu","09:32:09",74600
38.7,-0.3,300,"bu","09:32:09",74400
38.7,-0.3,100,"bu","09:31:41",74100
38.7,-0.3,2600,"bu","09:31:23",74000
38.7,-0.3,400,"bu","09:31:23",71400
38.7,-0.3,200,"bu","09:31:16",71000
38.65,-0.35,400,"sd","09:30:35",70800
38.65,-0.35,400,"sd","09:30:27",70400
38.65,-0.35,400,"sd","09:30:21",70000
38.65,-0.35,400,"sd","09:29:59",69600
38.65,-0.35,200,"sd","09:29:56",69200
38.65,-0.35,100,"sd","09:29:56",69000
38.65,-0.35,100,"sd","09:29:56",68900
38.65,-0.35,300,"sd","09:29:28",68800
38.7,-0.3,100,"bu","09:29:08",68500
38.7,-0.3,100,"bu","09:28:48",68400
38.7,-0.3,500,"bu","09:28:42",68300
38.65,-0.35,200,"sd","09:28:19",67800
38.65,-0.35,200,"sd","09:28:19",67600
38.65,-0.35,700,"sd","09:28:19",67400
38.65,-0.35,300,"sd","09:28:13",66700
38.65,-0.35,100,"sd","09:28:13",66400
38.7,-0.3,1000,"bu","09:27:49",66300
38.7,-0.3,1000,"bu","09:27:27",65300
38.7,-0.3,100,"bu","09:25:56",64300
38.65,-0.35,100,"sd","09:25:52",64200
38.65,-0.35,200,"sd","09:25:52",64100
38.7,-0.3,1000,"bu","09:24:42",63900
38.7,-0.3,300,"bu","09:24:33",62900
38.7,-0.3,700,"bu","09:24:32",62600
38.7,-0.3,300,"bu","09:24:32",61900
38.7,-0.3,100,"bu","09:24:11",61600
38.7,-0.3,100,"bu","09:24:07",61500
38.7,-0.3,300,"bu","09:23:43",61400
38.7,-0.3,3000,"bu","09:23:43",61100
38.7,-0.3,400,"bu","09:23:43",58100
38.7,-0.3,400,"bu","09:23:43",57700
38.7,-0.3,400,"bu","09:23:43",57300
38.7,-0.3,100,"bu","09:23:17",56900
38.7,-0.3,200,"bu","09:22:55",56800
38.7,-0.3,100,"bu","09:22:30",56600
38.7,-0.3,100,"bu","09:22:25",56500
38.65,-0.35,100,"sd","09:21:50",56400
38.65,-0.35,500,"sd","09:21:50",56300
38.65,-0.35,1500,"sd","09:21:48",55800
38.7,-0.3,100,"bu","09:21:46",54300
38.65,-0.35,700,"sd","09:21:40",54200
38.7,-0.3,200,"bu","09:21:25",53500
38.7,-0.3,200,"bu","09:21:25",53300
38.65,-0.35,600,"sd","09:21:23",53100
38.7,-0.3,100,"bu","09:21:21",52500
38.65,-0.35,500,"sd","09:21:12",52400
38.7,-0.3,100,"bu","09:21:01",51900
38.7,-0.3,1000,"bu","09:20:44",51800
38.7,-0.3,100,"bu","09:20:37",50800
38.7,-0.3,1000,"bu","09:20:36",50700
38.7,-0.3,900,"bu","09:20:18",49700
38.7,-0.3,100,"bu","09:20:18",48800
38.7,-0.3,100,"bu","09:20:11",48700
38.7,-0.3,100,"bu","09:19:44",48600
38.65,-0.35,1200,"sd","09:19:11",48500
38.65,-0.35,1000,"sd","09:19:11",47300
38.65,-0.35,100,"sd","09:19:11",46300
38.65,-0.35,500,"sd","09:19:11",46200
38.65,-0.35,200,"sd","09:19:11",45700
38.7,-0.3,100,"sd","09:19:05",45500
38.7,-0.3,300,"bu","09:18:58",45400
38.7,-0.3,4000,"bu","09:18:52",45100
38.7,-0.3,900,"bu","09:18:50",41100
38.7,-0.3,1000,"bu","09:18:50",40200
38.7,-0.3,1900,"bu","09:18:41",39200
38.7,-0.3,200,"bu","09:18:39",37300
38.7,-0.3,600,"bu","09:18:33",37100
38.7,-0.3,100,"bu","09:18:00",36500
38.7,-0.3,1000,"sd","09:17:51",36400
38.65,-0.35,4800,"sd","09:17:45",35400
38.7,-0.3,100,"sd","09:17:45",30600
38.7,-0.3,100,"sd","09:17:45",30500
38.7,-0.3,1000,"sd","09:17:19",30400
38.7,-0.3,1000,"sd","09:17:19",29400
38.65,-0.35,5000,"sd","09:16:00",28400
38.65,-0.35,700,"bu","09:15:09",23400
38.65,-0.35,100,"sd","09:15:07",22700
38.8,-0.2,400,"unknown","09:15:07",22600
38.65,-0.35,22200,"sd","09:15:01",22200
