"price","change","match_qtty","side","time","total_vol"
18.5,1.4,24600,"bu","14:45:02",404500
18.3,1.2,1000,"sd","14:29:16",379900
18.4,1.3,1000,"bu","14:29:12",378900
18.4,1.3,2000,"bu","14:27:53",377900
18.4,1.3,1000,"bu","14:27:25",375900
18.4,1.3,1300,"bu","14:26:57",374900
18.4,1.3,5000,"bu","14:26:46",373600
18.4,1.3,200,"bu","14:26:45",368600
18.4,1.3,100,"bu","14:26:44",368400
18.4,1.3,7000,"bu","14:25:38",368300
18.3,1.2,200,"sd","14:23:38",361300
18.3,1.2,300,"sd","14:22:43",361100
18.3,1.2,100,"sd","14:21:14",360800
18.4,1.3,1000,"bu","14:21:09",360700
18.3,1.2,400,"sd","14:19:33",359700
18.3,1.2,5900,"sd","14:18:01",359300
18.4,1.3,400,"bu","14:17:59",353400
18.4,1.3,5000,"bu","14:17:09",353000
18.4,1.3,5000,"bu","14:16:51",348000
18.4,1.3,500,"bu","14:16:47",343000
18.4,1.3,300,"bu","14:15:33",342500
18.4,1.3,500,"bu","14:12:14",342200
18.4,1.3,200,"bu","14:11:56",341700
18.3,1.2,600,"sd","14:11:11",341500
18.3,1.2,2500,"bu","14:11:07",340900
18.3,1.2,5000,"bu","14:10:47",338400
18.3,1.2,2000,"bu","14:09:42",333400
18.2,1.1,600,"sd","14:08:40",331400
18.3,1.2,1000,"bu","14:06:35",330800
18.3,1.2,1000,"bu","14:06:22",329800
18.3,1.2,2100,"sd","14:05:12",328800
18.3,1.2,1800,"sd","14:04:35",326700
18.3,1.2,100,"sd","14:04:18",324900
18.3,1.2,700,"sd","14:03:55",324800
18.3,1.2,500,"sd","14:02:28",324100
18.3,1.2,100,"sd","14:01:41",323600
18.3,1.2,100,"sd","13:57:05",323500
18.3,1.2,100,"unknown","13:56:47",323400
18.3,1.2,100,"bu","13:55:57",323300
18.3,1.2,100,"bu","13:55:56",323200
18.3,1.2,1000,"bu","13:55:29",323100
18.3,1.2,400,"bu","13:55:13",322100
18.3,1.2,2000,"bu","13:54:48",321700
18.2,1.1,300,"sd","13:51:35",319700
18.2,1.1,7500,"sd","13:50:12",319400
18.2,1.1,2000,"sd","13:47:41",311900
18.2,1.1,300,"bu","13:46:58",309900
18.2,1.1,500,"bu","13:46:26",309600
18.2,1.1,3000,"bu","13:38:49",309100
18.2,1.1,200,"bu","13:34:30",306100
18.2,1.1,3300,"bu","13:33:13",305900
18.3,1.2,2800,"bu","13:31:52",302600
18.4,1.3,20000,"bu","13:29:42",299800
18.2,1.1,1000,"sd","13:29:06",279800
18.2,1.1,100,"sd","13:27:58",278800
18.2,1.1,100,"sd","13:27:05",278700
18.2,1.1,200,"sd","13:26:43",278600
18.2,1.1,100,"bu","13:22:18",278400
18.2,1.1,500,"bu","13:21:45",278300
18.2,1.1,1000,"bu","13:21:34",277800
18.1,1,3000,"sd","13:13:49",276800
18.2,1.1,1700,"sd","13:12:44",273800
18.2,1.1,1000,"bu","13:12:36",272100
18.2,1.1,1000,"bu","13:11:53",271100
18.3,1.2,200,"bu","13:08:42",270100
18.3,1.2,1000,"bu","13:06:03",269900
18.3,1.2,500,"bu","13:03:15",268900
18.3,1.2,500,"bu","13:02:05",268400
18.3,1.2,1300,"bu","11:29:54",267900
18.3,1.2,1000,"bu","11:29:33",266600
18.3,1.2,6000,"bu","11:29:32",265600
18.3,1.2,3000,"bu","11:29:30",259600
18.3,1.2,2000,"bu","11:28:47",256600
18.3,1.2,300,"bu","11:28:28",254600
18.2,1.1,1400,"bu","11:28:06",254300
18.3,1.2,2000,"bu","11:27:33",252900
18.2,1.1,3000,"bu","11:26:07",250900
18.1,1,3000,"bu","11:23:57",247900
18.1,1,1000,"sd","11:23:20",244900
18.2,1.1,300,"bu","11:22:47",243900
18.2,1.1,1000,"bu","11:22:45",243600
18.2,1.1,200,"bu","11:22:37",242600
18.2,1.1,1600,"bu","11:22:13",242400
18.2,1.1,300,"bu","11:18:59",240800
18.2,1.1,500,"bu","11:18:42",240500
18.1,1,400,"bu","11:18:29",240000
18.1,1,100,"bu","11:18:12",239600
18,0.9,1800,"sd","11:17:12",239500
18,0.9,1500,"sd","11:15:05",237700
18,0.9,100,"sd","11:13:02",236200
18,0.9,200,"sd","11:11:19",236100
18,0.9,3000,"sd","11:09:28",235900
18.1,1,300,"bu","11:07:18",232900
18.1,1,200,"sd","11:05:33",232600
18.1,1,100,"bu","11:01:29",232400
18.1,1,4900,"sd","11:01:23",232300
18.2,1.1,2000,"bu","11:00:19",227400
18.1,1,1000,"sd","10:59:36",225400
18.1,1,1000,"sd","10:56:22",224400
18.2,1.1,100,"bu","10:56:16",223400
18.1,1,2000,"sd","10:55:38",223300
18.2,1.1,100,"bu","10:55:23",221300
18.2,1.1,3000,"bu","10:55:19",221200
18.2,1.1,1700,"sd","10:54:29",218200
18.2,1.1,600,"sd","10:53:44",216500
18.2,1.1,200,"bu","10:52:21",215900
18.2,1.1,200,"sd","10:50:09",215700
18.2,1.1,200,"sd","10:49:46",215500
18.2,1.1,100,"sd","10:48:47",215300
18.2,1.1,1500,"sd","10:48:29",215200
18.2,1.1,1000,"sd","10:47:23",213700
18.2,1.1,2000,"sd","10:46:49",212700
18.3,1.2,100,"bu","10:42:47",210700
18.2,1.1,1000,"sd","10:42:15",210600
18.2,1.1,2000,"sd","10:41:33",209600
18.2,1.1,300,"sd","10:37:44",207600
18.3,1.2,500,"bu","10:37:42",207300
18.3,1.2,1000,"bu","10:34:41",206800
18.3,1.2,300,"bu","10:34:32",205800
18.3,1.2,200,"bu","10:33:51",205500
18.3,1.2,1000,"bu","10:33:43",205300
18.3,1.2,300,"bu","10:33:35",204300
18.3,1.2,500,"bu","10:32:17",204000
18.3,1.2,10000,"bu","10:32:09",203500
18.3,1.2,300,"bu","10:32:06",193500
18.2,1.1,1000,"sd","10:31:01",193200
18.2,1.1,300,"sd","10:30:24",192200
18.2,1.1,100,"sd","10:29:59",191900
18.2,1.1,2500,"sd","10:29:07",191800
18.3,1.2,100,"bu","10:24:15",189300
18.3,1.2,500,"bu","10:21:56",189200
18.2,1.1,3000,"sd","10:21:46",188700
18.3,1.2,500,"bu","10:18:22",185700
18.3,1.2,3000,"bu","10:18:12",185200
18.3,1.2,500,"bu","10:17:07",182200
18.2,1.1,100,"sd","10:16:58",181700
18.3,1.2,500,"bu","10:16:56",181600
18.2,1.1,3900,"sd","10:15:22",181100
18.2,1.1,200,"sd","10:13:57",177200
18.2,1.1,8800,"sd","10:13:07",177000
18.2,1.1,1000,"sd","10:12:28",168200
18.3,1.2,2000,"bu","10:12:25",167200
18.2,1.1,7000,"sd","10:12:19",165200
18.3,1.2,1000,"bu","10:12:11",158200
18.3,1.2,400,"bu","10:12:03",157200
18.3,1.2,500,"bu","10:10:49",156800
18.2,1.1,300,"sd","10:10:44",156300
18.2,1.1,2000,"sd","10:09:42",156000
18.2,1.1,1000,"sd","10:08:18",154000
18.3,1.2,2000,"bu","10:07:12",153000
18.3,1.2,1800,"bu","10:07:03",151000
18.3,1.2,600,"sd","10:06:17",149200
18.3,1.2,100,"sd","10:05:58",148600
18.3,1.2,500,"sd","10:05:57",148500
18.3,1.2,100,"sd","10:05:42",148000
18.3,1.2,500,"sd","10:05:40",147900
18.3,1.2,10000,"sd","10:05:34",147400
18.3,1.2,2000,"sd","10:05:30",137400
18.3,1.2,1000,"sd","10:05:20",135400
18.3,1.2,5000,"sd","10:04:50",134400
18.3,1.2,2000,"sd","10:03:41",129400
18.3,1.2,500,"sd","10:03:24",127400
18.3,1.2,1000,"sd","10:03:02",126900
18.3,1.2,500,"sd","10:01:47",125900
18.3,1.2,100,"sd","10:01:06",125400
18.3,1.2,200,"sd","10:00:25",125300
18.3,1.2,2000,"sd","10:00:20",125100
18.4,1.3,2200,"bu","09:59:36",123100
18.3,1.2,1000,"sd","09:59:08",120900
18.3,1.2,2000,"sd","09:59:06",119900
18.3,1.2,500,"sd","09:58:45",117900
18.3,1.2,2000,"sd","09:58:26",117400
18.3,1.2,4900,"sd","09:58:20",115400
18.3,1.2,500,"sd","09:58:06",110500
18.3,1.2,3000,"sd","09:58:00",110000
18.4,1.3,200,"bu","09:57:58",107000
18.3,1.2,500,"sd","09:57:42",106800
18.3,1.2,100,"sd","09:57:33",106300
18.4,1.3,1500,"bu","09:57:28",106200
18.4,1.3,300,"bu","09:57:18",104700
18.3,1.2,1000,"sd","09:56:40",104400
18.3,1.2,1700,"sd","09:56:28",103400
18.3,1.2,2000,"sd","09:56:15",101700
18.3,1.2,200,"bu","09:55:46",99700
18.3,1.2,100,"bu","09:55:43",99500
18.3,1.2,600,"bu","09:55:36",99400
18.3,1.2,500,"bu","09:55:32",98800
18.3,1.2,5000,"bu","09:55:31",98300
18.2,1.1,100,"sd","09:55:15",93300
18.2,1.1,400,"unknown","09:55:08",93200
18.3,1.2,1000,"bu","09:55:03",92800
18.2,1.1,500,"bu","09:54:39",91800
18.1,1,2100,"sd","09:54:17",91300
18,0.9,100,"sd","09:54:14",89200
18,0.9,100,"sd","09:53:56",89100
18,0.9,600,"sd","09:53:26",89000
18.3,1.2,2000,"bu","09:52:51",88400
18.3,1.2,100,"bu","09:52:50",86400
18.4,1.3,100,"bu","09:52:06",86300
18.4,1.3,2000,"bu","09:52:05",86200
18.4,1.3,4600,"bu","09:51:39",84200
18.1,1,200,"sd","09:51:34",79600
18.4,1.3,1500,"bu","09:51:21",79400
18,0.9,100,"sd","09:51:20",77900
18,0.9,4300,"sd","09:51:12",77800
18,0.9,400,"bu","09:51:05",73500
17.9,0.8,2800,"sd","09:50:54",73100
17.8,0.7,200,"bu","09:50:51",70300
17.9,0.8,400,"bu","09:50:45",70100
17.8,0.7,1200,"sd","09:50:36",69700
17.6,0.5,500,"sd","09:50:29",68500
17.6,0.5,100,"sd","09:50:12",68000
17.6,0.5,100,"sd","09:50:09",67900
17.5,0.4,18600,"sd","09:49:30",67800
17.4,0.3,2700,"sd","09:49:04",49200
17.3,0.2,3000,"sd","09:48:29",46500
17.4,0.3,500,"bu","09:48:19",43500
17.4,0.3,700,"bu","09:47:01",43000
17.4,0.3,500,"bu","09:45:52",42300
17.3,0.2,1100,"sd","09:41:30",41800
17.3,0.2,100,"sd","09:40:00",40700
17.4,0.3,3000,"bu","09:39:32",40600
17.3,0.2,400,"sd","09:39:25",37600
17.3,0.2,1000,"sd","09:39:22",37200
17.3,0.2,1600,"sd","09:38:08",36200
17.3,0.2,200,"bu","09:38:06",34600
17.3,0.2,300,"bu","09:37:59",34400
17.3,0.2,100,"bu","09:37:52",34100
17.3,0.2,10000,"bu","09:37:39",34000
17.3,0.2,1000,"bu","09:36:51",24000
17.2,0.1,100,"unknown","09:33:33",23000
17.2,0.1,100,"sd","09:32:38",22900
17.2,0.1,800,"sd","09:30:52",22800
17.2,0.1,1000,"unknown","09:28:23",22000
17.2,0.1,1000,"sd","09:27:48",21000
17.2,0.1,800,"sd","09:26:41",20000
17.2,0.1,200,"sd","09:26:20",19200
17.2,0.1,100,"sd","09:25:59",19000
17.2,0.1,1700,"sd","09:24:46",18900
17.2,0.1,800,"bu","09:23:09",17200
17.2,0.1,2000,"bu","09:22:46",16400
17.1,0,2000,"bu","09:22:15",14400
17.1,0,1700,"bu","09:21:17",12400
17,-0.1,1200,"sd","09:20:21",10700
17,-0.1,1000,"bu","09:20:09",9500
17,-0.1,100,"bu","09:17:16",8500
17,-0.1,600,"bu","09:16:31",8400
17,-0.1,300,"bu","09:12:44",7800
17,-0.1,300,"sd","09:12:31",7500
17,-0.1,200,"sd","09:09:57",7200
17,-0.1,100,"sd","09:09:43",7000
17,-0.1,100,"unknown","09:08:06",6900
17.1,0,200,"bu","09:06:48",6800
17.1,0,1100,"unknown","09:03:29",6600
17.1,0,2000,"sd","09:02:17",5500
17.1,0,1000,"sd","09:02:13",3500
17.2,0.1,200,"bu","09:01:20",2500
17.1,0,1200,"sd","09:00:42",2300
17.1,0,100,"sd","09:00:11",1100
17.1,0,1000,"sd","09:00:06",1000
