"price","change","match_qtty","side","time","total_vol"
6.41,-0.11,14700,"unknown","14:45:05",292000
6.55,0.03,500,"sd","14:29:45",277300
6.55,0.03,2000,"bu","14:28:32",276800
6.55,0.03,3000,"bu","14:28:22",274800
6.55,0.03,3000,"bu","14:28:16",271800
6.6,0.08,200,"bu","14:27:49",268800
6.53,0.01,200,"bu","14:24:08",268600
6.52,0,2000,"bu","14:24:00",268400
6.52,0,1900,"bu","14:24:00",266400
6.52,0,1000,"bu","14:23:55",264500
6.52,0,1000,"bu","14:23:15",263500
6.52,0,10000,"bu","14:22:05",262500
6.52,0,1000,"bu","14:21:23",252500
6.52,0,5000,"bu","14:19:25",251500
6.5,-0.02,900,"bu","14:19:02",246500
6.5,-0.02,5000,"bu","14:18:58",245600
6.5,-0.02,2100,"bu","14:18:50",240600
6.5,-0.02,300,"bu","14:18:50",238500
6.5,-0.02,800,"sd","14:18:05",238200
6.51,-0.01,900,"sd","14:18:05",237400
6.51,-0.01,1500,"bu","14:16:58",236500
6.51,-0.01,3500,"sd","14:16:52",235000
6.52,0,300,"bu","14:16:36",231500
6.5,-0.02,4200,"bu","14:16:30",231200
6.5,-0.02,1000,"bu","14:16:25",227000
6.5,-0.02,1000,"sd","14:16:24",226000
6.52,0,1000,"bu","14:15:46",225000
6.52,0,3000,"bu","14:15:01",224000
6.53,0.01,1900,"sd","14:12:11",221000
6.53,0.01,100,"sd","14:12:11",219100
6.53,0.01,2200,"unknown","14:03:38",219000
6.53,0.01,700,"bu","14:03:38",216800
6.53,0.01,100,"bu","14:03:38",216100
6.53,0.01,400,"bu","13:50:59",216000
6.52,0,100,"sd","13:43:16",215600
6.52,0,100,"bu","13:43:11",215500
6.52,0,400,"bu","13:43:11",215400
6.51,-0.01,400,"bu","13:42:45",215000
6.51,-0.01,100,"bu","13:41:40",214600
6.51,-0.01,100,"bu","13:41:40",214500
6.51,-0.01,100,"sd","13:37:26",214400
6.52,0,100,"sd","13:34:00",214300
6.52,0,100,"sd","13:30:21",214200
6.52,0,1300,"bu","13:26:21",214100
6.52,0,5200,"bu","13:26:17",212800
6.52,0,500,"bu","13:26:12",207600
6.52,0,8500,"sd","13:26:08",207100
6.52,0,100,"sd","13:18:44",198600
6.52,0,100,"sd","13:12:09",198500
6.52,0,800,"bu","13:04:41",198400
6.52,0,5000,"bu","13:04:38",197600
6.52,0,200,"sd","13:04:30",192600
6.53,0.01,1000,"bu","13:04:30",192400
6.53,0.01,3400,"sd","13:04:11",191400
6.53,0.01,5300,"sd","13:03:47",188000
6.53,0.01,200,"sd","13:01:15",182700
6.54,0.02,100,"sd","11:29:35",182500
6.56,0.04,100,"sd","11:29:20",182400
6.56,0.04,100,"sd","11:29:20",182300
6.6,0.08,1400,"sd","11:21:36",182200
6.6,0.08,1600,"sd","11:21:21",180800
6.6,0.08,1000,"sd","11:21:21",179200
6.62,0.1,400,"sd","11:21:21",178200
6.63,0.11,200,"sd","11:20:29",177800
6.6,0.08,700,"sd","11:01:53",177600
6.6,0.08,300,"bu","11:01:53",176900
6.6,0.08,200,"bu","11:00:42",176600
6.54,0.02,500,"sd","10:55:12",176400
6.54,0.02,4100,"sd","10:54:02",175900
6.55,0.03,300,"sd","10:54:02",171800
6.55,0.03,500,"sd","10:54:02",171500
6.56,0.04,100,"sd","10:54:02",171000
6.6,0.08,100,"bu","10:53:12",170900
6.6,0.08,300,"sd","10:48:15",170800
6.6,0.08,400,"sd","10:48:15",170500
6.6,0.08,2000,"sd","10:48:00",170100
6.6,0.08,900,"sd","10:47:15",168100
6.6,0.08,1000,"sd","10:46:18",167200
6.6,0.08,2100,"sd","10:44:19",166200
6.6,0.08,1200,"sd","10:42:45",164100
6.61,0.09,1000,"sd","10:42:45",162900
6.61,0.09,100,"sd","10:42:45",161900
6.62,0.1,6400,"sd","10:42:45",161800
6.63,0.11,2900,"sd","10:42:45",155400
6.62,0.1,1600,"sd","10:40:27",152500
6.64,0.12,2100,"sd","10:39:52",150900
6.65,0.13,500,"sd","10:39:26",148800
6.62,0.1,700,"sd","10:34:08",148300
6.62,0.1,1200,"sd","10:33:57",147600
6.65,0.13,100,"sd","10:33:57",146400
6.65,0.13,400,"sd","10:33:56",146300
6.65,0.13,500,"sd","10:33:46",145900
6.68,0.16,1000,"bu","10:31:09",145400
6.7,0.18,300,"bu","10:25:14",144400
6.7,0.18,100,"bu","10:24:39",144100
6.62,0.1,100,"sd","10:24:12",144000
6.65,0.13,500,"bu","10:23:46",143900
6.7,0.18,3600,"sd","10:21:55",143400
6.7,0.18,700,"sd","10:21:35",139800
6.75,0.23,300,"sd","10:21:35",139100
6.8,0.28,200,"bu","10:20:24",138800
6.8,0.28,400,"sd","10:16:23",138600
6.8,0.28,100,"bu","10:16:21",138200
6.8,0.28,7500,"bu","10:16:21",138100
6.8,0.28,1700,"sd","10:16:16",130600
6.8,0.28,300,"bu","10:15:33",128900
6.86,0.34,600,"bu","10:14:21",128600
6.86,0.34,200,"bu","10:14:21",128000
6.85,0.33,100,"bu","10:14:21",127600
6.85,0.33,200,"bu","10:14:21",127800
6.8,0.28,900,"bu","10:14:21",127500
6.8,0.28,100,"bu","10:14:11",126600
6.8,0.28,200,"bu","10:14:11",126500
6.8,0.28,100,"bu","10:14:11",126300
6.7,0.18,4700,"sd","10:13:59",126200
6.75,0.23,2000,"sd","10:13:59",121500
6.75,0.23,100,"sd","10:13:59",119500
6.75,0.23,200,"bu","10:13:34",119400
6.75,0.23,100,"bu","10:13:34",119200
6.62,0.1,100,"bu","10:13:34",119100
6.61,0.09,100,"bu","10:13:21",119000
6.6,0.08,200,"bu","10:13:10",118900
6.6,0.08,1500,"bu","10:13:10",118700
6.6,0.08,800,"bu","10:13:10",117200
6.6,0.08,200,"bu","10:12:46",116400
6.55,0.03,1500,"bu","10:12:35",116200
6.55,0.03,2000,"bu","10:12:23",114700
6.54,0.02,3000,"bu","10:12:23",112700
6.53,0.01,3000,"bu","10:12:02",109700
6.53,0.01,2500,"bu","10:12:02",106700
6.52,0,2000,"bu","10:12:02",104200
6.52,0,500,"bu","10:12:02",102200
6.52,0,5000,"bu","10:12:02",101700
6.52,0,2200,"bu","10:12:02",96700
6.51,-0.01,100,"bu","10:12:02",94500
6.51,-0.01,800,"bu","10:12:02",94400
6.5,-0.02,2500,"bu","10:11:22",93600
6.5,-0.02,6300,"bu","10:11:18",91100
6.5,-0.02,500,"sd","10:11:10",84800
6.5,-0.02,1600,"bu","10:09:18",84300
6.5,-0.02,200,"bu","10:08:15",82700
6.5,-0.02,200,"bu","10:07:35",82500
6.5,-0.02,700,"bu","10:07:35",82300
6.5,-0.02,1500,"bu","10:06:21",81600
6.5,-0.02,5000,"bu","10:06:07",80100
6.5,-0.02,4800,"bu","10:05:59",75100
6.51,-0.01,200,"bu","10:05:48",70300
6.49,-0.03,800,"bu","10:05:48",70100
6.45,-0.07,800,"sd","10:01:12",69300
6.45,-0.07,200,"bu","10:01:00",68500
6.45,-0.07,5000,"bu","10:01:00",68300
6.45,-0.07,4800,"bu","10:00:55",63300
6.49,-0.03,200,"bu","10:00:47",58500
6.45,-0.07,700,"bu","10:00:36",58300
6.45,-0.07,1700,"bu","10:00:36",57600
6.45,-0.07,300,"bu","09:52:20",55900
6.45,-0.07,600,"bu","09:52:20",55600
6.45,-0.07,1000,"bu","09:47:27",55000
6.45,-0.07,200,"bu","09:47:16",54000
6.45,-0.07,200,"sd","09:40:05",53800
6.45,-0.07,9800,"sd","09:39:57",53600
6.45,-0.07,200,"sd","09:39:57",43800
6.45,-0.07,1000,"sd","09:39:11",43600
6.45,-0.07,100,"sd","09:39:11",42600
6.45,-0.07,900,"bu","09:37:20",42500
6.45,-0.07,500,"bu","09:37:03",41600
6.45,-0.07,2400,"bu","09:29:27",41100
6.25,-0.27,1600,"bu","09:29:27",38700
6.45,-0.07,6200,"bu","09:29:22",37100
6.25,-0.27,1000,"sd","09:29:11",30900
6.25,-0.27,1000,"sd","09:28:25",29900
6.22,-0.3,3300,"sd","09:27:25",28900
6.22,-0.3,1700,"sd","09:27:25",25600
6.22,-0.3,300,"sd","09:27:07",23900
6.23,-0.29,900,"sd","09:27:07",23600
6.23,-0.29,800,"sd","09:27:07",22700
6.23,-0.29,1200,"sd","09:26:09",21900
6.23,-0.29,800,"sd","09:26:09",20700
6.22,-0.3,2000,"sd","09:25:50",19900
6.21,-0.31,100,"sd","09:23:35",17900
6.21,-0.31,100,"sd","09:23:35",17800
6.52,0,200,"bu","09:15:59",17700
6.5,-0.02,3000,"bu","09:15:49",17500
6.5,-0.02,5000,"bu","09:15:43",14500
6.5,-0.02,5000,"sd","09:15:39",9500
6.52,0,400,"bu","09:15:19",4500
6.52,0,1900,"bu","09:15:19",4100
6.51,-0.01,200,"bu","09:15:19",2200
6.21,-0.31,2000,"sd","09:15:01",2000
