"price","change","match_qtty","side","time","total_vol"
15900,-500,2000,"sd","15:00:02",2391200
16000,-400,100,"bu","14:59:43",2389200
15900,-500,1200,"sd","14:59:07",2389100
16000,-400,5000,"bu","14:57:35",2387900
15900,-500,200,"sd","14:56:40",2382900
15900,-500,500,"sd","14:56:34",2382700
15900,-500,2600,"sd","14:55:20",2382200
15900,-500,1400,"sd","14:55:16",2379600
15900,-500,5000,"sd","14:54:47",2378200
15900,-500,300,"sd","14:53:16",2373200
15900,-500,30300,"sd","14:51:19",2372900
16000,-400,100,"bu","14:51:08",2342600
16000,-400,100,"bu","14:49:45",2342500
16000,-400,500,"bu","14:48:24",2342400
15900,-500,100,"sd","14:48:22",2341900
15900,-500,100,"sd","14:45:03",2341800
15900,-500,3900,"sd","14:44:49",2341700
16000,-400,300,"bu","14:43:23",2337800
15900,-500,100,"sd","14:43:21",2337500
15900,-500,100,"sd","14:42:57",2337400
15900,-500,200,"sd","14:42:55",2337300
15900,-500,10000,"sd","14:42:50",2337100
16000,-400,400,"bu","14:42:44",2327100
15900,-500,4000,"sd","14:42:42",2326700
15900,-500,2000,"sd","14:42:39",2322700
15900,-500,3100,"sd","14:42:33",2320700
15900,-500,20000,"sd","14:42:26",2317600
15900,-500,2000,"sd","14:41:47",2297600
16000,-400,100,"bu","14:40:56",2295600
15900,-500,300,"sd","14:40:42",2295500
16000,-400,500,"bu","14:40:36",2295200
16000,-400,300,"bu","14:38:39",2294700
15900,-500,1500,"sd","14:38:31",2294400
15900,-500,4000,"sd","14:38:27",2292900
15900,-500,2000,"sd","14:38:20",2288900
15900,-500,4000,"sd","14:38:01",2286900
15900,-500,41800,"sd","14:37:33",2282900
16000,-400,100,"bu","14:34:28",2241100
16000,-400,3000,"bu","14:32:51",2241000
15900,-500,3000,"sd","14:32:19",2238000
16000,-400,2000,"bu","14:32:08",2235000
16000,-400,1000,"bu","14:31:38",2233000
16000,-400,2000,"bu","14:30:46",2232000
15900,-500,10000,"sd","14:30:32",2230000
16000,-400,1000,"bu","14:30:30",2220000
16000,-400,1000,"bu","14:30:09",2219000
16000,-400,900,"bu","14:30:08",2218000
16000,-400,700,"bu","14:30:04",2217100
16000,-400,1500,"bu","14:29:47",2216400
16000,-400,500,"bu","14:29:20",2214900
16000,-400,4000,"bu","14:29:06",2214400
16000,-400,1000,"bu","14:28:39",2210400
16000,-400,10000,"bu","14:28:19",2209400
16000,-400,400,"bu","14:28:11",2199400
16000,-400,1000,"bu","14:27:44",2199000
16000,-400,2000,"bu","14:27:38",2198000
16000,-400,3000,"bu","14:27:02",2196000
16000,-400,1200,"bu","14:26:51",2193000
16000,-400,500,"bu","14:26:46",2191800
16000,-400,5000,"bu","14:26:36",2191300
16000,-400,1000,"bu","14:26:31",2186300
16000,-400,500,"bu","14:26:29",2185300
16000,-400,100,"bu","14:26:22",2184800
16000,-400,9000,"bu","14:26:17",2184700
16000,-400,4000,"bu","14:26:02",2175700
16000,-400,100,"bu","14:26:00",2171700
16000,-400,300,"bu","14:25:36",2171600
16000,-400,5000,"bu","14:24:45",2171300
16000,-400,3000,"bu","14:24:32",2166300
16000,-400,400,"bu","14:24:19",2163300
16000,-400,200,"bu","14:24:16",2162900
16000,-400,20000,"bu","14:24:08",2162700
15900,-500,5000,"sd","14:23:12",2142700
15900,-500,400,"sd","14:22:55",2137700
16000,-400,200,"bu","14:22:53",2137300
15900,-500,1000,"sd","14:22:22",2137100
15900,-500,3000,"sd","14:22:19",2136100
16000,-400,2000,"bu","14:22:15",2133100
15900,-500,100,"sd","14:22:09",2131100
15900,-500,32000,"sd","14:21:56",2131000
15900,-500,1900,"sd","14:21:37",2099000
15900,-500,100,"sd","14:21:30",2097100
16000,-400,4000,"bu","14:20:09",2097000
16000,-400,100,"bu","14:19:58",2093000
15900,-500,4300,"sd","14:19:19",2092900
15900,-500,3000,"sd","14:18:36",2088600
15900,-500,5000,"sd","14:18:30",2085600
15900,-500,500,"sd","14:18:24",2080600
15900,-500,10000,"sd","14:18:16",2080100
15900,-500,4500,"sd","14:17:53",2070100
15900,-500,1000,"sd","14:17:44",2065600
15900,-500,200,"sd","14:17:30",2064600
15900,-500,24300,"sd","14:17:23",2064400
15900,-500,5000,"sd","14:17:22",2040100
15900,-500,300,"sd","14:17:12",2035100
15900,-500,15000,"sd","14:16:57",2034800
15900,-500,500,"sd","14:16:49",2019800
16000,-400,100,"bu","14:15:56",2019300
16000,-400,500,"bu","14:15:41",2019200
16000,-400,2400,"bu","14:15:12",2018700
15900,-500,100,"sd","14:15:00",2016300
15900,-500,10000,"sd","14:14:33",2016200
16000,-400,200,"bu","14:13:47",2006200
16000,-400,500,"bu","14:13:33",2006000
16000,-400,600,"bu","14:13:23",2005500
15900,-500,100,"sd","14:13:22",2004900
16000,-400,4600,"bu","14:13:18",2004800
16000,-400,1000,"sd","14:13:00",2000200
16000,-400,100,"sd","14:12:50",1999200
16000,-400,10000,"sd","14:12:40",1999100
16000,-400,1000,"sd","14:12:35",1989100
16000,-400,200,"sd","14:12:34",1988100
16000,-400,3300,"sd","14:12:30",1987900
16000,-400,1000,"sd","14:12:28",1984600
16000,-400,6000,"sd","14:12:24",1983600
16000,-400,4600,"sd","14:12:15",1977600
16000,-400,600,"sd","14:11:42",1973000
16000,-400,1500,"sd","14:11:41",1972400
16000,-400,1000,"sd","14:11:33",1970900
16000,-400,300,"sd","14:11:28",1969900
16000,-400,2000,"sd","14:11:01",1969600
16000,-400,1500,"sd","14:10:38",1967600
16000,-400,2200,"sd","14:10:33",1966100
16000,-400,28300,"sd","14:10:24",1963900
16000,-400,700,"sd","14:10:09",1935600
16000,-400,500,"sd","14:09:59",1934900
16000,-400,6100,"sd","14:09:52",1934400
16000,-400,2000,"sd","14:09:30",1928300
16000,-400,5000,"sd","14:09:14",1926300
16000,-400,3000,"sd","14:09:08",1921300
16000,-400,1000,"sd","14:08:46",1918300
16100,-300,500,"bu","14:08:39",1917300
16000,-400,5000,"sd","14:08:25",1916800
16100,-300,500,"bu","14:08:20",1911800
16100,-300,100,"bu","14:08:18",1911300
16100,-300,1000,"bu","14:07:45",1911200
16000,-400,300,"sd","14:07:07",1910200
16000,-400,500,"sd","14:06:58",1909900
16100,-300,400,"bu","14:06:09",1909400
16100,-300,200,"bu","14:05:54",1909000
16100,-300,10000,"bu","14:05:00",1908800
16100,-300,1500,"bu","14:04:49",1898800
16000,-400,700,"sd","14:04:02",1897300
16000,-400,2000,"sd","14:03:21",1896600
16000,-400,400,"sd","14:03:18",1894600
16000,-400,3500,"sd","14:03:08",1894200
16000,-400,5000,"sd","14:02:29",1890700
16000,-400,5000,"sd","14:02:11",1885700
16100,-300,2000,"bu","14:01:13",1880700
16000,-400,3000,"sd","13:59:50",1878700
16000,-400,1600,"sd","13:58:28",1875700
16100,-300,400,"bu","13:58:27",1874100
16100,-300,14100,"bu","13:58:00",1873700
16100,-300,6000,"bu","13:56:39",1859600
16000,-400,1900,"sd","13:56:04",1853600
16000,-400,1900,"bu","13:55:52",1851700
16000,-400,500,"bu","13:55:40",1849800
16000,-400,2000,"bu","13:55:29",1849300
16000,-400,2400,"bu","13:55:19",1847300
16000,-400,1000,"bu","13:55:10",1844900
16000,-400,42300,"sd","13:54:27",1843900
16000,-400,2000,"sd","13:54:10",1801600
16000,-400,400,"sd","13:53:55",1799600
16000,-400,2500,"sd","13:53:53",1799200
16000,-400,1000,"sd","13:53:39",1796700
16000,-400,400,"sd","13:53:13",1795700
16000,-400,300,"sd","13:53:01",1795300
16000,-400,10600,"sd","13:52:52",1795000
16000,-400,100,"bu","13:52:48",1784400
16000,-400,700,"bu","13:52:47",1784300
16000,-400,3000,"bu","13:52:40",1783600
16000,-400,1000,"bu","13:52:28",1780600
16000,-400,3500,"bu","13:52:24",1779600
16000,-400,800,"bu","13:52:20",1776100
16000,-400,3000,"bu","13:52:17",1775300
16000,-400,200,"bu","13:52:04",1772300
16000,-400,500,"bu","13:51:58",1772100
16000,-400,3000,"bu","13:51:23",1771600
16000,-400,500,"bu","13:51:22",1768600
16000,-400,800,"bu","13:51:13",1768100
16000,-400,1000,"bu","13:51:12",1767300
16000,-400,1000,"bu","13:51:03",1766300
16000,-400,1400,"bu","13:50:59",1765300
16000,-400,400,"bu","13:50:53",1763900
16000,-400,2000,"bu","13:50:44",1763500
16000,-400,100,"bu","13:50:43",1761500
16000,-400,6200,"bu","13:50:24",1761400
16000,-400,400,"bu","13:50:11",1755200
16000,-400,700,"bu","13:49:54",1754800
15900,-500,20000,"sd","13:49:46",1754100
15900,-500,8800,"sd","13:49:38",1734100
16000,-400,100,"bu","13:49:28",1725300
16000,-400,3000,"bu","13:49:18",1725200
16000,-400,4200,"bu","13:49:15",1722200
16000,-400,100,"bu","13:49:06",1718000
16000,-400,600,"bu","13:49:00",1717900
16000,-400,200,"bu","13:48:51",1717300
15900,-500,3000,"sd","13:48:26",1717100
16000,-400,500,"bu","13:48:09",1714100
16000,-400,100,"bu","13:47:37",1713600
16000,-400,200,"bu","13:47:36",1713500
16000,-400,200,"bu","13:46:16",1713300
16000,-400,400,"bu","13:45:58",1713100
15900,-500,600,"sd","13:45:35",1712700
15900,-500,300,"sd","13:45:16",1712100
15900,-500,50000,"sd","13:44:47",1711800
16000,-400,3000,"bu","13:44:34",1661800
16000,-400,5000,"bu","13:44:31",1658800
16000,-400,1000,"bu","13:43:52",1653800
15900,-500,5200,"sd","13:43:13",1652800
15900,-500,20000,"sd","13:43:01",1647600
15900,-500,1700,"sd","13:42:41",1627600
15900,-500,10000,"sd","13:42:19",1625900
15900,-500,100,"sd","13:42:05",1615900
15900,-500,100,"sd","13:42:03",1615800
16000,-400,100,"bu","13:41:52",1615700
15900,-500,6000,"sd","13:41:46",1615600
16000,-400,100,"bu","13:40:57",1609600
15900,-500,18000,"sd","13:40:53",1609500
15900,-500,2500,"sd","13:40:07",1591500
15900,-500,500,"sd","13:40:03",1589000
16000,-400,300,"bu","13:39:48",1588500
15900,-500,11500,"sd","13:39:36",1588200
16000,-400,500,"bu","13:38:55",1576700
15900,-500,1000,"sd","13:38:51",1576200
16000,-400,7900,"bu","13:38:29",1575200
15900,-500,100,"sd","13:38:28",1567300
15900,-500,11000,"sd","13:38:23",1567200
16000,-400,500,"bu","13:37:14",1556200
15900,-500,100,"sd","13:37:12",1555700
16000,-400,1500,"bu","13:37:06",1555600
16000,-400,500,"bu","13:37:04",1554100
16000,-400,200,"bu","13:36:44",1553600
15900,-500,6000,"sd","13:36:34",1553400
15900,-500,20100,"sd","13:36:14",1547400
15900,-500,2000,"sd","13:35:24",1527300
16000,-400,500,"bu","13:35:14",1525300
15900,-500,300,"sd","13:35:06",1524800
15900,-500,14700,"sd","13:34:49",1524500
15900,-500,500,"sd","13:34:38",1509800
15900,-500,30000,"sd","13:34:25",1509300
15900,-500,500,"sd","13:33:38",1479300
16000,-400,1000,"bu","13:33:35",1478800
16000,-400,100,"bu","13:33:11",1477800
16000,-400,200,"bu","13:33:07",1477700
16000,-400,1500,"bu","13:32:31",1477500
16000,-400,2500,"bu","13:32:30",1476000
16000,-400,3200,"bu","13:32:27",1473500
16000,-400,2000,"sd","13:32:16",1470300
16000,-400,500,"sd","13:31:28",1468300
16000,-400,5000,"sd","13:31:19",1467800
16000,-400,500,"sd","13:31:02",1462800
16000,-400,500,"sd","13:30:11",1462300
16000,-400,3000,"sd","13:29:59",1461800
16000,-400,600,"sd","13:29:55",1458800
16000,-400,200,"sd","13:29:30",1458200
16000,-400,100,"sd","13:29:19",1458000
16000,-400,1900,"sd","13:29:12",1457900
16000,-400,1000,"bu","13:29:11",1456000
16000,-400,300,"bu","13:29:04",1455000
16000,-400,2600,"sd","13:28:50",1454700
16000,-400,1000,"sd","13:28:40",1452100
16000,-400,500,"sd","13:28:30",1451100
16000,-400,2000,"sd","13:28:23",1450600
16000,-400,4000,"sd","13:28:09",1448600
16000,-400,800,"bu","13:27:51",1444600
16000,-400,1200,"bu","13:27:45",1443800
16000,-400,100,"sd","13:27:19",1442600
16000,-400,100,"bu","13:27:12",1442500
16000,-400,400,"bu","13:27:10",1442400
16000,-400,100,"bu","13:26:59",1442000
16000,-400,5000,"bu","13:26:53",1441900
16000,-400,200,"bu","13:26:46",1436900
16000,-400,1000,"bu","13:26:43",1436700
16000,-400,700,"bu","13:26:31",1435700
16000,-400,500,"bu","13:26:29",1435000
16000,-400,2800,"sd","13:25:51",1434500
16000,-400,5000,"sd","13:25:49",1431700
16000,-400,5100,"sd","13:25:36",1426700
16000,-400,600,"sd","13:25:33",1421600
16000,-400,100,"sd","13:25:18",1421000
16000,-400,400,"sd","13:25:17",1420900
16000,-400,1000,"sd","13:25:05",1420500
16000,-400,3000,"sd","13:24:54",1419500
16000,-400,7000,"sd","13:24:42",1416500
16000,-400,2000,"sd","13:24:39",1409500
16000,-400,1500,"sd","13:24:38",1407500
16000,-400,8200,"sd","13:24:36",1406000
16000,-400,800,"sd","13:24:19",1397800
16000,-400,1000,"sd","13:24:18",1397000
16000,-400,500,"sd","13:24:17",1396000
16000,-400,1000,"sd","13:24:16",1395500
16000,-400,400,"sd","13:24:15",1394500
16000,-400,3000,"sd","13:24:09",1394100
16000,-400,100,"sd","13:24:05",1391100
16000,-400,3100,"sd","13:24:01",1391000
16000,-400,5000,"sd","13:23:58",1387900
16000,-400,1200,"sd","13:23:46",1382900
16000,-400,50000,"sd","13:23:43",1381700
16000,-400,2700,"sd","13:23:34",1331700
16000,-400,5000,"sd","13:23:28",1329000
16000,-400,12400,"sd","13:23:24",1324000
16000,-400,10000,"sd","13:23:22",1311600
16000,-400,8300,"sd","13:23:19",1301600
16000,-400,20000,"sd","13:23:18",1293300
16000,-400,15000,"sd","13:23:17",1273300
16000,-400,4700,"sd","13:22:59",1258300
16000,-400,3000,"sd","13:22:47",1253600
16000,-400,1000,"sd","13:22:45",1250600
16100,-300,500,"bu","13:22:43",1249600
16100,-300,500,"bu","13:22:17",1249100
16000,-400,50000,"sd","13:22:10",1248600
16100,-300,500,"bu","13:21:55",1198600
16100,-300,1000,"bu","13:21:54",1198100
16100,-300,300,"sd","13:21:45",1197100
16100,-300,700,"sd","13:21:41",1196800
16100,-300,500,"bu","13:21:39",1196100
16100,-300,5000,"bu","13:21:26",1195600
16100,-300,100,"bu","13:21:20",1190600
16100,-300,4000,"bu","13:20:54",1190500
16100,-300,700,"bu","13:20:32",1186500
16100,-300,1300,"bu","13:20:24",1185800
16100,-300,5000,"bu","13:20:22",1184500
16100,-300,400,"bu","13:20:18",1179500
16100,-300,1100,"bu","13:20:11",1179100
16100,-300,2000,"bu","13:20:03",1178000
16100,-300,2000,"bu","13:20:01",1176000
16100,-300,500,"bu","13:19:54",1174000
16100,-300,5000,"bu","13:19:42",1173500
16100,-300,12000,"bu","13:19:27",1168500
16100,-300,500,"bu","13:19:26",1156500
16100,-300,500,"bu","13:19:25",1156000
16100,-300,200,"bu","13:19:14",1155500
16000,-400,1900,"sd","13:18:23",1155300
16100,-300,200,"bu","13:18:18",1153400
16100,-300,3000,"bu","13:18:14",1153200
16100,-300,1900,"bu","13:18:05",1150200
16100,-300,500,"sd","13:18:03",1148300
16100,-300,1500,"sd","13:18:00",1147800
16100,-300,200,"bu","13:17:56",1146300
16100,-300,300,"bu","13:17:35",1146100
16100,-300,7500,"sd","13:17:28",1145800
16100,-300,2000,"sd","13:17:03",1138300
16100,-300,1000,"bu","13:17:02",1136300
16100,-300,1500,"bu","13:16:50",1135300
16100,-300,1000,"bu","13:16:46",1133800
16100,-300,5000,"bu","13:16:39",1132800
16100,-300,2000,"bu","13:16:32",1127800
16100,-300,5000,"bu","13:16:22",1125800
16000,-400,2000,"sd","13:16:21",1120800
16100,-300,7300,"sd","13:16:12",1118800
16100,-300,500,"sd","13:16:05",1111500
16100,-300,1000,"sd","13:16:04",1111000
16100,-300,1000,"sd","13:15:40",1110000
16100,-300,3000,"sd","13:15:21",1109000
16100,-300,600,"sd","13:15:12",1106000
16100,-300,1000,"sd","13:15:04",1105400
16100,-300,5000,"sd","13:15:03",1104400
16100,-300,2800,"sd","13:15:00",1099400
16100,-300,10000,"sd","13:14:48",1096600
16100,-300,2000,"sd","13:14:22",1086600
16100,-300,20000,"sd","13:14:16",1084600
16100,-300,1000,"sd","13:13:17",1064600
16200,-200,1200,"bu","13:13:12",1063600
16200,-200,100,"bu","13:13:08",1062400
16200,-200,10000,"bu","13:13:00",1062300
16200,-200,200,"bu","13:12:56",1052300
16200,-200,2500,"bu","13:12:45",1052100
16100,-300,200,"sd","13:12:32",1049600
16200,-200,2500,"bu","13:12:31",1049400
16100,-300,200,"sd","13:12:22",1046900
16100,-300,9300,"bu","13:11:31",1046700
16100,-300,500,"bu","13:11:30",1037400
16100,-300,200,"bu","13:11:28",1036900
16100,-300,2800,"bu","13:11:18",1036700
16100,-300,200,"bu","13:11:16",1033900
16100,-300,800,"bu","13:11:13",1033700
16100,-300,2000,"bu","13:11:01",1032900
16100,-300,200,"bu","13:10:56",1030900
16100,-300,2000,"bu","13:10:54",1030700
16100,-300,2200,"bu","13:10:53",1028700
16100,-300,300,"sd","13:10:39",1026500
16100,-300,1800,"bu","13:10:38",1026200
16100,-300,900,"bu","13:10:24",1024400
16100,-300,4100,"sd","13:10:22",1023500
16100,-300,5900,"bu","13:10:10",1019400
16100,-300,10000,"bu","13:10:08",1013500
16100,-300,1300,"bu","13:10:07",1003500
16100,-300,800,"sd","13:10:01",1002200
16100,-300,20000,"sd","13:09:56",1001400
16200,-200,100,"bu","13:09:53",981400
16100,-300,2000,"sd","13:09:26",981300
16100,-300,900,"bu","13:09:03",979300
16100,-300,7500,"bu","13:09:02",978400
16100,-300,100,"bu","13:08:54",970900
16000,-400,2000,"sd","13:08:51",970800
16000,-400,20000,"sd","13:08:50",968800
16000,-400,20000,"sd","13:08:45",948800
16000,-400,200,"sd","13:08:24",928800
16000,-400,20000,"sd","13:08:22",928600
16100,-300,3000,"bu","13:08:19",908600
16000,-400,40000,"sd","13:08:09",905600
16000,-400,23300,"sd","13:08:07",865600
16000,-400,27100,"sd","13:08:04",842300
16100,-300,1300,"bu","13:08:02",815200
16000,-400,100000,"sd","13:07:58",813900
16000,-400,4500,"sd","13:07:55",713900
16100,-300,1000,"bu","13:07:50",709400
16100,-300,49700,"bu","13:07:45",708400
16100,-300,10000,"sd","13:07:37",658700
16200,-200,133000,"sd","13:07:31",648700
16300,-100,700,"bu","13:07:21",515700
16300,-100,1000,"bu","13:07:20",515000
16300,-100,2000,"bu","13:07:06",514000
16300,-100,5000,"bu","13:07:03",512000
16300,-100,500,"bu","13:07:01",507000
16300,-100,10500,"bu","13:06:57",506500
16300,-100,5100,"bu","13:06:52",496000
16200,-200,1500,"sd","13:06:49",490900
16300,-100,5000,"bu","13:06:48",489400
16200,-200,37100,"sd","13:06:43",484400
16200,-200,9400,"bu","13:06:42",447300
16200,-200,100,"bu","13:06:41",437900
16200,-200,500,"bu","13:06:40",437800
16200,-200,9300,"bu","13:06:39",437300
16200,-200,19000,"bu","13:06:38",428000
16200,-200,2000,"bu","13:06:37",409000
16200,-200,6000,"bu","13:06:36",407000
16200,-200,5000,"bu","13:06:29",401000
16100,-300,1600,"sd","13:06:27",396000
16100,-300,3000,"bu","13:06:26",394400
16100,-300,9300,"bu","13:06:25",391400
16100,-300,15000,"bu","13:06:24",382100
16100,-300,5000,"bu","13:06:22",367100
16000,-400,1000,"sd","13:06:19",362100
16000,-400,12000,"sd","13:06:18",361100
16000,-400,5000,"bu","13:06:17",349100
16000,-400,10000,"bu","13:06:16",344100
16000,-400,20000,"bu","13:06:15",334100
16000,-400,10000,"bu","13:06:14",314100
15900,-500,11000,"sd","13:06:10",304100
15900,-500,5000,"bu","13:06:04",293100
15900,-500,300,"bu","13:05:59",288100
15900,-500,1000,"bu","13:05:47",287800
15900,-500,200,"bu","13:05:28",286800
15800,-600,12000,"sd","13:05:27",286600
15900,-500,200,"bu","13:05:13",274600
15900,-500,200,"bu","13:05:11",274400
15900,-500,500,"bu","13:05:10",274200
15900,-500,200,"bu","13:04:56",273700
15900,-500,5000,"bu","13:04:39",273500
15900,-500,400,"bu","13:04:23",268500
15900,-500,6000,"bu","13:04:22",268100
15900,-500,2000,"bu","13:04:17",262100
15900,-500,3000,"bu","13:04:02",260100
15800,-600,900,"sd","13:03:54",257100
15800,-600,1000,"sd","13:03:53",256200
15800,-600,1000,"sd","13:03:35",255200
15800,-600,7800,"sd","13:03:13",254200
15800,-600,2200,"sd","13:03:07",246400
15800,-600,5000,"sd","13:03:04",244200
15800,-600,500,"sd","13:02:58",239200
15800,-600,15600,"sd","13:02:54",238700
15800,-600,10000,"bu","13:02:44",223100
15700,-700,1000,"sd","13:02:39",213100
15700,-700,4000,"sd","13:02:36",212100
15700,-700,1000,"sd","13:02:33",208100
15800,-600,6400,"bu","13:02:32",207100
15700,-700,100,"sd","13:02:31",200700
15700,-700,5000,"sd","13:02:29",200600
15700,-700,3100,"sd","13:02:25",195600
15700,-700,2000,"sd","13:02:14",192500
15700,-700,1000,"sd","13:02:06",190500
15700,-700,100,"sd","13:02:01",189500
15700,-700,900,"sd","13:01:58",189400
15700,-700,300,"bu","13:01:57",188500
15700,-700,500,"bu","13:01:54",188200
15700,-700,1400,"sd","13:01:53",187700
15700,-700,3000,"sd","13:01:44",186300
15700,-700,3500,"sd","13:01:42",183300
15700,-700,100,"sd","13:01:41",179800
15700,-700,4900,"sd","13:01:33",179700
15800,-600,100,"bu","13:01:30",174800
15700,-700,2500,"sd","13:01:26",174700
15700,-700,1000,"sd","13:01:15",172200
15700,-700,1900,"sd","13:01:12",171200
15800,-600,1600,"bu","13:00:54",169300
15800,-600,1600,"sd","13:00:52",167700
15800,-600,3300,"sd","13:00:51",166100
15800,-600,500,"sd","13:00:49",162800
15800,-600,800,"sd","13:00:48",162300
15800,-600,1400,"sd","13:00:41",161500
15800,-600,2000,"sd","13:00:40",160100
15800,-600,4300,"sd","13:00:37",158100
15800,-600,700,"sd","13:00:35",153800
15800,-600,300,"sd","13:00:31",153100
15800,-600,2100,"sd","13:00:26",152800
15900,-500,3500,"bu","13:00:10",150700
15800,-600,600,"sd","13:00:08",147200
15900,-500,12000,"bu","13:00:07",146600
15900,-500,6600,"bu","13:00:03",134600
16000,-400,15600,"bu","13:00:01",128000
16200,-200,100,"bu","11:21:59",112400
16200,-200,100,"bu","11:19:58",112300
16200,-200,300,"bu","11:18:56",112200
16100,-300,4000,"sd","11:16:26",111900
16100,-300,100,"bu","11:11:35",107900
16100,-300,400,"bu","11:10:07",107800
16000,-400,3000,"sd","11:10:06",107400
16000,-400,1000,"sd","11:08:31",104400
16000,-400,3000,"sd","11:07:25",103400
16100,-300,300,"bu","11:07:17",100400
16100,-300,200,"bu","11:06:41",100100
16100,-300,200,"bu","11:04:11",99900
16100,-300,400,"sd","11:03:24",99700
16100,-300,1000,"sd","11:02:36",99300
16100,-300,200,"sd","11:02:27",98300
16100,-300,100,"bu","11:00:54",98100
16100,-300,100,"bu","11:00:24",98000
16100,-300,100,"bu","10:59:25",97900
16100,-300,300,"bu","10:55:54",97800
16100,-300,3500,"sd","10:55:11",97500
16100,-300,2000,"sd","10:54:44",94000
16000,-400,5000,"sd","10:51:35",92000
16200,-200,100,"bu","10:50:21",87000
16000,-400,2000,"sd","10:50:05",86900
16100,-300,2600,"unknown","10:49:29",84900
16100,-300,5000,"sd","10:47:44",82300
16200,-200,3000,"sd","10:47:00",77300
16200,-200,5000,"sd","10:46:51",74300
16200,-200,300,"sd","10:43:26",69300
16200,-200,200,"sd","10:35:20",69000
16200,-200,4000,"sd","10:34:31",68800
16200,-200,200,"sd","10:32:29",64800
16200,-200,13000,"sd","10:32:00",64600
16300,-100,100,"sd","10:28:35",51600
16300,-100,100,"sd","10:28:10",51500
16300,-100,200,"sd","10:26:14",51400
16400,0,1200,"bu","10:20:31",51200
16300,-100,100,"sd","10:18:41",50000
16300,-100,100,"sd","10:18:28",49900
16300,-100,2000,"sd","10:17:05",49800
16400,0,1000,"bu","10:16:53",47800
16300,-100,10000,"sd","10:16:50",46800
16400,0,200,"bu","10:10:03",36800
16400,0,200,"bu","10:07:54",36600
16400,0,500,"bu","10:05:44",36400
16400,0,100,"bu","10:05:21",35900
16300,-100,1000,"sd","10:02:02",35800
16400,0,900,"bu","09:59:30",34800
16400,0,300,"bu","09:57:22",33900
16400,0,200,"bu","09:52:40",33600
16400,0,300,"bu","09:52:32",33400
16400,0,1800,"bu","09:51:06",33100
16400,0,600,"bu","09:47:20",31300
16400,0,700,"bu","09:36:04",30700
16400,0,1000,"bu","09:34:10",30000
16400,0,3000,"bu","09:33:58",29000
16400,0,1000,"bu","09:33:41",26000
16300,-100,1100,"sd","09:30:16",25000
16200,-200,3500,"sd","09:30:04",23900
16200,-200,1500,"sd","09:25:56",20400
16200,-200,3000,"sd","09:24:59",18900
16200,-200,5000,"sd","09:24:34",15900
16200,-200,400,"sd","09:23:55",10900
16200,-200,100,"sd","09:23:18",10500
16200,-200,2400,"sd","09:21:55",10400
16000,-400,500,"sd","09:21:49",8000
16000,-400,1000,"sd","09:21:37",7500
16000,-400,100,"sd","09:20:46",6500
16000,-400,1300,"sd","09:20:11",6400
16000,-400,1600,"bu","09:20:10",5100
16200,-200,100,"bu","09:19:49",3500
16300,-100,400,"bu","09:19:23",3400
16300,-100,2600,"bu","09:18:53",3000
16400,0,400,"sd","09:04:32",400
