"price","change","match_qtty","side","time","total_vol"
5300,0,17400,"bu","14:45:01",539800
5300,0,100,"bu","14:29:48",522400
5300,0,2000,"bu","14:29:02",522300
5300,0,200,"bu","14:28:34",520300
5300,0,1900,"sd","14:27:28",520100
5300,0,3400,"sd","14:27:14",518200
5300,0,14800,"bu","14:26:24",514800
5300,0,4400,"bu","14:26:19",500000
5300,0,100,"bu","14:25:50",495600
5300,0,400,"bu","14:25:44",495500
5300,0,5800,"bu","14:24:41",495100
5300,0,5000,"bu","14:22:34",489300
5300,0,100,"bu","14:22:15",484300
5300,0,100,"bu","14:20:48",484200
5200,-100,100,"sd","14:19:13",484100
5300,0,400,"bu","14:18:49",484000
5300,0,500,"bu","14:18:02",483600
5300,0,2400,"bu","14:14:45",483100
5300,0,1100,"sd","14:14:28",480700
5300,0,7000,"bu","14:13:26",479600
5300,0,4000,"bu","14:11:21",472600
5300,0,400,"bu","14:11:15",468600
5300,0,100,"bu","14:10:23",468200
5300,0,200,"bu","14:09:50",468100
5300,0,600,"bu","14:08:25",467900
5300,0,200,"sd","14:05:18",467300
5300,0,800,"sd","14:05:00",467100
5200,-100,1000,"sd","14:04:47",466300
5300,0,2200,"bu","14:04:29",465300
5300,0,1000,"sd","14:02:01",463100
5300,0,2000,"sd","13:59:47",462100
5300,0,1100,"sd","13:58:48",460100
5300,0,4000,"sd","13:58:05",459000
5300,0,200,"sd","13:56:46",455000
5300,0,3000,"sd","13:53:24",454800
5300,0,5000,"sd","13:53:16",451800
5300,0,500,"sd","13:53:11",446800
5300,0,13400,"sd","13:49:58",446300
5300,0,200,"sd","13:49:01",432900
5300,0,1000,"sd","13:48:16",432700
5300,0,3400,"sd","13:46:12",431700
5300,0,200,"sd","13:43:19",428300
5300,0,2900,"sd","13:42:07",428100
5300,0,1300,"sd","13:41:27",425200
5300,0,3500,"sd","13:40:37",423900
5300,0,100,"sd","13:39:43",420400
5400,100,100,"bu","13:35:38",420300
5300,0,14200,"sd","13:35:26",420200
5300,0,2000,"bu","13:32:31",406000
5300,0,3600,"bu","13:32:08",404000
5300,0,1000,"sd","13:31:51",400400
5300,0,7200,"sd","13:30:49",399400
5300,0,300,"sd","13:29:50",392200
5300,0,2000,"sd","13:29:06",391900
5300,0,400,"bu","13:27:28",389900
5300,0,400,"sd","13:27:26",389500
5300,0,100,"bu","13:27:24",389100
5300,0,3000,"bu","13:27:09",389000
5300,0,1000,"bu","13:23:32",386000
5300,0,300,"bu","13:23:17",385000
5300,0,27300,"bu","13:23:02",384700
5300,0,5000,"bu","13:22:33",357400
5300,0,5000,"bu","13:22:19",352400
5300,0,100,"bu","13:19:18",347400
5300,0,500,"bu","13:16:21",347300
5300,0,10000,"bu","13:14:36",346800
5300,0,8600,"bu","13:09:56",336800
5300,0,10000,"sd","13:09:37",328200
5300,0,3900,"sd","13:09:00",318200
5300,0,5000,"sd","13:08:36",314300
5300,0,10000,"sd","13:07:24",309300
5300,0,800,"sd","13:03:30",299300
5400,100,100,"bu","13:03:22",298500
5300,0,2000,"sd","13:02:33",298400
5300,0,500,"sd","13:01:45",296400
5300,0,400,"sd","13:00:13",295900
5300,0,100,"sd","13:00:10",295500
5300,0,200,"sd","13:00:07",295400
5300,0,400,"sd","13:00:04",295200
5300,0,500,"sd","11:28:56",294800
5300,0,300,"sd","11:27:12",294300
5300,0,2000,"sd","11:24:31",294000
5300,0,5000,"sd","11:23:43",292000
5300,0,500,"sd","11:23:22",287000
5300,0,300,"sd","11:22:07",286500
5300,0,100,"sd","11:19:25",286200
5300,0,3000,"sd","11:16:23",286100
5300,0,500,"bu","11:15:57",283100
5300,0,100,"bu","11:12:37",282600
5300,0,2000,"bu","11:10:29",282500
5300,0,2000,"bu","11:06:33",280500
5300,0,2000,"bu","11:05:48",278500
5300,0,5000,"bu","11:03:53",276500
5300,0,5000,"bu","11:02:29",271500
5300,0,400,"bu","11:00:06",266500
5300,0,1000,"bu","10:59:02",266100
5300,0,10000,"bu","10:58:00",265100
5300,0,3600,"bu","10:57:13",255100
5300,0,100,"bu","10:55:08",251500
5300,0,3000,"bu","10:53:42",251400
5300,0,10000,"bu","10:51:21",248400
5300,0,800,"bu","10:51:07",238400
5300,0,100,"bu","10:47:57",237600
5300,0,1300,"bu","10:47:29",237500
5300,0,100,"bu","10:47:03",236200
5300,0,100,"bu","10:46:29",236100
5300,0,2000,"bu","10:46:25",236000
5300,0,100,"bu","10:43:48",234000
5300,0,400,"bu","10:42:08",233900
5300,0,200,"bu","10:41:46",233500
5300,0,200,"bu","10:41:24",233300
5200,-100,500,"sd","10:40:42",233100
5300,0,100,"bu","10:39:17",232600
5300,0,4900,"sd","10:37:53",232500
5300,0,1600,"sd","10:37:43",227600
5300,0,2600,"sd","10:36:01",226000
5300,0,20000,"sd","10:34:39",223400
5300,0,4000,"sd","10:33:32",203400
5300,0,200,"sd","10:33:29",199400
5300,0,1000,"sd","10:33:28",199200
5300,0,200,"sd","10:32:35",198200
5300,0,3100,"sd","10:31:03",198000
5300,0,3000,"sd","10:30:27",194900
5300,0,5000,"sd","10:23:12",191900
5300,0,500,"sd","10:22:51",186900
5300,0,5000,"sd","10:21:01",186400
5300,0,100,"sd","10:20:29",181400
5300,0,4900,"sd","10:18:21",181300
5300,0,3600,"sd","10:17:13",176400
5300,0,20000,"sd","10:15:31",172800
5300,0,200,"sd","10:14:46",152800
5300,0,600,"sd","10:14:04",152600
5300,0,5000,"sd","10:13:31",152000
5300,0,500,"sd","10:12:32",147000
5300,0,200,"sd","10:12:03",146500
5300,0,15000,"sd","10:06:44",146300
5300,0,15000,"sd","10:06:04",131300
5300,0,100,"sd","09:59:41",116300
5300,0,600,"sd","09:57:04",116200
5300,0,10000,"sd","09:56:50",115600
5300,0,400,"sd","09:53:23",105600
5300,0,500,"sd","09:51:56",105200
5300,0,7000,"sd","09:50:45",104700
5300,0,4000,"sd","09:50:30",97700
5300,0,2000,"sd","09:48:36",93700
5300,0,20400,"sd","09:48:10",91700
5300,0,500,"sd","09:43:11",71300
5300,0,400,"sd","09:40:52",70800
5300,0,10000,"sd","09:37:23",70400
5400,100,100,"bu","09:31:56",60400
5300,0,1000,"sd","09:28:42",60300
5300,0,37700,"sd","09:28:12",59300
5300,0,200,"bu","09:27:53",21600
5300,0,100,"bu","09:27:18",21400
5200,-100,10000,"sd","09:25:04",21300
5200,-100,1000,"sd","09:23:54",11300
5200,-100,100,"sd","09:20:42",10300
5200,-100,900,"sd","09:20:27",10200
5200,-100,500,"sd","09:17:17",9300
5300,0,900,"bu","09:16:05",8800
5300,0,100,"bu","09:10:09",7900
5300,0,2000,"sd","09:09:42",7800
5300,0,600,"sd","09:09:40",5800
5300,0,4400,"sd","09:08:44",5200
5300,0,100,"sd","09:04:56",800
5300,0,500,"sd","09:00:23",700
5300,0,200,"sd","09:00:20",200
