"price","change","match_qtty","side","time","total_vol"
17350,50,593500,"unknown","14:45:00",5683200
17250,-50,1000,"sd","14:29:58",5089700
17250,-50,1900,"sd","14:29:18",5088700
17250,-50,100,"sd","14:29:18",5086800
17250,-50,3300,"sd","14:29:04",5086700
17250,-50,100,"sd","14:29:03",5083400
17250,-50,200,"sd","14:29:03",5083300
17250,-50,100,"sd","14:29:03",5083100
17250,-50,100,"sd","14:29:03",5083000
17250,-50,100,"sd","14:29:03",5082900
17250,-50,500,"sd","14:29:03",5082800
17250,-50,600,"sd","14:29:03",5082300
17250,-50,100,"sd","14:28:33",5081700
17250,-50,3300,"sd","14:27:28",5081600
17250,-50,300,"sd","14:27:24",5078300
17250,-50,1400,"sd","14:26:00",5078000
17250,-50,100,"sd","14:26:00",5076600
17250,-50,500,"sd","14:25:27",5076500
17250,-50,100,"sd","14:25:07",5076000
17250,-50,100,"sd","14:25:04",5075900
17250,-50,200,"sd","14:25:03",5075800
17250,-50,100,"sd","14:25:02",5075600
17250,-50,100,"sd","14:24:56",5075500
17250,-50,200,"sd","14:24:13",5075400
17250,-50,200,"sd","14:23:29",5075200
17250,-50,8400,"sd","14:23:05",5075000
17250,-50,600,"sd","14:23:05",5066600
17300,0,7000,"bu","14:22:57",5066000
17250,-50,200,"sd","14:22:42",5059000
17300,0,1100,"bu","14:22:35",5058800
17250,-50,100,"sd","14:22:31",5057700
17250,-50,100,"sd","14:22:25",5057600
17250,-50,200,"sd","14:22:25",5057500
17250,-50,100,"sd","14:22:25",5057300
17250,-50,200,"sd","14:22:25",5057200
17250,-50,800,"sd","14:22:25",5057000
17300,0,1500,"bu","14:22:22",5056200
17300,0,10200,"bu","14:22:14",5054700
17300,0,7800,"bu","14:22:08",5044500
17300,0,7000,"bu","14:21:59",5036700
17250,-50,200,"sd","14:21:52",5029700
17300,0,7200,"bu","14:21:48",5029500
17300,0,6400,"bu","14:21:37",5022300
17250,-50,500,"sd","14:21:33",5015900
17250,-50,500,"sd","14:21:25",5015400
17250,-50,500,"sd","14:21:12",5014900
17250,-50,200,"sd","14:21:07",5014400
17250,-50,500,"sd","14:21:04",5014200
17250,-50,200,"sd","14:20:19",5013700
17300,0,7800,"bu","14:19:46",5013500
17250,-50,5600,"sd","14:19:37",5005700
17250,-50,100,"sd","14:19:37",5000100
17250,-50,300,"sd","14:19:37",5000000
17250,-50,100,"sd","14:19:37",4999700
17250,-50,1000,"sd","14:19:37",4999600
17250,-50,1000,"sd","14:19:37",4998600
17250,-50,100,"sd","14:19:37",4997600
17250,-50,300,"sd","14:19:37",4997500
17250,-50,200,"sd","14:19:36",4997200
17300,0,2900,"bu","14:19:34",4997000
17300,0,7200,"bu","14:19:33",4994100
17250,-50,2000,"sd","14:19:33",4986900
17250,-50,500,"sd","14:19:28",4984900
17300,0,7800,"bu","14:19:27",4984400
17250,-50,300,"sd","14:18:51",4976600
17250,-50,1000,"sd","14:18:47",4976300
17300,0,5000,"bu","14:18:47",4975300
17250,-50,100,"sd","14:18:45",4970300
17250,-50,500,"sd","14:18:42",4970200
17250,-50,1300,"sd","14:18:42",4969700
17250,-50,600,"sd","14:18:42",4968400
17250,-50,500,"sd","14:18:42",4967800
17250,-50,5000,"sd","14:18:42",4967300
17250,-50,600,"sd","14:18:42",4962300
17250,-50,500,"sd","14:18:42",4961700
17250,-50,1700,"sd","14:18:35",4961200
17250,-50,200,"sd","14:18:35",4959500
17250,-50,1100,"sd","14:18:35",4959300
17250,-50,200,"sd","14:17:59",4958200
17300,0,8100,"sd","14:17:47",4958000
17300,0,4900,"sd","14:17:47",4949900
17300,0,100,"sd","14:17:47",4945000
17300,0,500,"sd","14:17:42",4944900
17300,0,400,"sd","14:17:42",4944400
17300,0,200,"sd","14:17:42",4944000
17300,0,500,"sd","14:17:42",4943800
17300,0,400,"sd","14:17:42",4943300
17300,0,6000,"sd","14:17:41",4942900
17300,0,3000,"sd","14:17:40",4936900
17300,0,300,"sd","14:17:38",4933900
17300,0,7500,"sd","14:17:37",4933600
17300,0,500,"sd","14:17:31",4926100
17300,0,2300,"sd","14:17:29",4925600
17300,0,27000,"sd","14:17:28",4923300
17300,0,100,"sd","14:17:26",4896300
17300,0,13300,"sd","14:17:20",4896200
17300,0,1000,"sd","14:17:19",4882900
17300,0,100,"sd","14:17:17",4881900
17300,0,500,"sd","14:17:17",4881800
17300,0,14700,"sd","14:17:15",4881300
17300,0,200,"sd","14:17:15",4866600
17300,0,200,"sd","14:17:12",4866400
17300,0,5000,"sd","14:17:10",4866200
17300,0,2300,"sd","14:17:10",4861200
17300,0,800,"sd","14:17:06",4858900
17300,0,600,"sd","14:17:06",4858100
17300,0,10000,"sd","14:17:05",4857500
17300,0,100,"sd","14:16:56",4847500
17300,0,1600,"sd","14:16:49",4847400
17300,0,1500,"sd","14:16:48",4845800
17300,0,13000,"sd","14:16:46",4844300
17300,0,2000,"sd","14:16:44",4831300
17300,0,100,"sd","14:16:41",4829300
17300,0,500,"sd","14:16:39",4829200
17300,0,10000,"sd","14:16:32",4828700
17300,0,200,"sd","14:16:32",4818700
17300,0,200,"sd","14:16:28",4818500
17300,0,500,"sd","14:16:25",4818300
17300,0,200,"sd","14:16:17",4817800
17300,0,6000,"sd","14:16:10",4817600
17300,0,1300,"sd","14:16:10",4811600
17300,0,11500,"sd","14:15:51",4810300
17300,0,1500,"sd","14:15:45",4798800
17300,0,200,"sd","14:15:42",4797300
17300,0,200,"sd","14:15:38",4797100
17300,0,1000,"sd","14:15:32",4796900
17300,0,100,"sd","14:15:28",4795900
17300,0,2500,"sd","14:15:16",4795800
17300,0,2600,"sd","14:15:16",4793300
17300,0,1000,"sd","14:15:16",4790700
17300,0,3000,"sd","14:15:16",4789700
17300,0,500,"sd","14:15:16",4786700
17300,0,200,"sd","14:15:16",4786200
17300,0,30000,"sd","14:15:16",4786000
17300,0,500,"sd","14:15:16",4756000
17300,0,800,"sd","14:15:16",4755500
17300,0,100,"sd","14:15:16",4754700
17300,0,58800,"sd","14:15:16",4754600
17300,0,1000,"sd","14:15:02",4695800
17300,0,100,"sd","14:14:55",4694800
17300,0,2000,"sd","14:14:44",4694700
17300,0,4000,"sd","14:14:38",4692700
17300,0,34100,"sd","14:14:38",4688700
17300,0,300,"sd","14:14:38",4654600
17300,0,1000,"sd","14:14:38",4654300
17300,0,5000,"sd","14:14:38",4653300
17300,0,300,"sd","14:14:38",4648300
17300,0,9300,"sd","14:14:38",4648000
17300,0,100,"sd","14:14:36",4638700
17300,0,1100,"sd","14:14:13",4638600
17300,0,200,"sd","14:14:11",4637500
17300,0,6000,"sd","14:14:06",4637300
17300,0,500,"sd","14:14:02",4631300
17300,0,400,"sd","14:14:01",4630800
17300,0,700,"sd","14:13:58",4630400
17300,0,100,"sd","14:13:57",4629700
17350,50,100,"bu","14:13:57",4629600
17300,0,500,"sd","14:13:57",4629500
17300,0,100,"sd","14:13:55",4629000
17300,0,5000,"sd","14:13:40",4628900
17300,0,1500,"sd","14:13:37",4623900
17300,0,2000,"sd","14:13:27",4622400
17300,0,200,"sd","14:13:26",4620400
17300,0,3400,"sd","14:13:04",4620200
17300,0,200,"sd","14:12:43",4616800
17300,0,500,"sd","14:12:41",4616600
17300,0,200,"sd","14:12:33",4616100
17300,0,12700,"sd","14:12:33",4615900
17300,0,400,"sd","14:12:29",4603200
17300,0,4000,"sd","14:11:57",4602800
17300,0,200,"sd","14:11:55",4598800
17300,0,1000,"sd","14:11:39",4598600
17300,0,500,"sd","14:11:19",4597600
17300,0,100,"sd","14:11:13",4597100
17300,0,200,"sd","14:10:30",4597000
17350,50,100,"bu","14:10:05",4596800
17300,0,4000,"sd","14:10:02",4596700
17300,0,100,"sd","14:09:50",4592700
17300,0,200,"sd","14:09:48",4592600
17300,0,10000,"sd","14:09:41",4592400
17300,0,200,"sd","14:09:40",4582400
17300,0,400,"sd","14:09:34",4582200
17300,0,300,"sd","14:09:23",4581800
17300,0,300,"sd","14:09:20",4581500
17300,0,500,"sd","14:09:11",4581200
17300,0,800,"sd","14:09:10",4580700
17300,0,100,"sd","14:08:51",4579900
17300,0,200,"sd","14:08:51",4579800
17300,0,200,"sd","14:08:51",4579600
17300,0,500,"sd","14:08:38",4579400
17300,0,10000,"sd","14:08:11",4578900
17300,0,500,"sd","14:08:07",4568900
17300,0,50000,"sd","14:08:03",4568400
17300,0,200,"sd","14:07:58",4518400
17300,0,500,"sd","14:07:51",4518200
17300,0,300,"sd","14:07:31",4517700
17300,0,200,"sd","14:07:12",4517400
17300,0,100,"sd","14:07:03",4517200
17300,0,200,"sd","14:06:31",4517100
17300,0,700,"sd","14:06:05",4516900
17300,0,600,"sd","14:06:05",4516200
17300,0,600,"sd","14:05:53",4515600
17300,0,200,"sd","14:05:46",4515000
17300,0,100,"sd","14:05:34",4514800
17300,0,22600,"sd","14:05:33",4514700
17300,0,1100,"sd","14:05:22",4492100
17300,0,100,"sd","14:05:22",4491000
17300,0,100,"sd","14:04:58",4490900
17300,0,300,"sd","14:04:53",4490800
17300,0,18600,"sd","14:04:48",4490500
17300,0,200,"sd","14:04:16",4471900
17350,50,4000,"bu","14:04:09",4471700
17350,50,300,"bu","14:04:09",4467700
17350,50,1000,"bu","14:04:09",4467400
17350,50,100,"bu","14:04:09",4466400
17350,50,1000,"bu","14:04:09",4466300
17350,50,6000,"bu","14:04:09",4465300
17350,50,100,"bu","14:04:09",4459300
17350,50,200,"bu","14:04:09",4459200
17350,50,300,"bu","14:04:09",4459000
17350,50,300,"bu","14:04:09",4458700
17350,50,100,"bu","14:04:08",4458400
17350,50,5000,"bu","14:04:08",4458300
17350,50,400,"bu","14:04:08",4453300
17350,50,100,"bu","14:04:08",4452900
17350,50,500,"bu","14:04:08",4452800
17350,50,1000,"bu","14:04:08",4452300
17350,50,300,"bu","14:04:08",4451300
17350,50,100,"bu","14:04:08",4451000
17350,50,200,"bu","14:04:08",4450900
17350,50,20000,"bu","14:04:08",4450700
17350,50,1000,"bu","14:04:08",4430700
17350,50,700,"bu","14:04:08",4429700
17350,50,500,"bu","14:04:08",4429000
17350,50,5000,"bu","14:04:08",4428500
17350,50,1800,"bu","14:04:08",4423500
17300,0,1000,"sd","14:04:05",4421700
17300,0,100,"sd","14:03:53",4420700
17300,0,2000,"sd","14:03:47",4420600
17300,0,100,"sd","14:03:35",4418600
17300,0,200,"sd","14:03:32",4418500
17300,0,500,"sd","14:03:24",4418300
17350,50,100,"bu","14:03:21",4417800
17300,0,2000,"sd","14:03:16",4417700
17350,50,300,"bu","14:02:30",4415700
17350,50,7800,"bu","14:02:18",4415400
17350,50,100,"bu","14:02:18",4407600
17350,50,900,"bu","14:02:08",4407500
17350,50,1000,"bu","14:02:08",4406600
17350,50,3900,"bu","14:02:08",4405600
17350,50,1100,"bu","14:01:55",4401700
17350,50,2000,"bu","14:01:55",4400600
17350,50,100,"bu","14:01:55",4398600
17350,50,500,"bu","14:01:55",4398500
17350,50,200,"bu","14:01:55",4398000
17350,50,20000,"bu","14:01:55",4397800
17350,50,6000,"bu","14:01:55",4377800
17350,50,400,"bu","14:01:55",4371800
17350,50,200,"bu","14:01:55",4371400
17350,50,100,"bu","14:01:55",4371200
17350,50,100,"bu","14:01:55",4371100
17350,50,1200,"bu","14:01:55",4371000
17350,50,2500,"bu","14:01:55",4369800
17350,50,200,"bu","14:01:55",4367300
17350,50,300,"bu","14:01:55",4367100
17350,50,200,"bu","14:01:55",4366800
17350,50,200,"bu","14:01:55",4366600
17350,50,100,"bu","14:01:55",4366400
17350,50,100,"bu","14:01:55",4366300
17350,50,100,"bu","14:01:55",4366200
17350,50,50000,"bu","14:01:55",4366100
17350,50,2000,"bu","14:01:55",4316100
17350,50,100,"bu","14:01:55",4314100
17350,50,100,"bu","14:01:55",4314000
17350,50,500,"bu","14:01:55",4313900
17350,50,2000,"bu","14:01:55",4313400
17350,50,500,"bu","14:01:55",4311400
17350,50,500,"bu","14:01:55",4310900
17350,50,300,"bu","14:01:55",4310400
17350,50,300,"bu","14:01:55",4310100
17350,50,100,"bu","14:01:55",4309800
17350,50,500,"bu","14:01:55",4309700
17350,50,200,"bu","14:01:55",4309200
17350,50,100,"bu","14:01:55",4309000
17350,50,5000,"bu","14:01:55",4308900
17350,50,1800,"bu","14:01:55",4303900
17350,50,300,"bu","14:01:55",4302100
17350,50,100,"bu","14:01:55",4301800
17350,50,5000,"bu","14:01:34",4301700
17350,50,1400,"bu","14:01:34",4296700
17350,50,100,"bu","14:01:34",4295300
17350,50,700,"bu","14:01:34",4295200
17250,-50,200,"sd","14:01:21",4294500
17300,0,100,"bu","14:01:12",4294300
17300,0,100,"bu","14:01:12",4294200
17300,0,100,"bu","14:01:12",4294100
17300,0,300,"bu","14:01:12",4294000
17300,0,200,"bu","14:01:12",4293700
17300,0,8000,"bu","14:01:12",4293500
17300,0,100,"bu","14:01:12",4285500
17300,0,600,"bu","14:01:12",4285400
17300,0,100,"bu","14:01:12",4284800
17300,0,100,"bu","14:01:12",4284700
17300,0,1000,"bu","14:01:12",4284600
17300,0,1300,"bu","14:01:12",4283600
17300,0,1000,"bu","14:01:12",4282300
17300,0,700,"bu","14:01:12",4281300
17300,0,200,"bu","14:01:12",4280600
17300,0,100,"bu","14:01:12",4280400
17300,0,1000,"bu","14:01:11",4280300
17300,0,300,"bu","14:01:11",4279300
17300,0,2000,"bu","14:01:11",4279000
17300,0,700,"bu","14:01:11",4277000
17300,0,500,"bu","14:01:11",4276300
17300,0,100,"bu","14:01:11",4275800
17300,0,400,"bu","14:01:11",4275700
17300,0,600,"bu","14:01:11",4275300
17300,0,3800,"bu","14:01:07",4274700
17300,0,5600,"bu","14:00:49",4270900
17300,0,4600,"bu","14:00:49",4265300
17300,0,400,"bu","14:00:39",4260700
17250,-50,200,"sd","14:00:35",4260300
17300,0,3000,"bu","14:00:05",4260100
17300,0,300,"bu","13:59:56",4257100
17300,0,100,"bu","13:59:54",4256800
17300,0,1000,"bu","13:59:43",4256700
17300,0,100,"bu","13:59:40",4255700
17300,0,500,"bu","13:59:29",4255600
17300,0,100,"bu","13:59:29",4255100
17300,0,1000,"bu","13:59:29",4255000
17300,0,100,"bu","13:59:29",4254000
17300,0,3300,"bu","13:59:29",4253900
17300,0,100,"bu","13:59:21",4250600
17300,0,1600,"bu","13:59:14",4250500
17300,0,100,"bu","13:59:14",4248900
17300,0,3300,"bu","13:59:14",4248800
17300,0,5500,"bu","13:59:13",4245500
17300,0,6000,"bu","13:59:13",4240000
17300,0,1200,"bu","13:59:13",4234000
17300,0,22300,"bu","13:59:13",4232800
17300,0,2000,"bu","13:59:05",4210500
17300,0,600,"bu","13:59:04",4208500
17300,0,50000,"bu","13:58:50",4207900
17300,0,40000,"bu","13:58:20",4157900
17250,-50,200,"sd","13:58:14",4117900
17300,0,85100,"bu","13:58:00",4117700
17300,0,200,"bu","13:58:00",4032600
17300,0,2000,"bu","13:58:00",4032400
17300,0,100,"bu","13:58:00",4030400
17300,0,600,"bu","13:58:00",4030300
17300,0,12000,"bu","13:58:00",4029700
17250,-50,2600,"sd","13:57:51",4017700
17250,-50,5600,"sd","13:57:51",4015100
17250,-50,800,"sd","13:57:51",4009500
17250,-50,100,"sd","13:57:31",4008700
17250,-50,9300,"sd","13:57:16",4008600
17250,-50,10200,"sd","13:57:16",3999300
17250,-50,1000,"sd","13:57:16",3989100
17250,-50,1000,"sd","13:57:16",3988100
17250,-50,300,"sd","13:57:16",3987100
17250,-50,100,"sd","13:57:16",3986800
17250,-50,100,"sd","13:57:16",3986700
17250,-50,500,"sd","13:57:16",3986600
17250,-50,500,"sd","13:57:16",3986100
17250,-50,100,"sd","13:57:16",3985600
17250,-50,3000,"sd","13:57:16",3985500
17250,-50,73900,"sd","13:57:16",3982500
17250,-50,200,"sd","13:56:44",3908600
17300,0,700,"bu","13:56:08",3908400
17300,0,7300,"bu","13:55:55",3907700
17300,0,1100,"bu","13:55:55",3900400
17300,0,1800,"bu","13:55:55",3899300
17300,0,100,"bu","13:55:50",3897500
17300,0,1000,"bu","13:55:35",3897400
17250,-50,200,"sd","13:55:17",3896400
17300,0,100,"bu","13:55:14",3896200
17300,0,2000,"bu","13:55:14",3896100
17300,0,400,"bu","13:55:14",3894100
17300,0,5000,"bu","13:55:14",3893700
17300,0,4000,"bu","13:55:14",3888700
17300,0,300,"bu","13:55:14",3884700
17300,0,400,"bu","13:55:14",3884400
17300,0,100,"bu","13:55:14",3884000
17300,0,5000,"bu","13:55:14",3883900
17300,0,300,"bu","13:55:14",3878900
17300,0,100,"bu","13:55:14",3878600
17300,0,5400,"bu","13:55:14",3878500
17300,0,300,"bu","13:55:14",3873100
17300,0,100,"bu","13:55:14",3872800
17300,0,1100,"bu","13:55:14",3872700
17300,0,100,"bu","13:55:14",3871600
17300,0,500,"bu","13:55:14",3871500
17300,0,600,"bu","13:55:14",3871000
17300,0,5700,"bu","13:55:14",3870400
17300,0,10000,"bu","13:55:14",3864700
17300,0,8500,"bu","13:55:14",3854700
17250,-50,300,"sd","13:55:14",3846200
17300,0,1500,"bu","13:54:59",3845900
17300,0,1100,"bu","13:54:59",3844400
17300,0,400,"bu","13:54:59",3843300
17250,-50,100,"sd","13:54:34",3842900
17250,-50,800,"sd","13:54:30",3842800
17250,-50,300,"sd","13:54:23",3842000
17250,-50,100,"sd","13:54:21",3841700
17250,-50,200,"sd","13:54:13",3841600
17300,0,100,"bu","13:54:00",3841400
17250,-50,200,"sd","13:53:51",3841300
17300,0,100,"bu","13:53:13",3841100
17300,0,100,"bu","13:53:13",3841000
17300,0,900,"bu","13:53:13",3840900
17300,0,1900,"bu","13:53:13",3840000
17250,-50,200,"sd","13:53:08",3838100
17300,0,100,"bu","13:52:32",3837900
17250,-50,200,"sd","13:52:25",3837800
17250,-50,800,"sd","13:52:24",3837600
17250,-50,3400,"sd","13:52:23",3836800
17250,-50,2000,"sd","13:52:15",3833400
17250,-50,100,"sd","13:51:40",3831400
17250,-50,300,"sd","13:51:37",3831300
17250,-50,200,"sd","13:50:59",3831000
17300,0,6400,"bu","13:50:24",3830800
17250,-50,3000,"sd","13:50:16",3824400
17250,-50,200,"sd","13:50:13",3821400
17250,-50,2000,"sd","13:50:11",3821200
17300,0,100,"bu","13:50:09",3819200
17300,0,1700,"bu","13:50:09",3819100
17300,0,200,"bu","13:50:09",3817400
17300,0,1000,"bu","13:50:09",3817200
17300,0,2000,"bu","13:50:09",3816200
17300,0,500,"bu","13:50:09",3814200
17300,0,1000,"bu","13:50:09",3813700
17300,0,100,"bu","13:50:09",3812700
17300,0,300,"bu","13:50:09",3812600
17300,0,100,"bu","13:50:09",3812300
17250,-50,100,"sd","13:49:56",3812200
17300,0,300,"bu","13:49:47",3812100
17300,0,9900,"bu","13:49:47",3811800
17250,-50,100,"sd","13:49:32",3801900
17250,-50,100,"sd","13:49:15",3801800
17300,0,30000,"bu","13:49:10",3801700
17250,-50,200,"sd","13:48:48",3771700
17300,0,10000,"bu","13:48:39",3771500
17300,0,1000,"bu","13:48:27",3761500
17250,-50,300,"sd","13:48:14",3760500
17250,-50,200,"sd","13:48:06",3760200
17250,-50,2000,"sd","13:47:52",3760000
17300,0,50000,"bu","13:47:45",3758000
17250,-50,700,"sd","13:47:35",3708000
17250,-50,200,"sd","13:47:23",3707300
17250,-50,1500,"sd","13:46:57",3707100
17300,0,50000,"bu","13:46:55",3705600
17250,-50,100,"sd","13:46:39",3655600
17300,0,40000,"bu","13:46:02",3655500
17250,-50,200,"sd","13:45:57",3615500
17300,0,29100,"bu","13:45:28",3615300
17300,0,100,"bu","13:45:28",3586200
17300,0,20000,"bu","13:45:28",3586100
17300,0,500,"bu","13:45:28",3566100
17300,0,200,"bu","13:45:28",3565600
17300,0,100,"bu","13:45:28",3565400
17250,-50,200,"sd","13:45:12",3565300
17250,-50,200,"sd","13:44:30",3565100
17250,-50,500,"sd","13:44:13",3564900
17250,-50,100,"sd","13:43:47",3564400
17250,-50,200,"sd","13:43:44",3564300
17250,-50,200,"sd","13:43:29",3564100
17250,-50,200,"sd","13:43:05",3563900
17250,-50,200,"sd","13:42:22",3563700
17250,-50,2200,"sd","13:42:12",3563500
17250,-50,200,"sd","13:42:02",3561300
17250,-50,100,"sd","13:41:41",3561100
17250,-50,100,"sd","13:41:17",3561000
17250,-50,100,"sd","13:41:16",3560900
17250,-50,1000,"sd","13:41:00",3560800
17250,-50,100,"sd","13:40:58",3559800
17250,-50,100,"sd","13:40:58",3559700
17250,-50,300,"sd","13:40:29",3559600
17250,-50,200,"sd","13:40:29",3559300
17250,-50,500,"sd","13:40:29",3559100
17250,-50,200,"sd","13:40:14",3558600
17250,-50,200,"sd","13:40:13",3558400
17250,-50,6900,"sd","13:40:10",3558200
17250,-50,100,"sd","13:40:03",3551300
17250,-50,200,"sd","13:39:30",3551200
17250,-50,300,"sd","13:39:05",3551000
17250,-50,100,"sd","13:38:47",3550700
17250,-50,200,"sd","13:38:03",3550600
17300,0,100,"bu","13:37:55",3550400
17250,-50,200,"sd","13:37:18",3550300
17250,-50,200,"sd","13:36:36",3550100
17250,-50,200,"sd","13:36:27",3549900
17250,-50,100,"sd","13:36:06",3549700
17250,-50,100,"sd","13:35:53",3549600
17250,-50,1000,"sd","13:35:35",3549500
17250,-50,500,"sd","13:35:35",3548500
17250,-50,100,"sd","13:35:13",3548000
17250,-50,200,"sd","13:35:07",3547900
17250,-50,500,"sd","13:35:01",3547700
17250,-50,3000,"sd","13:35:00",3547200
17250,-50,300,"sd","13:34:57",3544200
17250,-50,100,"sd","13:34:39",3543900
17250,-50,200,"sd","13:34:24",3543800
17250,-50,100,"sd","13:34:24",3543600
17250,-50,200,"sd","13:34:21",3543500
17250,-50,100,"sd","13:34:20",3543300
17250,-50,2000,"sd","13:34:05",3543200
17250,-50,200,"sd","13:33:40",3541200
17250,-50,2000,"sd","13:33:11",3541000
17250,-50,200,"sd","13:32:58",3539000
17250,-50,500,"sd","13:32:14",3538800
17250,-50,100,"sd","13:32:06",3538300
17250,-50,500,"sd","13:31:59",3538200
17250,-50,200,"sd","13:31:44",3537700
17250,-50,2000,"sd","13:31:29",3537500
17250,-50,200,"sd","13:31:24",3535500
17250,-50,200,"sd","13:30:35",3535300
17250,-50,100,"sd","13:30:31",3535100
17250,-50,7800,"sd","13:30:31",3535000
17250,-50,100,"sd","13:30:02",3527200
17250,-50,1600,"sd","13:30:00",3527100
17250,-50,200,"sd","13:29:50",3525500
17250,-50,200,"sd","13:29:06",3525300
17300,0,2200,"sd","13:28:34",3525100
17300,0,800,"sd","13:28:33",3522900
17300,0,500,"sd","13:28:33",3522100
17300,0,300,"sd","13:28:33",3521600
17300,0,1500,"sd","13:28:28",3521300
17300,0,100,"sd","13:28:21",3519800
17300,0,200,"bu","13:28:12",3519700
17300,0,100,"bu","13:28:12",3519500
17300,0,2800,"bu","13:28:12",3519400
17300,0,100,"sd","13:28:01",3516600
17300,0,15900,"sd","13:28:01",3516500
17300,0,500,"sd","13:27:58",3500600
17300,0,100,"sd","13:27:46",3500100
17300,0,700,"sd","13:27:40",3500000
17300,0,200,"sd","13:27:39",3499300
17300,0,30000,"sd","13:27:38",3499100
17300,0,3000,"sd","13:27:31",3469100
17300,0,100,"sd","13:27:31",3466100
17300,0,200,"sd","13:27:29",3466000
17300,0,500,"sd","13:27:20",3465800
17300,0,200,"sd","13:27:13",3465300
17300,0,86800,"sd","13:27:12",3465100
17300,0,13200,"sd","13:27:12",3378300
17300,0,200,"sd","13:26:57",3365100
17300,0,200,"sd","13:26:53",3364900
17300,0,4900,"sd","13:26:51",3364700
17300,0,500,"sd","13:26:24",3359800
17300,0,100,"sd","13:26:23",3359300
17350,50,1300,"bu","13:26:00",3359200
17350,50,500,"bu","13:26:00",3357900
17350,50,5000,"bu","13:26:00",3357400
17350,50,100,"bu","13:26:00",3352400
17350,50,100,"bu","13:26:00",3352300
17350,50,2100,"bu","13:26:00",3352200
17350,50,100,"bu","13:26:00",3350100
17350,50,100,"bu","13:26:00",3350000
17350,50,700,"bu","13:26:00",3349900
17300,0,100,"sd","13:25:44",3349200
17300,0,1000,"sd","13:25:42",3349100
17300,0,100,"sd","13:25:29",3348100
17300,0,8000,"bu","13:25:27",3348000
17300,0,18800,"bu","13:25:27",3340000
17300,0,100,"bu","13:25:27",3321200
17300,0,300,"bu","13:25:27",3321100
17300,0,500,"bu","13:25:27",3320800
17300,0,100,"bu","13:25:27",3320300
17300,0,5000,"bu","13:25:27",3320200
17300,0,6000,"bu","13:25:27",3315200
17300,0,10100,"bu","13:25:27",3309200
17300,0,200,"bu","13:25:27",3299100
17300,0,2600,"bu","13:25:27",3298900
17300,0,2200,"bu","13:25:27",3296300
17300,0,500,"bu","13:25:27",3294100
17300,0,1000,"bu","13:25:27",3293600
17300,0,300,"bu","13:25:27",3292600
17300,0,1000,"bu","13:25:27",3292300
17300,0,100,"bu","13:25:27",3291300
17300,0,3000,"bu","13:25:27",3291200
17300,0,1000,"bu","13:25:27",3288200
17300,0,1600,"bu","13:25:27",3287200
17300,0,4000,"bu","13:25:27",3285600
17300,0,700,"bu","13:25:27",3281600
17300,0,2000,"bu","13:25:27",3280900
17300,0,500,"bu","13:25:27",3278900
17300,0,1000,"bu","13:25:27",3278400
17300,0,700,"bu","13:25:27",3277400
17300,0,100,"bu","13:25:27",3276700
17300,0,300,"bu","13:25:27",3276600
17300,0,6000,"bu","13:25:27",3276300
17300,0,100,"bu","13:25:27",3270300
17300,0,100,"bu","13:25:27",3270200
17300,0,8600,"bu","13:25:27",3270100
17300,0,7700,"bu","13:25:27",3261500
17300,0,200,"bu","13:25:27",3253800
17300,0,100,"bu","13:25:27",3253600
17300,0,600,"bu","13:25:27",3253500
17300,0,2000,"bu","13:25:27",3252900
17300,0,100,"bu","13:25:27",3250900
17300,0,400,"bu","13:25:27",3250800
17300,0,200,"bu","13:25:27",3250400
17300,0,100,"bu","13:25:27",3250200
17300,0,41800,"bu","13:25:27",3250100
17250,-50,200,"sd","13:25:20",3208300
17250,-50,100,"sd","13:25:20",3208100
17250,-50,300,"sd","13:24:37",3208000
17250,-50,100,"sd","13:24:36",3207700
17250,-50,1000,"sd","13:24:20",3207600
17250,-50,200,"sd","13:23:53",3206600
17250,-50,3000,"sd","13:23:14",3206400
17250,-50,200,"sd","13:23:11",3203400
17300,0,100,"bu","13:22:51",3203200
17250,-50,2000,"sd","13:22:34",3203100
17250,-50,200,"sd","13:22:28",3201100
17250,-50,2000,"sd","13:22:21",3200900
17250,-50,2000,"sd","13:22:05",3198900
17250,-50,500,"sd","13:21:55",3196900
17250,-50,100,"sd","13:21:40",3196400
17250,-50,200,"sd","13:20:55",3196300
17250,-50,200,"sd","13:20:09",3196100
17250,-50,200,"sd","13:19:21",3195900
17250,-50,200,"sd","13:19:16",3195700
17250,-50,300,"sd","13:18:53",3195500
17250,-50,7600,"sd","13:18:43",3195200
17250,-50,200,"sd","13:18:25",3187600
17300,0,7800,"bu","13:18:23",3187400
17300,0,2000,"bu","13:18:11",3179600
17300,0,100,"bu","13:17:52",3177600
17250,-50,200,"sd","13:17:44",3177500
17250,-50,200,"sd","13:17:01",3177300
17250,-50,100,"sd","13:16:16",3177100
17300,0,100,"bu","13:15:58",3177000
17250,-50,200,"sd","13:15:35",3176900
17250,-50,200,"sd","13:14:52",3176700
17300,0,1000,"bu","13:14:37",3176500
17250,-50,200,"sd","13:14:05",3175500
17250,-50,200,"sd","13:13:15",3175300
17300,0,500,"bu","13:12:58",3175100
17300,0,500,"bu","13:12:41",3174600
17300,0,500,"bu","13:12:35",3174100
17300,0,1400,"bu","13:12:31",3173600
17250,-50,100,"sd","13:12:31",3172200
17300,0,4000,"bu","13:12:31",3172100
17250,-50,400,"sd","13:12:26",3168100
17250,-50,100,"sd","13:12:15",3167700
17300,0,5000,"bu","13:11:49",3167600
17250,-50,200,"sd","13:11:48",3162600
17250,-50,200,"sd","13:11:05",3162400
17250,-50,1000,"sd","13:10:53",3162200
17300,0,4600,"bu","13:10:49",3161200
17300,0,6600,"bu","13:10:39",3156600
17300,0,6200,"bu","13:10:23",3150000
17250,-50,200,"sd","13:10:15",3143800
17250,-50,100,"sd","13:10:03",3143600
17250,-50,200,"sd","13:09:32",3143500
17300,0,300,"bu","13:09:04",3143300
17300,0,100,"bu","13:08:52",3143000
17300,0,89300,"bu","13:08:49",3142900
17300,0,28100,"bu","13:07:52",3053600
17300,0,100,"bu","13:07:52",3025500
17300,0,3500,"bu","13:07:52",3025400
17300,0,200,"bu","13:07:52",3021900
17300,0,500,"bu","13:07:52",3021700
17300,0,2600,"bu","13:07:52",3021200
17300,0,30000,"bu","13:07:40",3018600
17300,0,15000,"bu","13:07:27",2988600
17300,0,10000,"bu","13:07:24",2973600
17300,0,7200,"bu","13:07:17",2963600
17300,0,6200,"bu","13:07:06",2956400
17300,0,300,"bu","13:06:55",2950200
17300,0,20200,"bu","13:06:51",2949900
17300,0,30000,"bu","13:06:36",2929700
17250,-50,200,"sd","13:06:30",2899700
17300,0,28500,"bu","13:06:23",2899500
17300,0,100,"bu","13:06:23",2871000
17300,0,400,"bu","13:06:23",2870900
17300,0,1000,"bu","13:06:23",2870500
17300,0,100,"bu","13:06:23",2869500
17300,0,2000,"bu","13:06:23",2869400
17300,0,1000,"bu","13:06:23",2867400
17300,0,10000,"bu","13:06:23",2866400
17300,0,5000,"bu","13:06:23",2856400
17300,0,100,"bu","13:06:23",2851400
17300,0,100,"bu","13:06:23",2851300
17300,0,1000,"bu","13:06:23",2851200
17300,0,700,"bu","13:06:23",2850200
17250,-50,100,"sd","13:05:47",2849500
17300,0,800,"bu","13:05:20",2849400
17300,0,5200,"bu","13:05:20",2848600
17300,0,100,"bu","13:05:20",2843400
17300,0,100,"bu","13:05:20",2843300
17300,0,200,"bu","13:05:20",2843200
17300,0,2000,"bu","13:05:07",2843000
17300,0,2000,"bu","13:05:07",2841000
17300,0,2200,"bu","13:05:07",2839000
17300,0,400,"bu","13:05:07",2836800
17250,-50,200,"sd","13:05:05",2836400
17300,0,7800,"bu","13:05:00",2836200
17300,0,100,"bu","13:04:48",2828400
17300,0,300,"bu","13:04:48",2828300
17300,0,1100,"bu","13:04:48",2828000
17300,0,400,"bu","13:04:48",2826900
17300,0,900,"bu","13:04:48",2826500
17300,0,4200,"bu","13:04:48",2825600
17300,0,800,"bu","13:04:41",2821400
17300,0,500,"bu","13:04:41",2820600
17300,0,100,"bu","13:04:41",2820100
17300,0,300,"bu","13:04:41",2820000
17300,0,200,"bu","13:04:41",2819700
17300,0,4700,"bu","13:04:41",2819500
17250,-50,100,"sd","13:04:24",2814800
17250,-50,200,"sd","13:04:21",2814700
17250,-50,1200,"sd","13:04:11",2814500
17250,-50,100,"sd","13:04:11",2813300
17250,-50,400,"sd","13:04:11",2813200
17250,-50,600,"sd","13:03:56",2812800
17250,-50,1000,"sd","13:03:56",2812200
17250,-50,200,"sd","13:03:38",2811200
17250,-50,800,"sd","13:02:56",2811000
17250,-50,300,"sd","13:02:56",2810200
17250,-50,400,"sd","13:02:44",2809900
17250,-50,200,"sd","13:02:44",2809500
17250,-50,200,"sd","13:01:55",2809300
17250,-50,200,"sd","13:01:13",2809100
17250,-50,4400,"sd","13:00:34",2808900
17250,-50,100,"sd","13:00:33",2804500
17250,-50,500,"sd","13:00:27",2804400
17250,-50,100,"sd","13:00:23",2803900
17250,-50,3800,"sd","13:00:21",2803800
17250,-50,200,"sd","13:00:21",2800000
17250,-50,1000,"sd","13:00:21",2799800
17250,-50,100,"sd","13:00:14",2798800
17250,-50,600,"sd","13:00:10",2798700
17250,-50,500,"sd","13:00:06",2798100
17250,-50,1000,"sd","13:00:05",2797600
17250,-50,3000,"sd","13:00:05",2796600
17250,-50,400,"sd","13:00:04",2793600
17300,0,300,"bu","13:00:03",2793200
17250,-50,3600,"sd","13:00:01",2792900
17250,-50,200,"sd","13:00:01",2789300
17250,-50,1500,"sd","13:00:00",2789100
17250,-50,200,"sd","12:59:59",2787600
17250,-50,200,"sd","11:29:42",2787400
17250,-50,200,"sd","11:28:53",2787200
17250,-50,200,"sd","11:28:11",2787000
17250,-50,200,"sd","11:27:25",2786800
17250,-50,100,"sd","11:27:21",2786600
17300,0,700,"sd","11:27:06",2786500
17300,0,200,"sd","11:26:59",2785800
17300,0,300,"sd","11:26:46",2785600
17300,0,100,"sd","11:26:42",2785300
17300,0,200,"sd","11:26:38",2785200
17300,0,5000,"sd","11:26:35",2785000
17300,0,300,"sd","11:25:59",2780000
17300,0,100,"sd","11:25:36",2779700
17300,0,100,"sd","11:25:36",2779600
17300,0,500,"sd","11:25:23",2779500
17300,0,100,"sd","11:25:23",2779000
17300,0,1000,"sd","11:25:23",2778900
17300,0,500,"bu","11:25:23",2777900
17300,0,300,"bu","11:25:23",2777400
17300,0,50600,"bu","11:25:23",2777100
17250,-50,200,"sd","11:25:15",2726500
17300,0,29000,"bu","11:25:12",2726300
17300,0,20400,"bu","11:25:00",2697300
17300,0,200,"bu","11:25:00",2676900
17300,0,100,"bu","11:25:00",2676700
17300,0,300,"bu","11:25:00",2676600
17300,0,100,"bu","11:24:41",2676300
17300,0,500,"bu","11:23:56",2676200
17300,0,1000,"bu","11:23:56",2675700
17300,0,3100,"bu","11:23:56",2674700
17300,0,100,"sd","11:23:51",2671600
17300,0,800,"sd","11:23:46",2671500
17300,0,300,"sd","11:23:38",2670700
17300,0,200,"sd","11:23:34",2670400
17300,0,25500,"bu","11:23:14",2670200
17250,-50,200,"sd","11:23:08",2644700
17250,-50,400,"sd","11:22:51",2644500
17250,-50,200,"sd","11:22:22",2644100
17300,0,2800,"bu","11:22:16",2643900
17300,0,200,"bu","11:21:49",2641100
17250,-50,200,"sd","11:21:38",2640900
17300,0,20000,"sd","11:21:02",2640700
17300,0,2000,"sd","11:21:02",2620700
17300,0,2000,"sd","11:21:02",2618700
17300,0,10200,"sd","11:21:02",2616700
17300,0,10000,"sd","11:21:02",2606500
17300,0,500,"sd","11:21:02",2596500
17300,0,200,"sd","11:21:02",2596000
17300,0,26600,"sd","11:21:02",2595800
17300,0,100,"sd","11:20:52",2569200
17300,0,100,"sd","11:20:19",2569100
17350,50,300,"bu","11:20:18",2569000
17350,50,100,"bu","11:20:18",2568700
17350,50,100,"bu","11:20:18",2568600
17350,50,100,"bu","11:20:18",2568500
17350,50,100,"bu","11:20:18",2568400
17350,50,100,"bu","11:20:18",2568300
17300,0,200,"sd","11:20:09",2568200
17300,0,1000,"sd","11:20:07",2568000
17300,0,200,"sd","11:19:25",2567000
17350,50,700,"bu","11:19:04",2566800
17350,50,100,"bu","11:19:04",2566100
17350,50,200,"bu","11:19:04",2566000
17300,0,200,"sd","11:18:41",2565800
17350,50,1800,"bu","11:18:34",2565600
17350,50,400,"bu","11:18:34",2563800
17350,50,300,"bu","11:18:34",2563400
17300,0,21600,"sd","11:18:26",2563100
17300,0,3300,"sd","11:18:26",2541500
17300,0,200,"sd","11:18:26",2538200
17300,0,4900,"sd","11:18:26",2538000
17300,0,200,"sd","11:17:58",2533100
17300,0,100,"sd","11:17:10",2532900
17350,50,100,"bu","11:16:42",2532800
17300,0,200,"sd","11:16:29",2532700
17300,0,100,"sd","11:16:10",2532500
17300,0,200,"sd","11:15:47",2532400
17350,50,400,"bu","11:15:08",2532200
17350,50,100,"bu","11:15:08",2531800
17350,50,300,"bu","11:15:08",2531700
17350,50,1000,"bu","11:15:08",2531400
17350,50,1200,"bu","11:15:08",2530400
17300,0,200,"sd","11:15:04",2529200
17300,0,100,"sd","11:14:17",2529000
17300,0,100,"sd","11:14:16",2528900
17300,0,4400,"sd","11:13:55",2528800
17300,0,200,"sd","11:13:30",2524400
17350,50,500,"bu","11:13:18",2524200
17300,0,200,"sd","11:12:48",2523700
17300,0,200,"sd","11:12:07",2523500
17350,50,1000,"bu","11:11:24",2523300
17300,0,100,"sd","11:11:21",2522300
17350,50,100,"bu","11:10:38",2522200
17350,50,1600,"bu","11:10:38",2522100
17350,50,200,"bu","11:10:38",2520500
17350,50,100,"bu","11:10:38",2520300
17300,0,200,"sd","11:10:34",2520200
17350,50,300,"bu","11:10:10",2520000
17350,50,500,"bu","11:10:10",2519700
17350,50,1000,"bu","11:10:10",2519200
17350,50,200,"bu","11:10:10",2518200
17350,50,3000,"bu","11:10:10",2518000
17350,50,300,"bu","11:10:10",2515000
17350,50,100,"bu","11:10:10",2514700
17350,50,1500,"bu","11:10:10",2514600
17350,50,100,"bu","11:10:10",2513100
17350,50,500,"bu","11:10:10",2513000
17350,50,500,"bu","11:10:10",2512500
17350,50,300,"bu","11:10:10",2512000
17350,50,100,"bu","11:10:10",2511700
17350,50,500,"bu","11:10:10",2511600
17350,50,400,"bu","11:10:10",2511100
17350,50,300,"bu","11:10:10",2510700
17350,50,100,"bu","11:10:10",2510400
17350,50,500,"bu","11:10:10",2510300
17350,50,100,"bu","11:10:05",2509800
17350,50,100,"bu","11:10:05",2509700
17350,50,1000,"bu","11:10:05",2509600
17350,50,200,"bu","11:09:59",2508600
17350,50,100,"bu","11:09:59",2508400
17350,50,100,"bu","11:09:59",2508300
17350,50,100,"bu","11:09:59",2508200
17350,50,200,"bu","11:09:59",2508100
17350,50,500,"bu","11:09:59",2507900
17350,50,100,"bu","11:09:59",2507400
17350,50,100,"bu","11:09:59",2507300
17350,50,1000,"bu","11:09:59",2507200
17350,50,100,"bu","11:09:59",2506200
17350,50,200,"bu","11:09:59",2506100
17350,50,400,"bu","11:09:59",2505900
17350,50,3000,"bu","11:09:59",2505500
17350,50,1200,"bu","11:09:59",2502500
17350,50,400,"bu","11:09:59",2501300
17350,50,500,"bu","11:09:59",2500900
17350,50,2000,"bu","11:09:59",2500400
17300,0,200,"sd","11:09:50",2498400
17300,0,300,"sd","11:09:20",2498200
17300,0,200,"sd","11:09:07",2497900
17350,50,400,"bu","11:08:59",2497700
17350,50,600,"bu","11:08:59",2497300
17300,0,8900,"sd","11:08:43",2496700
17300,0,300,"sd","11:08:31",2487800
17300,0,1300,"sd","11:08:28",2487500
17300,0,500,"sd","11:08:28",2486200
17300,0,100,"sd","11:08:28",2485700
17300,0,100,"sd","11:08:28",2485600
17300,0,100,"bu","11:08:28",2485500
17300,0,500,"bu","11:08:28",2485400
17300,0,200,"bu","11:08:28",2484900
17300,0,5900,"bu","11:08:28",2484700
17250,-50,200,"sd","11:08:19",2478800
17250,-50,200,"sd","11:07:25",2478600
17300,0,20000,"bu","11:07:21",2478400
17300,0,24100,"bu","11:07:12",2458400
17300,0,2000,"bu","11:07:12",2434300
17300,0,9900,"bu","11:07:12",2432300
17300,0,100,"bu","11:07:12",2422400
17300,0,100,"bu","11:07:12",2422300
17300,0,100,"bu","11:07:12",2422200
17300,0,13700,"bu","11:07:12",2422100
17250,-50,3100,"sd","11:07:08",2408400
17300,0,14000,"bu","11:06:56",2405300
17250,-50,200,"sd","11:06:39",2391300
17300,0,200,"bu","11:06:27",2391100
17300,0,10000,"bu","11:05:56",2390900
17300,0,25000,"bu","11:05:46",2380900
17300,0,25000,"bu","11:05:35",2355900
17300,0,30000,"bu","11:05:25",2330900
17300,0,20000,"bu","11:05:17",2300900
17250,-50,100,"sd","11:05:07",2280900
17300,0,15000,"bu","11:05:06",2280800
17300,0,25000,"bu","11:04:56",2265800
17300,0,20000,"bu","11:04:47",2240800
17300,0,52100,"sd","11:04:43",2220800
17350,50,600,"bu","11:04:38",2168700
17350,50,200,"bu","11:04:38",2168100
17350,50,100,"bu","11:04:38",2167900
17350,50,100,"bu","11:04:38",2167800
17300,0,500,"sd","11:04:33",2167700
17300,0,200,"sd","11:04:25",2167200
17350,50,100,"bu","11:04:03",2167000
17350,50,2900,"bu","11:04:03",2166900
17300,0,60000,"sd","11:03:47",2164000
17350,50,1000,"bu","11:03:45",2104000
17300,0,200,"sd","11:03:40",2103000
17300,0,37000,"bu","11:03:25",2102800
17300,0,63000,"sd","11:03:09",2065800
17300,0,100,"sd","11:02:54",2002800
17300,0,86900,"sd","11:02:44",2002700
17300,0,13100,"sd","11:02:44",1915800
17300,0,200,"sd","11:02:42",1902700
17300,0,200,"sd","11:02:13",1902500
17300,0,100,"sd","11:02:08",1902300
17300,0,2000,"sd","11:02:02",1902200
17300,0,200,"sd","11:01:25",1900200
17300,0,300,"sd","11:01:19",1900000
17300,0,5000,"bu","11:01:17",1899700
17300,0,5000,"bu","11:01:17",1894700
17300,0,3900,"bu","11:01:17",1889700
17300,0,1000,"sd","11:00:45",1885800
17300,0,700,"sd","11:00:45",1884800
17300,0,200,"sd","11:00:40",1884100
17300,0,300,"sd","11:00:08",1883900
17300,0,200,"sd","10:59:55",1883600
17300,0,200,"sd","10:59:35",1883400
17300,0,3000,"bu","10:59:16",1883200
17300,0,200,"bu","10:59:16",1880200
17300,0,200,"bu","10:59:16",1880000
17300,0,500,"sd","10:59:00",1879800
17300,0,2300,"sd","10:59:00",1879300
17300,0,4000,"sd","10:58:58",1877000
17300,0,100,"sd","10:58:28",1873000
17300,0,100,"sd","10:58:27",1872900
17300,0,100,"sd","10:58:26",1872800
17300,0,200,"sd","10:57:45",1872700
17300,0,300,"sd","10:57:04",1872500
17300,0,200,"sd","10:57:00",1872200
17300,0,2900,"sd","10:56:54",1872000
17300,0,2100,"sd","10:56:54",1869100
17300,0,5000,"sd","10:56:46",1867000
17300,0,100,"sd","10:56:30",1862000
17300,0,100,"sd","10:56:21",1861900
17300,0,200,"sd","10:56:16",1861800
17300,0,500,"sd","10:56:11",1861600
17300,0,500,"sd","10:56:10",1861100
17300,0,200,"sd","10:56:04",1860600
17350,50,10200,"bu","10:55:59",1860400
17300,0,200,"bu","10:55:39",1850200
17300,0,700,"bu","10:55:39",1850000
17300,0,100,"bu","10:55:39",1849300
17300,0,500,"bu","10:55:39",1849200
17300,0,4500,"bu","10:55:15",1848700
17300,0,1000,"bu","10:55:15",1844200
17300,0,4700,"bu","10:55:15",1843200
17300,0,300,"bu","10:55:09",1838500
17300,0,200,"bu","10:55:09",1838200
17300,0,300,"sd","10:54:46",1838000
17300,0,100,"sd","10:54:43",1837700
17300,0,100,"sd","10:54:20",1837600
17300,0,500,"sd","10:54:19",1837500
17300,0,200,"sd","10:54:07",1837000
17300,0,200,"sd","10:53:55",1836800
17300,0,5000,"sd","10:53:46",1836600
17300,0,300,"sd","10:53:45",1831600
17300,0,23300,"sd","10:53:43",1831300
17300,0,2300,"sd","10:53:43",1808000
17300,0,500,"sd","10:53:40",1805700
17300,0,300,"sd","10:53:30",1805200
17300,0,200,"sd","10:53:29",1804900
17300,0,5000,"sd","10:53:26",1804700
17300,0,200,"sd","10:53:09",1799700
17300,0,100,"sd","10:53:04",1799500
17350,50,2100,"bu","10:52:59",1799400
17300,0,5900,"sd","10:52:57",1797300
17300,0,20000,"sd","10:52:40",1791400
17300,0,15500,"sd","10:52:37",1771400
17300,0,500,"sd","10:52:37",1755900
17300,0,1000,"sd","10:52:37",1755400
17300,0,2000,"sd","10:52:37",1754400
17300,0,1400,"sd","10:52:32",1752400
17300,0,200,"sd","10:52:27",1751000
17300,0,500,"sd","10:52:04",1750800
17300,0,400,"sd","10:52:03",1750300
17350,50,1300,"bu","10:51:59",1749900
17300,0,200,"sd","10:51:40",1748600
17300,0,100,"sd","10:51:31",1748400
17300,0,400,"sd","10:51:23",1748300
17350,50,3000,"bu","10:51:15",1747900
17300,0,500,"sd","10:51:00",1744900
17300,0,100,"sd","10:50:58",1744400
17300,0,500,"sd","10:50:52",1744300
17300,0,100,"sd","10:50:35",1743800
17300,0,300,"sd","10:50:31",1743700
17300,0,10000,"sd","10:50:24",1743400
17300,0,100,"sd","10:50:22",1733400
17300,0,200,"sd","10:50:10",1733300
17300,0,200,"sd","10:49:27",1733100
17300,0,200,"sd","10:49:17",1732900
17300,0,200,"sd","10:48:49",1732700
17300,0,200,"sd","10:48:44",1732500
17300,0,1600,"sd","10:48:43",1732300
17300,0,300,"sd","10:48:33",1730700
17300,0,1400,"sd","10:48:32",1730400
17300,0,13500,"sd","10:48:22",1729000
17300,0,100,"sd","10:48:09",1715500
17300,0,100,"sd","10:48:02",1715400
17300,0,3000,"sd","10:47:43",1715300
17300,0,1000,"sd","10:47:37",1712300
17300,0,1200,"sd","10:47:28",1711300
17300,0,500,"sd","10:47:28",1710100
17300,0,800,"sd","10:47:28",1709600
17300,0,10000,"sd","10:47:28",1708800
17300,0,500,"sd","10:47:28",1698800
17300,0,600,"sd","10:47:28",1698300
17300,0,200,"sd","10:47:20",1697700
17300,0,200,"sd","10:46:59",1697500
17300,0,4000,"sd","10:46:56",1697300
17300,0,200,"sd","10:46:38",1693300
17300,0,200,"sd","10:46:32",1693100
17300,0,2800,"sd","10:46:22",1692900
17300,0,1000,"sd","10:46:19",1690100
17300,0,20000,"sd","10:46:17",1689100
17300,0,500,"sd","10:46:16",1669100
17300,0,300,"sd","10:46:04",1668600
17300,0,9700,"sd","10:46:04",1668300
17300,0,6000,"sd","10:45:59",1658600
17300,0,200,"sd","10:45:55",1652600
17300,0,100,"sd","10:45:41",1652400
17300,0,100,"sd","10:45:27",1652300
17300,0,3000,"sd","10:45:13",1652200
17300,0,100,"sd","10:45:07",1649200
17300,0,800,"sd","10:44:49",1649100
17300,0,200,"sd","10:44:49",1648300
17300,0,100,"sd","10:44:44",1648100
17300,0,100,"sd","10:44:29",1648000
17300,0,200,"sd","10:44:26",1647900
17300,0,5100,"sd","10:44:25",1647700
17350,50,1000,"bu","10:44:05",1642600
17300,0,5000,"sd","10:44:05",1641600
17300,0,200,"sd","10:44:02",1636600
17300,0,200,"sd","10:43:43",1636400
17350,50,5000,"bu","10:43:43",1636200
17300,0,500,"sd","10:43:37",1631200
17300,0,18400,"sd","10:43:34",1630700
17300,0,11600,"sd","10:43:34",1612300
17300,0,700,"sd","10:43:09",1600700
17300,0,100,"sd","10:42:58",1600000
17300,0,200,"sd","10:42:17",1599900
17350,50,15000,"bu","10:42:12",1599700
17350,50,100,"bu","10:41:53",1584700
17300,0,200,"sd","10:41:34",1584600
17350,50,200,"bu","10:41:27",1584400
17350,50,3000,"bu","10:41:11",1584200
17300,0,100,"sd","10:41:10",1581200
17300,0,200,"sd","10:41:02",1581100
17300,0,100,"sd","10:41:00",1580900
17300,0,100,"sd","10:40:51",1580800
17300,0,2600,"sd","10:40:41",1580700
17300,0,2700,"sd","10:40:40",1578100
17300,0,3000,"sd","10:40:19",1575400
17300,0,200,"sd","10:40:09",1572400
17300,0,1300,"sd","10:40:04",1572200
17300,0,100,"sd","10:39:39",1570900
17300,0,6800,"sd","10:39:36",1570800
17300,0,600,"sd","10:39:36",1564000
17300,0,500,"sd","10:39:36",1563400
17300,0,100,"sd","10:39:36",1562900
17300,0,20000,"sd","10:39:36",1562800
17300,0,22000,"sd","10:39:36",1542800
17350,50,9800,"bu","10:39:24",1520800
17300,0,200,"sd","10:39:21",1511000
17300,0,200,"sd","10:39:07",1510800
17300,0,200,"sd","10:38:35",1510600
17350,50,10000,"bu","10:38:25",1510400
17300,0,200,"sd","10:37:47",1500400
17300,0,1000,"sd","10:37:46",1500200
17300,0,100,"sd","10:37:45",1499200
17300,0,200,"sd","10:37:04",1499100
17300,0,200,"sd","10:37:02",1498900
17300,0,500,"sd","10:36:45",1498700
17300,0,200,"sd","10:36:43",1498200
17300,0,100,"sd","10:36:43",1498000
17300,0,1700,"sd","10:36:36",1497900
17300,0,200,"sd","10:36:34",1496200
17300,0,500,"sd","10:36:34",1496000
17300,0,6100,"sd","10:36:27",1495500
17300,0,200,"sd","10:36:16",1489400
17300,0,1000,"sd","10:36:11",1489200
17300,0,200,"sd","10:35:31",1488200
17300,0,400,"sd","10:35:29",1488000
17300,0,500,"sd","10:35:29",1487600
17300,0,500,"sd","10:35:29",1487100
17300,0,300,"sd","10:34:49",1486600
17300,0,300,"sd","10:34:45",1486300
17300,0,100,"sd","10:34:44",1486000
17300,0,500,"sd","10:34:14",1485900
17300,0,200,"sd","10:34:02",1485400
17300,0,5800,"sd","10:33:32",1485200
17300,0,200,"sd","10:33:18",1479400
17300,0,1200,"sd","10:33:08",1479200
17300,0,2200,"sd","10:33:08",1478000
17300,0,200,"sd","10:33:01",1475800
17300,0,100,"sd","10:32:35",1475600
17300,0,2400,"sd","10:32:23",1475500
17300,0,15600,"sd","10:32:23",1473100
17300,0,100,"sd","10:32:21",1457500
17300,0,3000,"sd","10:32:19",1457400
17300,0,200,"sd","10:31:52",1454400
17350,50,1000,"bu","10:31:28",1454200
17300,0,200,"sd","10:31:11",1453200
17350,50,2000,"bu","10:31:09",1453000
17300,0,300,"sd","10:31:04",1451000
17300,0,500,"sd","10:30:55",1450700
17350,50,5000,"bu","10:30:53",1450200
17300,0,200,"sd","10:30:29",1445200
17300,0,300,"sd","10:30:12",1445000
17300,0,3000,"sd","10:30:11",1444700
17300,0,6600,"sd","10:30:08",1441700
17300,0,20000,"sd","10:30:08",1435100
17300,0,1100,"sd","10:30:08",1415100
17300,0,12300,"sd","10:30:08",1414000
17300,0,100,"sd","10:29:44",1401700
17300,0,500,"sd","10:29:13",1401600
17300,0,3400,"sd","10:29:12",1401100
17350,50,10000,"bu","10:29:10",1397700
17350,50,100,"bu","10:29:07",1387700
17300,0,200,"sd","10:29:01",1387600
17300,0,3000,"sd","10:28:58",1387400
17300,0,200,"sd","10:28:17",1384400
17300,0,100,"sd","10:28:04",1384200
17300,0,100,"sd","10:27:34",1384100
17300,0,100,"sd","10:27:28",1384000
17300,0,10000,"sd","10:27:12",1383900
17300,0,500,"sd","10:27:09",1373900
17300,0,5600,"sd","10:26:59",1373400
17300,0,100,"sd","10:26:59",1367800
17300,0,43800,"sd","10:26:58",1367700
17300,0,20000,"sd","10:26:58",1323900
17300,0,500,"sd","10:26:58",1303900
17300,0,2200,"sd","10:26:58",1303400
17300,0,30000,"sd","10:26:58",1301200
17300,0,100,"sd","10:26:58",1271200
17300,0,1000,"sd","10:26:58",1271100
17300,0,2400,"sd","10:26:58",1270100
17300,0,200,"sd","10:26:51",1267700
17300,0,300,"sd","10:26:18",1267500
17300,0,200,"sd","10:26:10",1267200
17300,0,1900,"sd","10:25:55",1267000
17300,0,100,"sd","10:25:55",1265100
17300,0,200,"sd","10:25:27",1265000
17300,0,10000,"sd","10:25:21",1264800
17300,0,100,"sd","10:25:01",1254800
17300,0,100,"sd","10:24:43",1254700
17300,0,300,"sd","10:24:30",1254600
17300,0,1000,"sd","10:24:26",1254300
17300,0,1000,"sd","10:24:20",1253300
17300,0,200,"sd","10:24:15",1252300
17300,0,200,"sd","10:23:59",1252100
17300,0,300,"sd","10:23:33",1251900
17300,0,200,"sd","10:23:17",1251600
17300,0,200,"sd","10:22:33",1251400
17350,50,10000,"bu","10:22:24",1251200
17300,0,700,"sd","10:22:18",1241200
17300,0,500,"sd","10:22:10",1240500
17300,0,700,"sd","10:22:00",1240000
17300,0,100,"sd","10:21:49",1239300
17300,0,200,"sd","10:21:40",1239200
17300,0,1000,"sd","10:21:36",1239000
17300,0,100,"sd","10:21:36",1238000
17300,0,300,"sd","10:21:36",1237900
17300,0,5000,"sd","10:21:36",1237600
17300,0,100,"bu","10:21:36",1232600
17300,0,600,"bu","10:21:36",1232500
17300,0,2000,"bu","10:21:36",1231900
17300,0,2000,"bu","10:21:36",1229900
17300,0,8400,"bu","10:21:36",1227900
17300,0,6000,"bu","10:21:36",1219500
17300,0,200,"bu","10:21:36",1213500
17300,0,1200,"bu","10:21:36",1213300
17300,0,100,"bu","10:21:36",1212100
17300,0,300,"bu","10:21:36",1212000
17300,0,1000,"bu","10:21:36",1211700
17300,0,2700,"bu","10:21:36",1210700
17300,0,500,"bu","10:21:36",1208000
17300,0,500,"bu","10:21:36",1207500
17300,0,400,"bu","10:21:36",1207000
17300,0,500,"bu","10:21:36",1206600
17300,0,1000,"bu","10:21:36",1206100
17300,0,2000,"bu","10:21:08",1205100
17250,-50,200,"sd","10:21:02",1203100
17300,0,2000,"bu","10:20:45",1202900
17300,0,300,"bu","10:20:30",1200900
17250,-50,200,"sd","10:20:18",1200600
17250,-50,500,"sd","10:20:04",1200400
17250,-50,200,"sd","10:19:36",1199900
17250,-50,700,"sd","10:19:17",1199700
17250,-50,100,"sd","10:18:53",1199000
17250,-50,200,"sd","10:18:46",1198900
17250,-50,200,"sd","10:18:09",1198700
17250,-50,600,"sd","10:17:48",1198500
17250,-50,200,"sd","10:17:27",1197900
17250,-50,100,"sd","10:17:21",1197700
17250,-50,200,"sd","10:16:36",1197600
17250,-50,200,"sd","10:15:53",1197400
17300,0,5000,"bu","10:15:30",1197200
17250,-50,100,"sd","10:15:09",1192200
17250,-50,100,"sd","10:15:09",1192100
17300,0,5000,"bu","10:15:00",1192000
17250,-50,200,"sd","10:14:25",1187000
17250,-50,100,"sd","10:13:45",1186800
17300,0,7800,"bu","10:13:45",1186700
17250,-50,200,"sd","10:13:41",1178900
17300,0,3200,"bu","10:13:40",1178700
17250,-50,100,"sd","10:13:29",1175500
17300,0,3600,"bu","10:13:21",1175400
17250,-50,100,"sd","10:12:59",1171800
17250,-50,100,"sd","10:12:57",1171700
17250,-50,100,"sd","10:12:56",1171600
17300,0,3200,"bu","10:12:56",1171500
17250,-50,100,"sd","10:12:14",1168300
17250,-50,200,"sd","10:11:31",1168200
17250,-50,100,"sd","10:11:27",1168000
17250,-50,200,"sd","10:10:49",1167900
17250,-50,300,"sd","10:10:18",1167700
17250,-50,100,"sd","10:10:05",1167400
17250,-50,200,"sd","10:09:23",1167300
17250,-50,100,"sd","10:08:59",1167100
17300,0,500,"sd","10:08:58",1167000
17300,0,100,"sd","10:08:58",1166500
17300,0,3200,"sd","10:08:58",1166400
17300,0,1000,"sd","10:08:58",1163200
17300,0,1000,"sd","10:08:52",1162200
17300,0,200,"sd","10:08:40",1161200
17300,0,1500,"sd","10:08:38",1161000
17300,0,300,"sd","10:08:37",1159500
17300,0,300,"sd","10:08:21",1159200
17300,0,500,"sd","10:08:07",1158900
17300,0,200,"sd","10:07:59",1158400
17300,0,500,"sd","10:07:58",1158200
17300,0,7000,"bu","10:07:56",1157700
17300,0,500,"bu","10:07:56",1150700
17250,-50,200,"sd","10:07:53",1150200
17300,0,200,"sd","10:07:52",1150000
17300,0,100,"sd","10:07:43",1149800
17300,0,200,"sd","10:07:19",1149700
17300,0,100,"sd","10:07:10",1149500
17300,0,500,"sd","10:06:29",1149400
17300,0,200,"sd","10:06:28",1148900
17350,50,100,"bu","10:06:22",1148700
17300,0,300,"bu","10:06:13",1148600
17300,0,10000,"bu","10:06:13",1148300
17300,0,1700,"bu","10:06:13",1138300
17300,0,500,"bu","10:06:13",1136600
17300,0,10000,"bu","10:06:13",1136100
17300,0,1000,"bu","10:06:13",1126100
17300,0,2000,"bu","10:06:13",1125100
17300,0,1000,"bu","10:06:13",1123100
17300,0,500,"bu","10:06:13",1122100
17300,0,200,"bu","10:06:13",1121600
17300,0,1500,"bu","10:06:13",1121400
17250,-50,200,"sd","10:05:44",1119900
17250,-50,200,"sd","10:05:01",1119700
17300,0,300,"sd","10:04:37",1119500
17300,0,1500,"sd","10:04:35",1119200
17300,0,100,"sd","10:04:30",1117700
17300,0,2200,"sd","10:04:28",1117600
17300,0,200,"sd","10:04:17",1115400
17300,0,200,"sd","10:04:12",1115200
17300,0,500,"sd","10:04:07",1115000
17300,0,2000,"sd","10:04:01",1114500
17300,0,100,"sd","10:03:44",1112500
17300,0,2000,"sd","10:03:43",1112400
17300,0,200,"sd","10:03:40",1110400
17300,0,4500,"sd","10:03:37",1110200
17350,50,7200,"bu","10:03:34",1105700
17350,50,200,"bu","10:03:34",1098500
17350,50,200,"bu","10:03:34",1098300
17350,50,200,"bu","10:03:34",1098100
17350,50,400,"bu","10:03:34",1097900
17350,50,400,"bu","10:03:34",1097500
17350,50,100,"bu","10:03:34",1097100
17350,50,6300,"bu","10:03:34",1097000
17300,0,16200,"sd","10:03:33",1090700
17300,0,10000,"sd","10:03:33",1074500
17300,0,10200,"sd","10:03:33",1064500
17300,0,100,"sd","10:03:33",1054300
17300,0,100,"sd","10:03:33",1054200
17300,0,700,"sd","10:03:33",1054100
17300,0,19900,"sd","10:03:33",1053400
17300,0,1000,"sd","10:03:33",1033500
17300,0,1000,"sd","10:03:33",1032500
17300,0,10000,"sd","10:03:33",1031500
17300,0,10800,"sd","10:03:33",1021500
17300,0,200,"sd","10:03:29",1010700
17300,0,2100,"sd","10:03:09",1010500
17300,0,68500,"sd","10:03:02",1008400
17300,0,1500,"sd","10:03:02",939900
17300,0,200,"sd","10:02:37",938400
17300,0,100,"sd","10:01:45",938200
17300,0,200,"sd","10:01:04",938100
17300,0,1000,"sd","10:01:00",937900
17300,0,500,"sd","10:00:46",936900
17300,0,200,"sd","10:00:20",936400
17300,0,200,"sd","10:00:19",936200
17350,50,7800,"bu","10:00:15",936000
17300,0,200,"sd","09:59:38",928200
17300,0,100,"sd","09:59:26",928000
17300,0,2800,"sd","09:59:20",927900
17300,0,400,"sd","09:59:19",925100
17300,0,14500,"sd","09:59:12",924700
17300,0,200,"sd","09:59:05",910200
17300,0,100,"sd","09:58:56",910000
17300,0,1000,"sd","09:58:49",909900
17300,0,1200,"sd","09:58:37",908900
17300,0,1000,"sd","09:58:21",907700
17300,0,300,"sd","09:58:09",906700
17300,0,1500,"sd","09:57:59",906400
17300,0,50400,"sd","09:57:58",904900
17300,0,1000,"sd","09:57:22",854500
17300,0,100,"sd","09:57:16",853500
17300,0,200,"sd","09:56:31",853400
17300,0,300,"sd","09:56:08",853200
17300,0,300,"sd","09:56:04",852900
17300,0,300,"sd","09:56:00",852600
17300,0,1000,"sd","09:55:57",852300
17300,0,200,"sd","09:55:48",851300
17300,0,100,"sd","09:55:27",851100
17300,0,300,"sd","09:55:09",851000
17350,50,1400,"bu","09:55:03",850700
17350,50,500,"bu","09:55:03",849300
17350,50,3000,"bu","09:55:03",848800
17350,50,5100,"bu","09:55:03",845800
17300,0,2000,"sd","09:55:02",840700
17300,0,200,"sd","09:54:59",838700
17300,0,200,"sd","09:54:20",838500
17300,0,100,"sd","09:54:16",838300
17300,0,200,"sd","09:54:06",838200
17300,0,2000,"sd","09:53:55",838000
17300,0,900,"sd","09:53:38",836000
17300,0,200,"sd","09:53:34",835100
17300,0,2000,"sd","09:53:26",834900
17300,0,900,"sd","09:53:09",832900
17300,0,9900,"sd","09:53:05",832000
17300,0,20100,"sd","09:53:05",822100
17350,50,7000,"bu","09:52:46",802000
17350,50,5900,"bu","09:52:36",795000
17350,50,100,"bu","09:52:36",789100
17350,50,1000,"bu","09:52:36",789000
17350,50,500,"bu","09:52:25",788000
17350,50,300,"bu","09:52:25",787500
17350,50,2000,"bu","09:52:25",787200
17350,50,1000,"bu","09:52:25",785200
17350,50,200,"bu","09:52:25",784200
17350,50,100,"bu","09:52:25",784000
17350,50,300,"bu","09:52:25",783900
17350,50,500,"bu","09:52:25",783600
17350,50,1000,"bu","09:52:25",783100
17350,50,300,"bu","09:52:25",782100
17300,0,3000,"bu","09:52:23",781800
17300,0,200,"bu","09:52:23",778800
17300,0,5500,"bu","09:52:23",778600
17300,0,11200,"bu","09:52:23",773100
17300,0,300,"bu","09:52:22",761900
17300,0,4200,"bu","09:52:19",761600
17300,0,1200,"bu","09:52:19",757400
17300,0,100,"bu","09:52:19",756200
17300,0,400,"bu","09:52:19",756100
17300,0,500,"bu","09:52:19",755700
17300,0,300,"bu","09:52:19",755200
17300,0,100,"bu","09:52:19",754900
17300,0,200,"bu","09:52:19",754800
17300,0,8500,"bu","09:52:19",754600
17300,0,4500,"bu","09:52:19",746100
17300,0,400,"bu","09:52:15",741600
17300,0,6000,"bu","09:52:15",741200
17300,0,5000,"bu","09:52:15",735200
17300,0,100,"bu","09:52:15",730200
17300,0,300,"bu","09:52:15",730100
17300,0,9300,"bu","09:52:15",729800
17300,0,5700,"bu","09:52:15",720500
17300,0,1200,"bu","09:52:15",714800
17300,0,200,"bu","09:52:15",713600
17300,0,3000,"bu","09:52:15",713400
17300,0,100,"bu","09:52:15",710400
17300,0,3600,"bu","09:52:15",710300
17300,0,100,"bu","09:52:15",706700
17300,0,300,"bu","09:52:15",706600
17300,0,1000,"bu","09:52:15",706300
17300,0,300,"bu","09:52:15",705300
17300,0,100,"bu","09:52:15",705000
17300,0,100,"bu","09:52:15",704900
17300,0,1100,"bu","09:52:15",704800
17250,-50,300,"sd","09:52:14",703700
17300,0,100,"bu","09:52:14",703400
17300,0,2800,"bu","09:52:05",703300
17300,0,1000,"bu","09:51:52",700500
17300,0,500,"bu","09:51:52",699500
17300,0,100,"bu","09:51:52",699000
17300,0,100,"bu","09:51:52",698900
17300,0,1600,"bu","09:51:52",698800
17300,0,20000,"bu","09:51:52",697200
17300,0,1000,"bu","09:51:52",677200
17300,0,1000,"bu","09:51:52",676200
17300,0,500,"bu","09:51:52",675200
17300,0,200,"bu","09:51:52",674700
17300,0,100,"bu","09:51:52",674500
17300,0,200,"bu","09:51:52",674400
17300,0,1000,"bu","09:51:52",674200
17300,0,1000,"bu","09:51:52",673200
17300,0,200,"bu","09:51:52",672200
17300,0,200,"bu","09:51:52",672000
17300,0,400,"bu","09:51:52",671800
17300,0,700,"bu","09:51:52",671400
17300,0,200,"bu","09:51:52",670700
17300,0,300,"bu","09:51:39",670500
17300,0,1000,"bu","09:51:39",670200
17300,0,1000,"bu","09:51:39",669200
17300,0,2200,"bu","09:51:39",668200
17300,0,1500,"bu","09:51:39",666000
17300,0,2100,"bu","09:51:29",664500
17300,0,1400,"bu","09:51:29",662400
17300,0,1500,"bu","09:51:29",661000
17250,-50,200,"sd","09:51:21",659500
17300,0,3500,"bu","09:51:20",659300
17300,0,500,"bu","09:51:20",655800
17300,0,2600,"bu","09:51:20",655300
17300,0,100,"bu","09:51:20",652700
17300,0,1000,"bu","09:51:20",652600
17300,0,2000,"bu","09:51:20",651600
17300,0,300,"bu","09:51:20",649600
17300,0,7400,"bu","09:51:13",649300
17250,-50,200,"sd","09:51:03",641900
17300,0,6400,"bu","09:51:00",641700
17300,0,4200,"bu","09:50:42",635300
17250,-50,100,"sd","09:50:37",631100
17250,-50,300,"sd","09:49:59",631000
17250,-50,200,"sd","09:49:54",630700
17250,-50,200,"sd","09:49:46",630500
17250,-50,800,"sd","09:49:39",630300
17250,-50,1200,"sd","09:49:37",629500
17250,-50,200,"sd","09:49:28",628300
17250,-50,1400,"sd","09:49:23",628100
17250,-50,200,"sd","09:49:09",626700
17250,-50,200,"sd","09:48:39",626500
17250,-50,200,"sd","09:48:27",626300
17250,-50,500,"sd","09:48:23",626100
17250,-50,100,"sd","09:47:59",625600
17250,-50,200,"sd","09:47:42",625500
17250,-50,100,"sd","09:47:41",625300
17250,-50,200,"sd","09:47:39",625200
17250,-50,100,"sd","09:47:39",625000
17250,-50,800,"sd","09:47:19",624900
17250,-50,1500,"sd","09:47:02",624100
17250,-50,200,"sd","09:46:59",622600
17250,-50,1200,"sd","09:46:59",622400
17250,-50,4100,"sd","09:46:39",621200
17250,-50,4800,"sd","09:46:27",617100
17250,-50,9000,"sd","09:46:19",612300
17250,-50,200,"sd","09:46:17",603300
17300,0,30000,"bu","09:46:03",603100
17300,0,20000,"bu","09:45:45",573100
17250,-50,100,"sd","09:45:34",553100
17300,0,21700,"bu","09:45:03",553000
17300,0,700,"bu","09:45:03",531300
17300,0,500,"bu","09:45:03",530600
17300,0,100,"bu","09:45:03",530100
17300,0,100,"bu","09:45:03",530000
17300,0,700,"bu","09:45:03",529900
17300,0,5000,"bu","09:45:03",529200
17300,0,1200,"bu","09:45:03",524200
17250,-50,1200,"sd","09:44:59",523000
17250,-50,1000,"sd","09:44:58",521800
17250,-50,200,"sd","09:44:52",520800
17250,-50,1300,"sd","09:44:40",520600
17250,-50,1700,"sd","09:44:39",519300
17250,-50,5200,"sd","09:44:29",517600
17250,-50,700,"sd","09:44:19",512400
17250,-50,1000,"sd","09:44:12",511700
17250,-50,200,"sd","09:44:06",510700
17250,-50,1200,"sd","09:43:59",510500
17250,-50,2400,"sd","09:43:45",509300
17250,-50,100,"sd","09:43:45",506900
17250,-50,400,"sd","09:43:45",506800
17250,-50,100,"sd","09:43:44",506400
17250,-50,500,"sd","09:43:41",506300
17250,-50,500,"sd","09:43:41",505800
17250,-50,100,"sd","09:43:40",505300
17250,-50,100,"sd","09:43:39",505200
17250,-50,300,"sd","09:43:28",505100
17250,-50,200,"sd","09:43:24",504800
17250,-50,100,"sd","09:43:19",504600
17250,-50,600,"sd","09:42:59",504500
17250,-50,300,"sd","09:42:56",503900
17250,-50,300,"sd","09:42:50",503600
17250,-50,100,"sd","09:42:42",503300
17250,-50,1500,"sd","09:42:39",503200
17250,-50,5000,"sd","09:42:38",501700
17250,-50,100,"sd","09:42:17",496700
17250,-50,200,"sd","09:41:59",496600
17250,-50,100,"sd","09:41:37",496400
17250,-50,100,"sd","09:41:19",496300
17250,-50,200,"sd","09:41:14",496200
17250,-50,400,"sd","09:40:59",496000
17250,-50,1500,"sd","09:40:39",495600
17250,-50,100,"sd","09:40:32",494100
17250,-50,200,"sd","09:39:50",494000
17250,-50,200,"sd","09:39:07",493800
17250,-50,200,"sd","09:38:39",493600
17250,-50,200,"sd","09:38:27",493400
17250,-50,200,"sd","09:38:26",493200
17250,-50,200,"sd","09:38:22",493000
17250,-50,300,"sd","09:38:19",492800
17250,-50,200,"sd","09:38:17",492500
17250,-50,100,"sd","09:38:17",492300
17250,-50,200,"sd","09:38:09",492200
17250,-50,200,"sd","09:38:03",492000
17250,-50,300,"sd","09:37:59",491800
17250,-50,100,"sd","09:37:42",491500
17300,0,800,"bu","09:37:40",491400
17300,0,100,"bu","09:37:40",490600
17300,0,100,"bu","09:37:40",490500
17300,0,900,"bu","09:37:02",490400
17300,0,4100,"bu","09:37:02",489500
17250,-50,200,"sd","09:37:00",485400
17250,-50,200,"sd","09:36:59",485200
17250,-50,700,"sd","09:36:41",485000
17250,-50,200,"sd","09:36:17",484300
17250,-50,100,"sd","09:35:35",484100
17300,0,100,"bu","09:35:06",484000
17250,-50,200,"sd","09:34:59",483900
17250,-50,500,"sd","09:34:57",483700
17250,-50,200,"sd","09:34:52",483200
17250,-50,200,"sd","09:34:10",483000
17300,0,1500,"bu","09:33:53",482800
17300,0,200,"bu","09:33:36",481300
17300,0,1200,"bu","09:33:30",481100
17300,0,800,"bu","09:33:30",479900
17250,-50,200,"sd","09:33:23",479100
17300,0,100,"bu","09:33:17",478900
17250,-50,100,"sd","09:32:38",478800
17300,0,4100,"bu","09:32:04",478700
17300,0,1000,"bu","09:32:04",474600
17300,0,1000,"bu","09:32:04",473600
17300,0,300,"bu","09:32:04",472600
17300,0,100,"bu","09:32:04",472300
17300,0,500,"bu","09:32:04",472200
17250,-50,100,"sd","09:32:04",471700
17250,-50,500,"sd","09:31:59",471600
17250,-50,200,"sd","09:31:57",471100
17250,-50,1500,"sd","09:31:41",470900
17250,-50,200,"sd","09:31:39",469400
17250,-50,700,"sd","09:31:19",469200
17250,-50,100,"sd","09:31:16",468500
17250,-50,500,"sd","09:31:11",468400
17250,-50,200,"sd","09:31:10",467900
17250,-50,1800,"sd","09:30:59",467700
17250,-50,6200,"sd","09:30:39",465900
17250,-50,1000,"sd","09:30:37",459700
17250,-50,200,"sd","09:30:27",458700
17250,-50,100,"sd","09:30:23",458500
17250,-50,100,"bu","09:30:22",458400
17250,-50,500,"bu","09:30:22",458300
17250,-50,800,"bu","09:30:22",457800
17250,-50,18100,"bu","09:30:22",457000
17250,-50,400,"bu","09:30:05",438900
17250,-50,2000,"bu","09:29:51",438500
17200,-100,100,"sd","09:29:45",436500
17200,-100,700,"sd","09:29:39",436400
17200,-100,2500,"sd","09:29:19",435700
17200,-100,500,"bu","09:29:07",433200
17200,-100,500,"bu","09:29:04",432700
17150,-150,200,"sd","09:29:03",432200
17250,-50,7300,"sd","09:28:59",432000
17250,-50,300,"sd","09:28:57",424700
17250,-50,30900,"bu","09:28:48",424400
17250,-50,300,"bu","09:28:48",393500
17250,-50,200,"bu","09:28:48",393200
17250,-50,50500,"bu","09:28:48",393000
17200,-100,1200,"bu","09:28:48",342500
17200,-100,300,"bu","09:28:48",341300
17200,-100,200,"bu","09:28:48",341000
17200,-100,5600,"bu","09:28:48",340800
17200,-100,3200,"bu","09:28:48",335200
17200,-100,200,"bu","09:28:28",332000
17200,-100,700,"bu","09:28:27",331800
17200,-100,1400,"bu","09:28:22",331100
17200,-100,100,"bu","09:28:22",329700
17200,-100,1900,"bu","09:28:22",329600
17200,-100,100,"sd","09:27:46",327700
17250,-50,2300,"bu","09:27:33",327600
17200,-100,100,"bu","09:27:33",325300
17250,-50,47200,"bu","09:27:30",325200
17250,-50,200,"bu","09:27:30",278000
17250,-50,3000,"bu","09:27:30",277800
17250,-50,500,"bu","09:27:30",274800
17250,-50,100,"bu","09:27:30",274300
17250,-50,500,"bu","09:27:30",274200
17250,-50,500,"bu","09:27:30",273700
17250,-50,100,"bu","09:27:30",273200
17250,-50,200,"bu","09:27:30",273100
17250,-50,1000,"bu","09:27:30",272900
17250,-50,3900,"bu","09:27:30",271900
17250,-50,100,"bu","09:27:30",268000
17250,-50,4100,"bu","09:27:30",267900
17250,-50,200,"bu","09:27:30",263800
17250,-50,200,"bu","09:27:30",263600
17250,-50,200,"bu","09:27:30",263400
17250,-50,200,"bu","09:27:30",263200
17250,-50,1000,"bu","09:27:30",263000
17250,-50,200,"bu","09:27:30",262000
17250,-50,200,"bu","09:27:30",261800
17250,-50,200,"bu","09:27:30",261600
17200,-100,4000,"bu","09:27:30",261400
17200,-100,3000,"bu","09:27:30",257400
17200,-100,3000,"bu","09:27:30",254400
17200,-100,14000,"bu","09:27:30",251400
17200,-100,10700,"bu","09:27:30",237400
17200,-100,200,"bu","09:27:30",226700
17200,-100,1300,"bu","09:27:30",226500
17150,-150,600,"sd","09:27:20",225200
17150,-150,2000,"sd","09:26:59",224600
17150,-150,6400,"sd","09:26:39",222600
17150,-150,300,"sd","09:26:39",216200
17150,-150,100,"bu","09:26:21",215900
17150,-150,21300,"bu","09:26:21",215800
17150,-150,200,"bu","09:26:18",194500
17150,-150,300,"bu","09:26:18",194300
17150,-150,5000,"sd","09:25:55",194000
17100,-200,1000,"bu","09:25:46",189000
17100,-200,100,"bu","09:25:45",188000
17100,-200,5000,"unknown","09:25:45",187900
17100,-200,20000,"sd","09:25:45",182900
17100,-200,20000,"sd","09:25:45",162900
17100,-200,400,"sd","09:25:45",142900
17100,-200,900,"sd","09:25:45",142500
17100,-200,1000,"sd","09:25:45",141600
17100,-200,100,"sd","09:25:45",140600
17100,-200,1000,"sd","09:25:45",140500
17100,-200,100,"sd","09:25:45",139500
17100,-200,1000,"sd","09:25:45",139400
17100,-200,5000,"sd","09:25:45",138400
17100,-200,100,"sd","09:25:45",133400
17100,-200,900,"sd","09:25:44",133300
17100,-200,100,"sd","09:25:44",132400
17200,-100,100,"bu","09:25:44",132300
17200,-100,100,"bu","09:25:44",132200
17200,-100,300,"bu","09:25:44",132100
17200,-100,700,"bu","09:25:44",131800
17150,-150,9000,"bu","09:25:44",131100
17150,-150,100,"sd","09:25:36",122100
17150,-150,100,"sd","09:25:36",122000
17150,-150,100,"sd","09:25:36",121900
17150,-150,4400,"sd","09:25:36",121800
17200,-100,4700,"sd","09:25:29",117400
17200,-100,300,"sd","09:25:25",112700
17150,-150,200,"sd","09:25:23",112400
17150,-150,5400,"sd","09:25:22",112200
17150,-150,100,"sd","09:25:22",106800
17150,-150,400,"sd","09:25:22",106700
17150,-150,100,"sd","09:25:22",106300
17150,-150,1100,"sd","09:25:22",106200
17150,-150,1000,"sd","09:25:22",105100
17150,-150,800,"sd","09:25:22",104100
17150,-150,1000,"sd","09:25:22",103300
17150,-150,100,"sd","09:25:22",102300
17200,-100,4900,"sd","09:25:22",102200
17200,-100,4300,"bu","09:25:20",97300
17200,-100,1000,"bu","09:25:20",93000
17200,-100,200,"bu","09:25:18",92000
17200,-100,200,"sd","09:25:17",91800
17200,-100,800,"sd","09:25:17",91600
17200,-100,200,"sd","09:25:17",90800
17200,-100,10200,"sd","09:25:17",90600
17200,-100,1800,"sd","09:25:17",80400
17250,-50,1200,"bu","09:25:12",78600
17250,-50,2800,"bu","09:24:54",77400
17250,-50,1000,"bu","09:24:54",74600
17250,-50,6400,"bu","09:24:54",73600
17200,-100,200,"sd","09:24:19",67200
17200,-100,900,"sd","09:23:59",67000
17200,-100,3000,"sd","09:23:40",66100
17250,-50,3000,"bu","09:22:51",63100
17200,-100,4300,"sd","09:22:46",60100
17200,-100,5700,"sd","09:22:46",55800
17200,-100,100,"sd","09:22:09",50100
17200,-100,100,"sd","09:21:45",50000
17200,-100,100,"sd","09:20:59",49900
17200,-100,400,"sd","09:20:39",49800
17200,-100,1100,"sd","09:20:38",49400
17200,-100,300,"sd","09:20:36",48300
17200,-100,200,"sd","09:19:59",48000
17200,-100,700,"sd","09:19:39",47800
17200,-100,300,"sd","09:19:37",47100
17200,-100,700,"sd","09:19:37",46800
17200,-100,100,"sd","09:19:31",46100
17200,-100,1500,"sd","09:19:19",46000
17200,-100,500,"sd","09:19:16",44500
17200,-100,200,"sd","09:19:15",44000
17200,-100,3800,"sd","09:19:00",43800
17200,-100,100,"sd","09:19:00",40000
17200,-100,300,"sd","09:19:00",39900
17200,-100,100,"sd","09:18:59",39600
17200,-100,100,"sd","09:18:59",39500
17200,-100,100,"sd","09:18:45",39400
17200,-100,100,"sd","09:18:39",39300
17200,-100,400,"sd","09:18:39",39200
17200,-100,300,"sd","09:18:39",38800
17200,-100,2000,"sd","09:18:37",38500
17200,-100,200,"sd","09:18:23",36500
17200,-100,700,"sd","09:18:19",36300
17200,-100,1000,"sd","09:18:05",35600
17200,-100,100,"sd","09:18:03",34600
17200,-100,1300,"sd","09:17:59",34500
17200,-100,300,"sd","09:17:58",33200
17200,-100,4000,"sd","09:17:50",32900
17200,-100,100,"sd","09:17:39",28900
17200,-100,100,"sd","09:17:39",28800
17200,-100,400,"sd","09:17:19",28700
17200,-100,100,"sd","09:17:19",28300
17200,-100,400,"sd","09:17:19",28200
17200,-100,500,"sd","09:16:59",27800
17200,-100,2600,"sd","09:16:59",27300
17200,-100,200,"sd","09:16:54",24700
17250,-50,10200,"bu","09:16:53",24500
17250,-50,400,"bu","09:15:02",14300
17250,-50,100,"bu","09:15:02",13900
17200,-100,13800,"sd","09:15:00",13800
