"price","change","match_qtty","side","time","total_vol"
10400,-200,600,"sd","14:59:40",246300
10500,-100,1000,"bu","14:56:20",245700
10600,0,8000,"bu","14:49:56",244700
10500,-100,7000,"bu","14:41:58",236700
10500,-100,600,"sd","14:32:55",229700
10500,-100,1400,"bu","14:32:39",229100
10400,-200,1400,"sd","14:25:43",227700
10500,-100,8000,"bu","14:25:26",226300
10400,-200,200,"sd","14:12:46",218300
10400,-200,1500,"sd","14:08:31",218100
10400,-200,1000,"sd","14:07:41",216600
10400,-200,2000,"sd","13:57:10",215600
10500,-100,400,"bu","13:56:49",213600
10500,-100,500,"bu","13:53:39",213200
10400,-200,4600,"sd","13:52:01",212700
10500,-100,1000,"bu","13:51:53",208100
10500,-100,20000,"bu","13:51:37",207100
10500,-100,10000,"bu","13:48:08",187100
10500,-100,100,"bu","13:36:25",177100
10500,-100,6000,"bu","13:36:10",177000
10500,-100,500,"bu","13:30:50",171000
10500,-100,2000,"bu","13:30:49",170500
10500,-100,500,"bu","13:25:01",168500
10400,-200,1000,"sd","13:16:00",168000
10400,-200,1600,"sd","13:15:47",167000
10500,-100,25000,"unknown","13:14:57",165400
10400,-200,1000,"sd","13:12:52",140400
10500,-100,6000,"bu","13:06:50",139400
10500,-100,5000,"bu","13:02:03",133400
10400,-200,100,"sd","13:00:18",128400
10500,-100,900,"bu","11:20:36",128300
10500,-100,8000,"bu","11:13:24",127400
10500,-100,100,"bu","11:09:37",119400
10500,-100,1600,"sd","11:03:03",119300
10500,-100,1000,"sd","10:53:31",117700
10600,0,1000,"bu","10:49:06",116700
10600,0,17000,"bu","10:39:59",115700
10600,0,30000,"bu","10:25:57",98700
10600,0,30000,"bu","10:25:41",68700
10600,0,20000,"bu","10:25:13",38700
10500,-100,200,"bu","10:16:20",18700
10500,-100,1000,"bu","10:15:19",18500
10500,-100,500,"bu","10:14:27",17500
10600,0,1000,"bu","10:11:34",17000
10500,-100,1000,"bu","10:11:28",16000
10400,-200,600,"sd","10:04:34",15000
10500,-100,300,"bu","09:53:29",14400
10500,-100,3000,"bu","09:53:04",14100
10500,-100,200,"bu","09:38:23",11100
10500,-100,3000,"bu","09:31:54",10900
10500,-100,100,"bu","09:26:30",7900
10500,-100,200,"bu","09:26:06",7800
10500,-100,2300,"sd","09:25:27",7600
10600,0,100,"sd","09:16:00",5300
10600,0,100,"bu","09:14:18",5200
10700,100,3000,"bu","09:11:29",5100
10600,0,2000,"bu","09:06:14",2100
10500,-100,100,"sd","09:06:09",100
