"price","change","match_qtty","side","time","total_vol"
4700,600,500,"sd","14:58:54",1955900
4700,600,300,"sd","14:57:56",1955400
4700,600,10000,"sd","14:56:57",1955100
4700,600,1000,"sd","14:56:28",1945100
4700,600,2100,"sd","14:50:38",1944100
4700,600,500,"sd","14:48:06",1942000
4700,600,1500,"sd","14:47:38",1941500
4700,600,100,"sd","14:47:15",1940000
4700,600,200,"sd","14:44:30",1939900
4700,600,100,"sd","14:42:25",1939700
4700,600,200,"sd","14:42:23",1939600
4700,600,1100,"sd","14:41:28",1939400
4700,600,1000,"sd","14:41:27",1938300
4700,600,500,"sd","14:40:59",1937300
4700,600,200,"sd","14:40:31",1936800
4700,600,1000,"sd","14:40:11",1936600
4700,600,1000,"sd","14:40:01",1935600
4700,600,3000,"sd","14:39:24",1934600
4700,600,300,"sd","14:39:19",1931600
4700,600,2000,"sd","14:38:38",1931300
4700,600,7000,"bu","14:38:31",1929300
4700,600,2000,"bu","14:38:12",1922300
4600,500,100,"sd","14:38:06",1920300
4700,600,2000,"bu","14:38:05",1920200
4700,600,5000,"bu","14:38:01",1918200
4700,600,15000,"bu","14:38:00",1913200
4700,600,3500,"sd","14:36:48",1898200
4700,600,15000,"sd","14:36:42",1894700
4700,600,10000,"sd","14:36:19",1879700
4700,600,600,"sd","14:36:12",1869700
4700,600,10000,"sd","14:36:05",1869100
4700,600,10000,"sd","14:36:02",1859100
4700,600,1000,"sd","14:35:55",1849100
4700,600,10000,"sd","14:35:50",1848100
4700,600,100,"sd","14:35:46",1838100
4700,600,10000,"sd","14:35:12",1838000
4700,600,200,"sd","14:34:22",1828000
4700,600,13900,"sd","14:34:13",1827800
4700,600,15000,"sd","14:34:05",1813900
4700,600,1200,"sd","14:34:02",1798900
4700,600,2000,"sd","14:33:44",1797700
4700,600,2000,"sd","14:33:22",1795700
4700,600,300,"sd","14:32:56",1793700
4700,600,500,"sd","14:32:51",1793400
4700,600,5000,"sd","14:32:50",1792900
4700,600,3000,"sd","14:32:37",1787900
4700,600,500,"sd","14:32:29",1784900
4700,600,5000,"sd","14:32:24",1784400
4700,600,10000,"sd","14:32:14",1779400
4700,600,100,"sd","14:32:06",1769400
4700,600,9600,"bu","14:31:38",1769300
4700,600,20400,"bu","14:31:34",1759700
4700,600,1000,"bu","14:31:20",1739300
4700,600,3000,"bu","14:31:17",1738300
4700,600,400,"bu","14:31:16",1735300
4700,600,500,"bu","14:31:13",1734900
4700,600,600,"bu","14:30:51",1734400
4700,600,100,"bu","14:30:48",1733800
4700,600,4000,"bu","14:30:43",1733700
4700,600,1900,"bu","14:30:40",1729700
4700,600,3100,"bu","14:30:39",1727800
4700,600,1000,"bu","14:30:38",1724700
4700,600,5500,"bu","14:30:33",1723700
4700,600,1400,"bu","14:30:18",1718200
4700,600,2000,"sd","14:30:12",1716800
4700,600,296600,"bu","14:30:03",1714800
4600,500,59600,"bu","14:29:51",1418200
4600,500,1400,"bu","14:29:43",1358600
4600,500,1400,"bu","14:29:42",1357200
4600,500,200,"bu","14:29:39",1355800
4600,500,5000,"bu","14:29:35",1355600
4600,500,200,"bu","14:29:33",1350600
4600,500,200,"bu","14:29:28",1350400
4600,500,200,"bu","14:29:23",1350200
4600,500,200,"bu","14:29:19",1350000
4600,500,200,"bu","14:29:15",1349800
4600,500,200,"bu","14:28:54",1349600
4500,400,245400,"bu","14:28:31",1349400
4400,300,200,"sd","14:27:41",1104000
4400,300,500,"sd","14:26:44",1103800
4400,300,1900,"sd","14:25:21",1103300
4400,300,3500,"bu","14:25:03",1101400
4400,300,100,"bu","14:24:26",1097900
4400,300,6700,"sd","14:24:07",1097800
4400,300,2500,"sd","14:23:28",1091100
4400,300,100,"sd","14:22:47",1088600
4400,300,3900,"bu","14:22:40",1088500
4400,300,23300,"sd","14:22:23",1084600
4400,300,1000,"sd","14:21:36",1061300
4400,300,700,"sd","14:20:21",1060300
4400,300,100,"sd","14:19:49",1059600
4400,300,1000,"sd","14:19:47",1059500
4400,300,500,"sd","14:18:51",1058500
4400,300,200,"sd","14:16:00",1058000
4400,300,1000,"sd","14:15:47",1057800
4400,300,45500,"sd","14:15:31",1056800
4400,300,4400,"bu","14:11:42",1011300
4400,300,300,"sd","14:10:37",1006900
4400,300,3000,"sd","14:10:25",1006600
4400,300,300,"sd","14:09:49",1003600
4400,300,800,"sd","14:09:36",1003300
4400,300,200,"sd","14:08:43",1002500
4400,300,100,"sd","14:07:15",1002300
4400,300,600,"bu","14:06:51",1002200
4400,300,4400,"sd","14:06:46",1001600
4400,300,5600,"bu","14:06:45",997200
4400,300,4900,"bu","14:05:40",991600
4400,300,5000,"sd","14:04:53",986700
4400,300,2000,"sd","14:03:00",981700
4400,300,600,"sd","14:01:47",979700
4400,300,900,"sd","14:00:59",979100
4400,300,1900,"sd","14:00:44",978200
4400,300,2000,"bu","14:00:33",976300
4400,300,100,"sd","13:59:19",974300
4400,300,5100,"bu","13:59:01",974200
4400,300,200,"bu","13:58:46",969100
4400,300,200,"bu","13:58:42",968900
4400,300,200,"bu","13:58:38",968700
4400,300,12500,"bu","13:58:31",968500
4400,300,500,"bu","13:58:21",956000
4400,300,9400,"sd","13:57:45",955500
4400,300,2000,"bu","13:57:31",946100
4400,300,100,"bu","13:57:26",944100
4300,200,10000,"sd","13:57:16",944000
4400,300,100,"bu","13:57:14",934000
4400,300,100,"bu","13:57:11",933900
4400,300,70000,"bu","13:57:04",933800
4300,200,800,"sd","13:53:20",863800
4300,200,1500,"sd","13:52:21",863000
4300,200,2000,"sd","13:51:52",861500
4300,200,300,"sd","13:50:55",859500
4300,200,3000,"sd","13:48:57",859200
4300,200,400,"sd","13:47:44",856200
4300,200,3000,"sd","13:35:39",855800
4300,200,100,"sd","13:33:21",852800
4300,200,200,"sd","13:27:24",852700
4300,200,1000,"sd","13:24:05",852500
4300,200,500,"sd","13:22:44",851500
4300,200,400,"sd","13:22:04",851000
4300,200,1500,"bu","13:21:54",850600
4300,200,500,"bu","13:21:27",849100
4200,100,1000,"sd","13:19:43",848600
4200,100,5200,"sd","13:18:14",847600
4300,200,4700,"sd","13:18:08",842400
4300,200,1800,"bu","13:16:27",837700
4300,200,20000,"bu","13:16:10",835900
4300,200,4100,"bu","13:15:28",815900
4300,200,200,"bu","13:14:32",811800
4300,200,4000,"bu","13:14:10",811600
4300,200,900,"bu","13:13:58",807600
4300,200,4000,"bu","13:13:02",806700
4300,200,100,"bu","13:11:10",802700
4300,200,1000,"sd","13:11:07",802600
4300,200,100,"sd","13:10:47",801600
4300,200,1000,"sd","13:10:40",801500
4300,200,7000,"sd","13:09:09",800500
4400,300,100,"bu","13:08:50",793500
4300,200,3000,"sd","13:08:47",793400
4300,200,2000,"sd","13:07:53",790400
4300,200,100,"sd","13:07:37",788400
4300,200,200,"sd","13:07:36",788300
4300,200,10000,"sd","13:07:29",788100
4300,200,2700,"sd","13:06:56",778100
4300,200,100,"sd","13:06:21",775400
4300,200,10000,"sd","13:06:14",775300
4300,200,10000,"sd","13:03:32",765300
4300,200,1000,"sd","13:00:06",755300
4300,200,3500,"sd","13:00:02",754300
4300,200,100,"sd","11:25:42",750800
4400,300,500,"bu","11:22:02",750700
4300,200,500,"sd","11:19:28",750200
4300,200,100,"sd","11:18:14",749700
4400,300,100,"bu","11:15:23",749600
4300,200,1000,"sd","11:10:54",749500
4300,200,5000,"sd","11:04:24",748500
4300,200,1000,"sd","10:59:43",743500
4400,300,2800,"bu","10:51:21",742500
4400,300,2000,"sd","10:51:07",739700
4400,300,3900,"sd","10:50:29",737700
4400,300,500,"sd","10:50:18",733800
4400,300,1100,"sd","10:48:34",733300
4400,300,500,"sd","10:47:36",732200
4400,300,1000,"sd","10:46:59",731700
4400,300,5800,"sd","10:46:25",730700
4400,300,1000,"sd","10:42:13",724900
4400,300,100,"sd","10:41:02",723900
4400,300,3000,"sd","10:40:51",723800
4400,300,900,"sd","10:40:19",720800
4400,300,3000,"sd","10:40:06",719900
4400,300,500,"sd","10:40:04",716900
4400,300,200,"sd","10:39:58",716400
4400,300,1000,"sd","10:39:44",716200
4400,300,1000,"sd","10:39:13",715200
4400,300,5000,"sd","10:38:47",714200
4400,300,6500,"sd","10:37:45",709200
4400,300,100,"sd","10:37:40",702700
4400,300,100,"sd","10:37:24",702600
4400,300,1000,"sd","10:37:07",702500
4400,300,300,"sd","10:36:53",701500
4400,300,1000,"sd","10:36:30",701200
4400,300,5500,"sd","10:36:05",700200
4400,300,1000,"sd","10:35:30",694700
4400,300,200,"sd","10:35:13",693700
4400,300,4000,"sd","10:34:27",693500
4400,300,200,"sd","10:33:26",689500
4400,300,500,"sd","10:32:50",689300
4400,300,500,"sd","10:31:20",688800
4400,300,1000,"sd","10:29:58",688300
4400,300,300,"sd","10:28:15",687300
4400,300,1000,"sd","10:28:03",687000
4500,400,200,"bu","10:27:51",686000
4400,300,1000,"sd","10:27:46",685800
4400,300,1000,"sd","10:27:41",684800
4400,300,1000,"sd","10:27:34",683800
4500,400,10000,"bu","10:27:21",682800
4500,400,4400,"bu","10:26:14",672800
4500,400,1800,"bu","10:25:35",668400
4500,400,2000,"bu","10:25:15",666600
4500,400,300,"bu","10:25:12",664600
4500,400,2000,"bu","10:25:04",664300
4400,300,500,"sd","10:23:08",662300
4400,300,1000,"sd","10:23:00",661800
4400,300,900,"sd","10:22:47",660800
4400,300,500,"sd","10:21:55",659900
4500,400,2000,"bu","10:21:19",659400
4500,400,100,"bu","10:18:20",657400
4400,300,500,"sd","10:18:18",657300
4400,300,1000,"sd","10:18:11",656800
4400,300,1000,"sd","10:18:00",655800
4400,300,100,"sd","10:17:54",654800
4500,400,400,"bu","10:17:48",654700
4400,300,1000,"sd","10:17:40",654300
4400,300,1500,"sd","10:17:26",653300
4400,300,5400,"sd","10:17:13",651800
4400,300,1000,"sd","10:17:08",646400
4400,300,11000,"sd","10:17:03",645400
4400,300,200,"sd","10:17:00",634400
4400,300,1200,"sd","10:16:56",634200
4400,300,1000,"sd","10:16:43",633000
4400,300,500,"sd","10:16:33",632000
4400,300,10000,"sd","10:16:23",631500
4400,300,2000,"sd","10:16:18",621500
4400,300,10000,"sd","10:15:48",619500
4400,300,9000,"sd","10:15:19",609500
4500,400,2500,"bu","10:15:15",600500
4500,400,1000,"bu","10:14:25",598000
4500,400,100,"bu","10:13:53",597000
4400,300,2200,"sd","10:13:34",596900
4500,400,2800,"bu","10:12:20",594700
4400,300,2000,"sd","10:11:44",591900
4400,300,500,"sd","10:11:33",589900
4400,300,100,"sd","10:11:32",589400
4400,300,10000,"sd","10:11:22",589300
4400,300,500,"sd","10:10:34",579300
4400,300,1000,"unknown","10:10:25",578800
4500,400,300,"bu","10:10:23",577800
4400,300,8600,"sd","10:10:08",577500
4400,300,200,"sd","10:09:47",568900
4400,300,9300,"bu","10:09:43",568700
4400,300,800,"bu","10:09:38",559400
4400,300,2000,"bu","10:09:36",558600
4400,300,1200,"bu","10:09:23",556600
4400,300,1000,"bu","10:09:20",555400
4400,300,21000,"bu","10:09:16",554400
4400,300,3000,"bu","10:09:14",533400
4400,300,92600,"bu","10:09:05",530400
4300,200,1400,"sd","10:08:06",437800
4300,200,100,"sd","10:07:48",436400
4300,200,1000,"sd","10:07:28",436300
4300,200,36400,"bu","10:06:49",435300
4300,200,50000,"bu","10:06:37",398900
4300,200,10000,"bu","10:06:32",348900
4200,100,2000,"sd","10:03:32",338900
4200,100,2000,"sd","10:03:10",336900
4200,100,3800,"sd","10:02:56",334900
4200,100,300,"bu","10:02:46",331100
4200,100,100,"bu","10:02:35",330800
4200,100,1100,"bu","10:01:53",330700
4200,100,1500,"bu","10:01:39",329600
4200,100,800,"bu","10:00:55",328100
4200,100,3000,"bu","09:58:02",327300
4200,100,5700,"sd","09:55:08",324300
4200,100,5000,"sd","09:54:54",318600
4200,100,6900,"sd","09:54:35",313600
4200,100,6900,"sd","09:53:21",306700
4200,100,2000,"sd","09:51:18",299800
4200,100,400,"sd","09:50:32",297800
4200,100,1000,"sd","09:50:13",297400
4200,100,10000,"sd","09:50:02",296400
4200,100,2800,"sd","09:49:56",286400
4200,100,1900,"sd","09:49:18",283600
4200,100,1000,"sd","09:47:34",281700
4200,100,4000,"sd","09:46:43",280700
4200,100,500,"sd","09:45:49",276700
4200,100,3800,"sd","09:45:22",276200
4200,100,100,"bu","09:45:16",272400
4200,100,15000,"bu","09:44:51",272300
4200,100,10000,"bu","09:44:47",257300
4200,100,2000,"bu","09:44:45",247300
4200,100,100,"bu","09:44:34",245300
4200,100,55000,"bu","09:44:32",245200
4200,100,2000,"bu","09:43:29",190200
4100,0,11000,"sd","09:40:24",188200
4100,0,800,"sd","09:35:47",177200
4100,0,600,"sd","09:34:21",176400
4100,0,300,"bu","09:34:20",175800
4100,0,3000,"bu","09:33:39",175500
4100,0,300,"bu","09:33:01",172500
4100,0,10000,"bu","09:32:47",172200
4100,0,500,"bu","09:32:23",162200
4100,0,4300,"bu","09:31:34",161700
4100,0,100,"bu","09:30:55",157400
4100,0,5000,"bu","09:30:46",157300
4100,0,18900,"bu","09:30:37",152300
4100,0,300,"bu","09:28:19",133400
4100,0,5000,"bu","09:25:35",133100
4100,0,10700,"bu","09:23:58",128100
4100,0,9300,"bu","09:23:43",117400
4100,0,10700,"bu","09:23:32",108100
4100,0,5000,"sd","09:22:31",97400
4100,0,3000,"sd","09:21:42",92400
4100,0,600,"sd","09:21:15",89400
4100,0,10000,"sd","09:20:19",88800
4100,0,1000,"sd","09:19:57",78800
4100,0,15900,"bu","09:19:50",77800
4100,0,200,"bu","09:16:53",61900
4100,0,100,"bu","09:14:19",61700
4100,0,13900,"unknown","09:12:12",61600
4100,0,1000,"sd","09:07:54",47700
4100,0,1100,"sd","09:07:10",46700
4100,0,1000,"sd","09:06:30",45600
4100,0,1000,"sd","09:04:02",44600
4100,0,500,"sd","09:03:49",43600
4100,0,500,"sd","09:03:14",43100
4100,0,13500,"sd","09:02:09",42600
4100,0,20000,"bu","09:01:36",29100
4100,0,100,"bu","09:00:56",9100
4100,0,5000,"bu","09:00:48",9000
4100,0,4000,"bu","09:00:17",4000
