"price","change","match_qtty","side","time","total_vol"
18400,400,10200,"bu","14:45:01",130300
18500,500,500,"bu","14:29:40",120100
18500,500,1100,"bu","14:29:40",119600
18500,500,1000,"bu","14:29:40",118500
18500,500,5000,"bu","14:29:40",117500
18500,500,1000,"bu","14:29:40",112500
18500,500,500,"bu","14:29:40",111500
18450,450,1000,"bu","14:29:40",111000
18450,450,500,"bu","14:29:40",110000
18450,450,500,"bu","14:29:40",109500
18400,400,100,"bu","14:29:40",109000
18350,350,100,"bu","14:29:40",108900
18350,350,100,"bu","14:29:40",108800
18350,350,500,"bu","14:29:40",108700
18350,350,100,"bu","14:29:40",108200
18350,350,100,"bu","14:28:38",108100
18300,300,100,"bu","14:28:27",108000
18250,250,300,"bu","14:28:15",107900
18200,200,200,"bu","14:27:50",107600
18200,200,1000,"bu","14:27:50",107400
18200,200,300,"bu","14:27:50",106400
18200,200,500,"bu","14:27:50",106100
18200,200,2000,"bu","14:27:50",105600
18200,200,1500,"bu","14:27:50",103600
18200,200,4000,"bu","14:27:50",102100
18150,150,200,"bu","14:27:19",98100
18150,150,100,"bu","14:27:19",97900
18150,150,1000,"bu","14:27:19",97800
18150,150,100,"bu","14:27:19",96800
18150,150,500,"bu","14:27:19",96700
18150,150,4800,"bu","14:27:19",96200
18100,100,100,"bu","14:26:52",91400
18100,100,200,"bu","14:26:52",91300
18100,100,100,"bu","14:26:18",91100
18100,100,900,"bu","14:26:18",91000
18100,100,300,"bu","14:25:39",90100
18050,50,100,"bu","14:24:52",89800
18050,50,900,"bu","14:23:56",89700
18050,50,100,"bu","14:23:56",88800
18050,50,100,"sd","14:21:08",88700
18000,0,500,"sd","14:20:02",88600
18000,0,200,"sd","14:18:53",88100
18000,0,200,"sd","14:18:53",87900
18000,0,800,"sd","14:17:21",87700
18000,0,3200,"sd","14:17:21",86900
18000,0,100,"sd","14:13:48",83700
18000,0,800,"sd","14:06:54",83600
18000,0,500,"sd","14:06:54",82800
18000,0,600,"sd","14:06:54",82300
18000,0,100,"sd","14:06:54",81700
18000,0,100,"sd","14:00:00",81600
18000,0,300,"sd","13:58:47",81500
18000,0,100,"bu","13:57:34",81200
18000,0,900,"bu","13:57:34",81100
17950,-50,100,"sd","13:56:51",80200
18000,0,1000,"bu","13:56:38",80100
18000,0,100,"sd","13:56:15",79100
18000,0,100,"bu","13:54:34",79000
17950,-50,100,"sd","13:53:44",78900
17950,-50,100,"sd","13:50:35",78800
17950,-50,100,"sd","13:47:27",78700
17950,-50,100,"sd","13:44:21",78600
18100,100,14800,"sd","13:44:15",78500
18100,100,100,"bu","13:44:04",63700
18100,100,2000,"bu","13:44:04",63600
18050,50,100,"bu","13:44:04",61600
18000,0,100,"bu","13:44:04",61500
18000,0,2500,"bu","13:44:04",61400
17950,-50,1500,"sd","13:43:32",58900
17950,-50,100,"sd","13:41:33",57400
17950,-50,100,"sd","13:41:33",57300
17950,-50,200,"sd","13:41:33",57200
17950,-50,1000,"sd","13:41:33",57000
17950,-50,100,"sd","13:41:33",56000
17950,-50,1000,"sd","13:41:33",55900
17950,-50,100,"sd","13:41:33",54900
17950,-50,500,"sd","13:41:33",54800
17950,-50,500,"sd","13:41:33",54300
17950,-50,1000,"sd","13:41:33",53800
17950,-50,500,"sd","13:41:33",52800
17950,-50,1500,"sd","13:41:33",52300
17950,-50,100,"sd","13:41:33",50800
17950,-50,100,"sd","13:41:13",50700
17950,-50,1000,"sd","13:41:06",50600
17950,-50,500,"sd","13:39:42",49600
17950,-50,100,"sd","13:38:04",49100
18000,0,100,"bu","13:38:01",49000
18000,0,200,"bu","13:36:44",48900
17950,-50,100,"sd","13:34:57",48700
18000,0,100,"bu","13:34:31",48600
18000,0,100,"bu","13:33:40",48500
18000,0,500,"bu","13:31:58",48400
17950,-50,100,"sd","13:31:49",47900
17950,-50,100,"sd","13:28:40",47800
17950,-50,100,"sd","13:25:32",47700
17950,-50,100,"sd","13:22:25",47600
17950,-50,100,"sd","13:19:17",47500
17950,-50,100,"sd","13:16:09",47400
17950,-50,100,"sd","13:13:01",47300
17950,-50,100,"sd","13:09:54",47200
17950,-50,500,"sd","13:09:41",47100
17950,-50,2000,"sd","13:09:39",46600
17950,-50,100,"sd","13:06:45",44600
17950,-50,100,"sd","13:03:38",44500
17950,-50,100,"sd","13:01:32",44400
17950,-50,4900,"sd","13:01:32",44300
18000,0,100,"sd","13:01:17",39400
18000,0,500,"sd","13:01:17",39300
18000,0,100,"sd","13:01:17",38800
18000,0,300,"sd","13:01:17",38700
18000,0,100,"sd","13:00:29",38400
18000,0,100,"sd","11:27:59",38300
18000,0,100,"sd","11:24:54",38200
18000,0,100,"sd","11:21:49",38100
18000,0,100,"sd","11:18:44",38000
18000,0,100,"sd","11:15:39",37900
18150,150,200,"bu","11:15:08",37800
18050,50,100,"sd","11:14:00",37600
18050,50,100,"sd","11:12:35",37500
18000,0,100,"sd","11:09:30",37400
18000,0,100,"sd","11:06:25",37300
18000,0,100,"sd","11:03:20",37200
18000,0,1200,"sd","11:02:52",37100
18000,0,100,"sd","11:02:52",35900
18000,0,200,"sd","11:02:52",35800
18000,0,1500,"sd","11:01:43",35600
18000,0,100,"sd","11:00:15",34100
18000,0,100,"sd","10:57:10",34000
18000,0,500,"sd","10:54:25",33900
18000,0,100,"sd","10:54:05",33400
18000,0,2000,"sd","10:52:18",33300
18000,0,2500,"sd","10:51:06",31300
18000,0,100,"sd","10:51:00",28800
18000,0,100,"bu","10:49:51",28700
18000,0,100,"bu","10:49:51",28600
18000,0,2700,"bu","10:49:51",28500
17950,-50,100,"sd","10:47:56",25800
17950,-50,100,"sd","10:44:51",25700
17950,-50,100,"sd","10:41:46",25600
17950,-50,200,"sd","10:39:19",25500
17950,-50,100,"sd","10:38:41",25300
18000,0,1000,"bu","10:38:19",25200
18000,0,300,"sd","10:35:48",24200
18000,0,100,"sd","10:35:36",23900
18000,0,100,"sd","10:32:31",23800
18000,0,100,"sd","10:29:26",23700
18000,0,100,"sd","10:26:21",23600
18000,0,100,"bu","10:24:08",23500
18000,0,1600,"bu","10:24:08",23400
17950,-50,100,"sd","10:23:16",21800
18000,0,2400,"bu","10:22:16",21700
17950,-50,100,"sd","10:20:12",19300
17950,-50,100,"sd","10:17:07",19200
17950,-50,100,"sd","10:14:02",19100
17950,-50,100,"sd","10:10:57",19000
18000,0,100,"bu","10:09:52",18900
18000,0,200,"bu","10:09:52",18800
17950,-50,100,"sd","10:07:52",18600
18000,0,100,"bu","10:05:35",18500
17950,-50,100,"sd","10:04:47",18400
18000,0,300,"sd","10:02:09",18300
18000,0,1000,"sd","10:02:09",18000
18000,0,300,"sd","10:02:09",17000
18000,0,100,"sd","10:02:09",16700
18000,0,100,"sd","10:01:42",16600
18000,0,100,"sd","09:58:37",16500
18150,150,100,"bu","09:56:45",16400
18100,100,100,"bu","09:56:45",16300
18000,0,100,"sd","09:55:32",16200
18000,0,200,"bu","09:52:43",16100
17950,-50,100,"sd","09:52:28",15900
17900,-100,100,"sd","09:49:23",15800
17900,-100,100,"sd","09:46:18",15700
17950,-50,100,"sd","09:43:13",15600
17950,-50,100,"sd","09:40:08",15500
17950,-50,100,"sd","09:37:03",15400
18150,150,900,"bu","09:35:37",15300
18150,150,200,"bu","09:35:37",14400
17950,-50,100,"sd","09:33:58",14200
17900,-100,100,"sd","09:30:53",14100
17900,-100,100,"sd","09:27:49",14000
17900,-100,300,"bu","09:27:34",13900
17900,-100,100,"bu","09:27:02",13600
17850,-150,100,"sd","09:24:44",13500
17850,-150,800,"bu","09:23:58",13400
17850,-150,100,"bu","09:23:50",12600
17850,-150,100,"bu","09:23:35",12500
17850,-150,100,"bu","09:23:31",12400
17850,-150,100,"sd","09:23:18",12300
17850,-150,500,"sd","09:23:18",12200
17850,-150,100,"sd","09:23:18",11700
17850,-150,200,"sd","09:23:18",11600
17850,-150,600,"sd","09:23:11",11400
17850,-150,700,"sd","09:23:01",10800
17850,-150,300,"sd","09:23:01",10100
17850,-150,1000,"sd","09:23:01",9800
17850,-150,100,"sd","09:21:39",8800
17850,-150,100,"sd","09:18:34",8700
17850,-150,300,"bu","09:18:13",8600
17850,-150,100,"bu","09:18:09",8300
17850,-150,100,"bu","09:18:06",8200
17850,-150,200,"sd","09:18:05",8100
17850,-150,300,"bu","09:18:02",7900
17850,-150,100,"bu","09:17:44",7600
17850,-150,100,"bu","09:17:37",7500
17850,-150,500,"bu","09:16:35",7400
17850,-150,500,"sd","09:16:31",6900
17850,-150,500,"bu","09:16:09",6400
17850,-150,200,"bu","09:15:54",5900
17850,-150,100,"bu","09:15:43",5700
17850,-150,600,"bu","09:15:42",5600
17800,-200,100,"sd","09:15:29",5000
17850,-150,100,"bu","09:15:25",4900
17850,-150,4800,"bu","09:15:01",4800
