"price","change","match_qtty","side","time","total_vol"
4700,0,2000,"unknown","14:53:28",1028000
4700,0,2000,"unknown","14:51:01",1026000
4700,0,46200,"sd","14:45:01",1024000
4700,0,2000,"sd","14:29:26",977800
4700,0,500,"sd","14:29:19",975800
4700,0,300,"sd","14:29:18",975300
4700,0,15000,"sd","14:29:15",975000
4700,0,20000,"sd","14:27:34",960000
4700,0,200,"sd","14:27:09",940000
4700,0,3000,"sd","14:25:20",939800
4700,0,600,"sd","14:25:11",936800
4700,0,7500,"sd","14:24:42",936200
4700,0,10000,"sd","14:22:44",928700
4700,0,1000,"sd","14:21:31",918700
4800,100,20000,"bu","14:19:19",917700
4800,100,10000,"bu","14:17:33",897700
4700,0,1000,"bu","14:17:19",887700
4700,0,60000,"bu","14:17:00",886700
4700,0,1000,"bu","14:16:04",826700
4700,0,400,"bu","14:14:26",825700
4700,0,4900,"bu","14:12:51",825300
4700,0,1000,"bu","14:12:24",820400
4700,0,400,"bu","14:12:18",819400
4700,0,1000,"bu","14:11:30",819000
4700,0,1000,"bu","14:08:33",818000
4700,0,200,"bu","14:08:32",817000
4700,0,200,"bu","14:08:16",816800
4700,0,200,"bu","14:07:46",816600
4700,0,4300,"bu","14:07:33",816400
4700,0,100,"bu","14:07:25",812100
4700,0,500,"bu","14:06:51",812000
4700,0,4300,"bu","14:05:26",811500
4700,0,500,"bu","14:05:03",807200
4700,0,200,"bu","14:04:28",806700
4700,0,500,"bu","14:04:14",806500
4700,0,10000,"bu","14:03:55",806000
4700,0,600,"bu","14:03:54",796000
4700,0,100,"bu","14:03:39",795400
4700,0,1000,"bu","14:03:26",795300
4700,0,5000,"bu","14:03:18",794300
4700,0,5000,"bu","14:02:04",789300
4700,0,10000,"bu","14:00:55",784300
4700,0,10000,"bu","13:59:49",774300
4600,-100,1000,"sd","13:57:18",764300
4700,0,500,"bu","13:54:52",763300
4700,0,3000,"bu","13:49:19",762800
4700,0,2000,"bu","13:44:43",759800
4700,0,700,"bu","13:43:37",757800
4700,0,800,"bu","13:40:02",757100
4700,0,2000,"bu","13:39:29",756300
4700,0,100,"bu","13:38:49",754300
4700,0,500,"bu","13:38:30",754200
4700,0,100,"bu","13:37:10",753700
4700,0,1000,"bu","13:36:17",753600
4600,-100,32000,"sd","13:35:11",752600
4700,0,200,"bu","13:34:54",720600
4700,0,500,"bu","13:34:13",720400
4700,0,500,"bu","13:32:36",719900
4700,0,1000,"bu","13:31:40",719400
4700,0,900,"bu","13:28:58",718400
4700,0,500,"bu","13:28:26",717500
4700,0,600,"sd","13:28:11",717000
4700,0,600,"bu","13:27:40",716400
4700,0,500,"bu","13:27:37",715800
4700,0,100,"bu","13:27:15",715300
4800,100,12000,"bu","13:26:04",715200
4700,0,1500,"bu","13:26:01",703200
4700,0,1000,"bu","13:25:18",701700
4700,0,100,"bu","13:24:13",700700
4700,0,1000,"bu","13:23:49",700600
4700,0,3300,"sd","13:22:53",699600
4700,0,1000,"sd","13:22:52",696300
4700,0,1000,"sd","13:21:05",695300
4700,0,100,"sd","13:20:36",694300
4700,0,1500,"bu","13:20:01",694200
4700,0,200,"bu","13:19:55",692700
4700,0,1000,"bu","13:19:45",692500
4700,0,20000,"bu","13:19:42",691500
4700,0,1000,"bu","13:19:08",671500
4700,0,300,"bu","13:19:07",670500
4700,0,300,"bu","13:19:02",670200
4700,0,25000,"bu","13:18:55",669900
4700,0,4200,"bu","13:18:07",644900
4700,0,54000,"bu","13:17:54",640700
4700,0,3000,"bu","13:17:31",586700
4700,0,5000,"bu","13:15:56",583700
4700,0,100,"bu","13:13:45",578700
4700,0,1000,"bu","13:08:35",578600
4700,0,100,"bu","13:04:42",577600
4600,-100,300,"sd","13:03:23",577500
4600,-100,2000,"sd","13:03:14",577200
4700,0,100,"bu","11:29:28",575200
4700,0,100,"bu","11:28:56",575100
4700,0,6500,"bu","11:25:12",575000
4700,0,200,"sd","11:23:38",568500
4700,0,200,"sd","11:21:14",568300
4700,0,100,"sd","11:20:44",568100
4700,0,1600,"sd","11:19:35",568000
4600,-100,8600,"sd","11:14:17",566400
4700,0,200,"bu","11:13:45",557800
4700,0,1000,"bu","11:11:46",557600
4700,0,2000,"bu","11:11:20",556600
4700,0,3200,"sd","11:10:55",554600
4700,0,200,"sd","11:10:32",551400
4700,0,2000,"sd","11:09:48",551200
4700,0,2000,"sd","11:03:53",549200
4700,0,3000,"sd","11:03:17",547200
4700,0,4000,"bu","10:58:57",544200
4700,0,3000,"bu","10:58:53",540200
4700,0,5000,"bu","10:58:28",537200
4700,0,8000,"bu","10:57:41",532200
4700,0,5500,"bu","10:57:14",524200
4700,0,5000,"bu","10:56:51",518700
4700,0,100,"bu","10:56:37",513700
4700,0,500,"bu","10:56:29",513600
4700,0,3000,"bu","10:56:12",513100
4700,0,3000,"bu","10:55:41",510100
4700,0,1000,"bu","10:54:59",507100
4700,0,5000,"bu","10:54:53",506100
4700,0,4000,"bu","10:54:40",501100
4700,0,57500,"sd","10:54:00",497100
4700,0,10000,"sd","10:52:07",439600
4700,0,19900,"sd","10:51:22",429600
4700,0,15600,"bu","10:50:09",409700
4700,0,5000,"bu","10:49:13",394100
4700,0,3000,"bu","10:49:06",389100
4700,0,5000,"bu","10:48:17",386100
4700,0,500,"bu","10:48:12",381100
4700,0,4000,"bu","10:47:47",380600
4600,-100,100,"sd","10:45:40",376600
4700,0,7800,"sd","10:44:33",376500
4700,0,12500,"bu","10:43:33",368700
4700,0,100,"bu","10:43:27",356200
4700,0,10400,"sd","10:43:04",356100
4700,0,39000,"sd","10:42:52",345700
4700,0,5000,"sd","10:42:38",306700
4700,0,7400,"sd","10:41:49",301700
4700,0,2000,"sd","10:41:43",294300
4700,0,10000,"sd","10:40:23",292300
4700,0,10000,"sd","10:40:01",282300
4800,100,100,"bu","10:39:34",272300
4700,0,13400,"sd","10:39:08",272200
4700,0,300,"sd","10:38:34",258800
4700,0,47000,"sd","10:38:30",258500
4700,0,10000,"sd","10:38:25",211500
4700,0,200,"sd","10:37:11",201500
4700,0,1200,"sd","10:35:47",201300
4700,0,10000,"sd","10:24:53",200100
4700,0,200,"sd","10:22:34",190100
4700,0,100,"sd","10:21:43",189900
4700,0,10700,"sd","10:21:21",189800
4700,0,14000,"sd","10:21:01",179100
4700,0,300,"sd","10:20:16",165100
4700,0,5000,"sd","10:19:43",164800
4700,0,5000,"sd","10:17:42",159800
4700,0,10000,"sd","10:15:19",154800
4700,0,8000,"sd","10:11:46",144800
4700,0,1000,"sd","10:00:46",136800
4700,0,700,"sd","09:59:28",135800
4700,0,1000,"sd","09:58:05",135100
4700,0,500,"sd","09:52:19",134100
4700,0,5900,"sd","09:51:19",133600
4700,0,500,"sd","09:50:50",127700
4700,0,1000,"sd","09:50:11",127200
4700,0,3000,"sd","09:49:22",126200
4700,0,600,"sd","09:48:01",123200
4800,100,900,"bu","09:45:03",122600
4700,0,2000,"sd","09:44:15",121700
4700,0,600,"sd","09:42:28",119700
4700,0,100,"sd","09:42:23",119100
4700,0,1700,"sd","09:41:20",119000
4700,0,1000,"sd","09:40:08",117300
4700,0,500,"sd","09:37:55",116300
4700,0,10000,"sd","09:37:49",115800
4700,0,100,"sd","09:37:04",105800
4800,100,1000,"bu","09:36:14",105700
4700,0,2000,"sd","09:26:09",104700
4700,0,500,"sd","09:26:00",102700
4700,0,90000,"sd","09:24:34",102200
4700,0,400,"sd","09:23:14",12200
4700,0,4000,"sd","09:21:56",11800
4700,0,2000,"sd","09:19:25",7800
4700,0,5000,"sd","09:18:27",5800
4700,0,200,"sd","09:06:02",800
4800,100,400,"bu","09:04:02",600
4700,0,100,"sd","09:02:02",200
4700,0,100,"sd","09:00:14",100
