"price","change","match_qtty","side","time","total_vol"
32900,100,16600,"sd","14:45:00",529500
32900,100,500,"sd","14:29:25",512900
32900,100,100,"sd","14:29:09",512400
32900,100,100,"sd","14:28:57",512300
32900,100,500,"bu","14:28:38",512200
32900,100,400,"bu","14:28:38",511700
32900,100,2500,"bu","14:28:38",511300
32900,100,2100,"bu","14:28:32",508800
32850,50,100,"sd","14:28:18",506700
32900,100,3700,"bu","14:28:08",506600
32900,100,100,"bu","14:28:03",502900
32850,50,300,"sd","14:27:34",502800
32900,100,200,"bu","14:26:40",502500
32850,50,400,"sd","14:26:36",502300
32850,50,100,"sd","14:26:36",501900
32900,100,1400,"bu","14:26:30",501800
32900,100,3600,"bu","14:26:30",500400
32900,100,1000,"bu","14:26:18",496800
32900,100,200,"bu","14:25:54",495800
32900,100,4300,"unknown","14:25:00",495600
32900,100,1000,"sd","14:24:47",491300
32900,100,200,"sd","14:24:41",490300
32900,100,100,"bu","14:24:10",490100
32900,100,200,"bu","14:24:10",490000
32900,100,4200,"bu","14:24:10",489800
32900,100,5800,"bu","14:23:46",485600
32900,100,200,"bu","14:23:46",479800
32850,50,4000,"bu","14:23:46",479600
32900,100,100,"bu","14:22:55",475600
32800,0,600,"sd","14:22:25",475500
32800,0,400,"sd","14:22:25",474900
32800,0,100,"sd","14:22:11",474500
32850,50,100,"sd","14:21:46",474400
32900,100,1700,"sd","14:21:36",474300
32900,100,300,"sd","14:21:28",472600
32900,100,3000,"sd","14:20:48",472300
32900,100,2000,"sd","14:20:09",469300
32900,100,5000,"sd","14:20:09",467300
32950,150,200,"bu","14:19:31",462300
32950,150,500,"bu","14:18:46",462100
32900,100,2000,"bu","14:18:46",461600
32900,100,1000,"bu","14:18:46",459600
32900,100,300,"bu","14:18:46",458600
32950,150,6000,"bu","14:18:46",458300
32950,150,100,"bu","14:18:46",452300
32950,150,100,"bu","14:18:46",452200
32950,150,4500,"bu","14:18:21",452100
32900,100,300,"bu","14:18:21",447600
32900,100,1700,"sd","14:18:14",447300
32900,100,1000,"sd","14:18:12",445600
32900,100,500,"bu","14:17:58",444600
32900,100,300,"bu","14:17:58",444100
32900,100,500,"bu","14:17:58",443800
32900,100,100,"bu","14:17:58",443300
32850,50,800,"bu","14:17:58",443200
32850,50,200,"sd","14:17:45",442400
32850,50,400,"sd","14:17:03",442200
32850,50,200,"sd","14:16:58",441800
32850,50,1000,"sd","14:15:49",441600
32850,50,100,"sd","14:15:34",440600
32900,100,100,"bu","14:15:33",440500
32900,100,100,"bu","14:15:33",440400
32900,100,100,"bu","14:15:33",440300
32900,100,700,"bu","14:15:33",440200
32900,100,100,"bu","14:15:18",439500
32900,100,1200,"bu","14:15:07",439400
32850,50,500,"bu","14:13:55",438200
32850,50,300,"bu","14:13:55",437700
32850,50,100,"bu","14:13:55",437400
32850,50,100,"bu","14:13:55",437300
32800,0,100,"bu","14:13:00",437200
32800,0,200,"bu","14:12:41",437100
32800,0,700,"sd","14:12:01",436900
32800,0,800,"bu","14:11:56",436200
32800,0,1000,"bu","14:11:56",435400
32800,0,500,"bu","14:11:56",434400
32750,-50,100,"sd","14:11:54",433900
32800,0,500,"bu","14:10:32",433800
32800,0,2000,"bu","14:10:19",433300
32800,0,500,"sd","14:10:05",431300
32800,0,1000,"sd","14:09:16",430800
32800,0,100,"sd","14:07:54",429800
32800,0,3400,"bu","14:07:42",429700
32800,0,700,"sd","14:06:53",426300
32800,0,200,"sd","14:06:45",425600
32800,0,100,"sd","14:06:30",425400
32850,50,1200,"bu","14:05:15",425300
32850,50,200,"bu","14:04:40",424100
32850,50,100,"bu","14:04:40",423900
32850,50,200,"bu","14:04:40",423800
32850,50,400,"bu","14:04:15",423600
32850,50,4400,"bu","14:02:52",423200
32800,0,100,"bu","14:02:52",418800
32800,0,200,"bu","14:02:52",418700
32800,0,300,"bu","14:02:52",418500
32800,0,400,"bu","14:02:29",418200
32800,0,1000,"bu","14:01:53",417800
32800,0,100,"bu","14:01:42",416800
32800,0,200,"bu","14:01:34",416700
32800,0,300,"bu","14:01:26",416500
32800,0,100,"bu","14:01:26",416200
32800,0,600,"bu","14:01:26",416100
32800,0,100,"bu","14:01:11",415500
32800,0,1000,"bu","14:01:11",415400
32800,0,500,"bu","14:01:11",414400
32800,0,500,"bu","14:01:11",413900
32800,0,500,"bu","14:01:11",413400
32800,0,100,"bu","14:01:11",412900
32750,-50,300,"bu","14:01:11",412800
32800,0,2000,"bu","14:01:11",412500
32800,0,5000,"bu","14:01:11",410500
32750,-50,200,"bu","14:00:54",405500
32750,-50,300,"bu","14:00:39",405300
32750,-50,200,"bu","14:00:39",405000
32700,-100,100,"bu","14:00:08",404800
32700,-100,3900,"bu","14:00:08",404700
32700,-100,200,"bu","14:00:02",400800
32650,-150,300,"sd","14:00:01",400600
32650,-150,700,"sd","14:00:01",400300
32650,-150,1000,"sd","13:59:58",399600
32650,-150,300,"bu","13:59:39",398600
32650,-150,100,"bu","13:59:34",398300
32650,-150,100,"bu","13:59:23",398200
32450,-350,700,"sd","13:59:23",398100
32450,-350,100,"sd","13:59:23",397400
32450,-350,100,"sd","13:59:23",397300
32450,-350,100,"sd","13:59:23",397200
32450,-350,2000,"sd","13:59:23",397100
32450,-350,200,"sd","13:59:23",395100
32450,-350,3000,"sd","13:59:23",394900
32450,-350,800,"sd","13:59:23",391900
32500,-300,200,"sd","13:59:23",391100
32500,-300,1000,"sd","13:59:23",390900
32500,-300,300,"sd","13:59:23",389900
32550,-250,2500,"sd","13:59:23",389600
32450,-350,4200,"sd","13:57:15",387100
32450,-350,100,"sd","13:57:15",382900
32450,-350,3900,"sd","13:57:15",382800
32600,-200,4400,"sd","13:57:15",378900
32600,-200,5600,"bu","13:57:13",374500
32450,-350,2100,"sd","13:57:02",368900
32450,-350,2400,"sd","13:57:02",366800
32450,-350,700,"sd","13:57:02",364400
32450,-350,300,"sd","13:56:37",363700
32400,-400,10600,"sd","13:56:18",363400
32400,-400,200,"sd","13:56:18",352800
32400,-400,100,"sd","13:56:18",352600
32400,-400,500,"sd","13:56:18",352500
32450,-350,2400,"sd","13:56:18",352000
32450,-350,2000,"sd","13:56:18",349600
32400,-400,500,"sd","13:55:24",347600
32400,-400,100,"sd","13:55:24",347100
32400,-400,2000,"sd","13:55:24",347000
32400,-400,100,"sd","13:55:24",345000
32450,-350,3000,"unknown","13:55:24",344900
32400,-400,100,"sd","13:55:24",341900
32450,-350,3000,"unknown","13:55:24",341800
32400,-400,100,"sd","13:55:24",338800
32450,-350,100,"unknown","13:55:24",338700
32400,-400,1000,"sd","13:55:24",338600
32450,-350,100,"unknown","13:55:24",337600
32450,-350,200,"unknown","13:55:24",337500
32400,-400,300,"sd","13:55:24",337300
32450,-350,5000,"unknown","13:55:24",337000
32400,-400,200,"sd","13:55:24",332000
32450,-350,100,"unknown","13:55:24",331800
32400,-400,1000,"sd","13:55:24",331700
32450,-350,500,"unknown","13:55:24",330700
32450,-350,1100,"unknown","13:55:24",330200
32500,-300,100,"unknown","13:55:24",329100
32400,-400,1000,"sd","13:55:24",329000
32500,-300,200,"unknown","13:55:24",328000
32400,-400,100,"sd","13:55:24",327800
32500,-300,500,"unknown","13:55:24",327700
32400,-400,700,"sd","13:55:24",327200
32400,-400,2100,"sd","13:55:24",326500
32400,-400,15000,"sd","13:55:24",324400
32400,-400,1000,"sd","13:55:24",309400
32400,-400,500,"sd","13:55:24",308400
32400,-400,300,"sd","13:55:24",307900
32500,-300,300,"sd","13:53:56",307600
32500,-300,3000,"sd","13:53:18",307300
32500,-300,200,"sd","13:53:18",304300
32500,-300,1800,"sd","13:53:18",304100
32500,-300,200,"sd","13:53:18",302300
32500,-300,100,"sd","13:53:18",302100
32500,-300,100,"sd","13:53:18",302000
32500,-300,200,"sd","13:53:18",301900
32500,-300,200,"sd","13:53:18",301700
32500,-300,100,"sd","13:53:18",301500
32500,-300,1000,"sd","13:53:18",301400
32500,-300,500,"sd","13:53:18",300400
32500,-300,100,"sd","13:53:18",299900
32500,-300,1000,"sd","13:53:18",299800
32500,-300,3000,"sd","13:53:18",298800
32500,-300,300,"sd","13:53:18",295800
32500,-300,300,"sd","13:53:18",295500
32500,-300,300,"sd","13:53:18",295200
32500,-300,500,"sd","13:53:18",294900
32500,-300,300,"sd","13:53:18",294400
32550,-250,100,"sd","13:53:18",294100
32550,-250,500,"sd","13:53:18",294000
32550,-250,3000,"sd","13:53:18",293500
32550,-250,3000,"sd","13:53:18",290500
32550,-250,200,"sd","13:53:18",287500
32550,-250,300,"sd","13:52:51",287300
32550,-250,500,"sd","13:52:51",287000
32550,-250,100,"sd","13:52:19",286500
32550,-250,100,"sd","13:52:19",286400
32550,-250,100,"sd","13:51:34",286300
32600,-200,200,"sd","13:50:39",286200
32600,-200,3000,"sd","13:50:39",286000
32600,-200,500,"sd","13:50:39",283000
32600,-200,100,"sd","13:50:39",282500
32600,-200,3000,"sd","13:50:39",282400
32600,-200,2000,"sd","13:50:39",279400
32600,-200,100,"sd","13:50:39",277400
32600,-200,700,"sd","13:50:39",277300
32650,-150,100,"sd","13:50:39",276600
32650,-150,2000,"sd","13:50:39",276500
32650,-150,3000,"sd","13:50:39",274500
32650,-150,100,"sd","13:50:39",271500
32650,-150,300,"sd","13:50:01",271400
32650,-150,500,"sd","13:46:25",271100
32650,-150,100,"sd","13:46:17",270600
32650,-150,100,"sd","13:46:17",270500
32650,-150,100,"sd","13:46:17",270400
32650,-150,200,"sd","13:42:54",270300
32650,-150,200,"sd","13:42:44",270100
32600,-200,100,"sd","13:40:10",269900
32600,-200,1200,"sd","13:36:03",269800
32650,-150,300,"unknown","13:32:49",268600
32650,-150,1300,"sd","13:32:12",268300
32650,-150,2000,"sd","13:32:12",267000
32650,-150,2400,"sd","13:32:12",265000
32700,-100,200,"bu","13:31:25",262600
32700,-100,200,"bu","13:30:19",262400
32700,-100,100,"bu","13:30:06",262200
32700,-100,500,"bu","13:29:58",262100
32700,-100,100,"bu","13:27:18",261600
32700,-100,100,"bu","13:27:18",261500
32700,-100,100,"bu","13:27:18",261400
32700,-100,100,"bu","13:27:18",261300
32700,-100,400,"bu","13:25:58",261200
32700,-100,500,"bu","13:25:58",260800
32700,-100,100,"bu","13:25:58",260300
32650,-150,300,"sd","13:25:57",260200
32650,-150,700,"bu","13:25:26",259900
32650,-150,200,"bu","13:25:26",259200
32650,-150,200,"bu","13:25:26",259000
32650,-150,500,"bu","13:25:26",258800
32650,-150,800,"bu","13:25:26",258300
32650,-150,4900,"bu","13:25:26",257500
32600,-200,1000,"sd","13:24:47",252600
32600,-200,1000,"sd","13:23:40",251600
32650,-150,100,"bu","13:22:35",250600
32650,-150,1900,"bu","13:22:35",250500
32650,-150,300,"bu","13:22:30",248600
32650,-150,200,"bu","13:20:26",248300
32650,-150,500,"bu","13:20:03",248100
32650,-150,300,"bu","13:20:03",247600
32650,-150,200,"bu","13:19:17",247300
32600,-200,100,"sd","13:16:40",247100
32600,-200,100,"sd","13:16:40",247000
32600,-200,9500,"bu","13:15:20",246900
32600,-200,400,"bu","13:15:20",237400
32600,-200,800,"sd","13:14:43",237000
32600,-200,900,"sd","13:14:43",236200
32600,-200,100,"bu","13:14:13",235300
32550,-250,300,"sd","13:14:06",235200
32600,-200,100,"bu","13:13:34",234900
32600,-200,200,"bu","13:13:34",234800
32600,-200,300,"sd","13:13:19",234600
32600,-200,500,"sd","13:12:57",234300
32600,-200,500,"sd","13:12:35",233800
32600,-200,200,"sd","13:11:59",233300
32600,-200,500,"bu","13:11:49",233100
32600,-200,200,"unknown","13:09:23",232600
32600,-200,600,"bu","13:09:23",232400
32600,-200,1300,"bu","13:09:21",231800
32550,-250,300,"sd","13:08:18",230500
32550,-250,1000,"sd","13:07:29",230200
32550,-250,200,"sd","13:07:06",229200
32550,-250,100,"sd","13:06:51",229000
32600,-200,200,"bu","13:06:28",228900
32550,-250,100,"sd","13:04:24",228700
32550,-250,100,"sd","13:04:24",228600
32550,-250,300,"sd","13:03:40",228500
32550,-250,2600,"sd","13:01:42",228200
32550,-250,100,"sd","13:01:42",225600
32550,-250,500,"sd","13:01:42",225500
32550,-250,500,"sd","13:01:42",225000
32550,-250,1300,"sd","13:01:42",224500
32550,-250,1200,"sd","13:01:39",223200
32550,-250,1800,"sd","13:01:39",222000
32600,-200,100,"sd","13:00:26",220200
32550,-250,200,"sd","13:00:01",220100
32650,-150,300,"bu","11:29:14",219900
32650,-150,100,"bu","11:29:14",219600
32650,-150,300,"bu","11:29:14",219500
32600,-200,1300,"sd","11:28:04",219200
32650,-150,200,"bu","11:27:20",217900
32600,-200,700,"sd","11:27:10",217700
32600,-200,300,"sd","11:26:46",217000
32600,-200,100,"sd","11:23:38",216700
32600,-200,500,"sd","11:23:28",216600
32600,-200,1900,"sd","11:23:20",216100
32600,-200,200,"sd","11:22:38",214200
32600,-200,300,"sd","11:22:37",214000
32600,-200,1700,"sd","11:19:46",213700
32600,-200,1100,"sd","11:19:26",212000
32600,-200,600,"sd","11:19:26",210900
32650,-150,200,"bu","11:19:25",210300
32600,-200,100,"sd","11:17:20",210100
32600,-200,400,"sd","11:17:07",210000
32650,-150,300,"bu","11:16:26",209600
32600,-200,500,"sd","11:16:19",209300
32600,-200,2000,"sd","11:15:34",208800
32600,-200,200,"sd","11:15:15",206800
32600,-200,200,"sd","11:14:40",206600
32600,-200,700,"sd","11:13:31",206400
32650,-150,1000,"sd","11:12:11",205700
32700,-100,1000,"sd","11:08:46",204700
32700,-100,400,"bu","11:06:32",203700
32700,-100,300,"bu","11:06:32",203300
32700,-100,100,"bu","11:06:32",203000
32700,-100,1200,"bu","11:06:32",202900
32700,-100,200,"bu","11:06:32",201700
32700,-100,200,"bu","11:04:57",201500
32600,-200,300,"sd","10:57:36",201300
32600,-200,400,"sd","10:57:36",201000
32700,-100,1400,"sd","10:57:23",200600
32700,-100,4600,"sd","10:57:16",199200
32700,-100,5400,"sd","10:57:16",194600
32700,-100,100,"sd","10:57:05",189200
32700,-100,1000,"sd","10:56:20",189100
32700,-100,300,"sd","10:56:10",188100
32700,-100,1000,"sd","10:50:55",187800
32700,-100,200,"sd","10:48:20",186800
32700,-100,100,"sd","10:48:20",186600
32700,-100,100,"sd","10:47:07",186500
32700,-100,200,"sd","10:47:07",186400
32700,-100,300,"sd","10:47:07",186200
32700,-100,300,"sd","10:47:07",185900
32700,-100,100,"sd","10:47:07",185600
32700,-100,100,"sd","10:43:46",185500
32700,-100,100,"sd","10:42:45",185400
32800,0,1100,"bu","10:42:11",185300
32800,0,800,"bu","10:42:11",184200
32800,0,1000,"bu","10:40:34",183400
32800,0,500,"bu","10:40:34",182400
32800,0,500,"bu","10:40:34",181900
32800,0,200,"bu","10:40:34",181400
32800,0,1000,"bu","10:40:34",181200
32800,0,300,"bu","10:40:34",180200
32800,0,100,"bu","10:40:34",179900
32800,0,500,"bu","10:40:34",179800
32800,0,100,"bu","10:40:34",179300
32600,-200,100,"bu","10:37:32",179200
32600,-200,500,"bu","10:37:25",179100
32600,-200,500,"bu","10:37:25",178600
32600,-200,5000,"bu","10:37:22",178100
32600,-200,10000,"bu","10:37:18",173100
32600,-200,1000,"bu","10:37:16",163100
32600,-200,300,"bu","10:37:15",162100
32600,-200,100,"bu","10:37:06",161800
32600,-200,7000,"bu","10:36:59",161700
32600,-200,300,"bu","10:36:54",154700
32600,-200,25000,"bu","10:36:47",154400
32600,-200,5000,"bu","10:36:40",129400
32600,-200,1100,"bu","10:36:21",124400
32600,-200,500,"bu","10:36:09",123300
32550,-250,500,"sd","10:35:23",122800
32600,-200,500,"bu","10:35:22",122300
32550,-250,500,"sd","10:35:17",121800
32600,-200,500,"bu","10:34:37",121300
32600,-200,400,"bu","10:33:51",120800
32600,-200,100,"bu","10:33:26",120400
32600,-200,500,"bu","10:33:06",120300
32550,-250,1000,"sd","10:32:12",119800
32600,-200,400,"bu","10:31:34",118800
32600,-200,100,"bu","10:31:00",118400
32600,-200,500,"bu","10:30:48",118300
32600,-200,500,"bu","10:30:04",117800
32600,-200,500,"bu","10:29:19",117300
32600,-200,200,"sd","10:29:11",116800
32600,-200,2000,"sd","10:29:11",116600
32600,-200,300,"sd","10:29:11",114600
32600,-200,500,"sd","10:29:11",114300
32600,-200,2000,"sd","10:29:11",113800
32600,-200,700,"sd","10:29:11",111800
32600,-200,300,"sd","10:28:52",111100
32600,-200,200,"sd","10:28:52",110800
32600,-200,1500,"sd","10:28:52",110600
32800,0,1100,"bu","10:23:19",109100
32700,-100,500,"bu","10:23:19",108000
32650,-150,400,"bu","10:23:14",107500
32650,-150,100,"bu","10:23:14",107100
32650,-150,200,"bu","10:23:12",107000
32650,-150,500,"sd","10:22:47",106800
32650,-150,200,"sd","10:22:47",106300
32650,-150,300,"sd","10:22:41",106100
32650,-150,500,"sd","10:22:41",105800
32650,-150,300,"sd","10:22:41",105300
32650,-150,200,"sd","10:22:31",105000
32650,-150,100,"sd","10:22:31",104800
32650,-150,500,"sd","10:22:16",104700
32650,-150,600,"sd","10:22:00",104200
32650,-150,500,"sd","10:20:57",103600
32650,-150,400,"sd","10:19:50",103100
32650,-150,900,"bu","10:19:25",102700
32650,-150,500,"bu","10:19:24",101800
32650,-150,500,"bu","10:18:39",101300
32650,-150,600,"bu","10:17:44",100800
32650,-150,100,"sd","10:17:02",100200
32650,-150,300,"sd","10:17:02",100100
32700,-100,300,"sd","10:16:44",99800
32700,-100,100,"bu","10:15:58",99500
32650,-150,200,"sd","10:15:06",99400
32650,-150,200,"sd","10:15:06",99200
32700,-100,600,"bu","10:14:50",99000
32700,-100,400,"bu","10:14:50",98400
32700,-100,100,"bu","10:08:35",98000
32700,-100,500,"bu","10:04:17",97900
32700,-100,2000,"bu","10:03:31",97400
32600,-200,1000,"sd","10:03:28",95400
32600,-200,500,"sd","10:02:46",94400
32600,-200,1000,"sd","10:02:46",93900
32600,-200,100,"sd","10:02:46",92900
32600,-200,200,"sd","10:02:46",92800
32600,-200,200,"sd","10:02:46",92600
32600,-200,100,"sd","09:59:27",92400
32600,-200,400,"sd","09:56:54",92300
32600,-200,900,"sd","09:56:35",91900
32600,-200,100,"sd","09:56:35",91000
32600,-200,500,"sd","09:56:35",90900
32600,-200,200,"sd","09:56:35",90400
32700,-100,300,"sd","09:56:17",90200
32700,-100,200,"unknown","09:52:59",89900
32700,-100,100,"bu","09:51:14",89700
32700,-100,300,"bu","09:51:14",89600
32700,-100,1600,"bu","09:51:14",89300
32600,-200,300,"sd","09:50:38",87700
32600,-200,200,"bu","09:50:15",87400
32600,-200,100,"bu","09:49:19",87200
32600,-200,500,"bu","09:49:00",87100
32600,-200,2000,"bu","09:48:44",86600
32600,-200,10000,"bu","09:48:25",84600
32500,-300,300,"sd","09:47:09",74600
32500,-300,400,"sd","09:47:06",74300
32550,-250,300,"sd","09:47:06",73900
32500,-300,700,"sd","09:45:50",73600
32500,-300,200,"sd","09:45:50",72900
32500,-300,100,"sd","09:45:50",72700
32500,-300,200,"sd","09:43:54",72600
32500,-300,1000,"sd","09:43:54",72400
32500,-300,100,"sd","09:43:54",71400
32500,-300,200,"sd","09:43:54",71300
32500,-300,200,"sd","09:43:21",71100
32500,-300,100,"sd","09:42:20",70900
32500,-300,400,"sd","09:42:20",70800
32500,-300,200,"sd","09:42:08",70400
32600,-200,100,"sd","09:40:32",70200
32600,-200,2000,"sd","09:40:32",70100
32600,-200,100,"sd","09:40:32",68100
32650,-150,300,"sd","09:39:15",68000
32700,-100,300,"bu","09:37:06",67700
32600,-200,100,"sd","09:33:45",67400
32600,-200,200,"sd","09:33:45",67300
32600,-200,100,"sd","09:31:59",67100
32650,-150,5000,"bu","09:31:42",67000
32600,-200,200,"bu","09:31:32",62000
32600,-200,800,"bu","09:30:04",61800
32600,-200,200,"bu","09:30:04",61000
32500,-300,500,"bu","09:29:43",60800
32500,-300,900,"bu","09:29:43",60300
32450,-350,800,"sd","09:29:12",59400
32450,-350,300,"sd","09:29:12",58600
32450,-350,100,"sd","09:29:12",58300
32500,-300,700,"bu","09:28:57",58200
32500,-300,400,"sd","09:28:48",57500
32500,-300,200,"unknown","09:28:44",57100
32500,-300,400,"unknown","09:28:44",56900
32500,-300,100,"bu","09:28:03",56500
32450,-350,300,"sd","09:27:51",56400
32450,-350,100,"sd","09:27:42",56100
32450,-350,1000,"sd","09:27:42",56000
32450,-350,300,"sd","09:27:42",55000
32450,-350,100,"sd","09:27:02",54700
32450,-350,100,"sd","09:26:39",54600
32450,-350,100,"sd","09:25:56",54500
32450,-350,100,"sd","09:25:56",54400
32450,-350,500,"sd","09:25:53",54300
32450,-350,500,"sd","09:25:44",53800
32450,-350,1000,"sd","09:24:38",53300
32500,-300,200,"bu","09:24:25",52300
32500,-300,500,"bu","09:24:11",52100
32450,-350,1000,"sd","09:23:43",51600
32500,-300,100,"sd","09:23:32",50600
32500,-300,100,"sd","09:23:32",50500
32550,-250,300,"sd","09:23:32",50400
32500,-300,100,"sd","09:22:07",50100
32500,-300,500,"bu","09:20:46",50000
32400,-400,300,"sd","09:20:29",49500
32400,-400,1400,"sd","09:20:07",49200
32400,-400,10000,"sd","09:20:07",47800
32400,-400,100,"sd","09:20:07",37800
32400,-400,3900,"sd","09:19:39",37700
32400,-400,13600,"sd","09:19:39",33800
32400,-400,500,"unknown","09:19:10",20200
32400,-400,2000,"bu","09:19:04",19700
32400,-400,500,"bu","09:18:59",17700
32350,-450,100,"sd","09:18:51",17200
32350,-450,2100,"sd","09:18:50",17100
32400,-400,400,"bu","09:18:48",15000
32400,-400,300,"bu","09:18:37",14600
32400,-400,1000,"bu","09:17:53",14300
32500,-300,600,"bu","09:17:53",13300
32500,-300,600,"unknown","09:17:53",12700
32550,-250,2000,"sd","09:17:53",12100
32600,-200,100,"sd","09:17:53",10100
32400,-400,400,"sd","09:17:53",10000
32400,-400,2000,"sd","09:17:53",9600
32400,-400,500,"sd","09:17:53",7600
32400,-400,300,"sd","09:17:53",7100
32400,-400,2000,"sd","09:17:53",6800
32600,-200,200,"sd","09:17:44",4800
32700,-100,100,"bu","09:15:06",4600
32500,-300,4500,"unknown","09:15:01",4500
