"price","change","match_qtty","side","time","total_vol"
40900,200,400,"bu","14:26:47",45200
40800,100,300,"bu","14:25:47",44800
40800,100,1700,"sd","13:58:25",44500
40800,100,900,"sd","13:58:19",42800
40800,100,600,"sd","13:58:10",41900
40900,200,1100,"bu","13:56:59",41300
40800,100,1400,"sd","13:42:52",40200
40700,0,900,"sd","13:42:36",38800
40700,0,600,"bu","13:42:27",37900
40600,-100,800,"sd","13:36:20",37300
40600,-100,200,"sd","13:36:14",36500
40600,-100,300,"sd","13:36:01",36300
40600,-100,100,"sd","13:35:56",36000
40600,-100,200,"sd","13:35:23",35900
40600,-100,2100,"sd","13:35:14",35700
40700,0,500,"bu","13:34:48",33600
40700,0,800,"sd","13:34:06",33100
40700,0,1000,"sd","13:33:54",32300
40700,0,800,"sd","13:08:49",31300
40600,-100,100,"sd","13:08:40",30500
40600,-100,1500,"bu","13:08:33",30400
40500,-200,100,"sd","13:04:20",28900
40500,-200,700,"bu","13:04:15",28800
40500,-200,600,"bu","13:04:08",28100
40500,-200,600,"bu","13:03:48",27500
40500,-200,1500,"sd","13:03:43",26900
40500,-200,800,"sd","13:03:36",25400
40600,-100,400,"bu","13:03:27",24600
40600,-100,1500,"sd","13:03:21",24200
40700,0,1200,"bu","11:17:03",22700
40800,100,200,"bu","11:05:14",21500
40700,0,1600,"sd","11:05:03",21300
40700,0,800,"bu","11:04:50",19700
40600,-100,1100,"sd","11:04:37",18900
40600,-100,900,"sd","10:46:19",17800
40600,-100,900,"sd","10:46:13",16900
40700,0,1100,"sd","10:46:00",16000
40800,100,1000,"bu","10:45:48",14900
40700,0,400,"bu","10:45:37",13900
40700,0,1100,"bu","10:39:52",13500
40800,100,100,"bu","10:39:34",12400
40700,0,1500,"sd","10:13:11",12300
40600,-100,100,"sd","10:12:58",10800
40600,-100,2100,"bu","10:12:44",10700
40500,-200,800,"sd","09:46:15",8600
40500,-200,1100,"sd","09:34:41",7800
40500,-200,600,"sd","09:33:48",6700
40600,-100,1300,"bu","09:25:13",6100
40600,-100,1000,"sd","09:25:02",4800
40600,-100,600,"sd","09:22:12",3800
40600,-100,200,"sd","09:04:59",3200
40700,0,500,"sd","09:04:48",3000
40700,0,200,"sd","09:04:44",2500
40700,0,100,"sd","09:04:39",2300
40700,0,600,"sd","09:04:34",2200
40700,0,200,"sd","09:04:30",1600
40800,100,500,"bu","09:00:17",1400
40800,100,900,"bu","09:00:10",900
