"price","change","match_qtty","side","time","total_vol"
7680,-140,201200,"unknown","14:45:01",3833200
7700,-120,100,"sd","14:30:01",3632000
7700,-120,900,"sd","14:30:01",3631900
7700,-120,1000,"sd","14:29:53",3631000
7700,-120,400,"sd","14:29:48",3630000
7700,-120,2700,"sd","14:29:39",3629600
7700,-120,200,"sd","14:29:39",3626900
7700,-120,2000,"sd","14:29:39",3626700
7700,-120,1000,"sd","14:29:39",3624700
7700,-120,1000,"sd","14:29:39",3623700
7700,-120,100,"sd","14:29:39",3622700
7700,-120,200,"sd","14:29:39",3622600
7720,-100,1000,"sd","14:29:39",3622400
7720,-100,1000,"sd","14:29:39",3621400
7720,-100,500,"sd","14:29:39",3620400
7740,-80,100,"bu","14:29:30",3619900
7740,-80,500,"bu","14:29:29",3619800
7740,-80,100,"bu","14:29:21",3619300
7740,-80,2700,"bu","14:29:21",3619200
7740,-80,500,"bu","14:29:16",3616500
7730,-90,200,"sd","14:29:14",3616000
7730,-90,300,"sd","14:29:14",3615800
7740,-80,800,"bu","14:29:13",3615500
7740,-80,200,"bu","14:29:13",3614700
7740,-80,3800,"sd","14:29:10",3614500
7750,-70,3400,"bu","14:29:07",3610700
7750,-70,100,"bu","14:29:07",3607300
7750,-70,1400,"bu","14:29:07",3607200
7750,-70,100,"bu","14:29:07",3605800
7740,-80,1000,"sd","14:29:07",3605700
7740,-80,200,"sd","14:28:57",3604700
7740,-80,100,"sd","14:28:57",3604500
7740,-80,4700,"sd","14:28:57",3604400
7750,-70,2000,"sd","14:28:45",3599700
7760,-60,500,"bu","14:28:32",3597700
7760,-60,100,"bu","14:28:28",3597200
7740,-80,200,"sd","14:28:24",3597100
7740,-80,100,"sd","14:28:21",3596900
7740,-80,900,"sd","14:28:21",3596800
7740,-80,200,"bu","14:28:16",3595900
7730,-90,200,"sd","14:28:16",3595700
7740,-80,800,"bu","14:28:11",3595500
7760,-60,100,"bu","14:28:08",3594700
7740,-80,200,"sd","14:27:54",3594600
7770,-50,2000,"bu","14:27:48",3594400
7720,-100,200,"sd","14:27:22",3592400
7780,-40,6700,"bu","14:27:20",3592200
7770,-50,400,"bu","14:27:20",3585500
7770,-50,800,"bu","14:27:20",3585100
7770,-50,7000,"bu","14:27:20",3584300
7750,-70,100,"bu","14:27:20",3577300
7750,-70,5000,"bu","14:27:20",3577200
7720,-100,5400,"bu","14:27:10",3572200
7700,-120,1000,"sd","14:27:08",3566800
7700,-120,400,"sd","14:27:07",3565800
7700,-120,200,"sd","14:27:07",3565400
7700,-120,4400,"sd","14:27:07",3565200
7720,-100,10000,"bu","14:27:03",3560800
7700,-120,600,"sd","14:26:59",3550800
7700,-120,100,"sd","14:26:59",3550200
7700,-120,3000,"sd","14:26:59",3550100
7700,-120,200,"sd","14:26:59",3547100
7700,-120,500,"sd","14:26:59",3546900
7710,-110,5000,"sd","14:26:59",3546400
7710,-110,100,"bu","14:26:54",3541400
7700,-120,4500,"bu","14:26:37",3541300
7700,-120,500,"bu","14:26:35",3536800
7700,-120,1500,"bu","14:26:35",3536300
7700,-120,2000,"bu","14:26:35",3534800
7700,-120,5400,"bu","14:26:35",3532800
7700,-120,600,"bu","14:26:35",3527400
7700,-120,500,"bu","14:26:31",3526800
7700,-120,500,"bu","14:26:28",3526300
7690,-130,1900,"sd","14:26:18",3525800
7690,-130,8100,"bu","14:26:16",3523900
7690,-130,2100,"bu","14:26:08",3515800
7690,-130,800,"bu","14:26:08",3513700
7690,-130,2000,"sd","14:25:50",3512900
7700,-120,100,"sd","14:25:50",3510900
7700,-120,1000,"sd","14:25:50",3510800
7700,-120,800,"sd","14:25:50",3509800
7710,-110,100,"unknown","14:25:50",3509000
7700,-120,500,"sd","14:25:50",3508900
7700,-120,15200,"sd","14:25:45",3508400
7700,-120,14800,"sd","14:25:45",3493200
7700,-120,200,"sd","14:25:45",3478400
7700,-120,5000,"bu","14:25:38",3478200
7700,-120,500,"bu","14:25:37",3473200
7700,-120,500,"bu","14:25:37",3472700
7700,-120,1000,"bu","14:25:37",3472200
7700,-120,2100,"bu","14:25:37",3471200
7700,-120,2000,"bu","14:25:37",3469100
7700,-120,300,"bu","14:25:36",3467100
7690,-130,700,"bu","14:25:36",3466800
7690,-130,1300,"sd","14:25:36",3466100
7700,-120,2000,"bu","14:25:25",3464800
7680,-140,2000,"bu","14:25:15",3462800
7680,-140,2000,"bu","14:25:02",3460800
7670,-150,100,"bu","14:25:00",3458800
7660,-160,1500,"bu","14:24:55",3458700
7660,-160,100,"bu","14:24:55",3457200
7660,-160,100,"bu","14:24:49",3457100
7650,-170,300,"bu","14:24:49",3457000
7650,-170,1000,"bu","14:24:49",3456700
7650,-170,100,"bu","14:24:49",3455700
7620,-200,900,"sd","14:24:44",3455600
7620,-200,100,"sd","14:24:44",3454700
7600,-220,2000,"sd","14:24:41",3454600
7610,-210,7000,"sd","14:24:41",3452600
7610,-210,900,"sd","14:24:41",3445600
7610,-210,1000,"sd","14:24:41",3444700
7620,-200,100,"sd","14:24:41",3443700
7620,-200,100,"bu","14:24:40",3443600
7620,-200,100,"bu","14:24:40",3443500
7620,-200,100,"bu","14:24:38",3443400
7620,-200,200,"bu","14:24:34",3443300
7620,-200,2000,"bu","14:24:33",3443100
7600,-220,700,"bu","14:24:28",3441100
7590,-230,900,"bu","14:24:25",3440400
7590,-230,1200,"bu","14:24:24",3439500
7590,-230,300,"bu","14:24:22",3438300
7590,-230,100,"bu","14:24:19",3438000
7580,-240,100,"sd","14:24:17",3437900
7590,-230,2000,"bu","14:24:16",3437800
7590,-230,500,"bu","14:24:13",3435800
7580,-240,300,"bu","14:24:09",3435300
7580,-240,300,"bu","14:24:09",3435000
7580,-240,1000,"bu","14:24:09",3434700
7580,-240,100,"bu","14:24:07",3433700
7580,-240,1000,"bu","14:24:04",3433600
7570,-250,300,"bu","14:24:01",3432600
7570,-250,100,"bu","14:24:01",3432300
7570,-250,1000,"bu","14:23:59",3432200
7570,-250,1000,"bu","14:23:58",3431200
7570,-250,500,"bu","14:23:55",3430200
7550,-270,100,"sd","14:23:54",3429700
7550,-270,1200,"sd","14:23:51",3429600
7570,-250,300,"bu","14:23:50",3428400
7570,-250,100,"bu","14:23:50",3428100
7550,-270,100,"sd","14:23:49",3428000
7560,-260,100,"sd","14:23:49",3427900
7570,-250,100,"bu","14:23:45",3427800
7550,-270,100,"sd","14:23:42",3427700
7550,-270,900,"sd","14:23:42",3427600
7550,-270,200,"sd","14:23:38",3426700
7550,-270,900,"sd","14:23:38",3426500
7550,-270,200,"sd","14:23:38",3425600
7550,-270,10000,"sd","14:23:38",3425400
7550,-270,2900,"sd","14:23:38",3415400
7550,-270,100,"bu","14:23:35",3412500
7540,-280,100,"sd","14:23:35",3412400
7540,-280,300,"sd","14:23:35",3412300
7540,-280,700,"sd","14:23:35",3412000
7540,-280,200,"sd","14:23:35",3411300
7540,-280,4400,"sd","14:23:35",3411100
7550,-270,4300,"sd","14:23:35",3406700
7550,-270,100,"bu","14:23:34",3402400
7550,-270,300,"bu","14:23:34",3402300
7550,-270,3500,"bu","14:23:34",3402000
7550,-270,300,"bu","14:23:34",3398500
7550,-270,1000,"bu","14:23:32",3398200
7550,-270,100,"bu","14:23:31",3397200
7550,-270,100,"bu","14:23:31",3397100
7550,-270,500,"bu","14:23:30",3397000
7550,-270,1000,"bu","14:23:29",3396500
7550,-270,1000,"bu","14:23:29",3395500
7550,-270,400,"bu","14:23:28",3394500
7550,-270,300,"bu","14:23:28",3394100
7550,-270,500,"bu","14:23:26",3393800
7550,-270,800,"bu","14:23:23",3393300
7540,-280,600,"bu","14:23:22",3392500
7550,-270,100,"bu","14:23:18",3391900
7530,-290,2900,"sd","14:23:13",3391800
7530,-290,1700,"sd","14:23:13",3388900
7540,-280,200,"sd","14:23:13",3387200
7540,-280,100,"sd","14:23:13",3387000
7540,-280,100,"sd","14:23:13",3386900
7550,-270,500,"bu","14:23:13",3386800
7550,-270,500,"bu","14:23:13",3386300
7550,-270,400,"bu","14:23:12",3385800
7550,-270,300,"bu","14:23:10",3385400
7550,-270,3100,"bu","14:23:10",3385100
7550,-270,200,"bu","14:23:08",3382000
7550,-270,2000,"bu","14:23:04",3381800
7550,-270,200,"bu","14:23:03",3379800
7530,-290,3400,"sd","14:23:03",3379600
7540,-280,200,"sd","14:23:03",3376200
7540,-280,4000,"sd","14:23:03",3376000
7540,-280,2400,"sd","14:23:03",3372000
7550,-270,500,"sd","14:23:02",3369600
7550,-270,3000,"sd","14:23:02",3369100
7550,-270,300,"sd","14:23:02",3366100
7550,-270,500,"sd","14:23:02",3365800
7550,-270,300,"sd","14:23:02",3365300
7550,-270,100,"sd","14:23:02",3365000
7570,-250,1000,"bu","14:23:00",3364900
7570,-250,500,"bu","14:22:58",3363900
7550,-270,400,"sd","14:22:58",3363400
7550,-270,1000,"sd","14:22:58",3363000
7550,-270,1000,"sd","14:22:58",3362000
7550,-270,700,"sd","14:22:58",3361000
7560,-260,300,"sd","14:22:58",3360300
7560,-260,200,"sd","14:22:58",3360000
7550,-270,200,"sd","14:22:55",3359800
7550,-270,500,"sd","14:22:55",3359600
7560,-260,300,"sd","14:22:55",3359100
7560,-260,700,"bu","14:22:54",3358800
7560,-260,1000,"bu","14:22:51",3358100
7560,-260,800,"sd","14:22:50",3357100
7570,-250,500,"bu","14:22:50",3356300
7560,-260,1000,"sd","14:22:50",3355800
7570,-250,5000,"bu","14:22:49",3354800
7570,-250,2000,"bu","14:22:48",3349800
7570,-250,100,"bu","14:22:47",3347800
7570,-250,500,"bu","14:22:46",3347700
7570,-250,300,"bu","14:22:43",3347200
7570,-250,100,"bu","14:22:43",3346900
7550,-270,4900,"sd","14:22:43",3346800
7550,-270,500,"sd","14:22:43",3341900
7550,-270,500,"sd","14:22:43",3341400
7550,-270,300,"sd","14:22:43",3340900
7550,-270,100,"sd","14:22:43",3340600
7550,-270,200,"sd","14:22:43",3340500
7550,-270,300,"sd","14:22:43",3340300
7550,-270,1000,"sd","14:22:43",3340000
7550,-270,1000,"sd","14:22:43",3339000
7560,-260,100,"sd","14:22:43",3338000
7560,-260,1100,"sd","14:22:43",3337900
7570,-250,400,"sd","14:22:41",3336800
7570,-250,3500,"sd","14:22:41",3336400
7570,-250,1500,"sd","14:22:39",3332900
7570,-250,2700,"sd","14:22:39",3331400
7570,-250,100,"bu","14:22:36",3328700
7560,-260,2900,"sd","14:22:34",3328600
7560,-260,200,"sd","14:22:34",3325700
7560,-260,700,"sd","14:22:34",3325500
7560,-260,1000,"sd","14:22:34",3324800
7560,-260,200,"sd","14:22:34",3321800
7560,-260,2000,"sd","14:22:34",3323800
7570,-250,500,"bu","14:22:33",3321600
7570,-250,4000,"sd","14:22:32",3321100
7570,-250,1000,"sd","14:22:32",3317100
7570,-250,500,"sd","14:22:32",3316100
7570,-250,1000,"sd","14:22:32",3315600
7570,-250,200,"sd","14:22:32",3314600
7570,-250,3000,"sd","14:22:32",3314400
7570,-250,1000,"sd","14:22:32",3311400
7570,-250,10000,"sd","14:22:32",3310400
7570,-250,500,"sd","14:22:32",3300400
7570,-250,200,"sd","14:22:32",3299900
7570,-250,100,"sd","14:22:30",3299700
7570,-250,100,"sd","14:22:30",3299600
7570,-250,1000,"sd","14:22:30",3299500
7570,-250,100,"sd","14:22:30",3298500
7570,-250,100,"sd","14:22:17",3298400
7580,-240,100,"bu","14:22:14",3298300
7580,-240,100,"bu","14:22:13",3298200
7580,-240,300,"sd","14:22:10",3298100
7580,-240,100,"sd","14:22:10",3297800
7600,-220,2600,"bu","14:22:10",3297700
7590,-230,2400,"bu","14:22:10",3295100
7590,-230,300,"bu","14:22:10",3292700
7590,-230,100,"bu","14:22:09",3292400
7590,-230,200,"sd","14:22:09",3292300
7590,-230,7000,"sd","14:22:09",3292100
7590,-230,13000,"sd","14:22:08",3285100
7600,-220,100,"bu","14:22:06",3272100
7600,-220,500,"bu","14:22:03",3272000
7600,-220,300,"bu","14:22:02",3271500
7600,-220,100,"bu","14:22:02",3271200
7600,-220,300,"bu","14:22:02",3271100
7600,-220,200,"sd","14:22:01",3270800
7600,-220,200,"sd","14:22:01",3270600
7600,-220,500,"sd","14:22:01",3270400
7600,-220,700,"sd","14:22:01",3269900
7600,-220,100,"sd","14:22:01",3269200
7600,-220,300,"sd","14:22:01",3269100
7600,-220,1000,"sd","14:22:01",3268800
7600,-220,1000,"sd","14:22:01",3267800
7600,-220,100,"sd","14:22:01",3266800
7600,-220,2000,"sd","14:22:01",3266700
7600,-220,100,"sd","14:22:01",3264700
7600,-220,600,"sd","14:22:01",3264600
7600,-220,500,"sd","14:22:01",3264000
7600,-220,100,"sd","14:22:01",3263500
7600,-220,1200,"sd","14:22:01",3263400
7610,-210,1800,"sd","14:22:01",3262200
7610,-210,200,"bu","14:22:01",3260400
7610,-210,4000,"bu","14:22:01",3260200
7600,-220,3800,"sd","14:22:00",3256200
7600,-220,4000,"sd","14:22:00",3252400
7600,-220,1000,"sd","14:22:00",3248400
7600,-220,1000,"sd","14:22:00",3247400
7600,-220,500,"sd","14:22:00",3246400
7610,-210,2000,"bu","14:21:59",3245900
7600,-220,6500,"sd","14:21:59",3243900
7600,-220,5000,"sd","14:21:59",3237400
7600,-220,1300,"sd","14:21:59",3232400
7600,-220,300,"sd","14:21:59",3231100
7600,-220,500,"sd","14:21:59",3230800
7600,-220,500,"sd","14:21:59",3230300
7600,-220,500,"sd","14:21:59",3229800
7600,-220,1000,"sd","14:21:59",3229300
7600,-220,200,"sd","14:21:59",3228300
7600,-220,100,"sd","14:21:59",3228100
7600,-220,300,"sd","14:21:59",3228000
7600,-220,3800,"sd","14:21:59",3227700
7610,-210,1000,"bu","14:21:58",3223900
7600,-220,1200,"sd","14:21:57",3222900
7600,-220,100,"sd","14:21:57",3221700
7600,-220,1200,"sd","14:21:57",3221600
7600,-220,800,"sd","14:21:57",3220400
7600,-220,300,"sd","14:21:57",3219600
7600,-220,500,"sd","14:21:57",3219300
7600,-220,400,"sd","14:21:57",3218800
7610,-210,100,"bu","14:21:56",3218400
7610,-210,800,"bu","14:21:56",3218300
7610,-210,1400,"bu","14:21:56",3217500
7600,-220,600,"sd","14:21:55",3216100
7600,-220,200,"sd","14:21:55",3215500
7600,-220,500,"sd","14:21:55",3215300
7600,-220,1500,"sd","14:21:55",3214800
7600,-220,5000,"sd","14:21:55",3213300
7600,-220,5000,"sd","14:21:55",3208300
7600,-220,500,"sd","14:21:55",3203300
7600,-220,100,"sd","14:21:55",3202800
7600,-220,200,"sd","14:21:55",3202700
7600,-220,200,"sd","14:21:55",3202500
7600,-220,100,"sd","14:21:55",3202300
7600,-220,2000,"sd","14:21:55",3202200
7600,-220,100,"sd","14:21:55",3200200
7600,-220,1000,"sd","14:21:55",3200100
7600,-220,700,"sd","14:21:55",3199100
7600,-220,5000,"sd","14:21:55",3198400
7600,-220,6900,"sd","14:21:55",3193400
7610,-210,3000,"bu","14:21:52",3186500
7610,-210,100,"bu","14:21:52",3183500
7610,-210,10000,"bu","14:21:51",3183400
7610,-210,500,"sd","14:21:48",3173400
7610,-210,17800,"sd","14:21:48",3172900
7620,-200,300,"bu","14:21:45",3155100
7610,-210,2200,"sd","14:21:43",3154800
7610,-210,500,"sd","14:21:43",3152600
7610,-210,500,"sd","14:21:43",3152100
7610,-210,100,"sd","14:21:43",3151600
7610,-210,200,"sd","14:21:43",3151500
7610,-210,5000,"sd","14:21:43",3151300
7610,-210,1100,"sd","14:21:43",3146300
7610,-210,200,"sd","14:21:43",3145200
7610,-210,200,"sd","14:21:42",3145000
7610,-210,5000,"sd","14:21:41",3144800
7610,-210,600,"sd","14:21:40",3139800
7610,-210,900,"sd","14:21:37",3139200
7610,-210,100,"sd","14:21:37",3138300
7610,-210,1000,"sd","14:21:37",3138200
7620,-200,1200,"bu","14:21:36",3137200
7620,-200,800,"bu","14:21:36",3136000
7620,-200,500,"bu","14:21:36",3135200
7620,-200,2000,"bu","14:21:36",3134700
7620,-200,400,"bu","14:21:33",3132700
7620,-200,2000,"bu","14:21:32",3132300
7620,-200,100,"bu","14:21:31",3130300
7620,-200,300,"sd","14:21:29",3130200
7620,-200,1500,"sd","14:21:29",3129900
7620,-200,500,"sd","14:21:29",3128400
7620,-200,1000,"sd","14:21:29",3127900
7620,-200,200,"sd","14:21:29",3126900
7620,-200,1700,"sd","14:21:29",3126700
7620,-200,300,"sd","14:21:25",3125000
7620,-200,500,"sd","14:21:25",3124700
7620,-200,500,"sd","14:21:25",3124200
7620,-200,4700,"sd","14:21:25",3123700
7630,-190,300,"bu","14:21:24",3119000
7630,-190,100,"sd","14:21:23",3118700
7630,-190,1000,"sd","14:21:23",3118600
7650,-170,200,"bu","14:21:13",3117600
7620,-200,300,"bu","14:21:11",3117400
7620,-200,2000,"bu","14:21:10",3117100
7620,-200,500,"bu","14:21:10",3115100
7620,-200,1500,"bu","14:21:08",3114600
7620,-200,200,"bu","14:21:07",3113100
7620,-200,100,"bu","14:21:04",3112900
7620,-200,100,"sd","14:21:04",3112800
7620,-200,1000,"sd","14:21:04",3112700
7630,-190,100,"sd","14:21:04",3111700
7630,-190,3000,"sd","14:21:04",3111600
7640,-180,100,"sd","14:21:04",3108600
7640,-180,100,"sd","14:21:04",3108500
7650,-170,300,"sd","14:21:03",3108400
7650,-170,1200,"bu","14:20:58",3108100
7640,-180,1500,"bu","14:20:58",3106900
7640,-180,1000,"bu","14:20:58",3105400
7640,-180,100,"bu","14:20:56",3104400
7640,-180,3000,"sd","14:20:54",3104300
7650,-170,300,"bu","14:20:46",3101300
7650,-170,200,"bu","14:20:46",3101000
7630,-190,100,"sd","14:20:39",3100800
7630,-190,400,"sd","14:20:39",3100700
7640,-180,100,"sd","14:20:39",3100300
7640,-180,2000,"sd","14:20:38",3100200
7660,-160,500,"bu","14:20:30",3098200
7640,-180,5000,"sd","14:20:26",3097700
7640,-180,2900,"bu","14:20:25",3092700
7630,-190,4000,"sd","14:20:21",3089800
7630,-190,600,"sd","14:20:13",3085800
7640,-180,1500,"bu","14:20:12",3085200
7640,-180,500,"bu","14:20:10",3083700
7600,-220,500,"sd","14:20:05",3083200
7620,-200,100,"sd","14:20:05",3082700
7620,-200,300,"sd","14:20:05",3082600
7600,-220,2600,"sd","14:20:04",3082300
7600,-220,100,"sd","14:20:04",3079700
7600,-220,7700,"sd","14:20:04",3079600
7600,-220,200,"sd","14:20:04",3071900
7600,-220,100,"sd","14:20:04",3071700
7600,-220,1200,"sd","14:20:04",3071600
7600,-220,5000,"sd","14:20:04",3070400
7600,-220,100,"sd","14:20:04",3065400
7600,-220,300,"sd","14:20:04",3065300
7600,-220,500,"sd","14:20:04",3065000
7600,-220,300,"sd","14:20:04",3064500
7610,-210,2800,"sd","14:20:04",3064200
7610,-210,2000,"sd","14:20:04",3061400
7610,-210,10000,"sd","14:20:04",3059400
7610,-210,400,"sd","14:20:04",3049400
7610,-210,2000,"sd","14:20:04",3049000
7610,-210,5000,"sd","14:20:04",3047000
7610,-210,100,"sd","14:20:04",3042000
7610,-210,1000,"sd","14:20:04",3041900
7620,-200,1000,"sd","14:20:04",3040900
7620,-200,48500,"sd","14:20:04",3039900
7620,-200,1000,"sd","14:20:04",2991400
7620,-200,1000,"sd","14:20:04",2990400
7620,-200,5000,"sd","14:20:04",2989400
7620,-200,1000,"sd","14:20:04",2984400
7630,-190,100,"sd","14:20:04",2983400
7630,-190,100,"sd","14:20:04",2983300
7630,-190,900,"sd","14:20:04",2983200
7650,-170,1000,"sd","14:20:04",2982300
7630,-190,100,"sd","14:19:56",2981300
7650,-170,500,"sd","14:19:56",2981200
7650,-170,500,"sd","14:19:56",2980700
7650,-170,1000,"sd","14:19:56",2980200
7650,-170,500,"sd","14:19:56",2979200
7650,-170,2500,"sd","14:19:56",2978700
7650,-170,100,"sd","14:19:56",2976200
7650,-170,200,"sd","14:19:56",2976100
7650,-170,4600,"sd","14:19:56",2975900
7660,-160,1500,"bu","14:19:52",2971300
7650,-170,400,"sd","14:19:47",2969800
7650,-170,300,"sd","14:19:47",2969400
7650,-170,200,"sd","14:19:47",2969100
7650,-170,100,"sd","14:19:47",2968900
7660,-160,2000,"sd","14:19:47",2968800
7670,-150,1500,"sd","14:19:46",2966800
7670,-150,8500,"sd","14:19:41",2965300
7670,-150,1000,"sd","14:19:41",2956800
7670,-150,4500,"sd","14:19:41",2955800
7670,-150,3000,"sd","14:19:39",2951300
7670,-150,2500,"sd","14:19:32",2948300
7670,-150,400,"sd","14:19:32",2945800
7680,-140,100,"sd","14:19:32",2945400
7680,-140,2000,"sd","14:19:32",2945300
7680,-140,200,"sd","14:19:31",2943300
7690,-130,1500,"bu","14:19:28",2943100
7680,-140,2800,"sd","14:19:25",2941600
7680,-140,200,"sd","14:19:25",2938800
7690,-130,3000,"sd","14:19:25",2938600
7690,-130,5000,"sd","14:19:25",2935600
7690,-130,100,"sd","14:19:25",2930600
7690,-130,500,"sd","14:19:25",2930500
7690,-130,500,"sd","14:19:25",2930000
7690,-130,3500,"sd","14:19:25",2929500
7690,-130,500,"sd","14:19:19",2926000
7690,-130,1000,"sd","14:19:16",2925500
7700,-120,200,"bu","14:19:11",2924500
7700,-120,1000,"sd","14:19:05",2924300
7700,-120,4400,"sd","14:19:05",2923300
7700,-120,600,"sd","14:19:03",2918900
7700,-120,3000,"sd","14:19:03",2918300
7700,-120,1000,"sd","14:19:03",2915300
7700,-120,400,"sd","14:19:03",2914300
7700,-120,100,"sd","14:19:01",2913900
7700,-120,2000,"sd","14:19:01",2913800
7700,-120,5000,"sd","14:19:01",2911800
7700,-120,500,"sd","14:19:01",2906800
7700,-120,100,"sd","14:19:01",2906300
7700,-120,200,"sd","14:19:01",2906200
7700,-120,7100,"sd","14:19:01",2906000
7700,-120,900,"sd","14:18:59",2898900
7700,-120,100,"sd","14:18:59",2898000
7700,-120,200,"sd","14:18:59",2897900
7700,-120,500,"sd","14:18:59",2897700
7700,-120,2000,"sd","14:18:59",2897200
7700,-120,3700,"sd","14:18:59",2895200
7700,-120,1300,"sd","14:18:59",2891500
7700,-120,600,"sd","14:18:59",2890200
7700,-120,500,"sd","14:18:59",2889600
7700,-120,800,"sd","14:18:59",2889100
7700,-120,100,"sd","14:18:59",2888300
7700,-120,100,"sd","14:18:59",2888200
7700,-120,100,"sd","14:18:59",2888100
7700,-120,500,"sd","14:18:59",2888000
7700,-120,1000,"sd","14:18:59",2887500
7700,-120,5000,"sd","14:18:59",2886500
7700,-120,1000,"sd","14:18:59",2881500
7700,-120,500,"sd","14:18:59",2880500
7700,-120,400,"sd","14:18:59",2880000
7700,-120,500,"sd","14:18:59",2879600
7700,-120,500,"sd","14:18:59",2879100
7700,-120,100,"sd","14:18:59",2878600
7700,-120,400,"sd","14:18:59",2878500
7700,-120,10000,"sd","14:18:59",2878100
7700,-120,400,"sd","14:18:59",2868100
7700,-120,300,"sd","14:18:58",2867700
7700,-120,3000,"sd","14:18:57",2867400
7700,-120,6300,"sd","14:18:57",2864400
7700,-120,200,"sd","14:18:57",2858100
7700,-120,1000,"sd","14:18:57",2857900
7700,-120,9100,"sd","14:18:57",2856900
7700,-120,900,"sd","14:18:56",2847800
7700,-120,1000,"sd","14:18:56",2846900
7700,-120,100,"sd","14:18:56",2845900
7700,-120,500,"sd","14:18:56",2845800
7700,-120,2000,"sd","14:18:56",2845300
7700,-120,200,"sd","14:18:56",2843300
7700,-120,2000,"sd","14:18:56",2843100
7700,-120,100,"sd","14:18:56",2841100
7700,-120,100,"sd","14:18:56",2841000
7700,-120,2000,"sd","14:18:56",2840900
7700,-120,1000,"sd","14:18:56",2838900
7700,-120,500,"sd","14:18:56",2837900
7700,-120,500,"sd","14:18:56",2837400
7700,-120,100,"sd","14:18:56",2836900
7700,-120,100,"sd","14:18:56",2836800
7700,-120,500,"sd","14:18:56",2836700
7700,-120,100,"sd","14:18:56",2836200
7700,-120,100,"sd","14:18:56",2836100
7700,-120,1000,"sd","14:18:56",2836000
7700,-120,100,"sd","14:18:56",2835000
7700,-120,100,"sd","14:18:56",2834900
7700,-120,300,"sd","14:18:56",2834800
7700,-120,1200,"sd","14:18:56",2834500
7700,-120,500,"sd","14:18:56",2833300
7700,-120,100,"sd","14:18:56",2832800
7700,-120,5000,"sd","14:18:56",2832700
7700,-120,700,"sd","14:18:56",2827700
7700,-120,20000,"sd","14:18:56",2827000
7700,-120,2600,"sd","14:18:56",2807000
7700,-120,3000,"sd","14:18:56",2804400
7700,-120,1000,"sd","14:18:56",2801400
7700,-120,100,"sd","14:18:56",2800400
7700,-120,1000,"sd","14:18:56",2800300
7700,-120,1500,"sd","14:18:56",2799300
7700,-120,500,"sd","14:18:48",2797800
7700,-120,2700,"sd","14:18:48",2797300
7710,-110,500,"sd","14:18:48",2794600
7710,-110,200,"sd","14:18:48",2794100
7710,-110,200,"sd","14:18:48",2793900
7710,-110,5900,"sd","14:18:48",2793700
7710,-110,2100,"sd","14:18:47",2787800
7710,-110,1000,"sd","14:18:47",2785700
7710,-110,1000,"sd","14:18:44",2784700
7710,-110,100,"sd","14:18:44",2783700
7710,-110,1000,"sd","14:18:44",2783600
7710,-110,5000,"sd","14:18:44",2782600
7710,-110,200,"sd","14:18:44",2777600
7710,-110,100,"sd","14:18:44",2777400
7710,-110,500,"sd","14:18:44",2777300
7710,-110,200,"sd","14:18:44",2776800
7710,-110,200,"sd","14:18:44",2776600
7710,-110,200,"sd","14:18:44",2776400
7710,-110,500,"sd","14:18:44",2776200
7710,-110,400,"sd","14:18:44",2775700
7710,-110,500,"sd","14:18:44",2775300
7710,-110,100,"sd","14:18:44",2774800
7720,-100,100,"sd","14:18:34",2774700
7720,-100,100,"sd","14:18:34",2774600
7720,-100,200,"sd","14:18:34",2774500
7720,-100,1000,"sd","14:18:34",2774300
7720,-100,100,"sd","14:18:34",2773300
7720,-100,500,"sd","14:18:34",2773200
7720,-100,2500,"sd","14:18:34",2772700
7720,-100,100,"sd","14:18:34",2770200
7720,-100,200,"sd","14:18:34",2770100
7720,-100,300,"sd","14:18:34",2769900
7720,-100,1000,"sd","14:18:34",2769600
7720,-100,5000,"sd","14:18:34",2768600
7720,-100,500,"sd","14:18:34",2763600
7720,-100,1000,"sd","14:18:34",2763100
7720,-100,2000,"sd","14:18:34",2762100
7720,-100,100,"sd","14:18:34",2760100
7720,-100,5000,"sd","14:18:34",2760000
7720,-100,1000,"sd","14:18:34",2755000
7720,-100,2000,"sd","14:18:34",2754000
7720,-100,6600,"sd","14:18:34",2752000
7730,-90,5000,"sd","14:18:34",2745400
7730,-90,2000,"sd","14:18:34",2740400
7730,-90,1000,"sd","14:18:34",2738400
7730,-90,2000,"sd","14:18:34",2737400
7730,-90,500,"sd","14:18:34",2735400
7730,-90,200,"sd","14:18:34",2734900
7730,-90,5000,"sd","14:18:34",2734700
7730,-90,100,"sd","14:18:34",2729700
7730,-90,1000,"sd","14:18:34",2729600
7730,-90,500,"sd","14:18:34",2728600
7730,-90,100,"sd","14:18:34",2728100
7730,-90,500,"sd","14:18:34",2728000
7730,-90,1000,"sd","14:18:34",2727500
7730,-90,5000,"sd","14:18:34",2726500
7730,-90,20000,"sd","14:18:34",2721500
7730,-90,1000,"sd","14:18:34",2701500
7730,-90,100,"sd","14:18:34",2700500
7730,-90,300,"sd","14:18:34",2700400
7730,-90,600,"sd","14:18:20",2700100
7740,-80,1000,"sd","14:18:20",2699500
7740,-80,2000,"sd","14:18:20",2698500
7740,-80,5000,"sd","14:18:20",2696500
7740,-80,400,"sd","14:18:20",2691500
7740,-80,5000,"sd","14:18:20",2691100
7740,-80,1000,"sd","14:18:20",2686100
7740,-80,200,"sd","14:18:18",2685100
7740,-80,500,"sd","14:18:18",2684900
7740,-80,500,"sd","14:18:18",2684400
7750,-70,100,"bu","14:18:01",2683900
7750,-70,1400,"sd","14:18:00",2683800
7750,-70,3600,"bu","14:17:49",2682400
7750,-70,1000,"sd","14:17:48",2678800
7750,-70,200,"sd","14:17:48",2677800
7750,-70,100,"sd","14:17:48",2677600
7750,-70,37100,"sd","14:17:48",2677500
7750,-70,9200,"sd","14:17:46",2640400
7750,-70,3700,"sd","14:17:46",2631200
7750,-70,500,"sd","14:17:46",2627500
7750,-70,2000,"sd","14:17:46",2627000
7750,-70,600,"sd","14:17:46",2625000
7750,-70,1200,"sd","14:17:38",2624400
7750,-70,500,"sd","14:17:38",2623200
7750,-70,3300,"sd","14:17:38",2622700
7760,-60,500,"bu","14:17:35",2619400
7760,-60,200,"bu","14:17:34",2618900
7750,-70,6700,"sd","14:17:27",2618700
7750,-70,1000,"sd","14:17:27",2612000
7750,-70,7100,"sd","14:17:27",2611000
7750,-70,1000,"sd","14:17:27",2603900
7750,-70,2200,"sd","14:17:27",2602900
7750,-70,7800,"sd","14:17:23",2600700
7750,-70,3000,"sd","14:17:23",2592900
7750,-70,2000,"sd","14:17:23",2589900
7750,-70,2200,"sd","14:17:23",2587900
7760,-60,300,"bu","14:17:05",2585700
7760,-60,100,"bu","14:17:02",2585400
7760,-60,1800,"bu","14:17:02",2585300
7760,-60,7000,"bu","14:17:02",2583500
7760,-60,2000,"bu","14:17:02",2576500
7760,-60,1400,"bu","14:17:02",2574500
7760,-60,300,"bu","14:16:42",2573100
7760,-60,500,"bu","14:16:34",2572800
7760,-60,2000,"bu","14:16:26",2572300
7760,-60,300,"bu","14:16:17",2570300
7760,-60,200,"bu","14:15:48",2570000
7760,-60,200,"bu","14:15:44",2569800
7750,-70,5000,"sd","14:15:44",2569600
7760,-60,20000,"bu","14:15:43",2564600
7760,-60,5100,"bu","14:15:02",2544600
7760,-60,1300,"bu","14:15:02",2539500
7760,-60,100,"bu","14:15:02",2538200
7760,-60,1000,"bu","14:13:56",2538100
7750,-70,2500,"sd","14:13:43",2537100
7750,-70,200,"sd","14:13:42",2534600
7750,-70,10100,"sd","14:13:31",2534400
7750,-70,15000,"sd","14:13:31",2524300
7750,-70,3000,"sd","14:13:31",2509300
7750,-70,4900,"sd","14:13:31",2506300
7750,-70,2000,"sd","14:13:31",2501400
7750,-70,13000,"sd","14:13:31",2499400
7750,-70,100,"sd","14:13:31",2486400
7750,-70,1000,"sd","14:13:31",2486300
7760,-60,900,"sd","14:13:31",2485300
7760,-60,100,"sd","14:13:25",2484400
7760,-60,100,"sd","14:13:25",2484300
7760,-60,700,"bu","14:12:57",2484200
7760,-60,200,"bu","14:12:32",2483500
7760,-60,100,"sd","14:12:25",2483300
7750,-70,1000,"sd","14:12:20",2483200
7760,-60,700,"sd","14:12:20",2482200
7760,-60,2300,"sd","14:12:20",2481500
7760,-60,200,"bu","14:12:02",2479200
7760,-60,100,"bu","14:12:02",2479000
7760,-60,200,"bu","14:12:02",2478900
7760,-60,200,"bu","14:12:02",2478700
7760,-60,700,"bu","14:12:02",2478500
7760,-60,100,"bu","14:12:02",2477800
7760,-60,500,"bu","14:12:02",2477700
7750,-70,1000,"sd","14:11:49",2477200
7750,-70,100,"sd","14:11:49",2476200
7750,-70,400,"sd","14:11:49",2476100
7750,-70,100,"sd","14:11:49",2475700
7750,-70,800,"sd","14:11:49",2475600
7750,-70,8000,"sd","14:11:27",2474800
7760,-60,1000,"bu","14:11:08",2466800
7760,-60,1000,"bu","14:10:21",2465800
7750,-70,1500,"sd","14:10:03",2464800
7750,-70,1200,"sd","14:09:33",2463300
7750,-70,8500,"bu","14:09:30",2462100
7750,-70,100,"sd","14:09:20",2453600
7750,-70,1400,"sd","14:09:19",2453500
7750,-70,600,"bu","14:09:00",2452100
7750,-70,300,"bu","14:08:52",2451500
7750,-70,100,"bu","14:08:51",2451200
7750,-70,2000,"bu","14:08:42",2451100
7750,-70,2000,"bu","14:08:27",2449100
7730,-90,500,"sd","14:07:47",2447100
7730,-90,500,"sd","14:07:47",2446600
7730,-90,100,"sd","14:07:47",2446100
7730,-90,500,"sd","14:07:47",2446000
7730,-90,1000,"sd","14:07:47",2445500
7730,-90,100,"sd","14:07:47",2444500
7730,-90,20000,"sd","14:07:46",2444400
7740,-80,1000,"sd","14:07:46",2424400
7740,-80,500,"sd","14:07:46",2423400
7740,-80,100,"sd","14:07:46",2422900
7740,-80,100,"sd","14:07:46",2422800
7740,-80,400,"sd","14:07:46",2422700
7740,-80,200,"sd","14:07:46",2422300
7740,-80,600,"sd","14:07:46",2422100
7740,-80,10000,"sd","14:07:46",2421500
7740,-80,100,"sd","14:07:46",2411500
7740,-80,100,"sd","14:07:46",2411400
7740,-80,4000,"sd","14:07:46",2411300
7750,-70,100,"sd","14:07:46",2407300
7750,-70,100,"sd","14:07:46",2407200
7750,-70,1000,"sd","14:07:46",2407100
7750,-70,1000,"sd","14:07:46",2406100
7750,-70,100,"sd","14:07:46",2405100
7750,-70,400,"sd","14:07:46",2405000
7750,-70,100,"sd","14:07:46",2404600
7750,-70,1000,"sd","14:07:46",2404500
7750,-70,10000,"sd","14:07:46",2403500
7750,-70,100,"sd","14:07:46",2393500
7750,-70,500,"sd","14:07:46",2393400
7750,-70,1000,"sd","14:07:46",2392900
7750,-70,4800,"sd","14:07:46",2391900
7760,-60,500,"bu","14:07:34",2387100
7760,-60,1100,"bu","14:07:32",2386600
7750,-70,1000,"sd","14:07:16",2385500
7760,-60,100,"bu","14:07:13",2384500
7760,-60,800,"bu","14:07:13",2384400
7760,-60,700,"bu","14:07:13",2383600
7760,-60,300,"bu","14:06:51",2382900
7760,-60,300,"bu","14:06:51",2382600
7760,-60,1700,"bu","14:06:37",2382300
7760,-60,4100,"bu","14:06:37",2380600
7760,-60,200,"bu","14:06:22",2376500
7760,-60,1000,"bu","14:06:03",2376300
7750,-70,800,"sd","14:06:02",2375300
7750,-70,300,"sd","14:04:58",2374500
7750,-70,400,"sd","14:04:54",2374200
7750,-70,2600,"sd","14:04:41",2373800
7750,-70,100,"sd","14:04:16",2371200
7760,-60,500,"bu","14:03:58",2371100
7760,-60,2300,"bu","14:03:50",2370600
7760,-60,100,"bu","14:03:41",2368300
7760,-60,1100,"bu","14:03:38",2368200
7760,-60,100,"bu","14:03:23",2367100
7760,-60,600,"bu","14:03:19",2367000
7770,-50,100,"bu","14:02:47",2366400
7740,-80,300,"sd","14:02:33",2366300
7750,-70,100,"sd","14:02:33",2366000
7740,-80,700,"sd","14:02:24",2365900
7740,-80,1000,"sd","14:02:24",2365200
7740,-80,100,"sd","14:02:24",2364200
7740,-80,5900,"sd","14:02:24",2364100
7750,-70,100,"sd","14:02:24",2358200
7750,-70,2200,"sd","14:02:24",2358100
7750,-70,100,"bu","14:02:20",2355900
7750,-70,2700,"bu","14:02:20",2355800
7750,-70,1000,"bu","14:02:19",2353100
7750,-70,2000,"bu","14:02:12",2352100
7740,-80,4100,"sd","14:01:58",2350100
7740,-80,1000,"sd","14:01:58",2346000
7740,-80,500,"sd","14:01:58",2345000
7740,-80,300,"sd","14:01:58",2344500
7740,-80,100,"sd","14:01:58",2344200
7740,-80,2000,"sd","14:01:58",2344100
7740,-80,1000,"sd","14:01:58",2342100
7750,-70,1000,"bu","14:01:58",2341100
7750,-70,100,"bu","14:01:56",2340100
7750,-70,100,"bu","14:01:52",2340000
7750,-70,1000,"bu","14:01:48",2339900
7750,-70,800,"bu","14:01:44",2338900
7750,-70,400,"bu","14:01:43",2338100
7750,-70,500,"bu","14:01:42",2337700
7750,-70,400,"sd","14:01:35",2337200
7750,-70,1000,"bu","14:01:17",2336800
7750,-70,500,"bu","14:01:17",2335800
7750,-70,8100,"bu","14:01:17",2335300
7740,-80,500,"sd","14:00:49",2327200
7740,-80,500,"bu","14:00:45",2326700
7740,-80,1800,"bu","14:00:44",2326200
7740,-80,500,"bu","14:00:41",2324400
7740,-80,200,"bu","14:00:39",2323900
7740,-80,500,"bu","14:00:37",2323700
7740,-80,2000,"bu","14:00:34",2323200
7740,-80,700,"bu","14:00:34",2321200
7740,-80,2300,"bu","14:00:34",2320500
7740,-80,500,"bu","14:00:34",2318200
7740,-80,100,"bu","14:00:32",2317700
7740,-80,100,"bu","14:00:28",2317600
7740,-80,10000,"bu","14:00:25",2317500
7730,-90,100,"sd","14:00:20",2307500
7730,-90,100,"sd","14:00:20",2307400
7730,-90,200,"sd","14:00:20",2307300
7730,-90,100,"sd","14:00:20",2307100
7740,-80,100,"bu","13:59:39",2307000
7730,-90,400,"sd","13:59:26",2306900
7730,-90,300,"sd","13:59:18",2306500
7740,-80,100,"bu","13:59:10",2306200
7740,-80,100,"bu","13:58:57",2306100
7740,-80,100,"bu","13:58:57",2306000
7730,-90,1000,"sd","13:58:54",2305900
7740,-80,200,"bu","13:58:43",2304900
7730,-90,1100,"sd","13:58:42",2304700
7730,-90,1900,"sd","13:58:42",2303600
7730,-90,100,"sd","13:58:26",2301700
7730,-90,1000,"sd","13:58:17",2301600
7720,-100,1300,"sd","13:58:08",2300600
7720,-100,500,"sd","13:58:08",2299300
7740,-80,100,"bu","13:58:04",2298800
7730,-90,1000,"sd","13:57:53",2298700
7730,-90,100,"sd","13:57:53",2297700
7730,-90,100,"sd","13:57:53",2297600
7730,-90,500,"sd","13:57:53",2297500
7730,-90,1000,"sd","13:57:53",2297000
7730,-90,200,"sd","13:57:53",2296000
7730,-90,200,"sd","13:57:53",2295800
7730,-90,2000,"sd","13:57:53",2295600
7730,-90,1000,"sd","13:57:53",2293600
7730,-90,20000,"sd","13:57:53",2292600
7730,-90,500,"sd","13:57:53",2272600
7730,-90,100,"sd","13:57:53",2272100
7730,-90,200,"sd","13:57:53",2272000
7740,-80,2000,"sd","13:57:51",2271800
7740,-80,500,"sd","13:57:51",2269800
7740,-80,100,"sd","13:57:51",2269300
7740,-80,800,"sd","13:57:51",2269200
7740,-80,2900,"sd","13:57:51",2268400
7740,-80,100,"sd","13:57:48",2265500
7750,-70,4200,"bu","13:57:47",2265400
7750,-70,27200,"bu","13:57:45",2261200
7750,-70,700,"bu","13:57:45",2234000
7750,-70,300,"bu","13:57:45",2233300
7750,-70,1800,"bu","13:57:45",2233000
7740,-80,7000,"sd","13:57:44",2231200
7740,-80,300,"sd","13:57:44",2224200
7740,-80,1700,"sd","13:57:44",2223900
7750,-70,500,"bu","13:57:35",2222200
7740,-80,100,"sd","13:57:30",2221700
7750,-70,2000,"bu","13:56:26",2221600
7740,-80,4300,"sd","13:56:19",2219600
7750,-70,300,"bu","13:55:59",2215300
7750,-70,100,"bu","13:55:51",2215000
7750,-70,100,"bu","13:55:36",2214900
7750,-70,10200,"sd","13:55:33",2214800
7750,-70,300,"bu","13:55:19",2204600
7750,-70,4000,"bu","13:55:19",2204300
7750,-70,1000,"bu","13:55:19",2200300
7750,-70,10000,"bu","13:55:19",2199300
7750,-70,4500,"bu","13:55:19",2189300
7740,-80,2600,"sd","13:55:14",2184800
7740,-80,400,"sd","13:55:14",2182200
7740,-80,7500,"sd","13:54:55",2181800
7740,-80,2100,"sd","13:54:48",2174300
7740,-80,700,"sd","13:54:48",2172200
7740,-80,1200,"sd","13:54:48",2171500
7750,-70,300,"bu","13:54:48",2170300
7740,-80,3800,"sd","13:54:30",2170000
7740,-80,500,"sd","13:54:30",2166200
7740,-80,5300,"sd","13:54:30",2165700
7740,-80,4700,"sd","13:54:08",2160400
7740,-80,2800,"sd","13:54:08",2155700
7750,-70,100,"bu","13:53:49",2152900
7750,-70,100,"bu","13:53:34",2152800
7740,-80,100,"sd","13:53:30",2152700
7740,-80,2100,"bu","13:53:22",2152600
7740,-80,1500,"bu","13:53:19",2150500
7740,-80,100,"bu","13:53:03",2149000
7740,-80,1800,"bu","13:53:00",2148900
7740,-80,1000,"bu","13:53:00",2147100
7740,-80,2700,"bu","13:53:00",2146100
7740,-80,100,"bu","13:52:58",2143400
7740,-80,100,"bu","13:52:48",2143300
7740,-80,400,"bu","13:52:43",2143200
7740,-80,1000,"sd","13:52:37",2142800
7740,-80,500,"sd","13:52:37",2141800
7740,-80,1000,"sd","13:52:37",2141300
7740,-80,4200,"sd","13:52:37",2140300
7740,-80,800,"bu","13:52:26",2136100
7740,-80,500,"bu","13:52:21",2135300
7740,-80,500,"bu","13:52:16",2134800
7740,-80,100,"sd","13:52:10",2134300
7740,-80,600,"sd","13:52:10",2134200
7740,-80,400,"sd","13:52:06",2133600
7740,-80,1000,"sd","13:52:06",2133200
7740,-80,700,"sd","13:52:06",2132200
7740,-80,1000,"sd","13:52:01",2131500
7740,-80,700,"sd","13:51:52",2130500
7750,-70,200,"sd","13:51:52",2129800
7750,-70,2100,"sd","13:51:52",2129600
7750,-70,2900,"sd","13:51:47",2127500
7750,-70,100,"sd","13:51:47",2124600
7750,-70,4200,"sd","13:51:47",2124500
7750,-70,400,"sd","13:51:47",2120300
7750,-70,3400,"sd","13:51:47",2119900
7750,-70,1600,"sd","13:51:43",2116500
7750,-70,200,"sd","13:51:43",2114900
7750,-70,200,"sd","13:51:43",2114700
7750,-70,300,"sd","13:51:29",2114500
7750,-70,900,"sd","13:51:29",2114200
7750,-70,400,"sd","13:51:29",2113300
7750,-70,100,"sd","13:51:29",2112900
7750,-70,200,"sd","13:51:29",2112800
7750,-70,3100,"sd","13:51:29",2112600
7750,-70,200,"sd","13:51:16",2109500
7750,-70,1700,"sd","13:51:07",2109300
7750,-70,9600,"sd","13:51:07",2107600
7750,-70,100,"sd","13:51:07",2098000
7750,-70,2000,"sd","13:51:07",2097900
7750,-70,25600,"sd","13:51:07",2095900
7760,-60,3000,"sd","13:51:04",2070300
7760,-60,300,"sd","13:51:04",2067300
7760,-60,3600,"sd","13:51:04",2067000
7760,-60,1000,"sd","13:50:56",2063400
7770,-50,400,"bu","13:50:41",2062400
7770,-50,4600,"bu","13:50:41",2062000
7770,-50,300,"bu","13:50:36",2057400
7760,-60,400,"sd","13:50:29",2057100
7760,-60,1000,"sd","13:50:29",2056700
7760,-60,3000,"sd","13:50:29",2055700
7760,-60,100,"sd","13:50:29",2052700
7760,-60,500,"sd","13:50:29",2052600
7770,-50,700,"bu","13:50:27",2052100
7770,-50,2000,"sd","13:50:12",2051400
7770,-50,1800,"sd","13:50:12",2049400
7780,-40,500,"bu","13:50:00",2047600
7780,-40,200,"sd","13:49:56",2047100
7780,-40,2500,"sd","13:49:55",2046900
7780,-40,200,"sd","13:49:48",2044400
7780,-40,1000,"sd","13:49:33",2044200
7790,-30,500,"bu","13:49:29",2043200
7790,-30,100,"sd","13:49:15",2042700
7800,-20,2000,"bu","13:49:12",2042600
7800,-20,9400,"bu","13:48:29",2040600
7790,-30,600,"bu","13:48:29",2031200
7790,-30,400,"sd","13:48:28",2030600
7790,-30,300,"bu","13:48:07",2030200
7790,-30,1300,"bu","13:48:07",2029900
7790,-30,500,"bu","13:47:46",2028600
7770,-50,8200,"sd","13:47:45",2028100
7770,-50,1000,"sd","13:47:45",2019900
7770,-50,1000,"sd","13:47:45",2018900
7770,-50,2000,"sd","13:47:45",2017900
7780,-40,10100,"sd","13:47:45",2015900
7780,-40,500,"sd","13:47:45",2005800
7780,-40,100,"sd","13:47:45",2005300
7780,-40,1500,"sd","13:47:45",2005200
7780,-40,1600,"sd","13:47:45",2003700
7790,-30,4000,"sd","13:47:44",2002100
7790,-30,10000,"sd","13:47:44",1998100
7790,-30,500,"sd","13:47:44",1988100
7790,-30,500,"sd","13:47:44",1987600
7790,-30,1000,"sd","13:47:44",1987100
7790,-30,2200,"sd","13:47:44",1986100
7790,-30,900,"sd","13:47:42",1983900
7800,-20,500,"bu","13:47:10",1983000
7790,-30,1900,"sd","13:47:08",1982500
7790,-30,100,"sd","13:47:08",1980600
7800,-20,1000,"bu","13:46:51",1980500
7800,-20,1000,"bu","13:46:50",1979500
7800,-20,100,"sd","13:46:47",1978500
7800,-20,100,"sd","13:46:45",1978400
7800,-20,1000,"sd","13:46:44",1978300
7800,-20,500,"sd","13:46:44",1977300
7800,-20,1000,"sd","13:46:44",1976800
7800,-20,1100,"sd","13:46:44",1975800
7800,-20,4900,"sd","13:46:44",1974700
7800,-20,100,"sd","13:46:32",1969800
7800,-20,4900,"sd","13:46:32",1969700
7800,-20,100,"sd","13:46:20",1964800
7800,-20,100,"sd","13:46:20",1964700
7800,-20,800,"sd","13:46:20",1964600
7800,-20,900,"sd","13:45:42",1963800
7820,0,200,"bu","13:45:22",1962900
7820,0,2000,"bu","13:45:22",1962700
7820,0,200,"bu","13:45:22",1960700
7820,0,200,"bu","13:45:22",1960500
7820,0,200,"bu","13:45:22",1960300
7820,0,400,"bu","13:45:22",1960100
7820,0,400,"bu","13:45:22",1959700
7820,0,1000,"bu","13:45:22",1959300
7820,0,1300,"bu","13:45:22",1958300
7810,-10,100,"bu","13:45:22",1957000
7800,-20,7300,"sd","13:45:18",1956900
7800,-20,200,"sd","13:45:18",1949600
7800,-20,500,"sd","13:45:18",1949400
7800,-20,100,"sd","13:45:18",1948900
7800,-20,4000,"sd","13:45:18",1948800
7810,-10,100,"sd","13:45:18",1944800
7800,-20,200,"sd","13:45:04",1944700
7800,-20,500,"sd","13:45:04",1944500
7800,-20,200,"sd","13:45:04",1944000
7800,-20,500,"sd","13:45:04",1943800
7800,-20,700,"sd","13:45:04",1943300
7800,-20,800,"sd","13:45:04",1942600
7800,-20,1000,"sd","13:45:04",1941800
7800,-20,1000,"sd","13:45:04",1940800
7800,-20,100,"sd","13:45:04",1939800
7800,-20,200,"sd","13:44:42",1939700
7800,-20,200,"sd","13:44:25",1939500
7800,-20,700,"sd","13:44:25",1939300
7820,0,100,"bu","13:43:52",1938600
7800,-20,100,"sd","13:43:49",1938500
7810,-10,5000,"bu","13:43:46",1938400
7800,-20,200,"bu","13:43:20",1933400
7820,0,1600,"bu","13:43:12",1933200
7820,0,500,"bu","13:43:12",1931600
7800,-20,1200,"sd","13:43:12",1931100
7800,-20,1000,"sd","13:43:12",1929900
7800,-20,100,"sd","13:43:12",1928900
7800,-20,700,"sd","13:43:12",1928800
7800,-20,500,"sd","13:42:58",1928100
7800,-20,300,"sd","13:42:58",1927600
7800,-20,1000,"sd","13:42:27",1927300
7800,-20,500,"sd","13:42:13",1926300
7800,-20,2200,"sd","13:42:13",1925800
7810,-10,1600,"sd","13:42:13",1923600
7810,-10,2000,"bu","13:42:13",1922000
7810,-10,200,"bu","13:42:13",1920000
7810,-10,1000,"bu","13:42:13",1919800
7810,-10,200,"bu","13:42:13",1918800
7800,-20,200,"sd","13:42:08",1918600
7810,-10,100,"bu","13:42:03",1918400
7810,-10,100,"bu","13:42:03",1918300
7810,-10,1000,"bu","13:41:58",1918200
7810,-10,800,"bu","13:41:41",1917200
7810,-10,200,"bu","13:41:30",1916400
7800,-20,100,"sd","13:41:18",1916200
7800,-20,100,"sd","13:41:09",1916100
7800,-20,2000,"sd","13:40:49",1916000
7800,-20,3200,"bu","13:40:46",1914000
7800,-20,500,"bu","13:40:44",1910800
7800,-20,100,"bu","13:40:34",1910300
7800,-20,300,"bu","13:40:34",1910200
7800,-20,100,"sd","13:40:23",1909900
7800,-20,5000,"sd","13:40:23",1909800
7810,-10,1800,"sd","13:40:23",1904800
7810,-10,200,"sd","13:40:21",1903000
7810,-10,100,"sd","13:40:21",1902800
7810,-10,500,"sd","13:40:21",1902700
7810,-10,1200,"bu","13:40:11",1902200
7800,-20,300,"bu","13:40:11",1901000
7800,-20,300,"sd","13:40:10",1900700
7800,-20,1000,"sd","13:40:10",1900400
7800,-20,200,"sd","13:40:10",1899400
7800,-20,3200,"sd","13:40:10",1899200
7800,-20,600,"bu","13:39:47",1896000
7800,-20,2500,"bu","13:39:47",1895400
7800,-20,400,"bu","13:39:47",1892900
7800,-20,5000,"bu","13:39:47",1892500
7800,-20,200,"bu","13:39:47",1887500
7800,-20,17100,"bu","13:39:47",1887300
7800,-20,1000,"bu","13:39:47",1870200
7760,-60,900,"sd","13:39:46",1869200
7770,-50,100,"sd","13:39:46",1868300
7770,-50,1000,"sd","13:39:46",1868200
7790,-30,500,"bu","13:39:42",1867200
7790,-30,600,"bu","13:39:40",1866700
7790,-30,400,"bu","13:39:33",1866100
7790,-30,1000,"bu","13:39:27",1865700
7790,-30,100,"bu","13:39:27",1864700
7790,-30,200,"bu","13:39:27",1864600
7790,-30,200,"bu","13:39:27",1864400
7790,-30,500,"bu","13:39:27",1864200
7760,-60,100,"sd","13:39:23",1863700
7790,-30,200,"bu","13:39:19",1863600
7750,-70,5000,"sd","13:39:14",1863400
7750,-70,19400,"bu","13:39:09",1858400
7750,-70,30000,"bu","13:39:02",1839000
7740,-80,3300,"bu","13:38:51",1809000
7740,-80,500,"bu","13:38:47",1805700
7740,-80,100,"bu","13:38:36",1805200
7740,-80,500,"bu","13:38:35",1805100
7740,-80,600,"bu","13:38:34",1804600
7740,-80,400,"bu","13:38:34",1804000
7740,-80,500,"bu","13:38:31",1803600
7740,-80,500,"bu","13:38:28",1803100
7740,-80,600,"sd","13:38:25",1802600
7740,-80,400,"sd","13:38:25",1802000
7740,-80,100,"sd","13:38:25",1801600
7740,-80,500,"sd","13:38:25",1801500
7740,-80,200,"sd","13:38:25",1801000
7750,-70,1000,"bu","13:38:25",1800800
7740,-80,1500,"sd","13:37:56",1799800
7740,-80,300,"sd","13:37:55",1798300
7740,-80,100,"sd","13:37:55",1798000
7750,-70,100,"bu","13:37:49",1797900
7750,-70,5000,"bu","13:37:44",1797800
7750,-70,5000,"bu","13:37:27",1792800
7750,-70,1000,"bu","13:37:26",1787800
7750,-70,500,"bu","13:37:23",1786800
7740,-80,100,"sd","13:37:21",1786300
7740,-80,2000,"sd","13:37:21",1786200
7740,-80,400,"sd","13:37:21",1784200
7750,-70,300,"bu","13:37:15",1783800
7750,-70,10000,"bu","13:37:08",1783500
7750,-70,200,"bu","13:37:00",1773500
7750,-70,4900,"bu","13:36:59",1773300
7750,-70,300,"bu","13:36:53",1768400
7750,-70,2000,"bu","13:36:53",1768100
7750,-70,1000,"bu","13:36:45",1766100
7750,-70,1000,"sd","13:36:41",1765100
7750,-70,500,"sd","13:36:41",1764100
7750,-70,500,"sd","13:36:41",1763600
7750,-70,1000,"sd","13:36:41",1763100
7750,-70,1000,"sd","13:36:41",1762100
7750,-70,3000,"sd","13:36:41",1761100
7750,-70,10000,"sd","13:36:41",1758100
7750,-70,700,"sd","13:36:41",1748100
7750,-70,200,"sd","13:36:41",1747400
7760,-60,100,"sd","13:36:41",1747200
7760,-60,1000,"sd","13:36:41",1747100
7760,-60,300,"sd","13:36:41",1746100
7750,-70,800,"sd","13:35:45",1745800
7750,-70,200,"sd","13:35:45",1745000
7750,-70,5000,"sd","13:35:45",1744800
7750,-70,5000,"sd","13:35:45",1739800
7750,-70,100,"sd","13:35:45",1734800
7750,-70,500,"sd","13:35:45",1734700
7750,-70,100,"sd","13:35:45",1734200
7750,-70,5000,"sd","13:35:45",1734100
7750,-70,200,"sd","13:35:45",1729100
7750,-70,500,"sd","13:35:45",1728900
7750,-70,100,"sd","13:35:45",1728400
7750,-70,700,"sd","13:35:45",1728300
7750,-70,1800,"sd","13:35:45",1727600
7790,-30,300,"bu","13:35:40",1725800
7790,-30,200,"bu","13:35:40",1725500
7750,-70,3200,"bu","13:34:28",1725300
7750,-70,700,"sd","13:34:23",1722100
7750,-70,200,"sd","13:34:23",1721400
7750,-70,900,"sd","13:34:23",1721200
7750,-70,100,"sd","13:33:44",1720300
7740,-80,300,"sd","13:33:19",1720200
7700,-120,7300,"sd","13:33:05",1719900
7700,-120,100,"sd","13:33:05",1712600
7700,-120,2000,"sd","13:33:05",1712500
7700,-120,500,"sd","13:33:05",1710500
7700,-120,200,"sd","13:33:05",1710000
7700,-120,100,"sd","13:33:05",1709800
7710,-110,300,"sd","13:33:05",1709700
7710,-110,5000,"sd","13:33:05",1709400
7710,-110,1000,"sd","13:33:05",1704400
7710,-110,500,"sd","13:33:05",1703400
7710,-110,200,"sd","13:33:05",1702900
7710,-110,300,"sd","13:33:05",1702700
7710,-110,5000,"sd","13:33:05",1702400
7720,-100,500,"sd","13:33:05",1697400
7720,-100,1000,"sd","13:33:05",1696900
7720,-100,1000,"sd","13:33:05",1695900
7720,-100,1000,"sd","13:33:05",1694900
7720,-100,100,"sd","13:33:05",1693900
7740,-80,100,"sd","13:33:05",1693800
7740,-80,300,"sd","13:33:05",1693700
7740,-80,300,"sd","13:33:05",1693400
7740,-80,200,"sd","13:33:05",1693100
7740,-80,200,"sd","13:33:05",1692900
7740,-80,1000,"sd","13:33:05",1692700
7740,-80,200,"sd","13:33:05",1691700
7740,-80,1000,"sd","13:33:05",1691500
7740,-80,600,"sd","13:33:05",1690500
7740,-80,400,"sd","13:32:49",1689900
7750,-70,600,"sd","13:32:49",1689500
7750,-70,400,"bu","13:32:48",1688900
7750,-70,1000,"bu","13:32:46",1688500
7750,-70,600,"bu","13:32:43",1687500
7750,-70,100,"bu","13:32:34",1686900
7750,-70,1000,"bu","13:32:16",1686800
7740,-80,600,"sd","13:31:51",1685400
7740,-80,400,"sd","13:31:51",1685800
7750,-70,1000,"bu","13:31:46",1684800
7750,-70,1000,"bu","13:31:45",1683800
7750,-70,100,"bu","13:31:43",1682800
7750,-70,100,"bu","13:31:42",1682700
7750,-70,1000,"bu","13:31:39",1682600
7750,-70,200,"bu","13:31:37",1681600
7750,-70,500,"bu","13:31:33",1681400
7750,-70,1000,"bu","13:31:30",1680900
7750,-70,2000,"bu","13:31:26",1679900
7750,-70,1000,"bu","13:31:21",1677900
7750,-70,500,"bu","13:31:21",1676900
7750,-70,100,"bu","13:31:18",1676400
7750,-70,10000,"bu","13:31:17",1676300
7750,-70,5000,"sd","13:30:58",1666300
7750,-70,800,"sd","13:30:58",1661300
7750,-70,200,"sd","13:30:58",1660500
7750,-70,300,"sd","13:30:58",1660300
7750,-70,4000,"sd","13:30:58",1660000
7750,-70,600,"sd","13:30:58",1656000
7750,-70,500,"sd","13:30:58",1655400
7750,-70,500,"sd","13:30:58",1654900
7750,-70,500,"sd","13:30:58",1654400
7750,-70,100,"sd","13:30:58",1653900
7750,-70,2000,"sd","13:30:58",1653800
7750,-70,100,"sd","13:30:58",1651800
7750,-70,1000,"sd","13:30:58",1651700
7750,-70,1000,"sd","13:30:58",1650700
7750,-70,300,"sd","13:30:58",1649700
7750,-70,100,"sd","13:30:58",1649400
7750,-70,2000,"sd","13:30:58",1649300
7760,-60,5000,"sd","13:30:58",1647300
7760,-60,100,"sd","13:30:58",1642300
7760,-60,10000,"sd","13:30:58",1642200
7760,-60,300,"sd","13:30:58",1632200
7760,-60,300,"sd","13:30:58",1631900
7760,-60,100,"sd","13:30:58",1631600
7760,-60,1000,"sd","13:30:58",1631500
7770,-50,100,"sd","13:30:58",1630500
7770,-50,200,"sd","13:30:58",1630400
7770,-50,600,"sd","13:30:58",1630200
7770,-50,300,"sd","13:30:58",1629600
7770,-50,700,"sd","13:30:58",1629300
7770,-50,1000,"sd","13:30:58",1628600
7770,-50,2000,"sd","13:30:58",1627600
7770,-50,100,"sd","13:30:58",1625600
7770,-50,500,"sd","13:30:58",1625500
7780,-40,100,"unknown","13:30:58",1625000
7780,-40,200,"bu","13:30:55",1624900
7780,-40,5000,"bu","13:30:39",1624700
7780,-40,100,"bu","13:30:23",1619700
7780,-40,200,"bu","13:30:13",1619600
7780,-40,100,"bu","13:30:05",1619400
7780,-40,500,"sd","13:29:53",1619300
7780,-40,100,"sd","13:29:53",1618800
7780,-40,200,"sd","13:29:53",1618700
7780,-40,100,"sd","13:29:53",1618500
7780,-40,700,"sd","13:29:53",1618400
7780,-40,200,"sd","13:29:50",1617700
7780,-40,100,"sd","13:29:49",1617500
7780,-40,500,"sd","13:29:49",1617400
7780,-40,500,"sd","13:29:49",1616900
7780,-40,500,"sd","13:29:49",1616400
7780,-40,400,"sd","13:29:49",1615900
7780,-40,300,"sd","13:29:48",1615500
7780,-40,300,"sd","13:29:46",1615200
7780,-40,100,"sd","13:29:46",1614900
7780,-40,200,"sd","13:29:46",1614800
7780,-40,1000,"sd","13:29:46",1614600
7780,-40,2700,"sd","13:29:46",1613600
7780,-40,200,"sd","13:29:37",1610900
7780,-40,7100,"sd","13:29:22",1610700
7780,-40,100,"sd","13:29:22",1603600
7780,-40,200,"sd","13:29:22",1603500
7780,-40,1000,"sd","13:29:22",1603300
7780,-40,900,"sd","13:29:22",1602300
7780,-40,700,"sd","13:29:22",1601400
7780,-40,300,"sd","13:28:19",1600700
7780,-40,200,"sd","13:28:19",1600400
7780,-40,300,"sd","13:28:19",1600200
7780,-40,100,"sd","13:28:19",1599900
7780,-40,100,"sd","13:28:19",1599800
7790,-30,500,"sd","13:28:11",1599700
7790,-30,200,"sd","13:28:11",1599200
7790,-30,100,"sd","13:28:11",1599000
7790,-30,500,"sd","13:28:11",1598900
7790,-30,100,"sd","13:28:11",1598400
7790,-30,400,"sd","13:28:11",1598300
7790,-30,1900,"sd","13:28:08",1597900
7790,-30,100,"sd","13:28:08",1596000
7790,-30,900,"sd","13:27:52",1595900
7790,-30,1000,"sd","13:27:52",1595000
7790,-30,300,"sd","13:27:52",1594000
7790,-30,2000,"sd","13:27:44",1593700
7790,-30,100,"sd","13:27:20",1591700
7800,-20,200,"bu","13:26:53",1591600
7800,-20,100,"bu","13:26:51",1591400
7800,-20,1300,"bu","13:26:51",1591300
7800,-20,700,"bu","13:26:25",1590000
7800,-20,300,"bu","13:26:19",1589300
7800,-20,1000,"bu","13:25:28",1589000
7800,-20,500,"bu","13:25:23",1588000
7800,-20,200,"bu","13:25:16",1587500
7800,-20,2000,"bu","13:25:16",1587300
7800,-20,1300,"bu","13:25:16",1585300
7800,-20,500,"bu","13:24:58",1584000
7800,-20,1000,"bu","13:24:45",1583500
7790,-30,600,"sd","13:24:24",1582500
7790,-30,500,"sd","13:24:24",1581900
7790,-30,100,"sd","13:24:24",1581400
7790,-30,5000,"sd","13:24:24",1581300
7790,-30,100,"sd","13:24:24",1576300
7790,-30,900,"sd","13:24:24",1576200
7800,-20,500,"bu","13:24:24",1575300
7800,-20,1400,"bu","13:24:20",1574800
7800,-20,2000,"bu","13:23:59",1573400
7800,-20,3000,"bu","13:23:50",1571400
7800,-20,300,"sd","13:23:45",1568400
7800,-20,1000,"sd","13:23:38",1568100
7800,-20,200,"sd","13:23:18",1567100
7800,-20,300,"sd","13:23:18",1566900
7800,-20,100,"sd","13:23:17",1566600
7800,-20,100,"sd","13:22:59",1566500
7800,-20,300,"bu","13:22:18",1566400
7800,-20,900,"bu","13:22:18",1566100
7800,-20,100,"bu","13:22:01",1565200
7800,-20,1000,"sd","13:21:28",1565100
7800,-20,1100,"sd","13:21:28",1564100
7800,-20,100,"sd","13:21:28",1563000
7800,-20,100,"sd","13:21:28",1562900
7800,-20,500,"sd","13:21:28",1562800
7800,-20,1000,"sd","13:21:28",1562300
7800,-20,1000,"sd","13:21:28",1561300
7800,-20,100,"sd","13:21:28",1560300
7800,-20,500,"sd","13:21:28",1560200
7800,-20,500,"sd","13:21:21",1559700
7800,-20,200,"sd","13:21:21",1559200
7800,-20,1000,"sd","13:21:21",1559000
7800,-20,100,"sd","13:21:21",1558000
7800,-20,2200,"sd","13:21:21",1557900
7800,-20,8500,"sd","13:21:17",1555700
7800,-20,1000,"sd","13:20:31",1547200
7810,-10,100,"bu","13:20:14",1546200
7800,-20,2000,"sd","13:19:57",1546100
7800,-20,700,"sd","13:19:40",1544100
7810,-10,2000,"bu","13:19:23",1543400
7800,-20,21600,"sd","13:19:02",1541400
7800,-20,2000,"sd","13:19:02",1519800
7800,-20,2000,"sd","13:19:02",1517800
7800,-20,6200,"sd","13:19:02",1515800
7800,-20,1800,"sd","13:19:02",1509600
7810,-10,800,"bu","13:18:44",1507800
7810,-10,600,"bu","13:18:44",1507000
7800,-20,900,"sd","13:17:55",1506400
7800,-20,3100,"sd","13:17:55",1505500
7810,-10,900,"bu","13:17:52",1502400
7800,-20,1000,"sd","13:17:47",1501500
7810,-10,200,"sd","13:17:12",1500500
7810,-10,3300,"sd","13:17:12",1500300
7810,-10,2700,"bu","13:17:07",1497000
7810,-10,100,"sd","13:17:00",1494300
7810,-10,100,"sd","13:17:00",1494200
7810,-10,1000,"sd","13:17:00",1494100
7810,-10,100,"sd","13:17:00",1493100
7810,-10,1000,"sd","13:17:00",1493000
7820,0,4500,"bu","13:16:59",1492000
7820,0,500,"bu","13:16:59",1487500
7810,-10,1000,"sd","13:16:59",1487000
7810,-10,1300,"sd","13:16:04",1486000
7810,-10,1400,"bu","13:16:03",1484700
7810,-10,500,"bu","13:16:03",1483300
7810,-10,1000,"bu","13:16:03",1482800
7810,-10,800,"bu","13:16:03",1481800
7800,-20,200,"sd","13:15:17",1481000
7800,-20,5700,"sd","13:14:00",1480800
7800,-20,4300,"sd","13:14:00",1475100
7800,-20,600,"sd","13:13:31",1470800
7800,-20,100,"sd","13:13:09",1470200
7800,-20,100,"sd","13:12:55",1470100
7810,-10,4200,"bu","13:12:39",1470000
7810,-10,800,"bu","13:12:39",1465800
7800,-20,200,"sd","13:12:23",1465000
7800,-20,800,"sd","13:12:23",1464800
7800,-20,200,"sd","13:12:02",1464000
7800,-20,2200,"sd","13:11:46",1463800
7800,-20,1800,"bu","13:11:32",1461600
7790,-30,1300,"sd","13:11:03",1459800
7790,-30,600,"sd","13:11:03",1458500
7800,-20,100,"sd","13:11:03",1457900
7800,-20,600,"sd","13:10:40",1457800
7800,-20,400,"bu","13:10:24",1457200
7800,-20,100,"bu","13:10:12",1456800
7800,-20,100,"bu","13:10:07",1456700
7800,-20,100,"bu","13:10:01",1456600
7800,-20,200,"bu","13:10:00",1456500
7800,-20,300,"bu","13:09:59",1456300
7800,-20,100,"bu","13:09:59",1456000
7800,-20,100,"bu","13:09:59",1455900
7800,-20,5000,"bu","13:09:56",1455800
7790,-30,1400,"sd","13:09:54",1450800
7790,-30,200,"sd","13:09:54",1449400
7790,-30,500,"sd","13:09:54",1449200
7790,-30,1000,"sd","13:09:54",1448700
7790,-30,500,"sd","13:09:54",1447700
7790,-30,100,"sd","13:09:54",1447200
7790,-30,300,"sd","13:09:54",1447100
7790,-30,500,"sd","13:09:54",1446800
7790,-30,1000,"sd","13:09:54",1446300
7790,-30,1000,"sd","13:09:54",1445300
7790,-30,5000,"sd","13:09:54",1444300
7790,-30,1000,"sd","13:09:54",1439300
7790,-30,500,"sd","13:09:54",1438300
7800,-20,200,"sd","13:09:25",1437800
7800,-20,100,"sd","13:09:25",1437600
7800,-20,600,"sd","13:09:25",1437500
7800,-20,400,"sd","13:09:08",1436900
7800,-20,300,"sd","13:09:03",1436500
7800,-20,300,"sd","13:09:03",1436200
7800,-20,1000,"sd","13:09:03",1435900
7800,-20,1000,"sd","13:09:03",1434900
7800,-20,100,"sd","13:09:03",1433900
7800,-20,1900,"sd","13:09:03",1433800
7800,-20,100,"sd","13:09:03",1431900
7800,-20,300,"sd","13:09:03",1431800
7800,-20,1000,"sd","13:09:03",1431500
7800,-20,500,"sd","13:09:03",1430500
7800,-20,1000,"sd","13:09:03",1430000
7800,-20,100,"sd","13:09:03",1429000
7800,-20,2000,"sd","13:09:03",1428900
7800,-20,100,"sd","13:08:52",1426900
7800,-20,400,"sd","13:08:50",1426800
7800,-20,200,"sd","13:08:50",1426400
7800,-20,2000,"sd","13:08:50",1426200
7800,-20,100,"sd","13:08:50",1424200
7800,-20,5500,"sd","13:08:50",1424100
7800,-20,3000,"sd","13:08:50",1418600
7800,-20,2000,"sd","13:08:50",1415600
7800,-20,2000,"sd","13:08:50",1413600
7800,-20,100,"sd","13:08:50",1411600
7800,-20,2800,"sd","13:08:37",1411500
7800,-20,200,"sd","13:08:37",1408700
7800,-20,100,"sd","13:08:37",1408500
7800,-20,1900,"sd","13:08:37",1408400
7800,-20,100,"sd","13:08:34",1406500
7800,-20,100,"sd","13:08:32",1406400
7800,-20,2900,"sd","13:08:30",1406300
7800,-20,2000,"sd","13:08:30",1403400
7800,-20,1000,"sd","13:08:30",1401400
7800,-20,100,"sd","13:08:30",1400400
7800,-20,1000,"sd","13:08:30",1400300
7800,-20,2000,"sd","13:08:30",1399300
7800,-20,500,"sd","13:08:30",1397300
7800,-20,100,"sd","13:08:30",1396800
7800,-20,200,"sd","13:08:30",1396700
7800,-20,200,"sd","13:08:30",1396500
7800,-20,500,"sd","13:08:30",1396300
7800,-20,200,"sd","13:08:30",1395800
7800,-20,1000,"sd","13:08:30",1395600
7800,-20,200,"sd","13:08:30",1394600
7800,-20,1000,"sd","13:08:30",1394400
7800,-20,100,"sd","13:08:30",1393400
7800,-20,2000,"sd","13:08:11",1393300
7800,-20,1000,"sd","13:08:10",1391300
7800,-20,1900,"sd","13:08:07",1390300
7800,-20,100,"sd","13:08:07",1388400
7800,-20,100,"sd","13:08:07",1388300
7800,-20,1000,"sd","13:08:07",1388200
7800,-20,1900,"sd","13:08:07",1387200
7800,-20,100,"sd","13:08:06",1385300
7800,-20,100,"sd","13:07:57",1385200
7800,-20,200,"sd","13:07:57",1385100
7800,-20,300,"sd","13:07:56",1384900
7800,-20,800,"sd","13:07:56",1384600
7800,-20,500,"sd","13:07:56",1383800
7800,-20,2000,"sd","13:07:56",1383300
7800,-20,1000,"sd","13:07:56",1381300
7800,-20,4700,"sd","13:07:56",1380300
7800,-20,4000,"sd","13:07:48",1375600
7800,-20,800,"sd","13:07:36",1371600
7800,-20,9100,"sd","13:07:24",1370800
7800,-20,51400,"sd","13:07:08",1361700
7800,-20,1000,"sd","13:07:08",1310300
7800,-20,1000,"sd","13:07:08",1309300
7800,-20,1000,"sd","13:07:08",1308300
7800,-20,2000,"sd","13:07:08",1307300
7810,-10,1000,"bu","13:07:06",1305300
7810,-10,100,"sd","13:06:49",1304300
7810,-10,1100,"sd","13:06:49",1304200
7810,-10,100,"sd","13:06:16",1303100
7810,-10,3800,"sd","13:06:07",1303000
7810,-10,1200,"sd","13:06:07",1299200
7810,-10,800,"sd","13:05:55",1298000
7810,-10,500,"sd","13:05:55",1297200
7810,-10,200,"sd","13:05:55",1296700
7810,-10,500,"sd","13:05:55",1296500
7810,-10,1700,"sd","13:05:55",1296000
7810,-10,1000,"sd","13:05:55",1294300
7810,-10,300,"sd","13:05:55",1293300
7810,-10,1200,"sd","13:05:23",1293000
7810,-10,5000,"sd","13:05:23",1291800
7810,-10,3800,"sd","13:05:23",1286800
7810,-10,4000,"sd","13:04:42",1283000
7810,-10,7100,"sd","13:04:11",1279000
7810,-10,1100,"sd","13:04:08",1271900
7810,-10,4000,"sd","13:03:32",1270800
7810,-10,300,"sd","13:02:27",1266800
7820,0,1000,"bu","13:02:21",1266500
7820,0,600,"bu","13:02:11",1265500
7820,0,2400,"bu","13:02:03",1264900
7810,-10,100,"sd","13:01:43",1262500
7810,-10,2200,"sd","13:01:32",1262400
7810,-10,500,"sd","13:01:32",1260200
7810,-10,100,"sd","13:01:32",1259700
7810,-10,200,"sd","13:01:32",1259600
7810,-10,200,"sd","13:01:25",1259400
7810,-10,800,"sd","13:01:25",1259200
7810,-10,200,"sd","13:01:21",1258400
7810,-10,4800,"sd","13:01:21",1258200
7810,-10,200,"sd","13:01:16",1253400
7810,-10,100,"sd","13:01:16",1253200
7810,-10,500,"sd","13:01:05",1253100
7810,-10,100,"sd","13:01:01",1252600
7810,-10,400,"sd","13:00:47",1252500
7810,-10,100,"sd","13:00:47",1252100
7810,-10,200,"sd","13:00:47",1252000
7810,-10,500,"sd","13:00:47",1251800
7810,-10,1000,"sd","13:00:47",1251300
7810,-10,600,"sd","13:00:47",1250300
7820,0,500,"sd","13:00:33",1249700
7820,0,400,"sd","13:00:33",1249200
7820,0,400,"sd","13:00:29",1248800
7820,0,200,"sd","13:00:29",1248400
7820,0,4000,"sd","13:00:25",1248200
7820,0,100,"sd","13:00:25",1244200
7820,0,100,"sd","13:00:25",1244100
7820,0,700,"sd","13:00:25",1244000
7820,0,8600,"sd","13:00:25",1243300
7830,10,100,"bu","13:00:17",1234700
7830,10,200,"bu","13:00:12",1234600
7830,10,100,"bu","13:00:07",1234400
7830,10,100,"bu","13:00:06",1234300
7830,10,3000,"bu","13:00:02",1234200
7830,10,100,"bu","13:00:02",1231200
7830,10,100,"bu","13:00:02",1231100
7830,10,300,"sd","13:00:02",1231000
7830,10,800,"sd","13:00:01",1230700
7830,10,200,"sd","13:00:01",1229900
7830,10,2900,"sd","13:00:01",1229700
7830,10,10000,"sd","13:00:01",1226800
7830,10,4900,"sd","13:00:01",1216800
7840,20,1000,"bu","11:29:22",1211900
7830,10,100,"sd","11:28:29",1210900
7850,30,11900,"bu","11:26:58",1210800
7850,30,1000,"bu","11:26:58",1198900
7850,30,1000,"bu","11:26:58",1197900
7850,30,1000,"bu","11:26:58",1196900
7850,30,3000,"bu","11:26:58",1195900
7850,30,1000,"bu","11:26:58",1192900
7840,20,1100,"bu","11:26:58",1191900
7840,20,900,"bu","11:26:26",1190800
7840,20,100,"bu","11:26:26",1189900
7830,10,1000,"sd","11:26:19",1189800
7830,10,4000,"bu","11:25:14",1188800
7830,10,100,"sd","11:24:40",1184800
7830,10,800,"sd","11:24:40",1184700
7830,10,1600,"sd","11:24:40",1183900
7830,10,200,"sd","11:24:20",1182300
7840,20,400,"sd","11:24:11",1182100
7840,20,100,"sd","11:24:11",1181700
7840,20,700,"sd","11:24:11",1181600
7850,30,700,"sd","11:20:23",1180900
7850,30,200,"sd","11:20:23",1180200
7850,30,100,"sd","11:20:23",1180000
7850,30,2100,"sd","11:20:23",1179900
7850,30,200,"sd","11:20:19",1177800
7850,30,1200,"sd","11:20:16",1177600
7850,30,6400,"sd","11:19:59",1176400
7850,30,600,"sd","11:19:59",1170000
7850,30,1400,"sd","11:19:33",1169400
7850,30,3700,"bu","11:19:13",1168000
7850,30,300,"bu","11:19:13",1164300
7850,30,1700,"bu","11:19:00",1164000
7850,30,3300,"bu","11:19:00",1162300
7850,30,100,"bu","11:18:54",1159000
7850,30,1100,"bu","11:18:22",1158900
7850,30,800,"sd","11:18:04",1157800
7850,30,4700,"sd","11:18:04",1157000
7850,30,900,"sd","11:17:44",1152300
7850,30,1200,"sd","11:17:11",1151400
7850,30,400,"bu","11:16:49",1150200
7850,30,500,"bu","11:16:49",1149800
7850,30,2300,"bu","11:16:49",1149300
7850,30,2700,"bu","11:16:30",1147000
7850,30,500,"bu","11:16:30",1144300
7850,30,1300,"bu","11:16:30",1143800
7850,30,100,"bu","11:16:30",1142500
7850,30,5400,"bu","11:16:30",1142400
7850,30,1500,"bu","11:15:46",1137000
7840,20,500,"bu","11:15:46",1135500
7830,10,300,"bu","11:15:17",1135000
7830,10,500,"bu","11:15:17",1134700
7830,10,500,"bu","11:15:17",1134200
7830,10,1200,"bu","11:15:17",1133700
7830,10,100,"bu","11:15:07",1132500
7830,10,700,"bu","11:14:54",1132400
7830,10,100,"bu","11:14:54",1131700
7830,10,200,"bu","11:14:54",1131600
7820,0,4000,"sd","11:13:51",1131400
7820,0,300,"bu","11:13:14",1127400
7820,0,100,"bu","11:13:14",1127100
7820,0,1000,"bu","11:13:14",1127000
7820,0,400,"bu","11:13:14",1126000
7820,0,1000,"bu","11:13:14",1125600
7820,0,4600,"bu","11:13:14",1124600
7810,-10,400,"sd","11:12:11",1120000
7810,-10,300,"sd","11:12:11",1119600
7820,0,500,"bu","11:11:10",1119300
7820,0,100,"bu","11:10:52",1118800
7810,-10,100,"sd","11:10:38",1118700
7810,-10,500,"sd","11:10:38",1118600
7810,-10,300,"sd","11:10:38",1118100
7810,-10,600,"sd","11:10:31",1117800
7810,-10,1400,"sd","11:10:31",1117200
7810,-10,1200,"bu","11:10:26",1115800
7810,-10,400,"bu","11:10:26",1114600
7810,-10,500,"bu","11:10:26",1114200
7810,-10,5000,"bu","11:09:44",1113700
7800,-20,1000,"sd","11:09:28",1108700
7800,-20,300,"sd","11:09:28",1107700
7810,-10,900,"bu","11:09:08",1107400
7810,-10,1000,"bu","11:09:07",1106500
7810,-10,1000,"bu","11:08:56",1105500
7800,-20,200,"sd","11:08:39",1104500
7810,-10,500,"bu","11:07:46",1104300
7810,-10,100,"bu","11:07:38",1103800
7810,-10,100,"bu","11:06:46",1103700
7810,-10,400,"sd","11:06:28",1103600
7810,-10,2100,"bu","11:06:20",1103200
7810,-10,2900,"bu","11:06:20",1101100
7810,-10,100,"sd","11:06:10",1098200
7810,-10,500,"sd","11:06:10",1098100
7810,-10,400,"sd","11:06:10",1097600
7810,-10,500,"sd","11:06:10",1097200
7810,-10,600,"sd","11:06:10",1096700
7810,-10,400,"sd","11:05:30",1096100
7810,-10,1500,"sd","11:04:45",1095700
7810,-10,200,"sd","11:04:45",1094200
7810,-10,100,"sd","11:04:45",1094000
7810,-10,100,"sd","11:04:45",1093900
7810,-10,1100,"sd","11:04:45",1093800
7810,-10,400,"sd","11:02:10",1092700
7810,-10,3500,"sd","11:02:08",1092300
7810,-10,500,"sd","11:02:08",1088800
7810,-10,200,"sd","11:02:08",1088300
7810,-10,100,"sd","11:01:09",1088100
7810,-10,700,"sd","11:00:16",1088000
7810,-10,1000,"sd","11:00:16",1087300
7810,-10,500,"sd","11:00:16",1086300
7810,-10,100,"sd","11:00:16",1085800
7810,-10,100,"sd","11:00:16",1085700
7810,-10,3000,"sd","11:00:16",1085600
7810,-10,500,"sd","11:00:16",1082600
7810,-10,1000,"sd","11:00:16",1082100
7810,-10,100,"sd","11:00:16",1081100
7810,-10,200,"sd","11:00:16",1081000
7810,-10,2000,"sd","11:00:16",1080800
7810,-10,300,"sd","11:00:16",1078800
7810,-10,5000,"sd","11:00:16",1078500
7810,-10,1000,"sd","11:00:16",1073500
7810,-10,100,"sd","11:00:16",1072500
7810,-10,500,"sd","11:00:16",1072400
7810,-10,100,"sd","11:00:16",1071900
7810,-10,2300,"sd","11:00:16",1071800
7810,-10,200,"sd","11:00:16",1069500
7810,-10,1000,"sd","11:00:16",1069300
7810,-10,5000,"sd","11:00:16",1068300
7820,0,400,"bu","10:58:05",1063300
7820,0,1000,"sd","10:56:02",1062900
7820,0,400,"sd","10:56:02",1061900
7820,0,1000,"sd","10:56:02",1061500
7820,0,8100,"sd","10:56:02",1060500
7820,0,200,"sd","10:56:02",1052400
7820,0,1000,"sd","10:56:02",1052200
7820,0,500,"sd","10:56:02",1051200
7820,0,1000,"sd","10:56:02",1050700
7820,0,200,"sd","10:56:02",1049700
7820,0,1000,"sd","10:56:02",1049500
7830,10,100,"bu","10:53:10",1048500
7830,10,1500,"sd","10:51:25",1048400
7830,10,100,"sd","10:51:06",1046900
7830,10,500,"sd","10:51:06",1046800
7830,10,100,"sd","10:51:06",1046300
7850,30,100,"bu","10:49:18",1046200
7820,0,400,"sd","10:49:08",1046100
7820,0,1000,"sd","10:48:26",1045700
7820,0,1600,"sd","10:47:09",1044700
7820,0,100,"sd","10:47:09",1043100
7820,0,100,"sd","10:47:09",1043000
7820,0,500,"sd","10:47:09",1042900
7820,0,1000,"sd","10:47:09",1042400
7820,0,1000,"sd","10:47:09",1041400
7820,0,2600,"sd","10:47:09",1040400
7820,0,200,"sd","10:47:09",1037800
7820,0,5000,"sd","10:47:09",1037600
7820,0,500,"sd","10:47:09",1032600
7820,0,500,"sd","10:47:09",1032100
7820,0,2000,"sd","10:47:09",1031600
7820,0,5000,"sd","10:47:09",1029600
7820,0,100,"sd","10:47:09",1024600
7820,0,500,"sd","10:47:09",1024500
7820,0,200,"sd","10:47:09",1024000
7820,0,100,"sd","10:47:09",1023800
7820,0,2000,"sd","10:47:09",1023700
7820,0,300,"sd","10:47:09",1021700
7820,0,100,"sd","10:47:09",1021400
7820,0,400,"sd","10:47:09",1021300
7830,10,9000,"sd","10:47:09",1020900
7840,20,200,"sd","10:47:09",1011900
7840,20,100,"bu","10:46:58",1011700
7840,20,500,"bu","10:46:58",1011600
7840,20,200,"bu","10:46:58",1011100
7830,10,100,"sd","10:46:23",1010900
7840,20,700,"bu","10:46:06",1010800
7820,0,100,"sd","10:45:44",1010100
7820,0,100,"sd","10:45:13",1010000
7820,0,100,"sd","10:45:02",1009900
7820,0,1500,"sd","10:45:02",1009800
7820,0,400,"sd","10:45:02",1008300
7820,0,500,"sd","10:44:02",1007900
7820,0,100,"sd","10:43:49",1007400
7830,10,200,"sd","10:43:01",1007300
7830,10,100,"sd","10:43:01",1007100
7830,10,300,"sd","10:43:01",1007000
7850,30,100,"bu","10:42:50",1006700
7840,20,200,"sd","10:42:49",1006600
7850,30,2900,"bu","10:42:32",1006400
7840,20,500,"bu","10:42:17",1003500
7840,20,100,"bu","10:42:17",1003000
7840,20,200,"bu","10:42:17",1002900
7840,20,3800,"bu","10:40:31",1002700
7830,10,10000,"sd","10:40:19",998900
7840,20,1000,"bu","10:40:14",988900
7840,20,500,"sd","10:39:11",987900
7840,20,500,"sd","10:39:11",987400
7840,20,200,"sd","10:39:11",986900
7840,20,100,"sd","10:39:11",986700
7840,20,3000,"sd","10:39:11",986600
7840,20,2000,"sd","10:39:11",983600
7850,30,100,"bu","10:37:46",981600
7850,30,900,"bu","10:37:44",981500
7850,30,9100,"bu","10:37:44",980600
7850,30,1000,"bu","10:37:09",971500
7850,30,100,"bu","10:35:52",970500
7850,30,9800,"bu","10:34:48",970400
7850,30,200,"bu","10:34:48",960600
7820,0,1000,"sd","10:33:56",960400
7850,30,100,"bu","10:33:27",959400
7820,0,100,"sd","10:33:23",959300
7820,0,500,"sd","10:32:16",959200
7820,0,200,"sd","10:32:16",958700
7820,0,400,"sd","10:32:16",958500
7820,0,1000,"sd","10:32:16",958100
7820,0,1000,"sd","10:32:16",957100
7820,0,3000,"sd","10:32:16",956100
7820,0,500,"sd","10:32:16",953100
7820,0,1000,"sd","10:32:16",952600
7820,0,300,"sd","10:32:16",951600
7820,0,700,"sd","10:31:44",951300
7820,0,100,"sd","10:31:23",950600
7820,0,900,"sd","10:30:14",950500
7820,0,500,"sd","10:30:14",949600
7830,10,600,"sd","10:30:14",949100
7850,30,100,"sd","10:30:14",948500
7860,40,3000,"bu","10:27:52",948400
7870,50,300,"bu","10:26:38",945400
7870,50,100,"bu","10:26:27",945100
7880,60,2100,"bu","10:26:16",945000
7870,50,200,"bu","10:26:16",942900
7870,50,7000,"bu","10:26:16",942700
7860,40,700,"bu","10:26:16",935700
7810,-10,600,"sd","10:25:27",935000
7810,-10,400,"sd","10:25:27",934400
7810,-10,600,"sd","10:25:12",934000
7810,-10,100,"sd","10:25:12",933400
7810,-10,1000,"sd","10:25:12",933300
7810,-10,100,"sd","10:25:12",932300
7810,-10,300,"sd","10:25:12",932200
7810,-10,100,"sd","10:25:12",931900
7810,-10,300,"sd","10:25:12",931800
7810,-10,2000,"sd","10:25:12",931500
7810,-10,400,"sd","10:25:12",929500
7820,0,300,"sd","10:25:12",929100
7820,0,1000,"sd","10:25:12",928800
7820,0,1000,"sd","10:25:12",927800
7820,0,100,"sd","10:25:12",926800
7820,0,100,"sd","10:25:12",926700
7820,0,10000,"sd","10:25:12",926600
7820,0,300,"sd","10:25:12",916600
7820,0,300,"sd","10:25:12",916300
7820,0,200,"sd","10:25:12",916000
7820,0,200,"sd","10:25:12",915800
7820,0,3000,"sd","10:25:12",915600
7820,0,5000,"sd","10:25:12",912600
7820,0,5000,"sd","10:25:12",907600
7820,0,1000,"sd","10:25:12",902600
7820,0,5000,"sd","10:25:12",901600
7820,0,1000,"sd","10:25:12",896600
7820,0,5000,"sd","10:25:12",895600
7820,0,200,"sd","10:25:12",890600
7820,0,700,"sd","10:25:12",890400
7830,10,1000,"sd","10:25:12",889700
7830,10,500,"sd","10:25:12",888700
7830,10,1500,"sd","10:25:12",888200
7830,10,700,"sd","10:24:58",886700
7830,10,1000,"sd","10:24:58",886000
7830,10,6000,"sd","10:24:58",885000
7830,10,100,"sd","10:24:58",879000
7830,10,5000,"sd","10:24:58",878900
7830,10,400,"sd","10:24:58",873900
7830,10,1800,"sd","10:24:58",873500
7840,20,300,"bu","10:24:54",871700
7840,20,2000,"bu","10:24:48",871400
7840,20,2000,"bu","10:24:46",869400
7840,20,6200,"bu","10:24:29",867400
7840,20,1100,"bu","10:24:29",861200
7840,20,1000,"bu","10:24:26",860100
7840,20,500,"bu","10:24:15",859100
7840,20,300,"bu","10:24:04",858600
7830,10,8200,"sd","10:24:02",858300
7830,10,300,"sd","10:24:02",850100
7830,10,200,"sd","10:24:02",849800
7830,10,500,"sd","10:24:02",849600
7830,10,500,"sd","10:24:02",849100
7830,10,300,"sd","10:24:02",848600
7840,20,100,"sd","10:23:59",848300
7840,20,1000,"sd","10:23:59",848200
7840,20,100,"sd","10:23:59",847200
7840,20,300,"sd","10:23:59",847100
7840,20,10000,"sd","10:23:59",846800
7840,20,5600,"sd","10:23:59",836800
7840,20,500,"sd","10:23:56",831200
7840,20,3900,"sd","10:23:33",830700
7850,30,200,"sd","10:23:33",826800
7850,30,500,"sd","10:23:33",826600
7850,30,1000,"sd","10:23:33",826100
7850,30,900,"sd","10:23:33",825100
7850,30,10000,"sd","10:23:33",824200
7850,30,100,"sd","10:23:33",814200
7860,40,3000,"sd","10:23:33",814100
7860,40,400,"sd","10:23:33",811100
7860,40,600,"sd","10:23:27",810700
7860,40,1000,"sd","10:23:27",810100
7860,40,2000,"sd","10:23:27",809100
7860,40,100,"sd","10:23:27",807100
7860,40,100,"sd","10:23:27",807000
7870,50,100,"bu","10:23:05",806900
7870,50,300,"bu","10:22:44",806800
7870,50,1000,"bu","10:21:47",806500
7870,50,500,"sd","10:21:31",805500
7870,50,8400,"sd","10:21:31",805000
7870,50,100,"sd","10:21:31",796600
7870,50,2600,"sd","10:21:31",796500
7880,60,100,"bu","10:21:27",793900
7880,60,1000,"sd","10:20:55",793800
7880,60,1000,"sd","10:20:55",792800
7880,60,200,"sd","10:20:55",791800
7880,60,2700,"sd","10:20:55",791600
7880,60,200,"sd","10:20:54",788900
7880,60,2300,"sd","10:20:54",788700
7880,60,200,"sd","10:20:35",786400
7880,60,1000,"sd","10:20:09",786200
7880,60,200,"sd","10:20:06",785200
7880,60,200,"sd","10:19:33",785000
7880,60,500,"sd","10:19:32",784800
7880,60,600,"bu","10:19:27",784300
7880,60,200,"bu","10:19:07",783700
7880,60,1000,"bu","10:19:02",783500
7880,60,3000,"sd","10:18:57",782500
7880,60,200,"sd","10:18:57",779500
7880,60,200,"sd","10:18:45",779300
7890,70,100,"bu","10:18:24",779100
7890,70,100,"bu","10:18:15",779000
7880,60,300,"bu","10:18:09",778900
7880,60,3000,"sd","10:18:01",778600
7880,60,400,"sd","10:18:01",775600
7880,60,3000,"sd","10:18:01",775200
7880,60,300,"sd","10:18:01",772200
7890,70,800,"sd","10:17:19",771900
7890,70,2600,"sd","10:17:19",771100
7890,70,100,"sd","10:17:19",768500
7890,70,1000,"sd","10:17:19",768400
7890,70,5900,"sd","10:17:19",767400
7890,70,1000,"sd","10:17:17",761500
7890,70,100,"sd","10:16:53",760500
7890,70,1000,"sd","10:16:51",760400
7900,80,600,"bu","10:16:26",759400
7900,80,300,"bu","10:16:26",758800
7890,70,200,"sd","10:16:06",758500
7890,70,1800,"bu","10:16:00",758300
7890,70,200,"bu","10:15:54",756500
7890,70,500,"bu","10:15:54",756300
7890,70,3700,"bu","10:15:54",755800
7890,70,600,"bu","10:15:54",752100
7880,60,100,"sd","10:14:41",751500
7870,50,400,"sd","10:14:19",751400
7880,60,900,"sd","10:13:53",751000
7880,60,100,"sd","10:13:45",750100
7880,60,400,"sd","10:13:33",750000
7880,60,600,"bu","10:13:28",749600
7880,60,500,"sd","10:13:25",749000
7880,60,100,"sd","10:13:03",748500
7880,60,900,"sd","10:12:46",748400
7900,80,100,"bu","10:12:45",747500
7900,80,1000,"bu","10:12:35",747400
7900,80,500,"bu","10:12:29",746400
7900,80,1000,"bu","10:12:21",745900
7900,80,1000,"bu","10:12:17",744900
7900,80,5500,"sd","10:11:47",743900
7900,80,3800,"sd","10:11:41",738400
7900,80,300,"sd","10:11:40",734600
7900,80,200,"sd","10:11:31",734300
7910,90,200,"bu","10:11:29",734100
7900,80,200,"bu","10:11:14",733900
7890,70,1000,"sd","10:11:13",733700
7890,70,2000,"sd","10:11:13",732700
7900,80,1000,"sd","10:10:59",730700
7900,80,1000,"sd","10:10:59",729700
7900,80,1000,"sd","10:10:59",728700
7910,90,200,"sd","10:10:53",727700
7910,90,1800,"sd","10:10:53",727500
7910,90,200,"sd","10:10:51",725700
7910,90,1000,"sd","10:10:46",725500
7910,90,1000,"sd","10:10:39",724500
7910,90,600,"sd","10:10:31",723500
7910,90,1000,"sd","10:10:30",722900
7910,90,3000,"sd","10:10:27",721900
7910,90,100,"sd","10:10:24",718900
7910,90,1300,"sd","10:10:14",718800
7910,90,200,"sd","10:10:14",717500
7910,90,100,"sd","10:10:10",717300
7920,100,1000,"sd","10:10:09",717200
7910,90,700,"sd","10:10:00",716200
7910,90,5300,"sd","10:10:00",715500
7920,100,10000,"sd","10:09:48",710200
7920,100,2500,"sd","10:09:48",700200
7930,110,400,"bu","10:09:36",697700
7930,110,500,"sd","10:09:29",697300
7930,110,100,"sd","10:09:29",696800
7930,110,6800,"sd","10:09:29",696700
7930,110,1000,"bu","10:09:18",689900
7930,110,1000,"bu","10:09:18",688900
7930,110,100,"bu","10:09:18",687900
7930,110,200,"bu","10:09:18",687800
7930,110,3000,"bu","10:09:18",687600
7930,110,100,"bu","10:09:18",684600
7930,110,100,"bu","10:09:18",684500
7930,110,500,"bu","10:09:18",684400
7930,110,900,"bu","10:09:18",683900
7930,110,1000,"bu","10:09:18",683000
7930,110,500,"bu","10:09:18",682000
7930,110,4800,"bu","10:09:18",681500
7930,110,200,"bu","10:09:09",676700
7930,110,100,"bu","10:09:09",676500
7930,110,200,"bu","10:09:09",676400
7920,100,1000,"sd","10:09:08",676200
7920,100,1000,"sd","10:08:51",675200
7920,100,300,"bu","10:08:38",674200
7920,100,1000,"bu","10:08:38",673900
7920,100,2000,"bu","10:08:38",672900
7920,100,100,"bu","10:08:38",670900
7920,100,2000,"bu","10:08:38",670800
7920,100,100,"bu","10:08:38",668800
7910,90,1000,"sd","10:08:11",668700
7900,80,500,"bu","10:08:10",667700
7900,80,500,"bu","10:08:10",667200
7910,90,2000,"bu","10:08:10",666700
7910,90,200,"bu","10:08:10",664700
7900,80,500,"bu","10:08:10",664500
7900,80,2700,"bu","10:08:03",664000
7900,80,100,"bu","10:08:03",661300
7900,80,900,"bu","10:08:01",661200
7900,80,100,"bu","10:08:01",660300
7900,80,100,"bu","10:07:56",660200
7900,80,100,"bu","10:07:56",660100
7900,80,10000,"bu","10:07:53",660000
7900,80,500,"bu","10:07:50",650000
7900,80,100,"bu","10:07:47",649500
7900,80,500,"bu","10:07:46",649400
7900,80,1000,"bu","10:07:43",648900
7900,80,1500,"bu","10:07:42",647900
7900,80,700,"bu","10:07:42",646400
7900,80,400,"bu","10:07:40",645700
7900,80,10000,"bu","10:07:39",645300
7900,80,100,"bu","10:07:39",635300
7900,80,5000,"bu","10:07:37",635200
7900,80,1000,"bu","10:07:35",630200
7900,80,500,"bu","10:07:32",629200
7900,80,100,"bu","10:07:32",628700
7900,80,400,"bu","10:07:32",628600
7900,80,1000,"bu","10:07:32",628200
7900,80,6000,"bu","10:07:32",627200
7900,80,100,"bu","10:07:32",621200
7900,80,5600,"bu","10:07:32",621100
7900,80,500,"bu","10:07:32",615500
7890,70,100,"sd","10:07:27",615000
7900,80,100,"bu","10:07:21",614900
7900,80,100,"bu","10:07:20",614800
7900,80,200,"bu","10:07:20",614700
7890,70,5700,"bu","10:07:17",614500
7890,70,6100,"bu","10:07:16",608800
7890,70,1000,"bu","10:07:14",602700
7890,70,500,"bu","10:07:00",601700
7880,60,400,"bu","10:06:57",601200
7880,60,5700,"bu","10:06:57",600800
7880,60,1500,"bu","10:06:57",595100
7880,60,200,"bu","10:06:53",593600
7880,60,2600,"bu","10:06:50",593400
7880,60,100,"bu","10:06:44",590800
7860,40,100,"sd","10:06:30",590700
7860,40,3600,"bu","10:06:29",590600
7860,40,700,"bu","10:06:29",587000
7860,40,5400,"bu","10:06:29",586300
7860,40,100,"bu","10:06:27",580900
7860,40,2500,"bu","10:06:27",580800
7860,40,7000,"bu","10:06:21",578300
7860,40,2000,"bu","10:06:21",571300
7860,40,1000,"bu","10:06:21",569300
7850,30,200,"sd","10:06:10",568300
7850,30,5000,"bu","10:06:03",568100
7850,30,200,"bu","10:06:03",563100
7850,30,100,"bu","10:06:03",562900
7850,30,500,"bu","10:06:03",562800
7850,30,1000,"bu","10:06:03",562300
7850,30,100,"bu","10:06:03",561300
7850,30,2600,"bu","10:06:03",561200
7830,10,400,"sd","10:05:33",558600
7830,10,200,"sd","10:05:33",558200
7840,20,400,"sd","10:05:33",558000
7840,20,200,"bu","10:05:32",557600
7840,20,500,"bu","10:05:26",557400
7840,20,1000,"bu","10:05:19",556900
7840,20,200,"sd","10:05:10",555900
7840,20,500,"sd","10:05:10",555700
7840,20,700,"sd","10:05:10",555200
7840,20,100,"bu","10:04:35",554500
7840,20,200,"sd","10:04:33",554400
7840,20,500,"sd","10:04:33",554200
7840,20,100,"sd","10:04:33",553700
7840,20,1200,"sd","10:04:33",553600
7840,20,300,"sd","10:04:29",552400
7850,30,2400,"bu","10:04:28",552100
7850,30,1600,"bu","10:04:28",549700
7850,30,200,"bu","10:04:25",548100
7850,30,200,"bu","10:03:47",547900
7850,30,200,"bu","10:03:21",547700
7850,30,100,"bu","10:03:19",547500
7840,20,2700,"sd","10:03:08",547400
7840,20,7900,"sd","10:03:01",544700
7840,20,2000,"sd","10:03:01",536800
7840,20,2000,"sd","10:03:01",534800
7840,20,2600,"sd","10:03:01",532800
7850,30,500,"bu","10:02:59",530200
7850,30,5800,"bu","10:02:51",529700
7840,20,1900,"sd","10:02:31",523900
7850,30,1400,"bu","10:02:27",522000
7850,30,100,"bu","10:02:27",520600
7840,20,1000,"sd","10:02:21",520500
7840,20,200,"sd","10:02:09",519500
7840,20,100,"bu","10:01:20",519300
7840,20,4200,"bu","10:01:20",519200
7840,20,2000,"bu","10:01:09",515000
7840,20,3800,"bu","10:01:00",513000
7840,20,100,"bu","10:01:00",509200
7840,20,100,"bu","10:01:00",509100
7830,10,300,"sd","10:00:28",509000
7830,10,100,"sd","10:00:28",508700
7840,20,600,"bu","10:00:11",508600
7840,20,200,"bu","10:00:07",508000
7840,20,100,"bu","09:59:57",507800
7840,20,1000,"bu","09:59:57",507700
7840,20,900,"bu","09:59:57",506700
7840,20,2100,"bu","09:59:40",505800
7840,20,900,"bu","09:59:40",503700
7840,20,1000,"bu","09:59:40",502800
7840,20,1000,"bu","09:59:40",501800
7840,20,3000,"bu","09:59:40",500800
7840,20,4000,"bu","09:58:49",497800
7840,20,1000,"bu","09:58:49",493800
7840,20,3000,"bu","09:58:23",492800
7830,10,100,"bu","09:57:08",489800
7830,10,700,"sd","09:57:07",489700
7830,10,3300,"bu","09:57:01",489000
7830,10,1000,"bu","09:56:44",485700
7830,10,500,"bu","09:56:37",484700
7830,10,200,"bu","09:56:30",484200
7820,0,300,"sd","09:55:59",484000
7820,0,1200,"sd","09:55:59",483700
7820,0,5000,"sd","09:55:59",482500
7820,0,200,"sd","09:55:59",477500
7820,0,1000,"sd","09:55:59",477300
7820,0,2300,"sd","09:55:59",476300
7820,0,1500,"sd","09:55:35",474000
7830,10,1500,"sd","09:55:35",472500
7820,0,1200,"sd","09:54:26",471000
7820,0,100,"sd","09:54:26",469800
7820,0,300,"sd","09:54:26",469700
7820,0,1000,"sd","09:54:26",469400
7820,0,2000,"sd","09:54:26",468400
7820,0,1000,"sd","09:54:26",466400
7820,0,500,"sd","09:54:26",465400
7820,0,100,"sd","09:54:26",464900
7820,0,3800,"sd","09:54:26",464800
7820,0,3200,"sd","09:54:04",461000
7820,0,200,"sd","09:54:04",457800
7820,0,1500,"sd","09:54:04",457600
7830,10,100,"sd","09:54:04",456100
7840,20,3000,"bu","09:53:47",456000
7830,10,300,"sd","09:53:39",453000
7840,20,1500,"bu","09:53:16",452700
7840,20,100,"bu","09:52:39",451200
7840,20,1300,"bu","09:52:05",451100
7830,10,700,"bu","09:52:05",449800
7820,0,3500,"sd","09:52:00",449100
7820,0,1000,"sd","09:52:00",445600
7820,0,2000,"sd","09:52:00",444600
7820,0,5000,"sd","09:52:00",442600
7820,0,10000,"sd","09:52:00",437600
7820,0,100,"sd","09:52:00",427600
7820,0,100,"sd","09:52:00",427500
7820,0,5000,"sd","09:52:00",427400
7820,0,1000,"sd","09:51:59",422400
7820,0,100,"sd","09:51:59",421400
7820,0,100,"sd","09:51:59",421300
7820,0,1000,"sd","09:51:59",421200
7820,0,1000,"sd","09:51:59",420200
7820,0,100,"sd","09:51:59",419200
7820,0,100,"sd","09:51:47",419100
7820,0,200,"sd","09:51:47",419000
7820,0,3300,"sd","09:51:47",418800
7830,10,200,"sd","09:51:45",415500
7830,10,2000,"sd","09:51:45",415300
7830,10,100,"sd","09:51:45",413300
7830,10,100,"sd","09:50:51",413200
7830,10,100,"sd","09:50:12",413100
7830,10,100,"bu","09:49:26",413000
7830,10,100,"bu","09:49:05",412900
7830,10,100,"bu","09:49:05",412800
7830,10,1800,"bu","09:49:05",412700
7830,10,2000,"bu","09:48:59",410900
7830,10,1200,"bu","09:48:55",408900
7830,10,3800,"bu","09:48:55",407700
7820,0,1700,"sd","09:48:39",403900
7820,0,300,"sd","09:48:39",402200
7830,10,1000,"bu","09:48:28",401900
7820,0,700,"sd","09:48:23",400900
7820,0,100,"sd","09:46:19",400200
7830,10,200,"bu","09:45:48",400100
7830,10,1800,"bu","09:45:48",399900
7830,10,100,"bu","09:45:20",398100
7830,10,100,"bu","09:45:18",398000
7830,10,100,"bu","09:45:17",397900
7830,10,900,"bu","09:45:11",397800
7830,10,600,"bu","09:45:11",396900
7830,10,3000,"bu","09:45:07",396300
7830,10,500,"bu","09:44:59",393300
7830,10,200,"bu","09:44:53",392800
7830,10,100,"bu","09:44:46",392600
7820,0,100,"sd","09:44:25",392500
7830,10,600,"bu","09:43:36",392400
7840,20,100,"bu","09:42:58",391800
7840,20,600,"bu","09:42:58",391700
7820,0,100,"sd","09:42:20",391100
7840,20,800,"bu","09:41:54",391000
7840,20,200,"bu","09:41:54",390200
7840,20,800,"bu","09:41:34",390000
7840,20,700,"bu","09:41:34",389200
7830,10,1500,"bu","09:41:34",388500
7830,10,600,"sd","09:41:34",387000
7830,10,400,"bu","09:41:29",386400
7830,10,3000,"sd","09:41:28",386000
7830,10,1000,"sd","09:41:28",383000
7830,10,100,"sd","09:41:28",382000
7830,10,500,"sd","09:41:28",381900
7840,20,5000,"bu","09:41:17",381400
7840,20,3000,"bu","09:41:17",376400
7830,10,500,"sd","09:41:15",373400
7830,10,2900,"sd","09:41:15",372900
7830,10,900,"sd","09:41:15",370000
7830,10,400,"sd","09:41:15",369100
7830,10,1600,"sd","09:41:15",368700
7830,10,100,"sd","09:41:15",367100
7830,10,1500,"sd","09:41:15",367000
7830,10,100,"sd","09:41:15",365500
7830,10,100,"sd","09:41:15",365400
7830,10,100,"sd","09:41:15",365300
7830,10,2200,"sd","09:41:15",365200
7840,20,1300,"bu","09:40:46",363000
7840,20,700,"bu","09:40:46",361700
7830,10,5000,"sd","09:40:27",361000
7830,10,200,"sd","09:40:26",356000
7840,20,200,"bu","09:40:20",355800
7830,10,500,"sd","09:40:15",355600
7840,20,800,"bu","09:40:15",355100
7830,10,100,"sd","09:40:11",354300
7840,20,1000,"bu","09:39:39",354200
7830,10,100,"sd","09:39:01",353200
7840,20,100,"bu","09:38:31",353100
7840,20,100,"bu","09:38:18",353000
7840,20,4400,"bu","09:38:18",352900
7840,20,500,"bu","09:38:18",348500
7830,10,700,"sd","09:38:00",348000
7840,20,3000,"bu","09:37:57",347300
7840,20,200,"bu","09:37:42",344300
7840,20,100,"bu","09:37:37",344100
7840,20,3000,"bu","09:37:26",344000
7840,20,300,"bu","09:37:07",341000
7840,20,1600,"bu","09:36:53",340700
7840,20,200,"bu","09:36:18",339100
7840,20,200,"bu","09:36:00",338900
7830,10,800,"bu","09:35:45",338700
7830,10,100,"bu","09:35:45",337900
7830,10,400,"bu","09:35:45",337800
7830,10,2000,"bu","09:35:43",337400
7830,10,300,"bu","09:35:39",335400
7830,10,500,"bu","09:35:31",335100
7830,10,100,"bu","09:35:31",334600
7830,10,1700,"bu","09:35:23",334500
7830,10,500,"bu","09:35:23",332800
7830,10,1000,"bu","09:35:23",332300
7830,10,200,"bu","09:35:23",331300
7830,10,1600,"bu","09:35:23",331100
7830,10,100,"bu","09:35:05",329500
7830,10,300,"bu","09:34:23",329400
7830,10,200,"bu","09:34:23",329100
7820,0,200,"sd","09:33:16",328900
7820,0,200,"sd","09:33:06",328700
7820,0,300,"sd","09:32:50",328500
7820,0,1700,"sd","09:32:50",328200
7820,0,1700,"sd","09:32:41",326500
7820,0,1300,"sd","09:32:38",324800
7820,0,4500,"sd","09:32:17",323500
7820,0,500,"sd","09:32:13",319000
7820,0,20000,"sd","09:31:50",318500
7830,10,900,"bu","09:31:40",298500
7830,10,1000,"bu","09:31:21",297600
7830,10,300,"bu","09:31:20",296600
7820,0,300,"sd","09:31:14",296300
7820,0,300,"sd","09:31:14",296000
7820,0,200,"sd","09:31:14",295700
7830,10,500,"bu","09:31:11",295500
7830,10,1000,"bu","09:30:48",295000
7830,10,5000,"bu","09:30:44",294000
7830,10,500,"bu","09:30:28",289000
7830,10,1000,"sd","09:30:26",288500
7830,10,5000,"sd","09:30:26",287500
7830,10,3000,"sd","09:30:26",282500
7830,10,100,"sd","09:30:26",279500
7830,10,1000,"sd","09:30:26",279400
7830,10,1000,"sd","09:30:26",278400
7830,10,100,"sd","09:30:26",277400
7830,10,100,"sd","09:30:26",277300
7830,10,4700,"sd","09:30:26",277200
7830,10,5300,"sd","09:30:18",272500
7830,10,100,"sd","09:30:18",267200
7830,10,100,"sd","09:30:18",267100
7840,20,1600,"bu","09:30:13",267000
7840,20,3000,"bu","09:30:08",265400
7840,20,2000,"bu","09:29:48",262400
7840,20,200,"bu","09:29:45",260400
7840,20,1000,"bu","09:29:23",260200
7830,10,300,"sd","09:28:30",259200
7830,10,1600,"sd","09:28:02",258900
7830,10,1000,"sd","09:28:02",257300
7830,10,1600,"sd","09:28:02",256300
7830,10,100,"sd","09:28:02",254700
7830,10,4200,"sd","09:28:02",254600
7830,10,800,"sd","09:27:21",250400
7830,10,100,"sd","09:27:21",249600
7850,30,100,"bu","09:27:21",249500
7830,10,100,"sd","09:27:17",249400
7850,30,1000,"sd","09:26:32",249300
7850,30,3500,"sd","09:26:32",248300
7850,30,500,"sd","09:26:24",244800
7850,30,6000,"sd","09:26:22",244300
7850,30,100,"sd","09:25:35",238300
7880,60,400,"bu","09:25:18",238200
7860,40,2600,"bu","09:25:18",237800
7850,30,300,"sd","09:25:16",235200
7850,30,100,"sd","09:25:16",234900
7860,40,2000,"bu","09:25:12",234800
7860,40,2000,"bu","09:25:08",232800
7860,40,1100,"sd","09:25:04",230800
7860,40,900,"bu","09:24:42",229700
7860,40,1000,"sd","09:24:12",228800
7860,40,3000,"sd","09:24:12",227800
7860,40,1000,"sd","09:24:12",224800
7860,40,100,"sd","09:24:12",223800
7860,40,1100,"sd","09:24:12",223700
7860,40,1200,"sd","09:24:12",222600
7880,60,500,"bu","09:24:02",221400
7880,60,300,"sd","09:24:01",220900
7880,60,500,"sd","09:24:01",220600
7880,60,100,"sd","09:23:55",220100
7880,60,1300,"sd","09:23:50",220000
7880,60,100,"sd","09:23:50",218700
7880,60,100,"sd","09:23:50",218600
7880,60,100,"sd","09:23:49",218500
7890,70,3000,"bu","09:23:47",218400
7880,60,100,"sd","09:23:40",215400
7890,70,3700,"bu","09:23:28",215300
7890,70,5000,"bu","09:23:28",211600
7890,70,200,"bu","09:23:28",206600
7890,70,1000,"bu","09:23:27",206400
7890,70,2000,"bu","09:23:19",205400
7880,60,100,"sd","09:23:18",203400
7890,70,100,"bu","09:22:59",203300
7890,70,1000,"sd","09:22:38",203200
7890,70,500,"sd","09:22:38",202200
7890,70,15200,"sd","09:22:38",201700
7890,70,200,"sd","09:22:37",186500
7890,70,600,"sd","09:22:35",186300
7890,70,2200,"sd","09:22:33",185700
7890,70,2800,"sd","09:22:33",183500
7890,70,100,"sd","09:22:18",180700
7900,80,300,"bu","09:22:15",180600
7890,70,100,"sd","09:22:15",180300
7890,70,900,"sd","09:22:15",180200
7900,80,100,"bu","09:22:12",179300
7890,70,100,"sd","09:22:10",179200
7900,80,100,"sd","09:22:08",179100
7900,80,1000,"sd","09:22:08",179000
7900,80,100,"sd","09:22:08",178000
7900,80,1200,"sd","09:22:08",177900
7900,80,300,"sd","09:22:08",176700
7900,80,300,"sd","09:22:08",176400
7900,80,300,"sd","09:22:06",176100
7900,80,900,"sd","09:22:00",175800
7900,80,1000,"sd","09:21:56",174900
7910,90,900,"bu","09:21:52",173900
7910,90,100,"bu","09:21:42",173000
7910,90,1000,"sd","09:21:36",172900
7910,90,600,"sd","09:21:35",171900
7910,90,2000,"sd","09:21:35",171300
7910,90,500,"sd","09:21:35",169300
7910,90,5000,"sd","09:21:35",168800
7910,90,5000,"sd","09:21:35",163800
7910,90,500,"sd","09:21:35",158800
7910,90,1000,"sd","09:21:35",158300
7910,90,2300,"sd","09:21:35",157300
7920,100,100,"sd","09:21:35",155000
7920,100,400,"sd","09:21:35",154900
7920,100,500,"sd","09:21:35",154500
7920,100,2000,"sd","09:21:35",154000
7920,100,1000,"sd","09:21:34",152000
7920,100,1000,"sd","09:21:32",151000
7920,100,4000,"sd","09:21:29",150000
7930,110,500,"bu","09:21:24",146000
7920,100,500,"sd","09:21:13",145500
7930,110,500,"bu","09:21:11",145000
7930,110,2300,"bu","09:21:10",144500
7930,110,2700,"bu","09:21:10",142200
7930,110,500,"bu","09:21:10",139500
7930,110,1000,"bu","09:21:06",139000
7920,100,2000,"sd","09:21:06",138000
7930,110,800,"bu","09:21:03",136000
7930,110,500,"bu","09:21:03",135200
7930,110,1000,"bu","09:21:03",134700
7930,110,700,"bu","09:21:03",133700
7930,110,1000,"bu","09:21:00",133000
7930,110,300,"bu","09:20:55",132000
7930,110,700,"bu","09:20:55",131700
7920,100,500,"bu","09:20:54",131000
7930,110,300,"bu","09:20:50",130500
7930,110,200,"bu","09:20:50",130200
7930,110,5000,"bu","09:20:50",130000
7930,110,2000,"bu","09:20:50",125000
7930,110,3000,"bu","09:20:50",123000
7930,110,500,"bu","09:20:50",120000
7930,110,1200,"bu","09:20:50",119500
7920,100,500,"bu","09:20:50",118300
7920,100,12300,"bu","09:20:50",117800
7920,100,100,"bu","09:20:43",105500
7910,90,200,"sd","09:20:34",105400
7920,100,2000,"bu","09:20:33",105200
7920,100,1000,"bu","09:20:33",103200
7910,90,2000,"sd","09:20:20",102200
7910,90,500,"sd","09:20:17",100200
7910,90,600,"sd","09:20:15",99700
7910,90,200,"sd","09:20:13",99100
7910,90,1000,"sd","09:20:07",98900
7910,90,2000,"sd","09:20:03",97900
7910,90,200,"bu","09:19:59",95900
7910,90,100,"bu","09:19:59",95700
7910,90,200,"bu","09:19:59",95600
7910,90,100,"bu","09:19:59",95400
7910,90,300,"bu","09:19:59",95300
7910,90,300,"bu","09:19:59",95000
7910,90,100,"bu","09:19:58",94700
7910,90,100,"sd","09:19:51",94600
7910,90,200,"sd","09:19:40",94500
7910,90,700,"bu","09:19:37",94300
7910,90,300,"bu","09:19:33",93600
7930,110,3800,"bu","09:19:20",93300
7930,110,500,"bu","09:19:20",89500
7930,110,300,"bu","09:19:20",89000
7920,100,1000,"bu","09:19:20",88700
7920,100,200,"bu","09:19:20",87700
7920,100,1000,"bu","09:19:20",87500
7920,100,500,"bu","09:19:20",86500
7920,100,100,"bu","09:19:20",86000
7910,90,1000,"bu","09:19:20",85900
7910,90,1000,"bu","09:19:20",84900
7900,80,200,"sd","09:19:07",83900
7920,100,100,"bu","09:19:04",83700
7910,90,200,"bu","09:19:04",83600
7910,90,500,"bu","09:19:04",83400
7910,90,200,"bu","09:19:04",80900
7910,90,2000,"bu","09:19:04",82900
7900,80,1000,"sd","09:18:31",80700
7900,80,600,"bu","09:18:22",79700
7900,80,200,"bu","09:18:22",79100
7900,80,500,"bu","09:18:22",78900
7900,80,1000,"bu","09:18:15",78400
7900,80,1000,"bu","09:18:07",77400
7900,80,100,"bu","09:18:06",76400
7900,80,100,"bu","09:17:59",76300
7900,80,1800,"bu","09:17:54",76200
7890,70,3000,"sd","09:17:53",74400
7900,80,3000,"bu","09:17:42",71400
7890,70,100,"sd","09:17:22",68400
7900,80,3000,"bu","09:17:21",68300
7890,70,1000,"bu","09:17:09",65300
7890,70,1700,"bu","09:17:09",64300
7890,70,300,"bu","09:17:09",62600
7890,70,2900,"bu","09:17:09",62300
7890,70,1800,"bu","09:17:04",59400
7890,70,1000,"bu","09:16:54",57600
7880,60,5000,"sd","09:16:52",56600
7880,60,5000,"bu","09:16:38",51600
7860,40,800,"bu","09:16:26",46600
7860,40,300,"bu","09:16:23",45800
7860,40,4400,"bu","09:16:04",45500
7850,30,100,"bu","09:16:04",41100
7840,20,2500,"bu","09:16:04",41000
7840,20,2000,"bu","09:16:01",38500
7840,20,500,"bu","09:15:46",36500
7830,10,100,"sd","09:15:05",36000
7830,10,35900,"unknown","09:15:01",35900
