"price","change","match_qtty","side","time","total_vol"
66700,-900,10800,"unknown","14:45:03",217200
66900,-700,100,"bu","14:29:24",206400
67000,-600,100,"bu","14:28:21",206300
66700,-900,100,"sd","14:27:54",206200
66700,-900,200,"sd","14:27:54",206100
66700,-900,200,"sd","14:27:54",205900
66700,-900,100,"bu","14:27:21",205700
66700,-900,100,"bu","14:27:13",205600
66700,-900,100,"bu","14:27:13",205500
66700,-900,300,"bu","14:27:11",205400
66700,-900,100,"sd","14:27:10",205100
66700,-900,400,"sd","14:27:10",205000
66700,-900,200,"sd","14:27:10",204600
66700,-900,1000,"sd","14:27:10",204400
66700,-900,200,"sd","14:27:10",203400
66700,-900,200,"sd","14:27:10",203200
66700,-900,100,"sd","14:27:10",203000
66700,-900,200,"sd","14:27:10",202900
66700,-900,200,"sd","14:26:36",202700
66700,-900,100,"sd","14:25:53",202500
66600,-1000,100,"sd","14:25:26",202400
66800,-800,100,"bu","14:24:51",202300
66800,-800,200,"bu","14:24:51",202200
66600,-1000,900,"sd","14:24:46",202000
66600,-1000,100,"sd","14:24:46",201100
66700,-900,200,"sd","14:24:37",201000
66700,-900,100,"sd","14:24:36",200800
66800,-800,300,"bu","14:24:30",200700
66800,-800,200,"sd","14:24:11",200400
66800,-800,100,"sd","14:24:10",200200
67000,-600,1700,"bu","14:23:39",200100
66900,-700,3000,"bu","14:23:39",198400
66800,-800,100,"bu","14:23:39",195400
66800,-800,200,"bu","14:23:39",195300
66600,-1000,100,"sd","14:23:23",195100
66800,-800,100,"sd","14:23:20",195000
66800,-800,100,"bu","14:22:49",194900
66800,-800,100,"bu","14:22:49",194800
66700,-900,100,"sd","14:22:36",194700
66800,-800,200,"sd","14:22:31",194600
66800,-800,700,"sd","14:22:31",194400
66800,-800,100,"sd","14:22:07",193700
66800,-800,100,"bu","14:21:59",193600
66800,-800,200,"bu","14:21:59",193500
66700,-900,300,"bu","14:21:55",193300
66700,-900,100,"bu","14:21:36",193000
66700,-900,100,"bu","14:21:36",192900
66500,-1100,100,"sd","14:21:29",192800
66500,-1100,100,"sd","14:21:28",192700
66500,-1100,100,"sd","14:21:16",192600
66500,-1100,300,"sd","14:21:14",192500
66500,-1100,100,"sd","14:21:14",192200
66500,-1100,200,"sd","14:21:14",192100
66500,-1100,100,"sd","14:21:14",191900
66500,-1100,100,"sd","14:21:14",191800
66500,-1100,100,"sd","14:21:14",191700
66500,-1100,300,"sd","14:21:14",191600
66500,-1100,200,"sd","14:21:14",191300
66500,-1100,200,"sd","14:21:14",191100
66500,-1100,100,"sd","14:21:14",190900
66500,-1100,500,"sd","14:21:14",190800
66500,-1100,100,"sd","14:21:14",190300
66500,-1100,200,"sd","14:21:14",190200
66500,-1100,100,"sd","14:21:14",190000
66500,-1100,300,"sd","14:21:14",189900
66500,-1100,100,"sd","14:21:14",189600
66600,-1000,200,"sd","14:21:14",189500
66600,-1000,100,"sd","14:21:14",189300
66600,-1000,1000,"sd","14:21:14",189200
66600,-1000,200,"sd","14:21:14",188200
66600,-1000,200,"sd","14:21:14",188000
66600,-1000,100,"sd","14:21:14",187800
66600,-1000,100,"sd","14:21:14",187700
66600,-1000,100,"sd","14:21:14",187600
66600,-1000,300,"sd","14:21:14",187500
66600,-1000,500,"sd","14:21:07",187200
66600,-1000,100,"sd","14:21:05",186700
66600,-1000,100,"sd","14:20:44",186600
66700,-900,100,"bu","14:20:44",186500
66600,-1000,100,"sd","14:20:22",186400
66700,-900,100,"bu","14:20:19",186300
66700,-900,100,"sd","14:20:10",186200
66700,-900,100,"sd","14:20:10",186100
66700,-900,1000,"sd","14:20:10",186000
66700,-900,200,"sd","14:20:10",185000
66700,-900,100,"sd","14:20:10",184800
66700,-900,100,"sd","14:20:10",184700
66700,-900,100,"sd","14:20:10",184600
66700,-900,100,"sd","14:20:01",184500
66800,-800,100,"bu","14:19:53",184400
66800,-800,500,"sd","14:19:40",184300
66800,-800,100,"sd","14:19:40",183800
66800,-800,100,"sd","14:19:40",183700
66800,-800,200,"sd","14:19:40",183600
66800,-800,100,"sd","14:19:40",183400
66800,-800,100,"sd","14:19:40",183300
66800,-800,100,"sd","14:19:40",183200
66800,-800,100,"sd","14:19:40",183100
66800,-800,100,"sd","14:19:40",183000
66800,-800,100,"sd","14:19:40",182900
66800,-800,500,"sd","14:19:40",182800
66800,-800,100,"sd","14:19:40",182300
66800,-800,600,"sd","14:19:40",182200
66800,-800,100,"sd","14:19:39",181600
66800,-800,100,"sd","14:19:19",181500
66800,-800,100,"sd","14:18:55",181400
66900,-700,400,"sd","14:18:44",181300
66900,-700,100,"sd","14:18:34",180900
66800,-800,100,"sd","14:18:13",180800
66900,-700,1000,"sd","14:18:11",180700
66900,-700,200,"sd","14:18:02",179700
66900,-700,300,"sd","14:18:02",179500
66900,-700,100,"sd","14:17:52",179200
66900,-700,100,"sd","14:17:33",179100
66900,-700,100,"sd","14:17:29",179000
66900,-700,100,"sd","14:17:28",178900
66900,-700,100,"sd","14:17:28",178800
66900,-700,100,"sd","14:17:28",178700
66900,-700,700,"sd","14:17:28",178600
66900,-700,100,"sd","14:17:10",177900
66900,-700,100,"sd","14:16:49",177800
66900,-700,1000,"sd","14:16:40",177700
66900,-700,100,"sd","14:16:29",176700
66900,-700,100,"bu","14:16:04",176600
66900,-700,200,"bu","14:16:04",176500
66900,-700,200,"bu","14:15:58",176300
66800,-800,100,"sd","14:15:56",176100
66800,-800,300,"sd","14:15:56",176000
66800,-800,100,"sd","14:15:56",175700
66800,-800,100,"sd","14:15:47",175600
66800,-800,100,"sd","14:15:27",175500
66800,-800,1900,"sd","14:15:18",175400
66800,-800,100,"sd","14:15:18",173500
66800,-800,100,"sd","14:15:06",173400
66800,-800,600,"sd","14:14:53",173300
66800,-800,300,"sd","14:14:53",172700
66800,-800,100,"sd","14:14:53",172400
66800,-800,100,"sd","14:14:53",172300
66800,-800,100,"sd","14:14:53",172200
66800,-800,400,"sd","14:14:53",172100
66800,-800,400,"sd","14:14:53",171700
66800,-800,100,"sd","14:14:53",171300
66800,-800,100,"sd","14:14:53",171200
66800,-800,100,"sd","14:14:53",171100
66800,-800,300,"sd","14:14:53",171000
66800,-800,500,"sd","14:14:53",170700
66800,-800,500,"sd","14:14:53",170200
66800,-800,100,"sd","14:14:53",169700
66800,-800,1000,"sd","14:14:53",169600
66800,-800,100,"sd","14:14:53",168600
66800,-800,100,"sd","14:14:53",168500
66800,-800,100,"sd","14:14:53",168400
66800,-800,100,"sd","14:14:46",168300
66800,-800,100,"sd","14:14:46",168200
66900,-700,300,"sd","14:14:25",168100
66900,-700,400,"sd","14:14:25",167800
66900,-700,100,"sd","14:14:25",167400
66900,-700,200,"sd","14:14:25",167300
66900,-700,100,"sd","14:14:25",167100
66900,-700,100,"sd","14:14:25",167000
66900,-700,100,"sd","14:14:25",166900
66900,-700,100,"sd","14:14:25",166800
66900,-700,100,"sd","14:14:25",166700
66900,-700,100,"sd","14:14:25",166600
66900,-700,100,"sd","14:14:05",166500
67000,-600,300,"sd","14:13:52",166400
67000,-600,500,"sd","14:13:52",166100
67000,-600,100,"sd","14:13:52",165600
67000,-600,500,"sd","14:13:52",165500
67000,-600,100,"sd","14:13:46",165000
67000,-600,100,"sd","14:13:44",164900
67000,-600,700,"sd","14:13:44",164800
67000,-600,1000,"sd","14:13:44",164100
67000,-600,100,"sd","14:13:44",163100
67000,-600,100,"sd","14:13:44",163000
67000,-600,200,"sd","14:13:44",162900
67000,-600,100,"sd","14:13:44",162700
67000,-600,500,"sd","14:13:44",162600
67000,-600,100,"sd","14:13:44",162100
67000,-600,100,"sd","14:13:44",162000
67000,-600,100,"sd","14:13:44",161900
67000,-600,100,"sd","14:13:44",161800
67000,-600,200,"sd","14:13:44",161700
67000,-600,200,"sd","14:13:44",161500
67000,-600,100,"sd","14:13:44",161300
67000,-600,100,"sd","14:13:44",161200
67000,-600,200,"sd","14:13:44",161100
67000,-600,100,"sd","14:13:41",160900
67000,-600,200,"sd","14:13:41",160800
67000,-600,100,"sd","14:13:41",160600
67000,-600,500,"sd","14:13:41",160500
67000,-600,100,"sd","14:13:41",160000
67000,-600,1500,"sd","14:13:41",159900
67000,-600,100,"sd","14:13:25",158400
67000,-600,400,"sd","14:13:24",158300
67000,-600,100,"sd","14:13:24",157900
67000,-600,100,"sd","14:13:24",157800
67000,-600,500,"sd","14:13:24",157700
67000,-600,500,"sd","14:13:24",157200
67000,-600,100,"sd","14:13:24",156700
67000,-600,100,"sd","14:13:24",156600
67000,-600,100,"sd","14:13:24",156500
67000,-600,100,"sd","14:13:24",156400
67000,-600,100,"sd","14:13:24",156300
67000,-600,400,"sd","14:13:24",156200
67000,-600,600,"sd","14:13:19",155800
67000,-600,200,"sd","14:13:19",155200
67000,-600,100,"sd","14:13:19",155000
67000,-600,200,"sd","14:13:19",154900
67000,-600,100,"sd","14:13:19",154700
67000,-600,100,"sd","14:13:19",154600
67000,-600,100,"sd","14:13:19",154500
67000,-600,1000,"sd","14:13:19",154400
67000,-600,2000,"sd","14:13:19",153400
67000,-600,100,"sd","14:13:19",151400
67000,-600,1000,"sd","14:13:19",151300
67000,-600,100,"sd","14:13:08",150300
67000,-600,100,"sd","14:13:08",150200
67000,-600,200,"sd","14:13:08",150100
67000,-600,100,"sd","14:13:08",149900
67000,-600,200,"sd","14:13:08",149800
67000,-600,200,"sd","14:13:08",149600
67000,-600,800,"sd","14:13:08",149400
67000,-600,800,"sd","14:13:08",148600
67000,-600,100,"sd","14:13:05",147800
67000,-600,100,"sd","14:12:52",147700
67000,-600,100,"sd","14:12:52",147600
67000,-600,100,"sd","14:12:52",147500
67000,-600,100,"sd","14:12:52",147400
67000,-600,100,"sd","14:12:52",147300
67000,-600,200,"sd","14:12:52",147200
67000,-600,1000,"sd","14:12:52",147000
67000,-600,300,"sd","14:12:52",146000
67000,-600,200,"sd","14:12:52",145700
67000,-600,300,"sd","14:12:52",145500
67000,-600,100,"sd","14:12:45",145200
67000,-600,2500,"sd","14:12:35",145100
67000,-600,100,"sd","14:12:25",142600
67000,-600,2000,"sd","14:12:19",142500
67000,-600,500,"sd","14:12:19",140500
67000,-600,100,"sd","14:12:11",140000
67000,-600,100,"sd","14:12:07",139900
67000,-600,100,"sd","14:11:46",139800
67100,-500,100,"sd","14:11:26",139700
67100,-500,100,"sd","14:11:06",139600
67100,-500,100,"bu","14:10:33",139500
67100,-500,100,"bu","14:10:33",139400
67000,-600,100,"sd","14:10:27",139300
67100,-500,600,"bu","14:10:20",139200
67100,-500,200,"bu","14:10:19",138600
67100,-500,100,"bu","14:10:10",138400
67000,-600,100,"sd","14:10:07",138300
67100,-500,200,"bu","14:09:55",138200
67000,-600,100,"sd","14:09:48",138000
67100,-500,400,"bu","14:09:47",137900
67100,-500,400,"bu","14:09:44",137500
67100,-500,600,"bu","14:09:44",137100
67000,-600,100,"sd","14:09:28",136500
67000,-600,100,"sd","14:09:08",136400
67100,-500,300,"bu","14:08:54",136300
67000,-600,100,"sd","14:08:53",136000
67000,-600,100,"sd","14:08:30",135900
67000,-600,100,"sd","14:08:11",135800
67000,-600,100,"sd","14:07:51",135700
67000,-600,100,"sd","14:07:32",135600
67100,-500,100,"bu","14:07:15",135500
67100,-500,600,"bu","14:07:15",135400
67000,-600,100,"sd","14:07:13",134800
67100,-500,100,"bu","14:07:11",134700
67000,-600,100,"sd","14:06:54",134600
67000,-600,100,"sd","14:06:35",134500
67000,-600,100,"sd","14:06:15",134400
67000,-600,100,"sd","14:05:56",134300
67000,-600,100,"sd","14:05:38",134200
67000,-600,100,"sd","14:05:18",134100
67000,-600,100,"sd","14:04:59",134000
67000,-600,100,"sd","14:04:40",133900
67000,-600,100,"sd","14:04:21",133800
67100,-500,100,"bu","14:04:05",133700
67000,-600,100,"sd","14:04:02",133600
67100,-500,100,"bu","14:04:00",133500
67000,-600,100,"sd","14:03:44",133400
67100,-500,100,"sd","14:03:33",133300
67100,-500,100,"bu","14:03:10",133200
67100,-500,300,"bu","14:03:10",133100
67000,-600,100,"sd","14:03:06",132800
67000,-600,100,"sd","14:02:47",132700
67100,-500,100,"bu","14:02:41",132600
67000,-600,100,"sd","14:02:29",132500
67000,-600,100,"sd","14:02:27",132400
67000,-600,100,"sd","14:02:10",132300
67100,-500,100,"bu","14:02:07",132200
67000,-600,100,"sd","14:01:51",132100
67000,-600,100,"sd","14:01:33",132000
67100,-500,500,"sd","14:01:17",131900
67100,-500,100,"sd","14:01:14",131400
67100,-500,100,"sd","14:00:55",131300
67100,-500,100,"sd","14:00:36",131200
67100,-500,100,"sd","14:00:18",131100
67100,-500,100,"sd","14:00:00",131000
67100,-500,100,"sd","13:59:41",130900
67100,-500,100,"sd","13:59:23",130800
67100,-500,100,"sd","13:59:05",130700
67100,-500,300,"sd","13:58:53",130600
67100,-500,100,"sd","13:58:46",130300
67100,-500,500,"bu","13:58:36",130200
67100,-500,500,"bu","13:58:33",129700
67100,-500,100,"bu","13:58:13",129200
67100,-500,1000,"bu","13:58:13",129100
67100,-500,900,"bu","13:58:13",128100
67000,-600,100,"sd","13:58:09",127200
67100,-500,100,"bu","13:57:56",127100
67000,-600,100,"sd","13:57:50",127000
67100,-500,100,"bu","13:57:38",126900
67000,-600,100,"sd","13:57:32",126800
67100,-500,200,"bu","13:57:29",126700
67000,-600,100,"sd","13:57:13",126500
67100,-500,100,"bu","13:57:12",126400
67100,-500,500,"bu","13:57:06",126300
67000,-600,100,"sd","13:56:55",125800
67100,-500,100,"sd","13:56:51",125700
67100,-500,100,"sd","13:56:37",125600
67100,-500,100,"bu","13:56:05",125500
67100,-500,100,"bu","13:56:05",125400
67100,-500,100,"bu","13:56:05",125300
67000,-600,100,"sd","13:56:01",125200
67100,-500,200,"bu","13:55:58",125100
67100,-500,100,"bu","13:55:53",124900
67100,-500,500,"bu","13:55:52",124800
67100,-500,100,"bu","13:55:46",124300
67000,-600,100,"sd","13:55:45",124200
67000,-600,400,"sd","13:55:45",124100
67000,-600,100,"sd","13:55:42",123700
67000,-600,500,"sd","13:55:36",123600
67000,-600,1000,"sd","13:55:36",123100
67000,-600,1000,"sd","13:55:36",122100
67000,-600,300,"sd","13:55:36",121100
67000,-600,200,"sd","13:55:36",120800
67000,-600,100,"sd","13:55:24",120600
67000,-600,100,"sd","13:55:06",120500
67000,-600,200,"sd","13:54:48",120400
67000,-600,100,"sd","13:54:48",120200
67000,-600,1000,"sd","13:54:48",120100
67000,-600,200,"sd","13:54:48",119100
67000,-600,100,"sd","13:54:48",118900
67000,-600,100,"sd","13:54:48",118800
67000,-600,5000,"sd","13:54:48",118700
67000,-600,200,"sd","13:54:48",113700
67000,-600,100,"sd","13:54:48",113500
67000,-600,100,"sd","13:54:48",113400
67000,-600,100,"sd","13:54:48",113300
67000,-600,1000,"sd","13:54:48",113200
67000,-600,500,"sd","13:54:48",112200
67000,-600,100,"sd","13:54:48",111700
67000,-600,100,"sd","13:54:48",111600
67000,-600,100,"sd","13:54:48",111500
67000,-600,100,"sd","13:54:48",111400
67100,-500,500,"sd","13:54:48",111300
67100,-500,100,"sd","13:54:48",110800
67100,-500,300,"sd","13:54:48",110700
67100,-500,100,"sd","13:54:48",110400
67100,-500,100,"sd","13:54:30",110300
67100,-500,100,"sd","13:54:20",110200
67100,-500,100,"sd","13:54:20",110100
67100,-500,200,"sd","13:54:20",110000
67100,-500,100,"sd","13:54:20",109800
67100,-500,100,"sd","13:54:20",109700
67100,-500,200,"sd","13:54:20",109600
67100,-500,100,"sd","13:54:20",109400
67100,-500,500,"sd","13:54:20",109300
67100,-500,200,"sd","13:54:20",108800
67100,-500,100,"sd","13:54:20",108600
67100,-500,300,"sd","13:54:20",108500
67100,-500,100,"sd","13:54:12",108200
67100,-500,100,"sd","13:53:53",108100
67100,-500,100,"sd","13:53:35",108000
67100,-500,100,"sd","13:53:17",107900
67100,-500,100,"sd","13:52:59",107800
67100,-500,200,"sd","13:52:49",107700
67100,-500,500,"sd","13:52:49",107500
67100,-500,100,"sd","13:52:41",107000
67200,-400,100,"bu","13:52:38",106900
67200,-400,100,"sd","13:52:23",106800
67200,-400,100,"sd","13:52:05",106700
67100,-500,100,"sd","13:51:56",106600
67100,-500,100,"sd","13:51:56",106500
67100,-500,100,"sd","13:51:56",106400
67100,-500,500,"sd","13:51:56",106300
67100,-500,100,"sd","13:51:56",105800
67100,-500,1400,"sd","13:51:56",105700
67100,-500,1000,"sd","13:51:56",104300
67100,-500,100,"sd","13:51:56",103300
67100,-500,100,"sd","13:51:56",103200
67100,-500,400,"sd","13:51:56",103100
67100,-500,2000,"sd","13:51:56",102700
67100,-500,300,"sd","13:51:56",100700
67100,-500,1000,"sd","13:51:56",100400
67100,-500,100,"sd","13:51:56",99400
67100,-500,2000,"sd","13:51:56",99300
67100,-500,300,"sd","13:51:56",97300
67100,-500,100,"sd","13:51:56",97000
67100,-500,2700,"sd","13:51:56",96900
67200,-400,100,"sd","13:51:56",94200
67200,-400,600,"sd","13:51:56",94100
67200,-400,500,"sd","13:51:56",93500
67200,-400,100,"sd","13:51:56",93000
67200,-400,600,"sd","13:51:56",92900
67200,-400,100,"sd","13:51:56",92300
67200,-400,600,"sd","13:51:56",92200
67200,-400,100,"sd","13:51:47",91600
67200,-400,400,"sd","13:51:47",91500
67200,-400,100,"sd","13:51:47",91100
67200,-400,100,"sd","13:51:28",91000
67200,-400,100,"sd","13:51:11",90900
67200,-400,300,"sd","13:50:58",90800
67200,-400,200,"sd","13:50:58",90500
67200,-400,200,"sd","13:50:58",90300
67200,-400,200,"sd","13:50:58",90100
67200,-400,100,"sd","13:50:58",89900
67200,-400,100,"sd","13:50:53",89800
67200,-400,100,"sd","13:50:35",89700
67200,-400,100,"sd","13:50:17",89600
67200,-400,100,"sd","13:50:17",89500
67200,-400,100,"sd","13:49:59",89400
67200,-400,100,"sd","13:49:41",89300
67200,-400,100,"sd","13:49:23",89200
67200,-400,100,"sd","13:49:06",89100
67200,-400,100,"sd","13:48:47",89000
67200,-400,100,"sd","13:48:30",88900
67200,-400,100,"sd","13:48:12",88800
67200,-400,100,"sd","13:47:54",88700
67200,-400,100,"sd","13:47:36",88600
67200,-400,100,"sd","13:47:18",88500
67200,-400,100,"sd","13:47:01",88400
67200,-400,100,"sd","13:46:43",88300
67200,-400,500,"sd","13:46:40",88200
67200,-400,100,"sd","13:46:25",87700
67200,-400,100,"sd","13:46:07",87600
67200,-400,100,"sd","13:45:50",87500
67200,-400,100,"sd","13:45:32",87400
67200,-400,100,"sd","13:45:14",87300
67200,-400,100,"sd","13:44:57",87200
67200,-400,100,"sd","13:44:39",87100
67200,-400,100,"sd","13:44:21",87000
67200,-400,100,"sd","13:44:04",86900
67200,-400,100,"sd","13:43:46",86800
67200,-400,100,"sd","13:43:29",86700
67200,-400,100,"sd","13:43:11",86600
67200,-400,100,"sd","13:42:53",86500
67200,-400,100,"sd","13:42:36",86400
67200,-400,100,"sd","13:42:18",86300
67200,-400,100,"sd","13:42:00",86200
67200,-400,100,"sd","13:41:43",86100
67200,-400,100,"sd","13:41:26",86000
67200,-400,400,"sd","13:41:24",85900
67200,-400,100,"sd","13:41:08",85500
67200,-400,100,"sd","13:40:50",85400
67300,-300,200,"bu","13:40:41",85300
67200,-400,100,"sd","13:40:34",85100
67200,-400,100,"sd","13:40:23",85000
67200,-400,100,"sd","13:40:23",84900
67200,-400,800,"sd","13:40:23",84800
67200,-400,100,"sd","13:40:16",84000
67200,-400,1100,"sd","13:40:13",83900
67200,-400,100,"sd","13:39:59",82800
67200,-400,100,"unknown","13:39:41",82700
67100,-500,100,"sd","13:39:23",82600
67100,-500,100,"sd","13:39:06",82500
67200,-400,100,"sd","13:38:49",82400
67100,-500,100,"sd","13:38:31",82300
67100,-500,100,"sd","13:38:14",82200
67100,-500,100,"sd","13:37:57",82100
67100,-500,100,"sd","13:37:40",82000
67100,-500,100,"sd","13:37:22",81900
67300,-300,400,"bu","13:37:15",81800
67300,-300,600,"bu","13:37:15",81400
67100,-500,100,"sd","13:37:05",80800
67100,-500,100,"sd","13:36:48",80700
67200,-400,100,"sd","13:36:31",80600
67100,-500,100,"sd","13:36:13",80500
67100,-500,100,"sd","13:35:56",80400
67100,-500,100,"sd","13:35:48",80300
67100,-500,100,"sd","13:35:21",80200
67100,-500,2800,"sd","13:35:21",80100
67100,-500,100,"sd","13:35:04",77300
67100,-500,100,"sd","13:34:46",77200
67100,-500,100,"sd","13:34:29",77100
67100,-500,100,"sd","13:34:12",77000
67100,-500,100,"sd","13:33:55",76900
67100,-500,100,"sd","13:33:37",76800
67100,-500,100,"sd","13:33:21",76700
67100,-500,100,"sd","13:33:03",76600
67100,-500,100,"sd","13:32:46",76500
67100,-500,100,"sd","13:32:29",76400
67100,-500,100,"sd","13:32:12",76300
67100,-500,100,"sd","13:31:54",76200
67100,-500,100,"sd","13:31:37",76100
67100,-500,100,"sd","13:31:20",76000
67100,-500,100,"sd","13:31:04",75900
67100,-500,100,"sd","13:30:46",75800
67300,-300,100,"bu","13:30:44",75700
67200,-400,100,"sd","13:30:29",75600
67200,-400,100,"sd","13:30:12",75500
67200,-400,100,"sd","13:29:55",75400
67200,-400,100,"sd","13:29:38",75300
67100,-500,200,"sd","13:29:24",75200
67100,-500,100,"sd","13:29:21",75000
67100,-500,100,"sd","13:29:04",74900
67100,-500,100,"sd","13:28:46",74800
67100,-500,100,"sd","13:28:29",74700
67100,-500,100,"sd","13:28:13",74600
67100,-500,100,"sd","13:27:55",74500
67100,-500,100,"sd","13:27:38",74400
67100,-500,100,"sd","13:27:22",74300
67100,-500,100,"sd","13:27:11",74200
67100,-500,100,"sd","13:27:05",74100
67200,-400,100,"sd","13:26:48",74000
67200,-400,100,"sd","13:26:31",73900
67200,-400,100,"sd","13:26:14",73800
67200,-400,100,"sd","13:25:57",73700
67200,-400,100,"sd","13:25:40",73600
67200,-400,100,"sd","13:25:23",73500
67200,-400,100,"sd","13:25:06",73400
67200,-400,100,"sd","13:24:49",73300
67200,-400,100,"sd","13:24:32",73200
67200,-400,100,"sd","13:24:16",73100
67200,-400,100,"sd","13:23:59",73000
67200,-400,100,"sd","13:23:41",72900
67200,-400,100,"sd","13:23:25",72800
67200,-400,100,"sd","13:23:08",72700
67200,-400,100,"sd","13:22:51",72600
67200,-400,100,"sd","13:22:34",72500
67200,-400,100,"sd","13:22:17",72400
67200,-400,100,"sd","13:22:00",72300
67200,-400,100,"sd","13:21:44",72200
67200,-400,100,"sd","13:21:27",72100
67200,-400,100,"sd","13:21:10",72000
67200,-400,100,"sd","13:20:53",71900
67200,-400,100,"sd","13:20:37",71800
67300,-300,200,"bu","13:20:20",71700
67200,-400,100,"sd","13:20:20",71500
67300,-300,100,"sd","13:20:18",71400
67300,-300,100,"sd","13:20:03",71300
67300,-300,100,"bu","13:19:36",71200
67300,-300,200,"bu","13:19:36",71100
67200,-400,100,"sd","13:19:30",70900
67200,-400,100,"sd","13:19:13",70800
67200,-400,100,"sd","13:18:56",70700
67300,-300,100,"bu","13:18:50",70600
67200,-400,100,"sd","13:18:40",70500
67300,-300,200,"bu","13:18:25",70400
67200,-400,100,"sd","13:18:23",70200
67200,-400,100,"bu","13:18:03",70100
67200,-400,300,"bu","13:18:03",70000
67100,-500,100,"sd","13:17:49",69700
67100,-500,100,"sd","13:17:32",69600
67100,-500,100,"sd","13:17:15",69500
67200,-400,100,"bu","13:17:08",69400
67200,-400,700,"bu","13:17:01",69300
67100,-500,100,"sd","13:16:59",68600
67200,-400,500,"bu","13:16:58",68500
67200,-400,1400,"sd","13:16:58",68000
67200,-400,1000,"sd","13:16:58",66600
67200,-400,100,"sd","13:16:58",65600
67200,-400,200,"sd","13:16:58",65500
67200,-400,100,"sd","13:16:58",65300
67200,-400,100,"sd","13:16:58",65200
67200,-400,100,"sd","13:16:58",65100
67200,-400,100,"sd","13:16:58",65000
67200,-400,300,"sd","13:16:58",64900
67200,-400,100,"sd","13:16:42",64600
67300,-300,100,"bu","13:16:38",64500
67200,-400,100,"sd","13:16:25",64400
67200,-400,100,"sd","13:16:09",64300
67200,-400,100,"sd","13:15:52",64200
67200,-400,100,"sd","13:15:36",64100
67200,-400,100,"sd","13:15:19",64000
67200,-400,100,"sd","13:15:02",63900
67300,-300,100,"bu","13:15:01",63800
67200,-400,100,"sd","13:14:59",63700
67200,-400,100,"sd","13:14:45",63600
67200,-400,100,"sd","13:14:29",63500
67200,-400,100,"sd","13:14:13",63400
67200,-400,100,"sd","13:13:56",63300
67200,-400,100,"sd","13:13:39",63200
67200,-400,100,"sd","13:13:23",63100
67200,-400,100,"sd","13:13:06",63000
67200,-400,100,"sd","13:12:50",62900
67200,-400,100,"sd","13:12:33",62800
67200,-400,100,"sd","13:12:16",62700
67200,-400,100,"sd","13:12:00",62600
67200,-400,100,"sd","13:11:43",62500
67300,-300,100,"sd","13:11:26",62400
67300,-300,100,"bu","13:10:59",62300
67300,-300,400,"bu","13:10:59",62200
67200,-400,100,"sd","13:10:53",61800
67200,-400,100,"sd","13:10:37",61700
67200,-400,100,"sd","13:10:21",61600
67200,-400,100,"sd","13:10:04",61500
67200,-400,100,"sd","13:09:48",61400
67200,-400,100,"sd","13:09:31",61300
67200,-400,100,"sd","13:09:14",61200
67200,-400,100,"sd","13:08:59",61100
67200,-400,100,"sd","13:08:41",61000
67200,-400,100,"sd","13:08:25",60900
67200,-400,100,"sd","13:08:08",60800
67200,-400,100,"sd","13:07:53",60700
67200,-400,100,"sd","13:07:35",60600
67200,-400,100,"sd","13:07:19",60500
67200,-400,100,"sd","13:07:03",60400
67200,-400,100,"sd","13:06:46",60300
67200,-400,100,"sd","13:06:30",60200
67300,-300,600,"bu","13:06:23",60100
67200,-400,100,"sd","13:06:14",59500
67200,-400,100,"sd","13:05:57",59400
67200,-400,100,"sd","13:05:40",59300
67200,-400,100,"sd","13:05:24",59200
67200,-400,100,"sd","13:05:07",59100
67200,-400,100,"sd","13:04:51",59000
67200,-400,100,"sd","13:04:35",58900
67200,-400,100,"sd","13:04:19",58800
67200,-400,100,"sd","13:04:02",58700
67200,-400,100,"sd","13:03:46",58600
67200,-400,100,"sd","13:03:29",58500
67200,-400,100,"sd","13:03:13",58400
67200,-400,100,"sd","13:02:57",58300
67200,-400,100,"sd","13:02:40",58200
67200,-400,100,"sd","13:02:24",58100
67200,-400,100,"sd","13:02:08",58000
67300,-300,100,"bu","13:01:47",57900
67300,-300,400,"bu","13:01:39",57800
67200,-400,100,"sd","13:01:36",57400
67300,-300,700,"sd","13:01:29",57300
67300,-300,100,"sd","13:01:23",56600
67300,-300,500,"sd","13:01:23",56500
67300,-300,100,"sd","13:01:18",56000
67300,-300,100,"sd","13:01:02",55900
67300,-300,100,"sd","13:00:46",55800
67300,-300,300,"sd","13:00:13",55700
67300,-300,100,"bu","13:00:08",55400
67300,-300,300,"bu","13:00:08",55300
67300,-300,500,"bu","13:00:04",55000
67300,-300,100,"bu","11:28:24",54500
67300,-300,300,"bu","11:28:11",54400
67200,-400,100,"sd","11:27:52",54100
67200,-400,100,"sd","11:27:18",54000
67300,-300,100,"sd","11:27:04",53900
67300,-300,200,"sd","11:27:04",53800
67300,-300,100,"sd","11:27:04",53600
67300,-300,100,"sd","11:27:04",53500
67300,-300,100,"sd","11:27:04",53400
67300,-300,100,"sd","11:27:04",53300
67300,-300,1000,"sd","11:27:04",53200
67300,-300,100,"sd","11:27:04",52200
67300,-300,200,"sd","11:27:04",52100
67300,-300,100,"sd","11:27:04",51900
67300,-300,100,"sd","11:26:44",51800
67300,-300,100,"sd","11:26:10",51700
67300,-300,100,"sd","11:25:36",51600
67300,-300,100,"sd","11:25:03",51500
67400,-200,100,"bu","11:24:09",51400
67400,-200,100,"bu","11:24:09",51300
67300,-300,100,"sd","11:23:55",51200
67300,-300,100,"sd","11:23:22",51100
67300,-300,100,"sd","11:22:48",51000
67400,-200,100,"sd","11:22:22",50900
67400,-200,100,"sd","11:22:22",50800
67400,-200,200,"sd","11:22:22",50700
67400,-200,2400,"sd","11:22:22",50500
67400,-200,700,"sd","11:22:22",48100
67400,-200,100,"sd","11:22:22",47400
67400,-200,1600,"sd","11:22:22",47300
67400,-200,100,"sd","11:22:14",45700
67400,-200,1000,"sd","11:22:14",45600
67400,-200,100,"sd","11:21:41",44600
67400,-200,100,"sd","11:21:07",44500
67400,-200,100,"sd","11:20:34",44400
67400,-200,100,"sd","11:20:00",44300
67400,-200,300,"sd","11:19:39",44200
67400,-200,100,"sd","11:19:27",43900
67400,-200,100,"sd","11:18:53",43800
67400,-200,100,"sd","11:18:20",43700
67400,-200,100,"sd","11:17:47",43600
67400,-200,200,"sd","11:17:32",43500
67400,-200,100,"sd","11:17:13",43300
67400,-200,900,"sd","11:16:49",43200
67400,-200,100,"sd","11:16:49",42300
67400,-200,100,"sd","11:16:39",42200
67400,-200,100,"sd","11:16:06",42100
67400,-200,100,"sd","11:15:32",42000
67400,-200,100,"sd","11:14:59",41900
67400,-200,100,"sd","11:14:25",41800
67400,-200,100,"sd","11:13:52",41700
67400,-200,100,"sd","11:13:18",41600
67400,-200,100,"sd","11:12:45",41500
67400,-200,100,"sd","11:12:12",41400
67400,-200,100,"sd","11:11:38",41300
67400,-200,100,"sd","11:11:05",41200
67400,-200,100,"sd","11:10:32",41100
67400,-200,100,"sd","11:09:59",41000
67400,-200,100,"sd","11:09:25",40900
67400,-200,100,"sd","11:08:52",40800
67400,-200,100,"sd","11:08:18",40700
67400,-200,100,"sd","11:07:45",40600
67500,-100,500,"sd","11:07:17",40500
67500,-100,500,"sd","11:07:17",40000
67500,-100,1900,"sd","11:07:17",39500
67500,-100,100,"sd","11:07:11",37600
67500,-100,100,"sd","11:06:38",37500
67500,-100,100,"sd","11:06:05",37400
67600,0,1200,"bu","11:06:03",37300
67600,0,800,"bu","11:06:03",36100
67500,-100,200,"sd","11:05:35",35300
67500,-100,800,"sd","11:05:35",35100
67500,-100,100,"sd","11:05:32",34300
67500,-100,100,"sd","11:04:58",34200
67500,-100,100,"sd","11:04:25",34100
67500,-100,100,"sd","11:03:52",34000
67500,-100,100,"sd","11:03:19",33900
67500,-100,100,"sd","11:02:45",33800
67500,-100,100,"sd","11:02:12",33700
67500,-100,100,"sd","11:01:39",33600
67500,-100,100,"sd","11:01:06",33500
67500,-100,100,"sd","11:00:33",33400
67500,-100,100,"sd","11:00:00",33300
67500,-100,100,"sd","10:59:26",33200
67500,-100,400,"sd","10:58:59",33100
67500,-100,100,"sd","10:58:59",32700
67500,-100,400,"sd","10:58:59",32600
67500,-100,100,"sd","10:58:53",32200
67500,-100,100,"sd","10:58:20",32100
67500,-100,100,"sd","10:57:47",32000
67500,-100,100,"sd","10:57:22",31900
67500,-100,1000,"sd","10:57:19",31800
67500,-100,100,"sd","10:57:14",30800
67500,-100,100,"sd","10:56:41",30700
67500,-100,100,"sd","10:56:08",30600
67500,-100,100,"sd","10:55:34",30500
67500,-100,100,"sd","10:55:01",30400
67500,-100,100,"sd","10:54:28",30300
67500,-100,100,"sd","10:53:55",30200
67500,-100,100,"sd","10:53:22",30100
67500,-100,100,"sd","10:52:56",30000
67500,-100,100,"sd","10:52:49",29900
67500,-100,100,"sd","10:52:16",29800
67500,-100,100,"sd","10:51:43",29700
67600,0,200,"bu","10:51:11",29600
67500,-100,100,"sd","10:51:10",29400
67500,-100,100,"sd","10:50:37",29300
67500,-100,100,"sd","10:50:04",29200
67500,-100,100,"sd","10:49:31",29100
67500,-100,100,"sd","10:48:58",29000
67500,-100,100,"sd","10:48:25",28900
67500,-100,100,"sd","10:47:52",28800
67500,-100,1100,"sd","10:47:19",28700
67500,-100,100,"sd","10:47:19",27600
67500,-100,100,"sd","10:46:46",27500
67500,-100,100,"sd","10:46:13",27400
67500,-100,100,"sd","10:45:40",27300
67500,-100,100,"sd","10:45:07",27200
67500,-100,100,"sd","10:44:34",27100
67500,-100,100,"sd","10:44:01",27000
67500,-100,100,"bu","10:43:16",26900
67500,-100,700,"bu","10:43:16",26800
67400,-200,100,"sd","10:42:56",26100
67400,-200,100,"sd","10:42:22",26000
67400,-200,100,"sd","10:41:50",25900
67400,-200,100,"sd","10:41:17",25800
67500,-100,300,"bu","10:41:10",25700
67400,-200,100,"sd","10:40:44",25400
67400,-200,100,"sd","10:40:11",25300
67400,-200,100,"sd","10:39:38",25200
67400,-200,100,"sd","10:39:05",25100
67400,-200,100,"sd","10:38:33",25000
67400,-200,100,"sd","10:38:00",24900
67500,-100,100,"sd","10:37:27",24800
67500,-100,100,"sd","10:36:54",24700
67500,-100,100,"sd","10:36:22",24600
67500,-100,100,"sd","10:35:49",24500
67500,-100,100,"sd","10:35:16",24400
67500,-100,100,"sd","10:34:43",24300
67500,-100,100,"bu","10:33:41",24200
67500,-100,500,"bu","10:33:41",24100
67400,-200,100,"sd","10:33:38",23600
67400,-200,100,"sd","10:33:05",23500
67400,-200,100,"sd","10:32:32",23400
67400,-200,100,"sd","10:31:59",23300
67400,-200,100,"sd","10:31:27",23200
67400,-200,100,"sd","10:30:54",23100
67400,-200,100,"sd","10:30:21",23000
67400,-200,100,"sd","10:29:48",22900
67400,-200,100,"sd","10:29:16",22800
67400,-200,100,"sd","10:28:43",22700
67400,-200,100,"sd","10:28:11",22600
67400,-200,100,"sd","10:27:38",22500
67400,-200,100,"sd","10:27:05",22400
67400,-200,100,"sd","10:26:33",22300
67400,-200,100,"sd","10:26:00",22200
67400,-200,100,"sd","10:25:27",22100
67500,-100,100,"sd","10:24:55",22000
67500,-100,100,"sd","10:24:22",21900
67500,-100,100,"sd","10:23:50",21800
67500,-100,100,"sd","10:23:17",21700
67500,-100,100,"sd","10:23:03",21600
67500,-100,100,"sd","10:23:03",21500
67500,-100,300,"sd","10:23:03",21400
67500,-100,100,"sd","10:22:44",21100
67500,-100,100,"sd","10:22:12",21000
67500,-100,100,"sd","10:21:39",20900
67500,-100,100,"sd","10:21:07",20800
67500,-100,100,"sd","10:20:34",20700
67500,-100,500,"sd","10:20:15",20600
67500,-100,500,"sd","10:20:15",20100
67500,-100,100,"sd","10:20:02",19600
67500,-100,100,"sd","10:19:30",19500
67500,-100,100,"sd","10:18:56",19400
67500,-100,100,"sd","10:18:24",19300
67500,-100,100,"sd","10:17:51",19200
67400,-200,100,"sd","10:17:19",19100
67500,-100,100,"bu","10:16:23",19000
67400,-200,100,"sd","10:16:14",18900
67500,-100,100,"bu","10:16:07",18800
67400,-200,100,"sd","10:15:42",18700
67400,-200,100,"sd","10:15:09",18600
67400,-200,100,"sd","10:14:37",18500
67400,-200,100,"sd","10:14:04",18400
67400,-200,500,"sd","10:13:47",18300
67400,-200,100,"sd","10:13:32",17800
67400,-200,100,"sd","10:12:59",17700
67400,-200,100,"sd","10:12:27",17600
67400,-200,100,"sd","10:11:55",17500
67500,-100,100,"sd","10:11:22",17400
67400,-200,100,"sd","10:10:50",17300
67400,-200,100,"sd","10:10:17",17200
67400,-200,100,"sd","10:09:45",17100
67400,-200,700,"sd","10:09:15",17000
67500,-100,100,"sd","10:09:15",16300
67500,-100,100,"sd","10:09:15",16200
67500,-100,100,"sd","10:09:15",16100
67500,-100,100,"sd","10:09:12",16000
67500,-100,100,"sd","10:08:40",15900
67500,-100,100,"sd","10:08:08",15800
67500,-100,100,"sd","10:07:36",15700
67500,-100,100,"sd","10:07:03",15600
67500,-100,100,"sd","10:06:31",15500
67500,-100,100,"sd","10:05:58",15400
67500,-100,100,"sd","10:05:26",15300
67500,-100,100,"sd","10:04:54",15200
67500,-100,100,"sd","10:04:21",15100
67500,-100,100,"sd","10:03:49",15000
67500,-100,200,"sd","10:03:39",14900
67500,-100,1000,"sd","10:03:39",14700
67500,-100,1000,"sd","10:03:39",13700
67500,-100,100,"sd","10:03:17",12700
67600,0,100,"sd","10:02:57",12600
67600,0,200,"sd","10:02:57",12500
67600,0,100,"sd","10:02:44",12300
67600,0,100,"sd","10:02:12",12200
67600,0,100,"sd","10:01:40",12100
67600,0,100,"sd","10:01:08",12000
67600,0,100,"sd","10:00:35",11900
67600,0,100,"sd","10:00:03",11800
67600,0,200,"sd","09:59:55",11700
67600,0,100,"sd","09:59:31",11500
67600,0,100,"sd","09:58:59",11400
67600,0,100,"sd","09:58:26",11300
67600,0,100,"sd","09:57:54",11200
67600,0,100,"sd","09:57:22",11100
67600,0,100,"bu","09:56:27",11000
67600,0,1000,"bu","09:56:27",10900
67600,0,100,"bu","09:56:27",9900
67500,-100,100,"sd","09:56:17",9800
67500,-100,100,"sd","09:55:46",9700
67500,-100,100,"sd","09:55:13",9600
67500,-100,100,"sd","09:54:41",9500
67500,-100,100,"sd","09:54:09",9400
67500,-100,100,"sd","09:53:37",9300
67500,-100,100,"sd","09:53:05",9200
67500,-100,100,"sd","09:52:32",9100
67500,-100,100,"sd","09:52:00",9000
67500,-100,100,"sd","09:51:28",8900
67500,-100,100,"sd","09:50:56",8800
67500,-100,100,"sd","09:50:24",8700
67500,-100,100,"sd","09:49:52",8600
67500,-100,100,"sd","09:49:19",8500
67500,-100,100,"sd","09:48:47",8400
67500,-100,100,"sd","09:48:15",8300
67500,-100,100,"sd","09:47:43",8200
67500,-100,100,"sd","09:47:11",8100
67500,-100,100,"sd","09:46:39",8000
67500,-100,100,"sd","09:46:07",7900
67500,-100,100,"sd","09:45:35",7800
67400,-200,100,"sd","09:45:03",7700
67400,-200,500,"bu","09:33:31",7600
67400,-200,300,"bu","09:33:31",7100
67400,-200,1700,"bu","09:32:43",6800
67400,-200,100,"bu","09:31:01",5100
67400,-200,100,"bu","09:29:02",5000
67400,-200,100,"bu","09:27:29",4900
67400,-200,100,"bu","09:26:06",4800
67400,-200,100,"bu","09:24:55",4700
67400,-200,100,"bu","09:24:41",4600
67400,-200,300,"bu","09:24:41",4500
67400,-200,200,"bu","09:21:54",4200
67400,-200,300,"sd","09:21:41",4000
67400,-200,100,"sd","09:21:41",3700
67400,-200,100,"sd","09:21:41",3600
67400,-200,500,"sd","09:21:41",3500
67400,-200,100,"sd","09:21:41",3000
67400,-200,700,"sd","09:21:41",2900
67400,-200,100,"sd","09:21:41",2200
67500,-100,100,"sd","09:21:29",2100
67900,300,400,"bu","09:17:57",2000
67900,300,300,"bu","09:17:57",1600
67800,200,200,"bu","09:17:57",1300
67800,200,100,"bu","09:17:57",1100
67400,-200,1000,"sd","09:15:02",1000
