"price","change","match_qtty","side","time","total_vol"
8500,90,4000,"sd","14:45:03",104400
8410,0,3400,"sd","14:27:28",100400
8420,10,100,"sd","14:27:28",97000
8450,40,800,"sd","14:27:28",96900
8450,40,1000,"sd","14:27:28",96100
8450,40,100,"sd","14:27:28",95100
8500,90,100,"sd","14:27:28",95000
8500,90,100,"sd","14:27:28",94900
8510,100,1000,"sd","14:26:20",94800
8520,110,900,"sd","14:26:20",93800
8520,110,100,"sd","14:26:20",92900
8580,170,100,"bu","14:18:52",92800
8580,170,800,"bu","14:18:52",92700
8580,170,100,"bu","14:15:10",91900
8580,170,100,"bu","14:14:54",91800
8550,140,900,"sd","14:14:47",91700
8550,140,100,"sd","14:14:47",90800
8550,140,400,"sd","14:13:02",90700
8550,140,300,"sd","14:13:02",90300
8550,140,300,"sd","14:13:02",90000
8560,150,1200,"bu","14:11:36",89700
8560,150,1000,"sd","14:11:29",88500
8560,150,800,"sd","14:11:29",87500
8560,150,200,"sd","13:57:51",86700
8560,150,700,"sd","13:57:51",86500
8560,150,900,"sd","13:56:59",85800
8580,170,100,"sd","13:56:20",84900
8560,150,100,"sd","13:50:53",84800
8570,160,1000,"sd","13:30:25",84700
8570,160,900,"sd","13:30:25",83700
8570,160,100,"sd","13:18:29",82800
8590,180,1000,"bu","13:07:56",82700
8590,180,900,"bu","13:06:34",81700
8590,180,800,"bu","13:06:26",80800
8580,170,2200,"bu","13:06:26",80000
8580,170,300,"bu","13:06:23",77800
8580,170,1000,"bu","13:06:20",77500
8600,190,300,"bu","13:03:24",76500
8590,180,2000,"unknown","11:21:19",76200
8560,150,300,"sd","11:01:22",74200
8580,170,1000,"sd","11:01:22",73900
8590,180,800,"sd","11:01:22",72900
8590,180,100,"sd","10:54:47",72100
8600,190,300,"sd","10:46:51",72000
8610,200,500,"sd","10:31:15",71700
8610,200,500,"sd","10:22:55",71200
8620,210,100,"bu","10:19:43",70700
8620,210,1000,"bu","10:18:42",70600
8620,210,500,"bu","10:17:40",69600
8610,200,500,"bu","10:16:18",69100
8610,200,500,"bu","10:16:15",68600
8610,200,300,"bu","10:16:13",68100
8610,200,1000,"bu","10:16:07",67800
8610,200,1200,"bu","10:16:02",66800
8600,190,100,"sd","10:15:23",65600
8600,190,500,"bu","10:15:21",65500
8600,190,200,"bu","10:15:21",65000
8600,190,500,"bu","10:15:21",64800
8590,180,100,"sd","10:14:43",64300
8590,180,200,"sd","10:12:30",64200
8590,180,500,"sd","10:10:32",64000
8590,180,300,"sd","10:09:40",63500
8590,180,200,"sd","10:09:40",63200
8590,180,700,"sd","10:05:17",63000
8590,180,100,"bu","10:04:58",62300
8590,180,100,"bu","10:01:57",62200
8590,180,2500,"bu","10:01:46",62100
8590,180,300,"bu","10:01:43",59600
8590,180,700,"bu","10:01:43",59300
8590,180,1800,"sd","10:01:36",58600
8580,170,700,"bu","10:01:35",56800
8580,170,300,"bu","10:01:25",56100
8580,170,1500,"bu","10:01:21",55800
8560,150,500,"bu","10:01:21",54300
8560,150,600,"bu","10:01:18",53800
8560,150,100,"bu","10:01:18",53200
8560,150,1000,"bu","10:01:16",53100
8600,190,400,"bu","10:01:02",52100
8570,160,800,"bu","09:59:32",51700
8550,140,700,"bu","09:59:32",50900
8560,150,400,"sd","09:57:21",50200
8560,150,400,"sd","09:57:21",49800
8550,140,600,"bu","09:48:13",49400
8550,140,500,"bu","09:48:13",48800
8550,140,100,"bu","09:44:01",48300
8550,140,1200,"bu","09:43:49",48200
8550,140,300,"bu","09:43:49",47000
8550,140,100,"bu","09:43:31",46700
8550,140,200,"bu","09:43:29",46600
8550,140,100,"bu","09:43:16",46400
8520,110,100,"bu","09:42:10",46300
8520,110,2000,"bu","09:42:10",46200
8520,110,2800,"bu","09:42:10",44200
8520,110,1000,"bu","09:37:50",41400
8520,110,2500,"bu","09:33:39",40400
8500,90,2000,"bu","09:32:55",37900
8500,90,100,"bu","09:32:55",35900
8500,90,2800,"bu","09:32:55",35800
8500,90,500,"bu","09:31:17",33000
8500,90,100,"bu","09:30:15",32500
8490,80,3900,"sd","09:25:03",32400
8480,70,200,"bu","09:24:10",28500
8480,70,500,"bu","09:24:07",28300
8480,70,100,"bu","09:24:03",27800
8480,70,100,"bu","09:24:02",27700
8480,70,100,"bu","09:24:01",27600
8480,70,600,"bu","09:23:58",27500
8480,70,900,"bu","09:23:55",26900
8480,70,700,"bu","09:23:52",26000
8480,70,300,"bu","09:23:50",25300
8480,70,2000,"bu","09:23:50",25000
8480,70,800,"bu","09:23:40",23000
8450,40,400,"bu","09:23:29",22200
8450,40,900,"bu","09:22:56",21800
8450,40,500,"bu","09:22:45",20900
8450,40,700,"bu","09:22:36",20400
8450,40,600,"bu","09:22:33",19700
8450,40,300,"bu","09:22:30",19100
8450,40,400,"bu","09:22:30",18800
8450,40,100,"bu","09:22:26",18400
8430,20,1500,"bu","09:22:26",18300
8430,20,300,"bu","09:16:18",16800
8420,10,2200,"sd","09:16:06",16500
8430,20,200,"bu","09:15:51",14300
8430,20,700,"bu","09:15:47",14100
8430,20,200,"bu","09:15:43",13400
8420,10,200,"bu","09:15:43",13200
8420,10,300,"bu","09:15:40",13000
8420,10,200,"bu","09:15:37",12700
8420,10,700,"bu","09:15:34",12500
8420,10,600,"bu","09:15:31",11800
8410,0,11200,"sd","09:15:02",11200
