"price","change","match_qtty","side","time","total_vol"
30900,1400,37400,"unknown","14:44:59",1051900
30900,1400,100,"sd","14:29:24",1014500
30900,1400,1400,"sd","14:29:24",1014400
30900,1400,100,"sd","14:29:09",1013000
30900,1400,100,"sd","14:28:50",1012900
30900,1400,400,"sd","14:28:30",1012800
30900,1400,500,"sd","14:28:30",1012400
31000,1500,100,"sd","14:27:45",1011900
31000,1500,2900,"sd","14:27:45",1011800
31000,1500,10000,"sd","14:27:33",1008900
31000,1500,1000,"bu","14:27:10",998900
31000,1500,1100,"bu","14:27:10",997900
31000,1500,900,"sd","14:26:52",996800
31000,1500,2000,"sd","14:26:52",995900
31000,1500,1000,"sd","14:26:33",993900
31000,1500,1000,"sd","14:26:33",992900
31000,1500,100,"sd","14:26:27",991900
31000,1500,2400,"sd","14:25:59",991800
31100,1600,100,"sd","14:25:59",989400
31050,1550,200,"sd","14:25:46",989300
31100,1600,200,"bu","14:25:38",989100
31200,1700,1200,"bu","14:25:25",988900
31150,1650,3000,"bu","14:25:25",987700
31150,1650,800,"bu","14:25:25",984700
31150,1650,200,"sd","14:25:14",983900
31150,1650,1000,"sd","14:25:00",983700
31200,1700,900,"bu","14:24:30",982700
31150,1650,100,"bu","14:24:18",981800
31150,1650,500,"bu","14:24:18",981700
31150,1650,400,"bu","14:23:52",981200
31150,1650,100,"bu","14:22:46",980800
31150,1650,100,"bu","14:21:51",980700
31150,1650,100,"bu","14:21:41",980600
31150,1650,500,"bu","14:21:41",980500
31150,1650,200,"bu","14:21:41",980000
31150,1650,200,"bu","14:21:20",979800
31000,1500,2600,"sd","14:21:19",979600
31000,1500,1000,"sd","14:21:19",977000
31000,1500,400,"sd","14:21:19",976000
31200,1700,200,"bu","14:20:56",975600
31200,1700,500,"bu","14:20:56",975400
31150,1650,500,"bu","14:20:55",974900
31200,1700,200,"bu","14:20:21",974400
31200,1700,300,"bu","14:20:20",974200
31200,1700,300,"bu","14:20:19",973900
31200,1700,300,"bu","14:20:18",973600
31200,1700,300,"bu","14:20:18",973300
31200,1700,300,"bu","14:20:17",973000
31150,1650,300,"bu","14:20:17",972700
31200,1700,100,"bu","14:19:36",972400
31200,1700,300,"bu","14:19:35",972300
31200,1700,300,"bu","14:19:34",972000
31200,1700,300,"bu","14:19:33",971700
31200,1700,300,"bu","14:19:32",971400
31200,1700,500,"bu","14:19:28",971100
31200,1700,600,"bu","14:19:14",970600
31200,1700,700,"bu","14:19:14",970000
31200,1700,500,"bu","14:19:13",969300
31150,1650,200,"bu","14:19:13",968800
31200,1700,800,"bu","14:18:51",968600
31200,1700,100,"bu","14:18:40",967800
31200,1700,1300,"sd","14:18:30",967700
31200,1700,2000,"bu","14:18:28",966400
31200,1700,1400,"bu","14:18:28",964400
31200,1700,100,"bu","14:18:28",963000
31200,1700,1100,"bu","14:18:28",962900
31200,1700,100,"bu","14:18:28",961800
31200,1700,1000,"bu","14:18:28",961700
31200,1700,100,"bu","14:17:54",960700
31200,1700,100,"bu","14:17:54",960600
31200,1700,200,"bu","14:17:14",960500
31200,1700,400,"bu","14:17:14",960300
31200,1700,1000,"bu","14:17:14",959900
31200,1700,100,"bu","14:17:14",958900
31200,1700,100,"bu","14:17:14",958800
31200,1700,100,"bu","14:17:14",958700
31200,1700,300,"bu","14:17:14",958600
31200,1700,500,"bu","14:17:14",958300
31200,1700,1000,"bu","14:17:14",957800
31200,1700,100,"bu","14:17:14",956800
31200,1700,500,"bu","14:17:14",956700
31150,1650,100,"bu","14:17:14",956200
31150,1650,4800,"bu","14:17:14",956100
31150,1650,100,"bu","14:17:14",951300
31100,1600,700,"bu","14:17:14",951200
31100,1600,100,"bu","14:17:14",950500
31100,1600,100,"bu","14:17:06",950400
31100,1600,100,"bu","14:16:59",950300
31100,1600,100,"bu","14:16:59",950200
31100,1600,800,"bu","14:16:59",950100
31000,1500,300,"sd","14:16:15",949300
31000,1500,1000,"sd","14:16:08",949000
31100,1600,200,"bu","14:15:59",948000
31100,1600,2900,"bu","14:15:59",947800
31000,1500,1000,"sd","14:15:56",944900
31000,1500,200,"sd","14:15:34",943900
31100,1600,600,"bu","14:15:21",943700
31100,1600,700,"bu","14:14:50",943100
31100,1600,100,"bu","14:14:50",942400
31100,1600,200,"bu","14:14:50",942300
31100,1600,300,"bu","14:14:44",942100
31050,1550,300,"bu","14:14:43",941800
31050,1550,300,"bu","14:14:43",941500
31050,1550,100,"bu","14:14:42",941200
31050,1550,300,"bu","14:14:42",941100
31050,1550,300,"bu","14:14:41",940800
31050,1550,300,"bu","14:14:40",940500
31050,1550,300,"bu","14:14:39",940200
31050,1550,300,"bu","14:14:39",939900
31050,1550,300,"bu","14:14:38",939600
31050,1550,300,"bu","14:14:37",939300
31000,1500,200,"bu","14:13:52",939000
31000,1500,200,"bu","14:13:52",938800
31000,1500,1000,"bu","14:13:52",938600
31000,1500,700,"bu","14:13:52",937600
31000,1500,1300,"bu","14:13:00",936900
31000,1500,300,"bu","14:13:00",935600
31000,1500,100,"bu","14:13:00",935300
31000,1500,500,"bu","14:13:00",935200
31000,1500,200,"bu","14:13:00",934700
31000,1500,100,"bu","14:13:00",934500
31000,1500,6400,"bu","14:13:00",934400
31000,1500,1700,"bu","14:13:00",928000
31000,1500,2200,"bu","14:13:00",926300
31000,1500,500,"bu","14:13:00",924100
31000,1500,200,"bu","14:13:00",923600
31000,1500,22500,"bu","14:13:00",923400
31000,1500,600,"bu","14:12:36",900900
30950,1450,200,"bu","14:12:36",900300
30950,1450,800,"bu","14:12:35",900100
31000,1500,1000,"bu","14:12:22",899300
31000,1500,1500,"bu","14:12:21",898300
31000,1500,200,"bu","14:12:20",896800
30950,1450,100,"unknown","14:12:20",896600
30950,1450,200,"unknown","14:12:20",896500
30950,1450,200,"bu","14:12:20",896300
30950,1450,800,"bu","14:12:20",896100
30950,1450,200,"bu","14:12:12",895300
30950,1450,400,"bu","14:12:11",895100
30950,1450,100,"bu","14:12:10",894700
30950,1450,300,"bu","14:12:10",894600
30950,1450,400,"bu","14:12:08",894300
30950,1450,400,"bu","14:12:07",893900
30950,1450,100,"bu","14:11:57",893500
30950,1450,400,"bu","14:11:56",893400
30950,1450,400,"bu","14:11:55",893000
30950,1450,400,"bu","14:11:54",892600
30950,1450,400,"bu","14:11:54",892200
30950,1450,400,"bu","14:11:53",891800
30700,1200,400,"sd","14:11:49",891400
30950,1450,900,"bu","14:11:39",891000
30950,1450,200,"bu","14:11:39",890100
30950,1450,900,"bu","14:11:39",889900
30950,1450,800,"bu","14:11:36",889000
30900,1400,1200,"bu","14:11:36",888200
30900,1400,8800,"sd","14:11:14",887000
30900,1400,200,"bu","14:11:02",878200
30900,1400,1000,"bu","14:11:02",878000
30900,1400,900,"bu","14:11:00",877000
30850,1350,600,"bu","14:11:00",876100
30850,1350,700,"bu","14:10:51",875500
30800,1300,1400,"bu","14:10:51",874800
30800,1300,900,"bu","14:10:51",873400
30600,1100,300,"sd","14:10:44",872500
30600,1100,100,"sd","14:10:44",872200
30600,1100,1000,"sd","14:10:44",872100
30600,1100,100,"sd","14:10:44",871100
30600,1100,800,"sd","14:10:44",871000
30600,1100,100,"sd","14:10:44",870200
30600,1100,500,"sd","14:10:44",870100
30600,1100,100,"sd","14:10:44",869600
30800,1300,900,"bu","14:10:20",869500
30800,1300,3000,"bu","14:10:10",868600
30800,1300,2800,"bu","14:10:10",865600
30800,1300,300,"bu","14:09:39",862800
30800,1300,1800,"sd","14:09:10",862500
30800,1300,100,"bu","14:08:50",860700
30800,1300,100,"bu","14:08:50",860600
30800,1300,200,"sd","14:08:17",860500
30800,1300,4700,"sd","14:08:17",860300
30800,1300,300,"sd","14:07:10",855600
30800,1300,1000,"sd","14:07:02",855300
30800,1300,200,"bu","14:05:28",854300
30800,1300,1900,"bu","14:05:28",854100
30800,1300,100,"bu","14:04:32",852200
30800,1300,200,"sd","14:02:46",852100
30850,1350,1000,"bu","14:02:25",851900
30800,1300,800,"bu","14:01:42",850900
30800,1300,200,"bu","14:01:39",850100
30700,1200,300,"sd","14:01:21",849900
30700,1200,1000,"sd","14:01:21",849600
30700,1200,400,"sd","14:01:21",848600
30700,1200,200,"sd","14:01:21",848200
30900,1400,100,"sd","13:59:35",848000
30900,1400,400,"sd","13:59:31",847900
30900,1400,100,"sd","13:59:29",847500
30950,1450,300,"bu","13:59:27",847400
30900,1400,400,"bu","13:59:27",847100
30900,1400,100,"bu","13:59:27",846700
30900,1400,100,"bu","13:59:27",846600
30900,1400,200,"bu","13:59:16",846500
30900,1400,300,"bu","13:59:16",846300
30900,1400,100,"bu","13:59:16",846000
30900,1400,100,"bu","13:59:16",845900
30900,1400,2200,"bu","13:59:16",845800
30850,1350,100,"bu","13:59:16",843600
30900,1400,500,"bu","13:57:42",843500
30900,1400,100,"bu","13:57:39",843000
30900,1400,300,"bu","13:56:55",842900
30900,1400,100,"bu","13:56:52",842600
30800,1300,1200,"bu","13:56:52",842500
30800,1300,700,"bu","13:56:52",841300
30600,1100,1700,"sd","13:56:38",840600
30600,1100,300,"sd","13:56:38",838900
30600,1100,200,"bu","13:55:34",838600
30600,1100,300,"bu","13:55:26",838400
30600,1100,200,"bu","13:55:25",838100
30600,1100,100,"bu","13:54:55",837900
30600,1100,1000,"bu","13:54:48",837800
30600,1100,500,"bu","13:54:33",836800
30600,1100,500,"bu","13:53:55",836300
30500,1000,500,"sd","13:53:40",835800
30550,1050,2000,"sd","13:53:40",835300
30550,1050,500,"sd","13:53:40",833300
30600,1100,500,"sd","13:53:17",832800
30600,1100,1900,"sd","13:53:17",832300
30650,1150,1600,"sd","13:53:17",830400
30650,1150,1400,"bu","13:53:16",828800
30650,1150,3100,"sd","13:53:10",827400
30650,1150,500,"sd","13:53:10",824300
30650,1150,1000,"unknown","13:52:22",823800
30650,1150,100,"unknown","13:52:22",822800
30650,1150,500,"unknown","13:52:22",822700
30700,1200,500,"sd","13:52:06",822200
30700,1200,100,"sd","13:52:06",821700
30800,1300,1000,"bu","13:51:52",821600
30800,1300,100,"bu","13:51:16",820600
30900,1400,1400,"sd","13:50:06",820500
30900,1400,100,"sd","13:49:59",819100
30900,1400,900,"sd","13:49:59",819000
30900,1400,300,"sd","13:49:45",818100
30900,1400,500,"sd","13:49:43",817800
30900,1400,100,"bu","13:49:08",817300
30900,1400,3200,"bu","13:49:08",817200
30900,1400,100,"bu","13:48:58",814000
30900,1400,1700,"bu","13:48:37",813900
30900,1400,100,"bu","13:48:37",812200
30900,1400,100,"bu","13:48:37",812100
30900,1400,200,"bu","13:48:37",812000
30900,1400,200,"bu","13:48:37",811800
30900,1400,200,"bu","13:48:37",811600
30900,1400,500,"bu","13:48:37",811400
30900,1400,2000,"bu","13:48:37",810900
30900,1400,1100,"bu","13:48:19",808900
30800,1300,400,"bu","13:48:19",807800
30800,1300,500,"bu","13:48:19",807400
30800,1300,100,"bu","13:47:57",806900
30800,1300,1500,"bu","13:47:40",806800
30750,1250,700,"bu","13:47:40",805300
30750,1250,1000,"bu","13:47:05",804600
30600,1100,200,"sd","13:47:01",803600
30750,1250,300,"sd","13:46:42",803400
30900,1400,200,"bu","13:46:20",803100
30850,1350,100,"bu","13:46:20",802900
30850,1350,200,"bu","13:46:20",802800
30850,1350,100,"bu","13:46:20",802600
30800,1300,100,"bu","13:46:20",802500
30750,1250,1300,"bu","13:46:20",802400
30750,1250,300,"bu","13:46:16",801100
30700,1200,700,"bu","13:46:16",800800
30700,1200,100,"bu","13:45:59",800100
30700,1200,400,"bu","13:45:27",800000
30650,1150,1000,"bu","13:45:27",799600
30650,1150,1000,"bu","13:45:27",798600
30650,1150,1600,"bu","13:45:27",797600
30550,1050,900,"bu","13:45:24",796000
30500,1000,200,"sd","13:44:17",795100
30500,1000,100,"sd","13:44:17",794900
30500,1000,100,"sd","13:43:48",794800
30500,1000,2000,"sd","13:43:47",794700
30500,1000,400,"sd","13:43:47",792700
30500,1000,1000,"sd","13:43:47",792300
30500,1000,500,"sd","13:43:47",791300
30500,1000,500,"sd","13:43:47",790800
30500,1000,200,"sd","13:43:47",790300
30500,1000,200,"sd","13:43:47",790100
30500,1000,200,"sd","13:43:47",789900
30550,1050,1000,"bu","13:43:37",789700
30500,1000,300,"sd","13:42:57",788700
30500,1000,100,"sd","13:42:34",788400
30550,1050,500,"sd","13:42:20",788300
30550,1050,200,"sd","13:42:20",787800
30550,1050,6500,"sd","13:42:20",787600
30550,1050,900,"sd","13:42:20",781100
30550,1050,200,"bu","13:41:40",780200
30550,1050,3900,"bu","13:41:40",780000
30500,1000,100,"sd","13:41:32",776100
30500,1000,100,"sd","13:40:24",776000
30500,1000,900,"sd","13:40:18",775900
30500,1000,8300,"sd","13:39:48",775000
30500,1000,100,"sd","13:39:48",766700
30500,1000,200,"sd","13:39:48",766600
30500,1000,300,"sd","13:39:48",766400
30500,1000,1000,"sd","13:39:48",766100
30500,1000,100,"sd","13:39:48",765100
30550,1050,300,"sd","13:39:22",765000
30550,1050,1000,"sd","13:39:22",764700
30550,1050,100,"sd","13:39:22",763700
30550,1050,200,"sd","13:39:22",763600
30550,1050,1000,"sd","13:39:22",763400
30550,1050,1000,"sd","13:39:22",762400
30550,1050,700,"sd","13:39:22",761400
30600,1100,300,"sd","13:39:22",760700
30600,1100,200,"sd","13:39:22",760400
30600,1100,500,"sd","13:39:22",760200
30600,1100,800,"sd","13:39:22",759700
30600,1100,500,"sd","13:39:18",758900
30650,1150,100,"bu","13:39:18",758400
30600,1100,600,"sd","13:38:25",758300
30600,1100,100,"sd","13:38:21",757700
30600,1100,400,"sd","13:38:21",757600
30600,1100,600,"sd","13:38:20",757200
30600,1100,1000,"sd","13:38:20",756600
30600,1100,200,"sd","13:38:20",755600
30600,1100,100,"sd","13:38:20",755400
30600,1100,100,"sd","13:38:20",755300
30600,1100,100,"sd","13:38:20",755200
30600,1100,100,"sd","13:37:53",755100
30600,1100,200,"sd","13:37:53",755000
30600,1100,1000,"sd","13:37:53",754800
30600,1100,600,"sd","13:37:53",753800
30600,1100,300,"sd","13:37:53",753200
30650,1150,500,"bu","13:37:21",752900
30650,1150,600,"sd","13:37:05",752400
30650,1150,1000,"sd","13:37:05",751800
30650,1150,2000,"sd","13:37:05",750800
30650,1150,1200,"sd","13:37:05",748800
30700,1200,100,"sd","13:36:57",747600
30700,1200,500,"sd","13:36:57",747500
30700,1200,100,"sd","13:36:57",747000
30700,1200,500,"sd","13:36:57",746900
30700,1200,500,"sd","13:36:57",746400
30700,1200,2000,"sd","13:36:57",745900
30700,1200,100,"sd","13:36:57",743900
30750,1250,400,"sd","13:36:53",743800
30750,1250,200,"sd","13:36:53",743400
30750,1250,1200,"sd","13:36:53",743200
30750,1250,500,"sd","13:36:53",742000
30750,1250,100,"sd","13:36:53",741500
30750,1250,600,"sd","13:36:41",741400
30750,1250,300,"sd","13:36:24",740800
30750,1250,1000,"sd","13:36:13",740500
30750,1250,500,"sd","13:36:02",739500
30750,1250,100,"sd","13:35:40",739000
30750,1250,500,"sd","13:35:17",738900
30750,1250,500,"sd","13:34:17",738400
30750,1250,300,"sd","13:33:08",737900
30750,1250,200,"sd","13:33:08",737600
30850,1350,400,"bu","13:32:25",737400
30850,1350,100,"bu","13:32:25",737000
30850,1350,100,"bu","13:30:39",736900
30700,1200,9900,"sd","13:27:45",736800
30800,1300,100,"unknown","13:27:45",726900
30900,1400,1300,"bu","13:27:32",726800
30900,1400,400,"bu","13:26:45",725500
30900,1400,300,"bu","13:26:45",725100
30900,1400,700,"bu","13:26:29",724800
30900,1400,300,"bu","13:26:29",724100
30900,1400,1000,"bu","13:26:29",723800
30700,1200,500,"bu","13:26:29",722800
30700,1200,1000,"bu","13:26:29",722300
30700,1200,1500,"bu","13:26:29",721300
30700,1200,1300,"bu","13:26:12",719800
30700,1200,500,"bu","13:26:05",718500
30700,1200,200,"bu","13:24:59",718000
30700,1200,700,"bu","13:24:47",717800
30650,1150,1800,"bu","13:24:28",717100
30650,1150,100,"bu","13:24:24",715300
30650,1150,500,"bu","13:24:18",715200
30600,1100,200,"sd","13:24:14",714700
30600,1100,700,"sd","13:24:14",714500
30600,1100,100,"sd","13:24:14",713800
30600,1100,100,"sd","13:23:56",713700
30600,1100,100,"sd","13:23:56",713600
30650,1150,300,"bu","13:23:53",713500
30600,1100,100,"sd","13:23:49",713200
30600,1100,200,"sd","13:23:45",713100
30650,1150,100,"bu","13:23:39",712900
30650,1150,500,"bu","13:23:18",712800
30650,1150,400,"sd","13:23:09",712300
30650,1150,500,"sd","13:23:09",711900
30700,1200,200,"sd","13:23:05",711400
30700,1200,1400,"sd","13:23:05",711200
30700,1200,1000,"sd","13:23:04",709800
30700,1200,600,"sd","13:23:04",708800
31000,1500,400,"bu","13:22:44",708200
30950,1450,200,"bu","13:22:43",707800
30950,1450,2600,"bu","13:22:42",707600
30950,1450,2600,"bu","13:22:42",705000
30950,1450,2600,"bu","13:22:41",702400
30950,1450,2600,"bu","13:22:40",699800
31000,1500,1000,"bu","13:22:27",697200
31000,1500,1700,"sd","13:22:18",696200
31000,1500,1100,"sd","13:22:18",694500
31000,1500,2100,"bu","13:22:15",693400
31000,1500,2900,"bu","13:22:15",691300
31000,1500,300,"bu","13:22:15",688400
31000,1500,3200,"bu","13:22:14",688100
31000,1500,3200,"bu","13:22:13",684900
31000,1500,2500,"bu","13:21:53",681700
31000,1500,2500,"bu","13:21:52",679200
31000,1500,100,"bu","13:21:51",676700
30950,1450,100,"bu","13:21:51",676600
30950,1450,700,"bu","13:21:51",676500
30950,1450,100,"bu","13:21:51",675800
30950,1450,1000,"bu","13:21:51",675700
30800,1300,500,"bu","13:21:51",674700
30800,1300,2500,"bu","13:21:50",674200
30650,1150,900,"sd","13:21:40",671700
30650,1150,100,"sd","13:21:40",670800
30600,1100,300,"sd","13:21:00",670700
30900,1400,100,"bu","13:20:40",670400
30600,1100,1300,"sd","13:20:14",670300
30700,1200,1200,"sd","13:20:14",669000
30700,1200,500,"sd","13:20:14",667800
30750,1250,100,"sd","13:20:14",667300
30750,1250,1000,"sd","13:20:14",667200
30900,1400,300,"sd","13:20:14",666200
31000,1500,1000,"bu","13:20:12",665900
30900,1400,100,"bu","13:20:08",664900
30900,1400,200,"bu","13:20:06",664800
30750,1250,2400,"sd","13:19:49",664600
30750,1250,700,"sd","13:19:49",662200
30750,1250,200,"sd","13:19:21",661500
30800,1300,100,"sd","13:19:21",661300
30750,1250,100,"sd","13:19:08",661200
31000,1500,900,"bu","13:19:05",661100
31000,1500,100,"bu","13:19:05",660200
31000,1500,7300,"bu","13:18:53",660100
30800,1300,2700,"bu","13:18:53",652800
30800,1300,1000,"sd","13:18:47",650100
30800,1300,300,"sd","13:18:47",649100
31000,1500,200,"sd","13:18:35",648800
31000,1500,400,"sd","13:18:35",648600
31000,1500,1000,"sd","13:18:35",648200
31000,1500,100,"sd","13:18:35",647200
31000,1500,100,"sd","13:18:35",647100
31000,1500,20800,"sd","13:18:35",647000
31100,1600,1000,"bu","13:18:32",626200
31150,1650,900,"sd","13:18:30",625200
31050,1550,100,"bu","13:18:27",624300
31050,1550,100,"sd","13:18:26",624200
31050,1550,100,"sd","13:18:26",624100
31050,1550,1000,"sd","13:18:26",624000
31050,1550,400,"sd","13:18:26",623000
31100,1600,500,"sd","13:18:26",622600
31100,1600,1000,"sd","13:18:26",622100
31150,1650,1000,"sd","13:18:26",621100
31150,1650,800,"sd","13:18:26",620100
31200,1700,400,"bu","13:18:22",619300
31150,1650,1200,"sd","13:18:19",618900
31200,1700,100,"bu","13:18:18",617700
31200,1700,3000,"bu","13:18:18",617600
31200,1700,100,"sd","13:17:37",614600
31200,1700,100,"bu","13:17:27",614500
31200,1700,100,"bu","13:17:27",614400
31200,1700,100,"bu","13:17:27",614300
31200,1700,5000,"bu","13:17:27",614200
31200,1700,400,"bu","13:17:27",609200
31200,1700,200,"bu","13:17:17",608800
31200,1700,200,"bu","13:17:17",608600
31200,1700,200,"bu","13:17:16",608400
31150,1650,100,"bu","13:17:15",608200
31100,1600,100,"bu","13:17:15",608100
31100,1600,200,"bu","13:17:15",608000
31100,1600,200,"bu","13:17:07",607800
31100,1600,200,"sd","13:17:01",607600
31100,1600,100,"sd","13:17:01",607400
31150,1650,300,"bu","13:16:43",607300
31100,1600,200,"bu","13:16:43",607000
31050,1550,100,"sd","13:16:42",606800
31100,1600,600,"bu","13:16:39",606700
31100,1600,700,"bu","13:16:24",606100
31000,1500,100,"sd","13:16:20",605400
31100,1600,1000,"bu","13:16:19",605300
31100,1600,300,"bu","13:16:17",604300
31100,1600,100,"bu","13:16:15",604000
31100,1600,100,"bu","13:16:15",603900
31100,1600,1000,"bu","13:16:14",603800
31000,1500,100,"sd","13:16:10",602800
31100,1600,200,"bu","13:16:07",602700
31100,1600,100,"bu","13:16:07",602500
31000,1500,500,"sd","13:16:03",602400
31000,1500,100,"bu","13:15:59",601900
31000,1500,200,"bu","13:15:59",601800
31000,1500,6000,"bu","13:15:59",601600
31000,1500,1000,"bu","13:15:59",595600
31000,1500,100,"bu","13:15:59",594600
31000,1500,1000,"bu","13:15:59",594500
31000,1500,40000,"bu","13:15:59",593500
31000,1500,100,"bu","13:15:59",553500
31000,1500,100,"bu","13:15:56",553400
31000,1500,100,"bu","13:15:56",553300
31000,1500,100,"bu","13:15:56",553200
31000,1500,100,"bu","13:15:55",553100
31000,1500,100,"bu","13:15:55",553000
31000,1500,200,"bu","13:15:54",552900
31000,1500,200,"bu","13:15:54",552700
31000,1500,200,"bu","13:15:53",552500
31000,1500,100,"bu","13:15:52",552300
31000,1500,200,"bu","13:15:52",552200
31000,1500,100,"bu","13:15:51",552000
31000,1500,100,"bu","13:15:51",551900
30950,1450,100,"bu","13:15:51",551700
30950,1450,100,"bu","13:15:51",551800
30800,1300,400,"sd","13:15:35",551600
30800,1300,100,"bu","13:15:28",551200
30800,1300,200,"bu","13:15:28",551100
30800,1300,100,"bu","13:15:26",550900
30800,1300,1000,"bu","13:15:22",550800
30800,1300,300,"bu","13:15:20",549800
30800,1300,100,"bu","13:15:19",549500
30800,1300,3000,"bu","13:15:18",549400
30800,1300,300,"bu","13:15:14",546400
30800,1300,1000,"bu","13:15:12",546100
30800,1300,1000,"bu","13:15:07",545100
30750,1250,300,"bu","13:14:51",544100
30750,1250,1000,"bu","13:14:50",543800
30750,1250,100,"bu","13:14:45",542800
30750,1250,600,"bu","13:14:26",542700
30750,1250,100,"bu","13:14:26",542100
30700,1200,100,"bu","13:14:26",542000
30700,1200,100,"bu","13:14:26",541900
30700,1200,2000,"bu","13:14:26",541800
30600,1100,100,"bu","13:14:26",539800
30700,1200,900,"bu","13:14:23",539700
30550,1050,1000,"sd","13:14:16",538800
30700,1200,100,"bu","13:14:14",537800
30700,1200,100,"bu","13:14:14",537700
30650,1150,100,"bu","13:14:14",537600
30650,1150,100,"bu","13:14:14",537500
30650,1150,2000,"bu","13:14:14",537400
30650,1150,200,"bu","13:14:07",535400
30600,1100,100,"bu","13:14:07",535200
30600,1100,100,"bu","13:14:07",535100
30550,1050,500,"sd","13:14:05",535000
30550,1050,300,"sd","13:14:05",534500
30550,1050,200,"sd","13:14:05",534200
30600,1100,1000,"bu","13:13:43",534000
30600,1100,1000,"sd","13:13:42",533000
30600,1100,2900,"sd","13:13:42",532000
30600,1100,100,"sd","13:13:32",529100
30650,1150,1000,"bu","13:13:30",529000
30650,1150,100,"bu","13:13:22",528000
30600,1100,100,"bu","13:13:22",527900
30600,1100,100,"bu","13:13:22",527800
30600,1100,3600,"bu","13:13:22",527700
30600,1100,100,"bu","13:13:22",524100
30550,1050,1500,"bu","13:13:00",524000
30550,1050,300,"bu","13:12:58",522500
30550,1050,200,"bu","13:12:53",522200
30550,1050,400,"bu","13:12:51",522000
30550,1050,100,"bu","13:12:51",521600
30500,1000,200,"bu","13:12:44",521500
30500,1000,100,"bu","13:12:44",521300
30500,1000,200,"bu","13:12:44",521200
30500,1000,1400,"bu","13:12:44",521000
30450,950,500,"bu","13:12:44",519600
30500,1000,3600,"bu","13:12:37",519100
30500,1000,3000,"bu","13:12:37",515500
30500,1000,200,"bu","13:12:37",512500
30500,1000,100,"bu","13:12:37",512300
30500,1000,100,"bu","13:12:37",512200
30500,1000,1000,"bu","13:12:37",512100
30500,1000,200,"bu","13:12:37",511100
30500,1000,100,"bu","13:12:37",510900
30500,1000,1700,"bu","13:12:37",510800
30500,1000,2000,"bu","13:12:37",509100
30500,1000,1000,"bu","13:12:19",507100
30500,1000,100,"bu","13:12:17",506100
30500,1000,5000,"bu","13:12:05",506000
30450,950,200,"unknown","13:12:00",501000
30500,1000,8200,"bu","13:11:56",500800
30400,900,1800,"bu","13:11:56",492600
30450,950,200,"sd","13:11:54",490800
30500,1000,5000,"bu","13:11:51",490600
30500,1000,10000,"bu","13:11:49",485600
30500,1000,17000,"bu","13:11:46",475600
30500,1000,200,"bu","13:11:46",458600
30500,1000,500,"bu","13:11:46",458400
30500,1000,100,"bu","13:11:46",457900
30500,1000,900,"bu","13:11:46",457800
30500,1000,1000,"bu","13:11:46",456900
30500,1000,300,"bu","13:11:46",455900
30500,1000,200,"bu","13:11:44",455600
30500,1000,200,"bu","13:11:42",455400
30500,1000,100,"bu","13:11:42",455200
30500,1000,100,"bu","13:11:42",455100
30450,950,300,"sd","13:11:36",455000
30500,1000,200,"bu","13:11:28",454700
30500,1000,1200,"bu","13:11:28",454500
30450,950,100,"unknown","13:11:26",453300
30500,1000,1000,"bu","13:11:08",453200
30450,950,100,"bu","13:11:08",452200
30400,900,1000,"bu","13:11:08",452100
30400,900,300,"bu","13:11:08",451100
30350,850,100,"bu","13:10:56",450800
30250,750,100,"sd","13:10:51",450700
30250,750,100,"sd","13:10:51",450600
30250,750,4000,"sd","13:10:51",450500
30300,800,500,"sd","13:10:51",446500
30300,800,300,"sd","13:10:51",446000
30400,900,2500,"bu","13:10:41",445700
30400,900,1500,"bu","13:10:41",443200
30350,850,500,"bu","13:10:41",441700
30500,1000,700,"bu","13:10:41",441200
30500,1000,1000,"bu","13:10:41",440500
30500,1000,200,"bu","13:10:41",439500
30450,950,100,"bu","13:10:41",439300
30400,900,100,"bu","13:10:41",439200
30400,900,200,"bu","13:10:41",439100
30400,900,100,"bu","13:10:41",438900
30400,900,100,"bu","13:10:41",438800
30350,850,500,"bu","13:10:34",438700
30350,850,1400,"sd","13:10:25",438200
30350,850,900,"sd","13:10:25",436800
30400,900,100,"bu","13:10:17",435900
30350,850,100,"bu","13:10:14",435800
30300,800,100,"bu","13:10:14",435700
30300,800,400,"bu","13:10:12",435600
30300,800,100,"bu","13:10:12",435200
30300,800,200,"bu","13:10:09",435100
30300,800,100,"bu","13:10:09",434900
30300,800,100,"bu","13:10:09",434800
30300,800,400,"bu","13:10:09",434700
30300,800,100,"bu","13:09:41",434300
30300,800,200,"bu","13:09:28",434200
30300,800,100,"bu","13:09:24",434000
30300,800,200,"bu","13:09:18",433900
30300,800,300,"bu","13:09:18",433700
30350,850,100,"bu","13:09:05",433400
30300,800,100,"bu","13:09:05",433300
30300,800,100,"bu","13:09:05",433200
30300,800,100,"bu","13:09:05",433100
30300,800,700,"bu","13:09:05",433000
30300,800,1300,"bu","13:08:58",432300
30300,800,100,"bu","13:08:58",431000
30300,800,1500,"bu","13:08:58",430900
30250,750,100,"bu","13:08:58",429400
30200,700,500,"sd","13:08:55",429300
30200,700,100,"sd","13:08:46",428800
30200,700,100,"sd","13:08:40",428700
30200,700,1300,"sd","13:08:35",428600
30200,700,4500,"bu","13:08:32",427300
30200,700,500,"bu","13:08:24",422800
30300,800,1400,"bu","13:08:12",422300
30200,700,100,"bu","13:08:12",420900
30200,700,200,"bu","13:08:12",420800
30200,700,100,"bu","13:08:12",420600
30200,700,100,"bu","13:08:12",420500
30200,700,100,"bu","13:08:12",420400
30200,700,100,"bu","13:08:10",420300
30200,700,500,"bu","13:08:10",420200
30200,700,2300,"bu","13:07:58",419700
30200,700,700,"bu","13:07:58",417400
30200,700,500,"bu","13:07:54",416700
30200,700,300,"bu","13:07:52",416200
30200,700,500,"bu","13:07:42",415900
30150,650,1000,"bu","13:07:28",415400
30150,650,100,"bu","13:07:28",414400
30150,650,3000,"bu","13:07:28",414300
30150,650,100,"bu","13:07:28",411300
30100,600,500,"bu","13:07:28",411200
30100,600,900,"bu","13:07:28",410700
30100,600,900,"bu","13:07:28",409800
30050,550,400,"bu","13:07:28",408900
30050,550,500,"bu","13:07:28",408500
30050,550,100,"bu","13:07:28",408000
30050,550,300,"bu","13:07:18",407900
30050,550,100,"bu","13:07:00",407600
30100,600,800,"bu","13:06:54",407500
30100,600,100,"bu","13:06:54",406700
30100,600,100,"bu","13:06:54",406600
30050,550,200,"bu","13:06:54",406500
30050,550,300,"bu","13:06:48",406300
30050,550,100,"bu","13:06:48",406000
30100,600,400,"bu","13:06:20",405900
30100,600,300,"bu","13:06:16",405500
30100,600,600,"bu","13:06:16",405200
30100,600,700,"bu","13:06:16",404600
30050,550,500,"bu","13:06:16",403900
30050,550,600,"sd","13:06:12",403400
30050,550,400,"bu","13:06:06",402800
30050,550,400,"sd","13:06:00",402400
30050,550,600,"sd","13:05:50",402000
30100,600,200,"bu","13:05:48",401400
30100,600,500,"bu","13:05:48",401200
30100,600,500,"bu","13:05:48",400700
30050,550,800,"bu","13:05:44",400200
30050,550,600,"bu","13:05:44",399400
30050,550,600,"bu","13:05:44",398800
30000,500,600,"sd","13:05:42",398200
30050,550,300,"bu","13:05:33",397600
30050,550,100,"bu","13:05:28",397300
30100,600,500,"bu","13:05:22",397200
30100,600,500,"bu","13:05:16",396700
30100,600,800,"bu","13:05:13",396200
30100,600,100,"bu","13:05:12",395400
30100,600,100,"bu","13:05:07",395300
30100,600,100,"bu","13:05:07",395200
30100,600,200,"bu","13:04:59",395100
30000,500,3400,"sd","13:04:47",394900
30000,500,400,"sd","13:04:47",391500
30000,500,100,"sd","13:04:47",391100
30000,500,1000,"sd","13:04:47",391000
30000,500,100,"sd","13:04:47",390000
30100,600,100,"bu","13:04:38",389900
30100,600,100,"bu","13:04:37",389800
30100,600,200,"bu","13:04:36",389700
30100,600,100,"bu","13:04:32",389500
30100,600,300,"bu","13:04:31",389400
30100,600,700,"bu","13:04:30",389100
30100,600,300,"bu","13:04:30",388400
30100,600,200,"bu","13:04:24",388100
30100,600,1000,"bu","13:04:24",387900
30100,600,400,"bu","13:04:23",386900
30050,550,100,"bu","13:04:23",386500
30100,600,700,"bu","13:04:05",386400
30100,600,100,"bu","13:03:49",385700
30100,600,1000,"bu","13:03:48",385600
30100,600,1200,"bu","13:03:45",384600
30100,600,1000,"bu","13:03:42",383400
30100,600,200,"bu","13:03:31",382400
30100,600,500,"bu","13:03:31",382200
30100,600,200,"bu","13:03:17",381700
30000,500,1400,"bu","13:03:17",381500
30000,500,1600,"bu","13:03:16",380100
30000,500,200,"bu","13:03:16",378500
30000,500,300,"bu","13:03:15",378300
30000,500,200,"bu","13:03:15",378000
30000,500,800,"bu","13:03:14",377800
30000,500,2000,"bu","13:03:14",377000
30000,500,200,"bu","13:03:14",375000
30000,500,100,"bu","13:03:14",374800
30000,500,1000,"bu","13:03:14",374700
30000,500,1000,"bu","13:03:14",373700
30000,500,1000,"bu","13:03:14",372700
30000,500,300,"bu","13:03:14",371700
30000,500,2000,"bu","13:03:14",371400
30000,500,1600,"bu","13:03:14",369400
30000,500,200,"bu","13:03:12",367800
30000,500,2600,"bu","13:03:08",367600
30000,500,3000,"bu","13:03:08",365000
30000,500,900,"bu","13:03:08",362000
30000,500,2000,"bu","13:03:06",361100
30000,500,100,"bu","13:03:05",359100
30000,500,500,"bu","13:03:05",359000
29950,450,2600,"bu","13:02:53",358500
29900,400,400,"sd","13:02:34",355900
29900,400,100,"sd","13:02:29",355500
29950,450,400,"bu","13:02:28",355400
29950,450,1000,"bu","13:02:28",355000
29950,450,100,"bu","13:02:28",354000
29950,450,500,"bu","13:02:28",353900
29900,400,500,"bu","13:02:24",353400
29900,400,1000,"bu","13:02:24",352900
29900,400,600,"bu","13:02:24",351900
29900,400,4800,"bu","13:02:24",350300
29900,400,1000,"bu","13:02:24",351300
29850,350,1000,"bu","13:02:01",345500
29800,300,400,"sd","13:02:00",344500
29800,300,100,"sd","13:02:00",344100
29800,300,2000,"sd","13:02:00",344000
29800,300,500,"sd","13:02:00",342000
29850,350,1000,"bu","13:01:48",341500
29850,350,2000,"bu","13:01:48",340500
29850,350,500,"bu","13:01:48",338500
29850,350,1500,"bu","13:01:48",338000
29850,350,500,"bu","13:01:46",336500
29850,350,500,"bu","13:01:42",336000
29800,300,800,"bu","13:01:26",335500
29800,300,500,"bu","13:01:25",334700
29800,300,100,"bu","13:01:20",334200
29800,300,200,"bu","13:01:18",334100
29800,300,900,"bu","13:01:16",333900
29800,300,100,"bu","13:01:16",333000
29800,300,200,"bu","13:01:14",332900
29800,300,5800,"bu","13:01:14",332700
29800,300,1200,"bu","13:01:10",326900
29800,300,2700,"bu","13:01:10",325700
29800,300,1000,"bu","13:01:10",323000
29800,300,900,"bu","13:01:10",322000
29800,300,1000,"bu","13:01:10",321100
29800,300,4400,"bu","13:01:10",320100
29800,300,400,"bu","13:00:42",315700
29800,300,1500,"bu","13:00:37",315300
29700,200,300,"bu","13:00:23",313800
29700,200,200,"bu","13:00:23",313500
29700,200,2000,"bu","13:00:23",313300
29700,200,1100,"bu","13:00:23",311300
29700,200,1000,"bu","13:00:23",310200
29700,200,1000,"bu","13:00:23",309200
29700,200,4200,"bu","13:00:23",308200
29700,200,3300,"bu","13:00:23",304000
29650,150,500,"bu","13:00:23",300700
29650,150,4300,"bu","13:00:23",300200
29600,100,700,"sd","13:00:22",295900
29600,100,100,"sd","13:00:22",295200
29600,100,3200,"sd","13:00:22",295100
29650,150,200,"bu","13:00:11",291900
29650,150,500,"bu","13:00:06",291700
29600,100,400,"sd","13:00:03",291200
29600,100,1500,"sd","13:00:02",290800
29700,200,1000,"bu","13:00:01",289300
29700,200,700,"bu","13:00:01",288300
29650,150,200,"bu","13:00:01",287600
29650,150,200,"bu","13:00:01",287400
29650,150,200,"bu","13:00:01",287200
29600,100,1000,"sd","13:00:01",287000
29600,100,400,"sd","13:00:01",286000
29600,100,100,"sd","13:00:01",285600
29650,150,100,"bu","13:00:00",285500
29650,150,400,"bu","13:00:00",285400
29650,150,100,"bu","13:00:00",285000
29600,100,600,"sd","13:00:00",284900
29650,150,1200,"bu","13:00:00",284300
29600,100,200,"bu","13:00:00",283100
29600,100,2500,"bu","13:00:00",282900
29600,100,100,"bu","13:00:00",280400
29500,0,1500,"bu","11:29:58",280300
29450,-50,1000,"sd","11:27:00",278800
29400,-100,500,"unknown","11:22:20",277800
29400,-100,500,"unknown","11:22:20",277300
29400,-100,500,"sd","11:22:20",276800
29400,-100,500,"sd","11:22:20",276300
29500,0,400,"sd","11:22:17",275800
29500,0,1500,"sd","11:22:17",275400
29500,0,1000,"sd","11:22:17",273900
29500,0,400,"sd","11:22:17",272900
29500,0,1000,"sd","11:22:17",272500
29500,0,1400,"sd","11:22:17",271500
29600,100,300,"bu","11:20:59",270100
29600,100,200,"bu","11:20:59",269800
29500,0,100,"sd","11:19:20",269600
29650,150,300,"bu","11:19:19",269500
29600,100,100,"bu","11:19:19",269200
29600,100,200,"bu","11:19:18",269100
29600,100,200,"bu","11:19:18",268900
29600,100,400,"bu","11:19:18",268700
29600,100,500,"bu","11:18:57",268300
29600,100,200,"bu","11:18:04",267800
29600,100,200,"bu","11:18:03",267600
29550,50,100,"bu","11:18:03",267400
29550,50,300,"bu","11:18:03",267300
29600,100,100,"bu","11:17:32",267000
29600,100,100,"bu","11:17:31",266900
29550,50,100,"bu","11:17:30",266800
29550,50,100,"bu","11:17:29",266700
29500,0,200,"sd","11:14:48",266600
29550,50,100,"sd","11:14:48",266400
29550,50,100,"sd","11:14:44",266300
29550,50,100,"sd","11:14:13",266200
29600,100,300,"bu","11:14:00",266100
29600,100,200,"bu","11:14:00",265800
29600,100,300,"bu","11:13:49",265600
29600,100,500,"sd","11:12:16",265300
29600,100,200,"bu","11:12:09",264800
29600,100,200,"bu","11:12:09",264600
29600,100,1100,"bu","11:12:09",264400
29600,100,900,"bu","11:12:04",263300
29600,100,900,"bu","11:11:43",262400
29600,100,200,"bu","11:11:24",261500
29550,50,100,"bu","11:11:24",261300
29550,50,100,"bu","11:11:24",261200
29550,50,200,"bu","11:11:24",261100
29550,50,700,"bu","11:11:24",260900
29550,50,700,"bu","11:11:24",260200
29550,50,200,"bu","11:11:09",259500
29550,50,600,"bu","11:11:08",259300
29550,50,600,"bu","11:11:07",258700
29550,50,600,"bu","11:11:06",258100
29550,50,600,"bu","11:11:06",257500
29500,0,800,"sd","11:10:53",256900
29500,0,100,"bu","11:10:38",256100
29500,0,300,"bu","11:10:38",256000
29500,0,100,"bu","11:10:38",255700
29500,0,600,"bu","11:10:38",255600
29500,0,1400,"bu","11:10:38",255000
29500,0,300,"bu","11:08:49",253600
29500,0,200,"bu","11:08:49",253300
29500,0,500,"bu","11:05:21",253100
29500,0,2100,"bu","11:04:48",252600
29450,-50,200,"bu","11:04:48",250500
29450,-50,100,"bu","11:03:48",250300
29450,-50,100,"bu","11:03:48",250200
29450,-50,1500,"bu","11:03:48",250100
29450,-50,300,"bu","11:03:48",248600
29400,-100,700,"bu","11:02:50",248300
29400,-100,1000,"bu","11:02:50",247600
29400,-100,3000,"bu","11:02:50",246600
29400,-100,300,"bu","11:02:50",243600
29400,-100,500,"bu","11:02:17",243300
29400,-100,1200,"bu","11:01:46",242800
29300,-200,1800,"bu","11:01:24",241600
29300,-200,1000,"bu","11:00:43",239800
29350,-150,1900,"bu","10:58:17",238800
29350,-150,100,"bu","10:57:34",236900
29350,-150,200,"bu","10:57:34",236800
29300,-200,200,"bu","10:57:34",236600
29300,-200,100,"bu","10:57:34",236400
29300,-200,200,"bu","10:57:34",236300
29300,-200,200,"bu","10:57:34",236100
29300,-200,500,"bu","10:57:33",235900
29300,-200,500,"bu","10:57:33",235400
29200,-300,1600,"bu","10:57:24",234900
29200,-300,400,"bu","10:56:57",233300
29200,-300,100,"bu","10:56:57",232900
29200,-300,500,"bu","10:56:33",232800
29200,-300,500,"bu","10:56:00",232300
29200,-300,200,"sd","10:55:54",231800
29200,-300,1000,"sd","10:55:54",231600
29200,-300,100,"sd","10:55:54",230600
29300,-200,1300,"bu","10:54:45",230500
29300,-200,200,"bu","10:54:45",229200
29300,-200,23500,"bu","10:54:45",229000
29300,-200,2800,"bu","10:52:40",205500
29200,-300,1000,"bu","10:44:56",202700
29200,-300,1200,"bu","10:44:56",201700
29100,-400,300,"sd","10:40:48",200500
29150,-350,100,"sd","10:40:48",200200
29150,-350,500,"sd","10:40:48",200100
29150,-350,600,"sd","10:40:48",199600
29150,-350,1000,"sd","10:40:48",199000
29150,-350,500,"sd","10:40:48",198000
29200,-300,100,"sd","10:40:43",197500
29200,-300,200,"sd","10:40:43",197400
29200,-300,500,"sd","10:40:43",197200
29200,-300,200,"sd","10:40:43",196700
29200,-300,500,"sd","10:40:43",196500
29200,-300,100,"sd","10:40:43",196000
29200,-300,100,"sd","10:40:43",195900
29200,-300,700,"sd","10:40:43",195800
29200,-300,500,"sd","10:38:51",195100
29200,-300,400,"sd","10:38:51",194600
29200,-300,500,"sd","10:38:51",194200
29200,-300,200,"sd","10:37:49",193700
29200,-300,500,"sd","10:35:57",193500
29200,-300,800,"sd","10:35:47",193000
29200,-300,500,"sd","10:35:47",192200
29200,-300,600,"sd","10:34:39",191700
29200,-300,300,"sd","10:34:39",191100
29200,-300,200,"sd","10:33:46",190800
29250,-250,500,"sd","10:33:46",190600
29250,-250,1000,"sd","10:33:46",190100
29250,-250,500,"sd","10:33:46",189100
29250,-250,100,"sd","10:33:46",188600
29250,-250,300,"sd","10:33:46",188500
29250,-250,1000,"sd","10:33:46",188200
29250,-250,1400,"sd","10:33:46",187200
29250,-250,100,"sd","10:32:49",185800
29250,-250,300,"sd","10:32:49",185700
29250,-250,1700,"sd","10:29:40",185400
29250,-250,300,"sd","10:29:40",183700
29250,-250,1000,"sd","10:29:40",183400
29300,-200,1000,"bu","10:28:58",182400
29300,-200,200,"bu","10:27:42",181400
29300,-200,100,"bu","10:25:16",181200
29300,-200,200,"bu","10:21:59",181100
29300,-200,300,"bu","10:20:56",180900
29300,-200,5000,"bu","10:20:53",180600
29300,-200,100,"bu","10:19:35",175600
29300,-200,1200,"bu","10:19:14",175500
29300,-200,900,"bu","10:17:56",174300
29300,-200,3800,"bu","10:17:43",173400
29300,-200,500,"bu","10:16:39",169600
29300,-200,400,"bu","10:15:39",169100
29300,-200,500,"bu","10:14:41",168700
29250,-250,500,"sd","10:11:42",168200
29250,-250,200,"sd","10:11:05",167700
29300,-200,100,"bu","10:10:54",167500
29300,-200,600,"sd","10:10:40",167400
29300,-200,700,"sd","10:10:40",166800
29300,-200,100,"sd","10:10:40",166100
29300,-200,1000,"sd","10:10:40",166000
29300,-200,200,"sd","10:10:40",165000
29300,-200,100,"sd","10:10:40",164800
29300,-200,500,"sd","10:10:40",164700
29300,-200,5000,"sd","10:10:40",164200
29300,-200,200,"sd","10:10:40",159200
29300,-200,1000,"sd","10:10:40",159000
29300,-200,100,"sd","10:04:41",158000
29300,-200,200,"sd","10:04:41",157900
29300,-200,600,"sd","10:04:38",157700
29300,-200,100,"sd","10:02:52",157100
29300,-200,300,"sd","10:00:13",157000
29300,-200,400,"sd","10:00:13",156700
29300,-200,100,"sd","10:00:13",156300
29300,-200,1500,"sd","10:00:11",156200
29300,-200,2000,"sd","09:58:58",154700
29300,-200,100,"sd","09:58:54",152700
29300,-200,100,"sd","09:57:59",152600
29300,-200,500,"bu","09:57:48",152500
29300,-200,400,"bu","09:57:48",152000
29300,-200,400,"bu","09:56:50",151600
29300,-200,100,"bu","09:54:50",151200
29300,-200,200,"bu","09:54:47",151100
29300,-200,100,"bu","09:54:43",150900
29300,-200,500,"bu","09:54:18",150800
29300,-200,500,"bu","09:51:02",150300
29300,-200,6000,"sd","09:49:40",149800
29300,-200,6000,"sd","09:49:40",143800
29300,-200,1000,"bu","09:47:51",137800
29300,-200,1500,"bu","09:47:51",136800
29250,-250,1500,"bu","09:47:51",135300
29250,-250,200,"bu","09:47:41",133800
29250,-250,100,"sd","09:47:28",133600
29250,-250,200,"sd","09:47:28",133500
29250,-250,100,"sd","09:46:35",133300
29250,-250,200,"sd","09:45:04",133200
29250,-250,100,"sd","09:44:15",133000
29300,-200,100,"bu","09:44:03",132900
29300,-200,500,"bu","09:42:40",132800
29300,-200,300,"sd","09:42:03",132300
29300,-200,300,"sd","09:42:03",132000
29300,-200,600,"bu","09:41:27",131700
29300,-200,200,"bu","09:41:27",131100
29300,-200,900,"bu","09:41:26",130900
29300,-200,300,"bu","09:39:18",130000
29300,-200,200,"bu","09:38:43",129700
29200,-300,400,"sd","09:37:04",129500
29200,-300,100,"sd","09:37:04",129100
29200,-300,400,"sd","09:36:12",129000
29200,-300,100,"sd","09:36:12",128600
29200,-300,1000,"sd","09:36:12",128500
29200,-300,200,"sd","09:36:12",127500
29200,-300,500,"sd","09:36:09",127300
29200,-300,500,"sd","09:34:10",126800
29300,-200,200,"bu","09:34:06",126300
29300,-200,100,"bu","09:32:52",126100
29300,-200,300,"bu","09:30:56",126000
29300,-200,700,"bu","09:30:56",125700
29300,-200,1300,"bu","09:30:39",125000
29300,-200,300,"bu","09:30:39",123700
29300,-200,400,"bu","09:30:39",123400
29200,-300,1000,"sd","09:29:15",123000
29300,-200,200,"bu","09:28:51",122000
29300,-200,1800,"bu","09:27:40",121800
29300,-200,600,"bu","09:26:17",120000
29200,-300,2800,"bu","09:26:05",119400
29100,-400,1000,"bu","09:25:20",116600
29050,-450,800,"sd","09:23:55",115600
29050,-450,4200,"bu","09:23:28",114800
29000,-500,1200,"bu","09:22:31",110600
29000,-500,500,"bu","09:21:55",109400
29000,-500,600,"bu","09:21:43",108900
29000,-500,2000,"bu","09:21:30",108300
29000,-500,1000,"bu","09:21:24",106300
29000,-500,200,"bu","09:21:21",105300
29000,-500,800,"bu","09:20:59",105100
29000,-500,1900,"bu","09:20:47",104300
29000,-500,2000,"bu","09:20:27",102400
29000,-500,200,"bu","09:20:19",100400
28950,-550,500,"sd","09:20:15",100200
28950,-550,500,"sd","09:20:15",99700
28950,-550,2600,"sd","09:20:15",99200
28950,-550,5000,"sd","09:20:15",96600
29000,-500,100,"bu","09:20:08",91600
29000,-500,1600,"sd","09:20:00",91500
29000,-500,1600,"bu","09:18:57",89900
29000,-500,1000,"bu","09:18:49",88300
29000,-500,1000,"bu","09:18:24",87300
29000,-500,100,"bu","09:18:06",86300
29000,-500,300,"bu","09:18:02",86200
29000,-500,700,"bu","09:18:02",85900
29000,-500,200,"bu","09:17:41",85200
29000,-500,500,"sd","09:17:37",85000
29000,-500,100,"sd","09:17:37",84500
29000,-500,300,"sd","09:17:37",84400
29000,-500,200,"sd","09:17:37",84100
29000,-500,1000,"sd","09:17:37",83900
29000,-500,200,"sd","09:17:37",82900
29000,-500,1000,"sd","09:17:37",82700
29000,-500,5000,"sd","09:17:37",81700
29100,-400,100,"sd","09:17:37",76700
29100,-400,700,"sd","09:17:37",76600
29100,-400,2300,"bu","09:17:30",75900
29100,-400,1000,"bu","09:17:22",73600
29100,-400,400,"sd","09:17:20",72600
29100,-400,5000,"sd","09:17:20",72200
29100,-400,100,"sd","09:17:20",67200
29100,-400,1000,"sd","09:17:20",67100
29100,-400,4200,"sd","09:17:20",66100
29200,-300,100,"sd","09:17:16",61900
29200,-300,2500,"sd","09:17:16",61800
29200,-300,2000,"sd","09:17:16",59300
29300,-200,300,"sd","09:17:12",57300
29300,-200,100,"sd","09:17:12",57000
29300,-200,800,"sd","09:17:12",56900
29500,0,100,"bu","09:17:09",56100
29500,0,500,"unknown","09:17:09",56000
29500,0,500,"sd","09:17:09",55500
29500,0,500,"sd","09:17:09",55000
29500,0,500,"bu","09:17:03",54500
29500,0,500,"bu","09:17:02",54000
29500,0,500,"bu","09:17:01",53500
29500,0,100,"bu","09:16:50",53000
29500,0,3000,"bu","09:16:41",52900
29500,0,3000,"bu","09:16:34",49900
29500,0,100,"bu","09:16:34",46900
29500,0,3000,"bu","09:16:33",46800
29500,0,300,"bu","09:16:25",43800
29500,0,1100,"sd","09:16:24",43500
29500,0,1300,"sd","09:16:24",42400
29500,0,200,"sd","09:16:24",41100
29550,50,200,"sd","09:16:24",40900
29550,50,2200,"sd","09:16:24",40700
29550,50,400,"bu","09:16:21",38500
29550,50,2600,"bu","09:16:20",38100
29550,50,2600,"bu","09:16:19",35500
29550,50,2600,"bu","09:16:18",32900
29550,50,2600,"bu","09:16:18",30300
29500,0,500,"sd","09:16:13",27700
29500,0,600,"bu","09:16:07",27200
29500,0,100,"bu","09:16:06",26600
29500,0,300,"bu","09:16:06",26500
29500,0,900,"bu","09:16:06",26200
29500,0,400,"bu","09:15:57",25300
29500,0,1000,"bu","09:15:57",24900
29500,0,1400,"bu","09:15:57",23900
29500,0,1100,"bu","09:15:56",22500
29500,0,100,"bu","09:15:56",21400
29500,0,1200,"bu","09:15:56",21300
29500,0,800,"bu","09:15:55",20100
29500,0,500,"bu","09:15:55",19300
29450,-50,1100,"bu","09:15:55",18800
29450,-50,2400,"bu","09:15:54",17700
29300,-200,600,"sd","09:15:51",15300
29400,-100,500,"bu","09:15:42",14700
29400,-100,2500,"bu","09:15:42",14200
29400,-100,11700,"unknown","09:14:59",11700
