"price","change","match_qtty","side","time","total_vol"
9600,50,157600,"unknown","14:44:59",8033800
9590,40,200,"bu","14:29:54",7876200
9580,30,500,"sd","14:29:53",7876000
9580,30,500,"sd","14:29:52",7875500
9590,40,1800,"sd","14:29:49",7875000
9590,40,300,"sd","14:29:49",7873200
9590,40,200,"sd","14:29:49",7872900
9590,40,200,"sd","14:29:49",7872700
9590,40,500,"sd","14:29:49",7872500
9590,40,2000,"sd","14:29:49",7872000
9590,40,800,"sd","14:29:49",7870000
9590,40,100,"sd","14:29:48",7869200
9590,40,2000,"sd","14:29:44",7869100
9590,40,2000,"sd","14:29:39",7867100
9600,50,200,"bu","14:29:38",7865100
9600,50,200,"bu","14:29:36",7864900
9600,50,800,"bu","14:29:36",7864700
9600,50,100,"bu","14:29:29",7863900
9600,50,100,"bu","14:29:25",7863800
9600,50,1900,"bu","14:29:25",7863700
9600,50,8100,"bu","14:29:17",7861800
9600,50,1000,"bu","14:29:17",7853700
9600,50,900,"bu","14:29:17",7852700
9590,40,100,"sd","14:29:12",7851800
9600,50,100,"sd","14:29:11",7851700
9600,50,200,"sd","14:29:11",7851600
9600,50,4800,"sd","14:29:10",7851400
9600,50,2000,"sd","14:29:10",7846600
9600,50,600,"sd","14:29:10",7844600
9600,50,100,"sd","14:29:10",7844000
9600,50,2500,"sd","14:29:10",7843900
9600,50,100,"sd","14:29:09",7841400
9600,50,1800,"sd","14:29:04",7841300
9600,50,1900,"sd","14:29:02",7839500
9600,50,100,"sd","14:29:02",7837600
9600,50,200,"sd","14:29:02",7837500
9600,50,800,"sd","14:29:02",7837300
9610,60,100,"sd","14:28:59",7836500
9610,60,4900,"bu","14:28:56",7836400
9600,50,1200,"sd","14:28:53",7831500
9600,50,5000,"sd","14:28:53",7830300
9600,50,2000,"sd","14:28:53",7825300
9600,50,100,"sd","14:28:53",7823300
9600,50,1000,"sd","14:28:53",7823200
9600,50,500,"sd","14:28:53",7822200
9600,50,200,"sd","14:28:53",7821700
9600,50,300,"sd","14:28:49",7821500
9600,50,100,"sd","14:28:49",7821200
9600,50,600,"sd","14:28:49",7821100
9610,60,100,"bu","14:28:49",7820500
9600,50,900,"sd","14:28:47",7820400
9600,50,2000,"sd","14:28:47",7819500
9600,50,1000,"sd","14:28:47",7817500
9600,50,4600,"sd","14:28:47",7816500
9600,50,400,"sd","14:28:46",7811900
9600,50,1600,"sd","14:28:46",7811500
9600,50,600,"sd","14:28:45",7809900
9600,50,400,"sd","14:28:43",7809300
9610,60,100,"bu","14:28:41",7808900
9600,50,200,"sd","14:28:40",7808800
9600,50,400,"sd","14:28:40",7808600
9600,50,100,"sd","14:28:40",7808200
9600,50,300,"sd","14:28:40",7808100
9600,50,100,"sd","14:28:40",7807800
9600,50,100,"sd","14:28:40",7807700
9600,50,100,"sd","14:28:40",7807600
9600,50,500,"sd","14:28:40",7807500
9600,50,300,"sd","14:28:40",7807000
9600,50,1000,"sd","14:28:40",7806700
9600,50,3000,"sd","14:28:40",7805700
9600,50,500,"sd","14:28:40",7802700
9600,50,3400,"sd","14:28:40",7802200
9600,50,1600,"sd","14:28:36",7798800
9600,50,200,"sd","14:28:36",7797200
9600,50,2000,"sd","14:28:36",7797000
9600,50,1000,"sd","14:28:36",7795000
9600,50,5200,"sd","14:28:36",7794000
9610,60,500,"sd","14:28:26",7788800
9620,70,100,"bu","14:28:25",7788300
9600,50,3000,"sd","14:28:17",7788200
9600,50,2000,"sd","14:28:17",7785200
9600,50,200,"sd","14:28:17",7783200
9600,50,4800,"sd","14:28:17",7783000
9600,50,800,"sd","14:28:13",7778200
9600,50,500,"sd","14:28:13",7777400
9600,50,1000,"sd","14:28:13",7776900
9600,50,7700,"sd","14:28:13",7775900
9600,50,1900,"sd","14:28:07",7768200
9610,60,100,"sd","14:28:07",7766300
9610,60,100,"bu","14:28:05",7766200
9600,50,200,"sd","14:28:03",7766100
9600,50,3000,"sd","14:28:03",7765900
9600,50,2000,"sd","14:28:03",7762900
9610,60,200,"sd","14:28:03",7760900
9610,60,100,"sd","14:28:03",7760700
9610,60,500,"sd","14:28:03",7760600
9610,60,1100,"sd","14:28:03",7760100
9600,50,400,"sd","14:28:03",7759000
9600,50,100,"sd","14:28:03",7758600
9600,50,400,"sd","14:28:03",7758500
9610,60,3900,"sd","14:27:53",7758100
9610,60,100,"sd","14:27:53",7754200
9620,70,100,"sd","14:27:43",7754100
9620,70,200,"sd","14:27:43",7754000
9620,70,2000,"sd","14:27:43",7753800
9630,80,900,"sd","14:27:37",7751800
9630,80,100,"sd","14:27:31",7750900
9630,80,100,"sd","14:27:31",7750800
9630,80,100,"sd","14:27:31",7750700
9630,80,5000,"sd","14:27:31",7750600
9630,80,4700,"sd","14:27:31",7745600
9640,90,500,"sd","14:27:29",7740900
9640,90,400,"sd","14:27:29",7740400
9640,90,3000,"sd","14:27:29",7740000
9640,90,100,"sd","14:27:29",7737000
9640,90,100,"sd","14:27:29",7736900
9640,90,2500,"sd","14:27:29",7736800
9640,90,2000,"sd","14:27:28",7734300
9640,90,500,"sd","14:27:26",7732300
9650,100,2000,"bu","14:27:24",7731800
9650,100,10000,"sd","14:27:12",7729800
9650,100,2000,"sd","14:27:12",7719800
9650,100,100000,"sd","14:27:11",7717800
9650,100,200,"sd","14:27:11",7617800
9650,100,100,"sd","14:27:11",7617600
9650,100,1000,"sd","14:27:11",7617500
9650,100,1000,"sd","14:27:11",7616500
9650,100,1100,"sd","14:27:11",7615500
9650,100,300,"sd","14:27:11",7614400
9650,100,5300,"sd","14:27:11",7614100
9650,100,100,"sd","14:27:11",7608800
9650,100,200,"sd","14:27:11",7608700
9650,100,7000,"sd","14:27:11",7608500
9650,100,2100,"sd","14:27:11",7601500
9650,100,300,"sd","14:27:11",7599400
9650,100,3100,"sd","14:27:11",7599100
9650,100,200,"sd","14:27:11",7596000
9650,100,500,"sd","14:27:11",7595800
9650,100,200,"sd","14:27:11",7595300
9650,100,500,"sd","14:27:11",7595100
9650,100,1000,"sd","14:27:11",7594600
9650,100,100,"sd","14:27:11",7593600
9650,100,1000,"sd","14:27:11",7593500
9650,100,5000,"sd","14:27:11",7592500
9650,100,5000,"sd","14:27:07",7587500
9660,110,100,"sd","14:26:52",7582500
9660,110,2000,"sd","14:26:52",7582400
9660,110,300,"sd","14:26:52",7580400
9660,110,700,"sd","14:26:48",7580100
9660,110,1000,"sd","14:26:48",7579400
9660,110,2000,"sd","14:26:48",7578400
9660,110,500,"sd","14:26:48",7576400
9660,110,100,"sd","14:26:48",7575900
9660,110,100,"sd","14:26:48",7575800
9660,110,300,"sd","14:26:48",7575700
9660,110,1000,"sd","14:26:48",7575400
9660,110,1000,"sd","14:26:48",7574400
9660,110,100,"sd","14:26:48",7573400
9660,110,5000,"sd","14:26:48",7573300
9660,110,3200,"sd","14:26:48",7568300
9660,110,500,"sd","14:26:42",7565100
9660,110,600,"sd","14:26:39",7564600
9660,110,700,"sd","14:26:34",7564000
9660,110,800,"sd","14:26:34",7563300
9660,110,100,"sd","14:26:27",7562500
9660,110,9100,"sd","14:26:26",7562400
9660,110,500,"sd","14:26:26",7553300
9660,110,400,"sd","14:26:26",7552800
9670,120,300,"sd","14:26:19",7552400
9670,120,1600,"sd","14:26:17",7552100
9670,120,100,"sd","14:26:17",7550500
9670,120,800,"sd","14:26:17",7550400
9670,120,500,"sd","14:26:17",7549600
9670,120,500,"sd","14:26:17",7549100
9670,120,2500,"sd","14:26:15",7548600
9670,120,500,"sd","14:26:15",7546100
9670,120,1000,"sd","14:26:15",7545600
9670,120,500,"sd","14:26:15",7544600
9670,120,600,"sd","14:26:15",7544100
9670,120,4900,"sd","14:26:15",7543500
9670,120,1000,"sd","14:26:11",7538600
9670,120,4100,"sd","14:26:10",7537600
9670,120,4500,"sd","14:26:10",7533500
9670,120,1000,"sd","14:26:10",7529000
9670,120,3500,"sd","14:26:10",7528000
9670,120,1000,"sd","14:26:09",7524500
9670,120,100,"sd","14:26:09",7523500
9670,120,100,"sd","14:26:09",7523400
9670,120,400,"sd","14:25:58",7523300
9670,120,100,"sd","14:25:58",7522900
9680,130,2200,"bu","14:25:56",7522800
9670,120,900,"sd","14:25:54",7520600
9670,120,100,"sd","14:25:54",7519700
9670,120,600,"sd","14:25:47",7519600
9670,120,1000,"sd","14:25:47",7519000
9670,120,100,"sd","14:25:47",7518000
9670,120,500,"sd","14:25:47",7517900
9670,120,5300,"sd","14:25:47",7517400
9670,120,1000,"sd","14:25:46",7512100
9670,120,2000,"sd","14:25:41",7511100
9670,120,500,"sd","14:25:25",7509100
9670,120,500,"sd","14:25:22",7508600
9670,120,5000,"sd","14:25:16",7508100
9670,120,1000,"sd","14:24:52",7503100
9670,120,4000,"sd","14:24:47",7502100
9670,120,5000,"sd","14:24:36",7498100
9670,120,500,"sd","14:24:24",7493100
9680,130,300,"bu","14:24:24",7492600
9680,130,100,"bu","14:24:19",7492300
9670,120,400,"sd","14:24:18",7492200
9670,120,3000,"sd","14:24:14",7491800
9680,130,1000,"bu","14:24:13",7488800
9680,130,1500,"bu","14:24:13",7487800
9680,130,1000,"bu","14:24:13",7486300
9680,130,2000,"bu","14:24:13",7485300
9680,130,1000,"bu","14:24:13",7483300
9680,130,5000,"bu","14:24:13",7482300
9680,130,1400,"bu","14:24:13",7477300
9670,120,100,"sd","14:24:08",7475900
9670,120,6000,"sd","14:23:57",7475800
9670,120,2500,"sd","14:23:54",7469800
9680,130,100,"bu","14:23:54",7467300
9670,120,2700,"sd","14:23:47",7467200
9670,120,5000,"sd","14:23:35",7464500
9680,130,500,"bu","14:23:24",7459500
9680,130,500,"bu","14:23:24",7459000
9680,130,500,"bu","14:23:24",7458500
9680,130,1500,"bu","14:23:24",7458000
9670,120,5000,"sd","14:23:06",7456500
9670,120,400,"sd","14:22:50",7451500
9670,120,100,"sd","14:22:50",7451100
9670,120,100,"sd","14:22:50",7451000
9680,130,2000,"bu","14:22:44",7450900
9680,130,500,"bu","14:22:40",7448900
9680,130,300,"bu","14:22:40",7448400
9680,130,3000,"bu","14:22:28",7448100
9680,130,100,"bu","14:22:18",7445100
9680,130,400,"bu","14:22:17",7445000
9680,130,4700,"bu","14:22:12",7444600
9680,130,300,"bu","14:22:12",7439900
9680,130,700,"bu","14:22:11",7439600
9680,130,1800,"bu","14:22:11",7438900
9680,130,2000,"bu","14:22:11",7437100
9680,130,100,"bu","14:21:50",7435100
9680,130,1100,"bu","14:21:43",7435000
9680,130,900,"bu","14:21:43",7433900
9680,130,200,"bu","14:21:39",7433000
9670,120,200,"sd","14:21:35",7432800
9670,120,2800,"sd","14:21:35",7432600
9680,130,1000,"bu","14:21:28",7429800
9680,130,800,"bu","14:21:17",7428800
9680,130,800,"bu","14:21:10",7428000
9670,120,100,"sd","14:21:06",7427200
9670,120,100,"sd","14:21:00",7427100
9670,120,3000,"sd","14:20:55",7427000
9670,120,100,"sd","14:20:53",7424000
9670,120,500,"sd","14:20:51",7423900
9670,120,200,"sd","14:20:44",7423400
9670,120,200,"bu","14:20:31",7423200
9670,120,1000,"bu","14:20:31",7423000
9670,120,2000,"bu","14:20:31",7422000
9670,120,1000,"bu","14:20:27",7420000
9670,120,100,"bu","14:20:27",7419000
9670,120,100,"bu","14:20:27",7418900
9670,120,300,"bu","14:20:27",7418800
9670,120,2500,"bu","14:20:27",7418500
9660,110,2000,"sd","14:20:27",7416000
9670,120,1000,"bu","14:20:24",7414000
9670,120,1000,"bu","14:20:18",7413000
9670,120,5500,"bu","14:20:15",7412000
9670,120,4500,"bu","14:20:15",7406500
9670,120,200,"bu","14:20:15",7402000
9670,120,2300,"bu","14:20:10",7401800
9670,120,1400,"bu","14:20:07",7399500
9660,110,1000,"sd","14:20:03",7398100
9670,120,300,"bu","14:20:00",7397100
9670,120,1000,"bu","14:19:53",7396800
9670,120,300,"bu","14:19:44",7395800
9670,120,200,"bu","14:19:44",7395500
9660,110,1600,"sd","14:19:36",7395300
9660,110,300,"sd","14:19:36",7393700
9660,110,100,"sd","14:19:36",7393400
9670,120,800,"bu","14:19:25",7393300
9670,120,200,"bu","14:19:25",7392500
9670,120,300,"bu","14:19:23",7392300
9670,120,500,"bu","14:19:20",7392000
9670,120,4500,"bu","14:19:20",7391500
9670,120,200,"sd","14:19:09",7387000
9670,120,300,"sd","14:19:09",7386800
9670,120,300,"sd","14:19:09",7386500
9670,120,600,"sd","14:19:09",7386200
9670,120,100,"sd","14:19:06",7385600
9670,120,300,"sd","14:18:52",7385500
9670,120,300,"sd","14:18:52",7385200
9670,120,300,"sd","14:18:52",7384900
9670,120,300,"sd","14:18:52",7384600
9670,120,300,"sd","14:18:52",7384300
9670,120,300,"sd","14:18:52",7384000
9670,120,500,"sd","14:18:52",7383700
9670,120,500,"sd","14:18:52",7383200
9670,120,300,"sd","14:18:52",7382700
9670,120,400,"sd","14:18:52",7382400
9670,120,1500,"sd","14:18:52",7382000
9670,120,100,"sd","14:18:51",7380500
9670,120,600,"sd","14:18:48",7380400
9670,120,2800,"sd","14:18:46",7379800
9670,120,200,"sd","14:18:46",7377000
9670,120,2000,"sd","14:18:46",7376800
9670,120,100,"sd","14:18:46",7374800
9670,120,1000,"sd","14:18:46",7374700
9670,120,500,"sd","14:18:46",7373700
9670,120,3000,"sd","14:18:46",7373200
9670,120,600,"sd","14:18:46",7370200
9670,120,3000,"sd","14:18:46",7369600
9680,130,100,"bu","14:18:45",7366600
9670,120,20000,"sd","14:18:43",7366500
9670,120,3000,"sd","14:18:27",7346500
9670,120,1500,"sd","14:18:24",7343500
9670,120,1000,"sd","14:18:08",7342000
9680,130,1000,"bu","14:18:07",7341000
9670,120,1200,"sd","14:18:06",7340000
9670,120,1600,"sd","14:17:56",7338800
9670,120,2000,"sd","14:17:35",7337200
9670,120,1000,"sd","14:17:31",7335200
9670,120,2800,"sd","14:17:20",7334200
9670,120,3900,"sd","14:17:00",7331400
9680,130,200,"bu","14:16:55",7327500
9680,130,300,"bu","14:16:53",7327300
9680,130,700,"bu","14:16:52",7327000
9680,130,300,"bu","14:16:52",7326300
9680,130,300,"bu","14:16:34",7326000
9680,130,200,"bu","14:16:16",7325700
9670,120,300,"sd","14:16:05",7325500
9670,120,2000,"sd","14:15:57",7325200
9670,120,2000,"sd","14:15:54",7323200
9680,130,400,"bu","14:15:38",7321200
9680,130,1000,"sd","14:15:35",7320800
9680,130,400,"sd","14:15:35",7319800
9680,130,1000,"sd","14:15:35",7319400
9680,130,2400,"sd","14:15:35",7318400
9680,130,4000,"sd","14:15:35",7316000
9680,130,1000,"sd","14:15:21",7312000
9680,130,400,"sd","14:15:15",7311000
9680,130,200,"sd","14:15:15",7310600
9680,130,900,"sd","14:15:15",7310400
9680,130,400,"sd","14:15:15",7309500
9680,130,600,"sd","14:15:14",7309100
9680,130,400,"sd","14:15:14",7308500
9680,130,300,"sd","14:15:14",7308100
9680,130,100,"sd","14:15:13",7307800
9680,130,100,"sd","14:15:13",7307700
9680,130,200,"sd","14:15:13",7307600
9680,130,1500,"sd","14:15:13",7307400
9680,130,500,"sd","14:15:07",7305900
9680,130,200,"sd","14:15:07",7305400
9680,130,4300,"sd","14:15:07",7305200
9680,130,200,"sd","14:15:05",7300900
9680,130,5000,"sd","14:15:02",7300700
9680,130,300,"sd","14:14:55",7295700
9680,130,200,"sd","14:14:50",7295400
9680,130,100,"sd","14:14:50",7295200
9680,130,700,"sd","14:14:50",7295100
9680,130,500,"sd","14:14:48",7294400
9680,130,100,"sd","14:14:48",7293900
9680,130,400,"sd","14:14:48",7293800
9690,140,500,"bu","14:14:47",7293400
9680,130,100,"sd","14:14:33",7292900
9680,130,400,"sd","14:14:33",7292800
9680,130,200,"sd","14:14:33",7292400
9680,130,200,"sd","14:14:33",7292200
9680,130,300,"sd","14:14:33",7292000
9680,130,500,"sd","14:14:29",7291700
9680,130,1000,"sd","14:14:27",7291200
9680,130,3200,"sd","14:14:06",7290200
9680,130,4000,"sd","14:14:06",7287000
9680,130,3000,"sd","14:14:06",7283000
9680,130,3200,"sd","14:14:06",7280000
9680,130,3000,"sd","14:14:06",7276800
9680,130,1000,"sd","14:14:06",7273800
9680,130,2000,"sd","14:14:06",7272800
9680,130,600,"sd","14:14:06",7270800
9690,140,1700,"bu","14:14:05",7270200
9690,140,1300,"bu","14:14:05",7268500
9690,140,400,"bu","14:14:04",7267200
9690,140,400,"bu","14:13:46",7266800
9690,140,1200,"bu","14:13:37",7266400
9690,140,400,"bu","14:13:27",7265200
9690,140,400,"sd","14:13:17",7264800
9690,140,900,"sd","14:13:17",7264400
9690,140,5000,"sd","14:13:12",7263500
9690,140,2000,"bu","14:12:58",7258500
9690,140,1000,"bu","14:12:58",7256500
9690,140,10000,"bu","14:12:58",7255500
9690,140,100,"bu","14:12:58",7245500
9690,140,10000,"bu","14:12:58",7245400
9690,140,1000,"bu","14:12:58",7235400
9690,140,100,"bu","14:12:50",7234400
9690,140,300,"bu","14:12:50",7234300
9690,140,2000,"bu","14:12:35",7234000
9690,140,100,"bu","14:12:31",7232000
9690,140,300,"bu","14:12:31",7231900
9690,140,1000,"bu","14:12:17",7231600
9690,140,400,"bu","14:12:15",7230600
9690,140,200,"bu","14:12:06",7230200
9690,140,400,"bu","14:11:53",7230000
9690,140,300,"bu","14:11:51",7229600
9690,140,400,"bu","14:11:35",7229300
9690,140,2000,"bu","14:11:18",7228900
9690,140,400,"bu","14:11:16",7226900
9690,140,500,"bu","14:11:05",7226500
9680,130,900,"sd","14:11:01",7226000
9680,130,100,"sd","14:11:01",7225100
9680,130,500,"sd","14:11:01",7225000
9680,130,3100,"sd","14:11:01",7224500
9690,140,400,"sd","14:11:01",7221400
9690,140,3800,"sd","14:11:01",7221000
9690,140,400,"sd","14:11:01",7217200
9690,140,500,"sd","14:11:01",7216800
9690,140,500,"sd","14:11:01",7216300
9690,140,400,"sd","14:11:01",7215800
9690,140,400,"sd","14:11:01",7215400
9690,140,29000,"sd","14:11:01",7215000
9690,140,1000,"sd","14:10:58",7186000
9690,140,500,"sd","14:10:53",7185000
9690,140,500,"sd","14:10:50",7184500
9690,140,900,"sd","14:10:45",7184000
9690,140,1000,"sd","14:10:41",7183100
9690,140,5000,"sd","14:10:28",7182100
9690,140,12000,"sd","14:10:27",7177100
9700,150,900,"bu","14:10:22",7165100
9700,150,400,"bu","14:10:20",7164200
9700,150,200,"bu","14:10:16",7163800
9700,150,300,"bu","14:10:16",7163600
9690,140,100,"sd","14:10:14",7163300
9690,140,100,"sd","14:10:14",7163200
9700,150,200,"bu","14:10:14",7163100
9700,150,500,"bu","14:10:14",7162900
9700,150,1000,"bu","14:10:14",7162400
9700,150,100,"bu","14:10:14",7161400
9700,150,1200,"bu","14:10:14",7161300
9700,150,400,"bu","14:10:01",7160100
9700,150,400,"bu","14:09:42",7159700
9700,150,400,"bu","14:09:24",7159300
9700,150,2600,"bu","14:09:11",7158900
9700,150,1000,"bu","14:09:11",7156300
9700,150,1100,"bu","14:09:11",7155300
9700,150,100,"bu","14:09:09",7154200
9700,150,400,"bu","14:09:05",7154100
9700,150,400,"bu","14:08:46",7153700
9700,150,6000,"bu","14:08:37",7153300
9700,150,10000,"bu","14:08:37",7147300
9700,150,300,"bu","14:08:37",7137300
9700,150,1000,"bu","14:08:37",7137000
9700,150,1000,"bu","14:08:37",7136000
9700,150,100,"bu","14:08:37",7135000
9700,150,1600,"bu","14:08:37",7134900
9700,150,200,"bu","14:08:33",7133300
9690,140,100,"sd","14:08:20",7133100
9690,140,200,"sd","14:08:17",7133000
9690,140,300,"sd","14:08:17",7132800
9690,140,100,"sd","14:08:14",7132500
9690,140,600,"sd","14:08:08",7132400
9690,140,400,"sd","14:08:08",7131800
9690,140,300,"sd","14:08:06",7131400
9690,140,100,"sd","14:08:04",7131100
9690,140,700,"bu","14:08:03",7131000
9690,140,2500,"bu","14:08:03",7130300
9690,140,1000,"bu","14:08:03",7127800
9680,130,400,"sd","14:07:57",7126800
9680,130,2000,"sd","14:07:57",7126400
9680,130,100,"sd","14:07:57",7124400
9680,130,400,"sd","14:07:57",7124300
9680,130,1000,"sd","14:07:57",7123900
9680,130,200,"sd","14:07:57",7122900
9680,130,1900,"sd","14:07:57",7122700
9680,130,4000,"sd","14:07:57",7120800
9680,130,500,"sd","14:07:38",7116800
9690,140,700,"bu","14:07:34",7116300
9690,140,400,"bu","14:07:31",7115600
9690,140,300,"bu","14:07:21",7115200
9690,140,400,"sd","14:07:20",7114900
9690,140,500,"sd","14:07:20",7114500
9690,140,400,"sd","14:07:20",7114000
9690,140,1000,"sd","14:07:20",7113600
9690,140,5600,"sd","14:07:20",7112600
9690,140,3000,"sd","14:07:19",7107000
9690,140,500,"sd","14:07:11",7104000
9690,140,9700,"sd","14:07:10",7103500
9690,140,800,"sd","14:07:10",7093800
9690,140,100,"sd","14:07:09",7093000
9690,140,500,"sd","14:07:02",7092900
9690,140,600,"bu","14:06:40",7092400
9690,140,400,"bu","14:06:35",7091800
9690,140,400,"bu","14:06:35",7091400
9690,140,200,"sd","14:06:25",7091000
9690,140,200,"sd","14:06:25",7090800
9690,140,400,"sd","14:06:25",7090600
9690,140,800,"sd","14:06:25",7090200
9690,140,100,"sd","14:06:18",7089400
9690,140,500,"sd","14:06:12",7089300
9690,140,200,"sd","14:06:11",7088800
9690,140,500,"sd","14:06:09",7088600
9700,150,5000,"bu","14:06:07",7088100
9690,140,100,"sd","14:06:06",7083100
9690,140,1000,"bu","14:06:00",7083000
9690,140,1800,"bu","14:06:00",7082000
9690,140,400,"bu","14:05:58",7080200
9690,140,800,"bu","14:05:45",7079800
9690,140,1200,"bu","14:05:45",7079000
9690,140,1800,"bu","14:05:41",7077800
9690,140,11700,"bu","14:05:41",7076000
9690,140,400,"bu","14:05:39",7064300
9690,140,1000,"bu","14:05:38",7063900
9690,140,1600,"bu","14:05:28",7062900
9690,140,500,"sd","14:05:24",7061300
9690,140,2500,"sd","14:05:24",7060800
9690,140,5000,"sd","14:05:24",7058300
9690,140,200,"sd","14:05:24",7053300
9690,140,500,"sd","14:05:24",7053100
9690,140,500,"sd","14:05:24",7052600
9690,140,100,"sd","14:05:24",7052100
9690,140,1000,"sd","14:05:24",7052000
9690,140,400,"sd","14:05:24",7051000
9690,140,500,"sd","14:05:24",7050600
9690,140,1000,"sd","14:05:24",7050100
9690,140,400,"sd","14:05:24",7049100
9690,140,2000,"sd","14:05:24",7048700
9690,140,700,"sd","14:05:24",7046700
9690,140,300,"sd","14:05:19",7046000
9700,150,400,"bu","14:05:19",7045700
9700,150,2800,"bu","14:05:13",7045300
9700,150,500,"bu","14:05:13",7042500
9700,150,100,"bu","14:05:13",7042000
9700,150,1600,"bu","14:05:13",7041900
9700,150,100,"bu","14:05:08",7040300
9700,150,400,"bu","14:05:02",7040200
9700,150,800,"bu","14:04:51",7039800
9700,150,2200,"bu","14:04:45",7039000
9700,150,400,"bu","14:04:43",7036800
9700,150,5000,"bu","14:04:29",7036400
9700,150,400,"bu","14:04:24",7031400
9700,150,200,"sd","14:04:15",7031000
9700,150,3900,"sd","14:04:15",7030800
9700,150,400,"sd","14:04:15",7026900
9700,150,300,"sd","14:04:15",7026500
9700,150,400,"sd","14:04:15",7026200
9700,150,17900,"sd","14:04:15",7025800
9700,150,1000,"sd","14:04:15",7007900
9700,150,10000,"sd","14:04:00",7006900
9700,150,500,"bu","14:03:56",6996900
9700,150,600,"bu","14:03:56",6996400
9700,150,400,"bu","14:03:48",6995800
9700,150,2400,"bu","14:03:48",6995400
9700,150,400,"bu","14:03:47",6993000
9700,150,100,"bu","14:03:45",6992600
9700,150,400,"sd","14:03:40",6992500
9700,150,400,"sd","14:03:40",6992100
9700,150,12000,"sd","14:03:40",6991700
9700,150,100,"sd","14:03:40",6979700
9700,150,100,"sd","14:03:40",6979600
9700,150,400,"sd","14:03:40",6979500
9700,150,3600,"sd","14:03:40",6979100
9700,150,100,"sd","14:03:36",6975500
9700,150,100,"sd","14:03:28",6975400
9700,150,10000,"sd","14:03:23",6975300
9700,150,2500,"sd","14:03:23",6965300
9700,150,1200,"sd","14:03:23",6962800
9700,150,500,"sd","14:03:23",6961600
9700,150,600,"sd","14:03:23",6961100
9700,150,5000,"sd","14:03:23",6960500
9700,150,200,"sd","14:03:23",6955500
9710,160,500,"bu","14:03:08",6955300
9710,160,400,"bu","14:03:08",6954800
9700,150,100,"sd","14:02:59",6954400
9700,150,400,"sd","14:02:40",6954300
9700,150,100,"sd","14:02:40",6953900
9700,150,1900,"sd","14:02:40",6953800
9700,150,7600,"sd","14:02:40",6951900
9720,170,400,"bu","14:02:32",6944300
9720,170,100,"bu","14:02:30",6943900
9720,170,1000,"bu","14:02:30",6943800
9720,170,100,"bu","14:02:30",6942800
9720,170,500,"bu","14:02:30",6942700
9720,170,5300,"bu","14:02:30",6942200
9700,150,1600,"sd","14:02:28",6936900
9720,170,1000,"bu","14:02:21",6935300
9700,150,800,"sd","14:02:20",6934300
9700,150,100,"sd","14:02:20",6933500
9700,150,400,"sd","14:02:20",6933400
9700,150,100,"sd","14:02:20",6933000
9700,150,100,"sd","14:02:20",6932900
9700,150,200,"sd","14:02:20",6932800
9700,150,400,"sd","14:02:20",6932600
9700,150,10000,"sd","14:02:20",6932200
9700,150,500,"sd","14:02:20",6922200
9700,150,400,"sd","14:02:20",6921700
9700,150,1000,"sd","14:02:20",6921300
9700,150,8800,"sd","14:02:20",6920300
9710,160,400,"sd","14:02:20",6911500
9710,160,100,"sd","14:02:20",6911100
9710,160,10000,"sd","14:02:20",6911000
9710,160,1200,"sd","14:02:20",6901000
9710,160,5100,"sd","14:02:20",6899800
9710,160,100,"sd","14:02:20",6894700
9710,160,300,"sd","14:02:20",6894600
9720,170,3700,"bu","14:02:19",6894300
9720,170,2000,"bu","14:02:19",6890600
9720,170,1300,"bu","14:02:19",6888600
9720,170,2800,"bu","14:02:19",6887300
9720,170,2200,"bu","14:02:19",6884500
9710,160,4000,"sd","14:02:08",6882300
9710,160,700,"sd","14:02:05",6878300
9710,160,300,"sd","14:02:05",6877600
9710,160,500,"sd","14:01:57",6877300
9720,170,400,"bu","14:01:55",6876800
9720,170,7400,"bu","14:01:51",6876400
9720,170,1000,"bu","14:01:51",6869000
9720,170,1600,"bu","14:01:51",6868000
9720,170,400,"bu","14:01:47",6866400
9720,170,4600,"bu","14:01:47",6866000
9720,170,100,"bu","14:01:43",6861400
9720,170,2000,"bu","14:01:41",6861300
9720,170,400,"bu","14:01:36",6859300
9720,170,2900,"bu","14:01:35",6858900
9720,170,100,"bu","14:01:35",6856000
9720,170,100,"bu","14:01:26",6855900
9720,170,100,"bu","14:01:26",6855800
9720,170,200,"bu","14:01:26",6855700
9720,170,100,"bu","14:01:26",6855500
9720,170,500,"bu","14:01:26",6855400
9710,160,500,"bu","14:01:20",6854900
9710,160,2000,"bu","14:01:20",6854400
9710,160,1000,"bu","14:01:20",6852400
9710,160,2000,"bu","14:01:20",6851400
9710,160,500,"bu","14:01:20",6849400
9710,160,500,"bu","14:01:20",6848900
9710,160,1000,"bu","14:01:20",6848400
9710,160,100,"bu","14:01:20",6847400
9710,160,1200,"bu","14:01:20",6847300
9710,160,300,"bu","14:01:20",6846100
9710,160,100,"bu","14:01:20",6845800
9710,160,100,"bu","14:01:20",6845700
9710,160,600,"bu","14:01:20",6845600
9710,160,2600,"bu","14:01:20",6845000
9710,160,700,"bu","14:01:20",6842400
9710,160,500,"bu","14:01:20",6841700
9710,160,100,"bu","14:01:20",6841200
9710,160,5000,"bu","14:01:20",6841100
9710,160,500,"bu","14:01:20",6836100
9710,160,500,"bu","14:01:20",6835600
9710,160,50000,"bu","14:01:20",6835100
9710,160,10000,"bu","14:01:20",6785100
9710,160,8200,"bu","14:01:20",6775100
9710,160,100,"bu","14:01:20",6766900
9710,160,100,"bu","14:01:20",6766800
9710,160,10000,"bu","14:01:20",6766700
9710,160,1000,"bu","14:01:20",6756700
9710,160,400,"bu","14:01:17",6755700
9710,160,1400,"bu","14:00:59",6755300
9710,160,7100,"bu","14:00:59",6753900
9710,160,100,"bu","14:00:59",6746800
9700,150,500,"sd","14:00:59",6746700
9700,150,200,"sd","14:00:54",6746200
9710,160,200,"bu","14:00:52",6746000
9700,150,500,"sd","14:00:49",6745800
9700,150,300,"sd","14:00:48",6745300
9700,150,4200,"sd","14:00:44",6745000
9700,150,200,"sd","14:00:40",6740800
9700,150,800,"sd","14:00:27",6740600
9700,150,200,"sd","14:00:27",6739800
9710,160,100,"bu","14:00:27",6739600
9700,150,2000,"sd","14:00:25",6739500
9700,150,200,"sd","14:00:23",6737500
9700,150,300,"sd","14:00:14",6737300
9700,150,100,"sd","14:00:12",6737000
9700,150,1000,"bu","14:00:09",6736900
9700,150,700,"bu","14:00:09",6735900
9700,150,200,"unknown","14:00:08",6735200
9700,150,100,"sd","14:00:08",6735000
9700,150,100,"sd","14:00:06",6734900
9700,150,200,"sd","14:00:05",6734800
9700,150,300,"sd","14:00:05",6734600
9700,150,19700,"sd","14:00:03",6734300
9700,150,300,"sd","14:00:03",6714600
9700,150,100,"sd","14:00:00",6714300
9700,150,1100,"bu","13:59:53",6714200
9700,150,400,"sd","13:59:51",6713100
9700,150,1500,"sd","13:59:51",6712700
9700,150,400,"sd","13:59:49",6711200
9700,150,100,"sd","13:59:44",6710800
9700,150,100,"sd","13:59:44",6710700
9700,150,100,"sd","13:59:44",6710600
9700,150,400,"sd","13:59:44",6710500
9700,150,300,"sd","13:59:44",6710100
9700,150,200,"sd","13:59:43",6709800
9700,150,800,"sd","13:59:43",6709600
9700,150,600,"sd","13:59:41",6708800
9700,150,500,"sd","13:59:34",6708200
9700,150,1000,"sd","13:59:33",6707700
9700,150,2100,"sd","13:59:32",6706700
9700,150,500,"sd","13:59:32",6704600
9700,150,1000,"sd","13:59:32",6704100
9700,150,400,"sd","13:59:32",6703100
9700,150,100,"sd","13:59:19",6702700
9700,150,200,"sd","13:59:19",6702600
9700,150,3000,"bu","13:59:11",6702400
9700,150,500,"bu","13:59:11",6699400
9700,150,100,"bu","13:59:11",6698900
9700,150,100,"bu","13:59:11",6698800
9700,150,2000,"bu","13:59:11",6698700
9700,150,100,"bu","13:59:11",6696700
9700,150,1000,"bu","13:59:11",6696600
9700,150,500,"bu","13:59:11",6695600
9700,150,500,"bu","13:59:11",6695100
9700,150,7000,"bu","13:59:11",6694600
9700,150,500,"bu","13:59:11",6687600
9700,150,700,"bu","13:59:11",6687100
9700,150,1000,"bu","13:59:11",6686400
9700,150,100,"bu","13:59:11",6685400
9700,150,1000,"bu","13:59:11",6685300
9700,150,1000,"bu","13:59:11",6684300
9700,150,5000,"bu","13:59:11",6683300
9700,150,2200,"bu","13:59:11",6678300
9700,150,10000,"bu","13:59:11",6676100
9700,150,500,"bu","13:59:11",6666100
9700,150,5000,"bu","13:59:11",6665600
9700,150,1000,"bu","13:59:11",6660600
9700,150,5000,"bu","13:59:11",6659600
9700,150,500,"bu","13:59:11",6654600
9700,150,1000,"bu","13:59:11",6654100
9700,150,5000,"bu","13:59:11",6653100
9700,150,300,"bu","13:59:11",6648100
9700,150,100,"bu","13:59:11",6647800
9700,150,200,"bu","13:59:11",6647700
9700,150,100,"bu","13:59:11",6647500
9700,150,600,"bu","13:59:11",6647400
9700,150,100,"bu","13:59:11",6646800
9700,150,100,"bu","13:59:11",6646700
9700,150,300,"bu","13:59:11",6646600
9700,150,1000,"bu","13:59:11",6646300
9700,150,200,"bu","13:59:11",6645300
9700,150,500,"bu","13:59:11",6645100
9700,150,100,"bu","13:59:11",6644600
9700,150,1600,"bu","13:59:11",6644500
9700,150,300,"bu","13:59:11",6642900
9700,150,200,"bu","13:59:11",6642600
9700,150,400,"bu","13:59:11",6642400
9700,150,5000,"bu","13:59:11",6642000
9700,150,1000,"bu","13:59:11",6637000
9700,150,5000,"bu","13:59:11",6636000
9700,150,2000,"bu","13:59:11",6631000
9700,150,300,"bu","13:59:11",6629000
9700,150,1000,"bu","13:59:11",6628700
9700,150,5000,"bu","13:59:11",6627700
9700,150,100,"bu","13:59:11",6622700
9690,140,1000,"sd","13:58:57",6622600
9690,140,1200,"sd","13:58:56",6621600
9690,140,900,"sd","13:58:56",6620400
9690,140,900,"sd","13:58:56",6619500
9690,140,100,"sd","13:58:47",6618600
9690,140,500,"sd","13:58:47",6618500
9690,140,400,"sd","13:58:47",6618000
9690,140,200,"sd","13:58:42",6617600
9690,140,700,"sd","13:58:37",6617400
9690,140,100,"bu","13:58:34",6616700
9690,140,1000,"bu","13:58:34",6616600
9690,140,500,"bu","13:58:34",6615600
9690,140,3000,"bu","13:58:34",6615100
9690,140,100,"bu","13:58:34",6612100
9690,140,300,"bu","13:58:34",6612000
9690,140,2300,"bu","13:58:34",6611700
9690,140,400,"bu","13:58:29",6609400
9690,140,4300,"bu","13:58:23",6609000
9690,140,200,"bu","13:58:23",6604700
9690,140,400,"bu","13:58:10",6604500
9690,140,100,"bu","13:58:08",6604100
9690,140,3800,"bu","13:57:57",6604000
9690,140,1200,"bu","13:57:57",6600200
9680,130,200,"sd","13:57:38",6599000
9680,130,100,"sd","13:57:28",6598800
9680,130,400,"sd","13:57:23",6598700
9680,130,2500,"sd","13:57:23",6598300
9680,130,100,"sd","13:57:23",6595800
9680,130,100,"sd","13:57:15",6595700
9680,130,2000,"unknown","13:57:03",6595600
9670,120,4700,"sd","13:56:58",6593600
9670,120,400,"sd","13:56:58",6588900
9670,120,10000,"sd","13:56:58",6588500
9670,120,500,"sd","13:56:58",6578500
9670,120,400,"sd","13:56:58",6578000
9670,120,500,"sd","13:56:58",6577600
9670,120,200,"sd","13:56:58",6577100
9670,120,3000,"sd","13:56:58",6576900
9670,120,2000,"sd","13:56:58",6573900
9680,130,400,"bu","13:56:55",6571900
9670,120,3000,"sd","13:56:54",6571500
9680,130,500,"bu","13:56:53",6568500
9680,130,1000,"bu","13:56:48",6568000
9680,130,100,"bu","13:56:41",6567000
9680,130,4000,"bu","13:56:39",6566900
9680,130,400,"bu","13:56:36",6562900
9680,130,100,"bu","13:56:28",6562500
9680,130,400,"bu","13:56:19",6562400
9680,130,400,"sd","13:56:19",6562000
9680,130,1000,"sd","13:56:19",6561600
9680,130,2000,"bu","13:56:17",6560600
9680,130,1000,"bu","13:56:16",6558600
9680,130,2000,"bu","13:56:15",6557600
9690,140,3600,"bu","13:56:14",6555600
9690,140,1000,"bu","13:56:14",6552000
9690,140,200,"bu","13:56:14",6551000
9690,140,1200,"bu","13:56:14",6550800
9680,130,2000,"bu","13:56:14",6549600
9680,130,800,"bu","13:56:14",6547600
9680,130,400,"bu","13:56:14",6546800
9690,140,800,"bu","13:56:13",6546400
9680,130,200,"bu","13:56:09",6545600
9680,130,400,"bu","13:55:59",6545400
9680,130,300,"bu","13:55:56",6545000
9670,120,3000,"sd","13:55:55",6544700
9670,120,10000,"sd","13:55:44",6541700
9680,130,2700,"bu","13:55:43",6531700
9680,130,400,"bu","13:55:43",6529000
9670,120,100,"sd","13:55:36",6528600
9680,130,500,"bu","13:55:33",6528500
9670,120,1500,"sd","13:55:23",6528000
9670,120,300,"sd","13:55:14",6526500
9670,120,4000,"sd","13:55:14",6526200
9670,120,100,"sd","13:55:14",6522200
9670,120,1000,"sd","13:55:14",6522100
9670,120,500,"sd","13:55:14",6521100
9670,120,600,"sd","13:55:14",6520600
9670,120,1000,"sd","13:55:14",6520000
9670,120,3700,"sd","13:55:14",6519000
9670,120,200,"sd","13:55:14",6515300
9670,120,2000,"sd","13:55:14",6515100
9670,120,1600,"sd","13:55:14",6513100
9680,130,200,"bu","13:55:14",6511500
9680,130,4800,"sd","13:55:10",6511300
9680,130,300,"sd","13:55:10",6506500
9680,130,400,"sd","13:55:10",6506200
9680,130,100,"sd","13:55:10",6505800
9680,130,2000,"sd","13:55:10",6505700
9680,130,400,"sd","13:55:10",6503700
9680,130,400,"sd","13:55:10",6503300
9680,130,500,"sd","13:55:10",6502900
9680,130,1000,"sd","13:55:08",6502400
9680,130,4500,"sd","13:55:03",6501400
9680,130,1000,"sd","13:55:02",6496900
9680,130,1400,"sd","13:54:39",6495900
9680,130,400,"sd","13:54:37",6494500
9680,130,5000,"sd","13:54:37",6494100
9680,130,400,"sd","13:54:37",6489100
9680,130,500,"sd","13:54:37",6488700
9680,130,700,"sd","13:54:37",6488200
9680,130,1000,"sd","13:54:36",6487500
9680,130,300,"sd","13:54:15",6486500
9690,140,2200,"bu","13:54:13",6486200
9680,130,300,"sd","13:54:09",6484000
9680,130,400,"sd","13:54:09",6483700
9680,130,300,"sd","13:54:09",6483300
9680,130,100,"sd","13:54:09",6483000
9680,130,200,"sd","13:53:54",6482900
9680,130,800,"sd","13:53:54",6482700
9680,130,9200,"sd","13:53:26",6481900
9680,130,500,"sd","13:53:26",6472700
9680,130,200,"sd","13:53:26",6472200
9680,130,500,"sd","13:53:26",6472000
9680,130,10000,"sd","13:53:26",6471500
9680,130,6500,"sd","13:53:26",6461500
9680,130,400,"sd","13:53:26",6455000
9680,130,200,"sd","13:53:26",6454600
9680,130,500,"sd","13:53:26",6454400
9680,130,400,"sd","13:53:26",6453900
9680,130,200,"sd","13:53:26",6453500
9680,130,5000,"sd","13:53:26",6453300
9680,130,400,"sd","13:53:26",6448300
9680,130,200,"sd","13:53:26",6447900
9680,130,400,"sd","13:53:26",6447700
9680,130,1400,"sd","13:53:26",6447300
9680,130,700,"sd","13:53:26",6445900
9680,130,300,"sd","13:53:26",6445200
9680,130,1000,"sd","13:53:26",6444900
9680,130,400,"sd","13:53:26",6443900
9680,130,1000,"sd","13:53:26",6443500
9680,130,600,"sd","13:53:26",6442500
9680,130,100,"sd","13:53:19",6441900
9690,140,2100,"bu","13:53:18",6441800
9690,140,100,"bu","13:53:18",6439700
9690,140,100,"bu","13:53:18",6439600
9690,140,1000,"bu","13:53:18",6439500
9690,140,1000,"bu","13:53:18",6438500
9690,140,1000,"bu","13:53:18",6437500
9690,140,1000,"bu","13:53:18",6436500
9690,140,100,"bu","13:53:18",6435500
9690,140,2000,"bu","13:53:18",6435400
9690,140,4600,"bu","13:53:18",6433400
9690,140,400,"bu","13:53:11",6428800
9690,140,200,"bu","13:52:59",6428400
9690,140,400,"bu","13:52:52",6428200
9690,140,300,"bu","13:52:50",6427800
9690,140,1500,"bu","13:52:45",6427500
9690,140,400,"bu","13:52:33",6426000
9690,140,500,"bu","13:52:31",6425600
9690,140,400,"bu","13:52:14",6425100
9680,130,200,"sd","13:52:13",6424700
9690,140,10000,"bu","13:52:10",6424500
9680,130,19100,"sd","13:52:09",6414500
9680,130,500,"sd","13:52:09",6395400
9680,130,400,"sd","13:52:09",6394900
9680,130,2600,"sd","13:52:06",6394500
9680,130,100,"sd","13:52:06",6391900
9680,130,100,"sd","13:52:06",6391800
9680,130,300,"sd","13:51:57",6391700
9690,140,400,"bu","13:51:56",6391400
9690,140,500,"bu","13:51:50",6391000
9680,130,200,"sd","13:51:43",6390500
9680,130,200,"sd","13:51:43",6390300
9680,130,500,"sd","13:51:43",6390100
9680,130,100,"sd","13:51:43",6389600
9680,130,100,"sd","13:51:41",6389500
9680,130,3000,"sd","13:51:32",6389400
9690,140,100,"bu","13:51:27",6386400
9690,140,400,"bu","13:51:18",6386300
9690,140,1000,"bu","13:51:13",6385900
9680,130,2000,"sd","13:51:09",6384900
9680,130,5000,"sd","13:50:58",6382900
9680,130,2000,"sd","13:50:55",6377900
9690,140,400,"bu","13:50:41",6375900
9690,140,200,"sd","13:50:31",6375500
9690,140,400,"sd","13:50:31",6375300
9690,140,1000,"sd","13:50:31",6374900
9690,140,100,"sd","13:50:31",6373900
9690,140,200,"sd","13:50:31",6373800
9690,140,400,"sd","13:50:31",6373600
9690,140,300,"sd","13:50:31",6373200
9690,140,18500,"sd","13:50:31",6372900
9690,140,7400,"sd","13:50:31",6354400
9690,140,500,"sd","13:50:29",6347000
9690,140,200,"sd","13:50:29",6346500
9690,140,300,"sd","13:50:29",6346300
9690,140,900,"sd","13:50:29",6346000
9690,140,2600,"sd","13:50:29",6345100
9690,140,100,"sd","13:50:29",6342500
9690,140,500,"sd","13:50:29",6342400
9690,140,1000,"sd","13:50:29",6341900
9690,140,3000,"sd","13:50:29",6340900
9690,140,300,"sd","13:50:29",6337900
9690,140,400,"sd","13:50:29",6337600
9690,140,200,"sd","13:50:29",6337200
9690,140,100,"sd","13:50:13",6337000
9690,140,5000,"sd","13:50:10",6336900
9690,140,900,"sd","13:50:02",6331900
9690,140,2000,"sd","13:49:55",6331000
9700,150,500,"bu","13:49:54",6329000
9700,150,400,"bu","13:49:45",6328500
9700,150,400,"sd","13:49:38",6328100
9700,150,5000,"sd","13:49:38",6327700
9700,150,500,"sd","13:49:38",6322700
9700,150,100,"sd","13:49:38",6322200
9700,150,3600,"sd","13:49:38",6322100
9700,150,3000,"sd","13:49:38",6318500
9700,150,3400,"sd","13:49:36",6315500
9700,150,3600,"sd","13:49:36",6312100
9700,150,200,"sd","13:49:35",6308500
9700,150,200,"sd","13:49:31",6308300
9700,150,1600,"sd","13:49:30",6308100
9700,150,4400,"sd","13:49:23",6306500
9700,150,5000,"sd","13:49:23",6302100
9700,150,200,"sd","13:49:23",6297100
9700,150,400,"sd","13:49:23",6296900
9700,150,200,"sd","13:49:22",6296500
9700,150,800,"sd","13:49:22",6296300
9700,150,300,"sd","13:49:21",6295500
9700,150,300,"sd","13:49:20",6295200
9700,150,1000,"sd","13:49:19",6294900
9700,150,900,"sd","13:49:15",6293900
9700,150,8300,"sd","13:49:14",6293000
9700,150,700,"sd","13:49:14",6284700
9700,150,2000,"sd","13:49:12",6284000
9700,150,500,"sd","13:49:10",6282000
9700,150,300,"sd","13:49:07",6281500
9700,150,300,"sd","13:49:02",6281200
9700,150,200,"sd","13:49:00",6280900
9700,150,400,"sd","13:49:00",6280700
9700,150,400,"sd","13:49:00",6280300
9700,150,200,"sd","13:49:00",6279900
9700,150,3800,"sd","13:49:00",6279700
9700,150,400,"sd","13:48:53",6275900
9700,150,100,"sd","13:48:48",6275500
9700,150,200,"sd","13:48:44",6275400
9700,150,9800,"sd","13:48:39",6275200
9700,150,600,"sd","13:48:39",6265400
9700,150,1000,"sd","13:48:31",6264800
9700,150,5000,"sd","13:48:23",6263800
9700,150,2000,"bu","13:48:18",6258800
9700,150,5000,"bu","13:48:18",6256800
9700,150,500,"bu","13:48:18",6251800
9700,150,2000,"bu","13:48:18",6251300
9700,150,5600,"bu","13:48:18",6249300
9700,150,1400,"bu","13:48:18",6243700
9700,150,700,"bu","13:48:18",6242300
9700,150,100,"bu","13:48:18",6241600
9700,150,100,"bu","13:48:18",6241500
9700,150,1000,"bu","13:48:18",6241400
9700,150,500,"bu","13:48:18",6240400
9700,150,2000,"bu","13:48:18",6239900
9700,150,100,"bu","13:48:16",6237900
9700,150,100,"bu","13:48:13",6237800
9700,150,500,"bu","13:48:13",6237700
9700,150,400,"bu","13:48:11",6237200
9700,150,3300,"bu","13:48:10",6236800
9700,150,1700,"bu","13:48:10",6233500
9700,150,600,"bu","13:48:07",6231800
9700,150,400,"bu","13:48:07",6231200
9700,150,600,"bu","13:47:53",6230800
9700,150,400,"bu","13:47:52",6230200
9700,150,500,"bu","13:47:50",6229800
9700,150,500,"bu","13:47:47",6229300
9700,150,600,"bu","13:47:46",6228800
9700,150,600,"bu","13:47:46",6228200
9700,150,100,"bu","13:47:46",6227600
9700,150,500,"bu","13:47:46",6227500
9700,150,200,"bu","13:47:46",6227000
9700,150,1200,"bu","13:47:46",6226800
9700,150,1000,"bu","13:47:44",6225600
9700,150,200,"bu","13:47:42",6224600
9700,150,400,"bu","13:47:34",6224400
9700,150,100,"bu","13:47:30",6224000
9700,150,1000,"bu","13:47:30",6223900
9700,150,500,"bu","13:47:30",6222900
9700,150,500,"bu","13:47:30",6222400
9700,150,1000,"bu","13:47:30",6221900
9700,150,1000,"bu","13:47:30",6220900
9700,150,1000,"bu","13:47:30",6219900
9700,150,200,"bu","13:47:30",6218900
9700,150,1000,"bu","13:47:30",6218700
9700,150,100,"bu","13:47:30",6217700
9700,150,200,"bu","13:47:30",6217600
9700,150,3000,"bu","13:47:30",6217400
9700,150,500,"bu","13:47:30",6214400
9700,150,2000,"bu","13:47:30",6213900
9700,150,300,"bu","13:47:30",6211900
9700,150,2900,"bu","13:47:30",6211600
9700,150,100,"bu","13:47:29",6208700
9700,150,400,"bu","13:47:15",6208600
9700,150,600,"bu","13:47:14",6208200
9700,150,1000,"bu","13:47:07",6207600
9690,140,400,"sd","13:46:47",6206600
9690,140,100,"sd","13:46:47",6206200
9690,140,500,"sd","13:46:47",6206100
9690,140,200,"sd","13:46:47",6205600
9690,140,100,"sd","13:46:47",6205400
9690,140,5100,"sd","13:46:47",6205300
9690,140,200,"sd","13:46:47",6200200
9690,140,700,"sd","13:46:47",6200000
9690,140,2000,"sd","13:46:47",6199300
9690,140,5000,"sd","13:46:47",6197300
9690,140,200,"sd","13:46:47",6192300
9690,140,100,"sd","13:46:47",6192100
9690,140,1000,"sd","13:46:47",6192000
9690,140,1000,"sd","13:46:47",6191000
9690,140,1000,"sd","13:46:47",6190000
9690,140,2400,"sd","13:46:47",6189000
9700,150,300,"bu","13:46:38",6186600
9700,150,100,"bu","13:46:38",6186300
9700,150,100,"bu","13:46:37",6186200
9700,150,500,"bu","13:46:37",6186100
9700,150,1400,"bu","13:46:37",6185600
9700,150,500,"bu","13:46:36",6184200
9690,140,200,"sd","13:46:34",6183700
9700,150,100,"bu","13:46:24",6183500
9700,150,200,"bu","13:46:24",6183400
9700,150,1700,"bu","13:46:24",6183200
9700,150,3300,"bu","13:46:24",6181500
9700,150,500,"bu","13:46:24",6178200
9700,150,100,"bu","13:46:24",6177700
9700,150,1000,"bu","13:46:24",6177600
9700,150,1100,"bu","13:46:24",6176600
9700,150,400,"bu","13:46:19",6175500
9700,150,200,"bu","13:46:17",6175100
9700,150,300,"bu","13:46:17",6174900
9700,150,1000,"bu","13:46:17",6174600
9700,150,3900,"bu","13:46:17",6173600
9700,150,200,"bu","13:46:09",6169700
9690,140,100,"sd","13:46:08",6169500
9700,150,100,"bu","13:46:03",6169400
9700,150,400,"sd","13:46:01",6169300
9700,150,100,"sd","13:46:01",6168900
9700,150,300,"sd","13:46:01",6168800
9700,150,400,"sd","13:45:59",6168500
9700,150,5000,"sd","13:45:59",6168100
9700,150,300,"sd","13:45:59",6163100
9700,150,2000,"sd","13:45:59",6162800
9700,150,500,"sd","13:45:59",6160800
9700,150,4000,"sd","13:45:59",6160300
9700,150,4500,"sd","13:45:59",6156300
9700,150,100,"sd","13:45:59",6151800
9700,150,200,"sd","13:45:59",6151700
9700,150,3000,"sd","13:45:59",6151500
9700,150,100,"sd","13:45:53",6148500
9700,150,1200,"sd","13:45:44",6148400
9700,150,600,"sd","13:45:41",6147200
9700,150,100,"sd","13:45:41",6146600
9700,150,100,"sd","13:45:41",6146500
9700,150,100,"sd","13:45:41",6146400
9700,150,100,"sd","13:45:41",6146300
9700,150,900,"sd","13:45:36",6146200
9700,150,100,"sd","13:45:36",6145300
9700,150,500,"sd","13:45:30",6145200
9710,160,400,"bu","13:45:23",6144700
9700,150,100,"sd","13:45:22",6144300
9710,160,20000,"bu","13:45:21",6144200
9700,150,100,"sd","13:45:09",6124200
9700,150,200,"sd","13:45:09",6124100
9700,150,200,"sd","13:45:09",6123900
9700,150,100,"sd","13:45:08",6123700
9700,150,1700,"sd","13:45:05",6123600
9700,150,1000,"sd","13:45:05",6121900
9700,150,400,"sd","13:45:05",6120900
9700,150,6900,"sd","13:45:04",6120500
9710,160,400,"bu","13:45:04",6113600
9710,160,1000,"bu","13:45:03",6113200
9710,160,1100,"bu","13:45:01",6112200
9710,160,500,"bu","13:45:00",6111100
9710,160,600,"bu","13:45:00",6110600
9710,160,2500,"bu","13:44:59",6110000
9710,160,1300,"bu","13:44:54",6107500
9710,160,400,"sd","13:44:53",6106200
9710,160,1200,"sd","13:44:53",6105800
9710,160,1000,"bu","13:44:43",6104600
9710,160,47800,"bu","13:44:43",6103600
9710,160,100,"bu","13:44:42",6055800
9710,160,2100,"bu","13:44:40",6055700
9710,160,1900,"bu","13:44:40",6053600
9710,160,200,"bu","13:44:33",6051700
9710,160,100,"bu","13:44:32",6051500
9700,150,20000,"sd","13:44:31",6051400
9710,160,200,"bu","13:44:30",6031400
9700,150,500,"sd","13:44:27",6031200
9710,160,400,"sd","13:44:27",6030700
9710,160,200,"sd","13:44:27",6030300
9710,160,100,"bu","13:44:24",6030100
9710,160,100,"bu","13:44:22",6030000
9710,160,100,"bu","13:44:13",6029900
9700,150,500,"bu","13:44:06",6029800
9700,150,1000,"bu","13:44:06",6029300
9700,150,500,"bu","13:44:06",6028300
9700,150,1000,"bu","13:44:06",6027800
9700,150,1000,"bu","13:44:06",6026800
9700,150,100,"bu","13:44:06",6025800
9700,150,500,"bu","13:44:06",6025700
9700,150,10000,"bu","13:44:06",6025200
9700,150,200,"bu","13:44:06",6015200
9700,150,200,"bu","13:44:06",6015000
9700,150,100,"bu","13:44:06",6014800
9700,150,200,"bu","13:44:06",6014700
9700,150,5000,"bu","13:44:06",6014500
9700,150,2300,"bu","13:44:06",6009500
9700,150,1000,"bu","13:44:03",6007200
9690,140,400,"sd","13:44:00",6006200
9700,150,3500,"bu","13:43:57",6005800
9700,150,1000,"bu","13:43:51",6002300
9700,150,400,"bu","13:43:50",6001300
9700,150,25000,"bu","13:43:49",6000900
9700,150,5000,"bu","13:43:45",5975900
9700,150,800,"bu","13:43:43",5970900
9700,150,4400,"bu","13:43:42",5970100
9700,150,10000,"bu","13:43:33",5965700
9700,150,400,"bu","13:43:30",5955700
9700,150,700,"bu","13:43:26",5955300
9700,150,100,"bu","13:43:24",5954600
9700,150,100,"bu","13:43:21",5954500
9700,150,2000,"bu","13:43:17",5954400
9700,150,2000,"bu","13:43:15",5952400
9690,140,100,"sd","13:43:13",5950400
9690,140,1000,"sd","13:43:13",5950300
9700,150,400,"bu","13:43:12",5949300
9700,150,2500,"bu","13:43:09",5948900
9700,150,4000,"bu","13:43:08",5946400
9690,140,100,"sd","13:43:03",5942400
9690,140,5700,"sd","13:43:02",5942300
9690,140,600,"sd","13:43:02",5936600
9690,140,500,"sd","13:43:02",5936000
9690,140,200,"sd","13:43:02",5935500
9690,140,3000,"sd","13:43:02",5935300
9700,150,500,"bu","13:43:01",5932300
9700,150,400,"bu","13:42:53",5931800
9700,150,100,"bu","13:42:52",5931400
9700,150,200,"bu","13:42:49",5931300
9700,150,1000,"bu","13:42:49",5931100
9700,150,100,"sd","13:42:47",5930100
9700,150,200,"sd","13:42:47",5930000
9700,150,100,"sd","13:42:47",5929800
9700,150,5000,"sd","13:42:47",5929700
9700,150,3000,"sd","13:42:47",5924700
9700,150,1000,"sd","13:42:47",5921700
9700,150,3000,"sd","13:42:47",5920700
9700,150,2000,"sd","13:42:47",5917700
9700,150,17800,"sd","13:42:47",5915700
9700,150,1000,"sd","13:42:44",5897900
9700,150,200,"sd","13:42:43",5896900
9700,150,5400,"bu","13:42:30",5896700
9700,150,300,"bu","13:42:25",5891300
9700,150,9300,"bu","13:42:21",5891000
9700,150,200,"bu","13:42:21",5881700
9700,150,2000,"bu","13:42:21",5881500
9700,150,100,"bu","13:42:20",5879500
9700,150,3000,"bu","13:42:20",5879400
9700,150,400,"bu","13:42:20",5876400
9700,150,400,"bu","13:42:20",5876000
9700,150,10000,"bu","13:42:20",5875600
9700,150,10000,"bu","13:42:20",5865600
9700,150,5000,"unknown","13:42:20",5855600
9700,150,100,"sd","13:42:20",5850600
9700,150,5000,"sd","13:42:20",5850500
9700,150,1000,"sd","13:42:20",5845500
9700,150,400,"sd","13:42:20",5844500
9700,150,2000,"sd","13:42:20",5844100
9700,150,100,"sd","13:42:20",5842100
9720,170,1000,"sd","13:42:20",5842000
9730,180,5400,"sd","13:42:20",5841000
9700,150,1000,"sd","13:42:20",5835600
9700,150,16000,"sd","13:42:20",5834600
9700,150,5000,"sd","13:42:20",5818600
9700,150,5000,"sd","13:42:20",5813600
9700,150,300,"sd","13:42:20",5808600
9700,150,100,"sd","13:42:20",5808300
9700,150,9500,"sd","13:42:20",5808200
9710,160,1000,"sd","13:42:20",5798700
9710,160,1000,"sd","13:42:20",5797700
9730,180,100,"sd","13:42:18",5796700
9730,180,1000,"sd","13:42:14",5796600
9730,180,200,"sd","13:42:14",5795600
9730,180,200,"sd","13:42:12",5795400
9730,180,600,"bu","13:42:10",5795200
9730,180,400,"bu","13:42:10",5794600
9730,180,3000,"bu","13:42:10",5794200
9730,180,1000,"bu","13:42:10",5791200
9720,170,8100,"bu","13:42:10",5790200
9720,170,4000,"bu","13:42:10",5782100
9720,170,500,"sd","13:42:08",5778100
9720,170,3000,"sd","13:42:08",5777600
9720,170,500,"sd","13:42:08",5774600
9720,170,3900,"sd","13:42:08",5774100
9740,190,2500,"bu","13:42:01",5770200
9740,190,3100,"bu","13:42:01",5767700
9730,180,1000,"sd","13:42:00",5764600
9730,180,600,"sd","13:42:00",5763600
9720,170,5200,"sd","13:41:56",5763000
9720,170,1100,"sd","13:41:56",5757800
9730,180,3700,"sd","13:41:56",5756700
9730,180,100,"sd","13:41:55",5753000
9730,180,200,"sd","13:41:54",5752900
9730,180,700,"sd","13:41:53",5752700
9730,180,200,"bu","13:41:53",5752000
9730,180,100,"bu","13:41:53",5751800
9730,180,900,"bu","13:41:48",5751700
9730,180,2100,"bu","13:41:48",5750800
9730,180,1900,"bu","13:41:46",5748700
9720,170,1000,"sd","13:41:43",5746800
9720,170,100,"sd","13:41:43",5745800
9730,180,200,"bu","13:41:43",5745700
9730,180,1400,"bu","13:41:43",5745500
9730,180,20000,"bu","13:41:43",5744100
9730,180,2000,"bu","13:41:43",5724100
9730,180,100,"bu","13:41:43",5722100
9730,180,100,"bu","13:41:43",5722000
9730,180,700,"bu","13:41:43",5721900
9730,180,5200,"bu","13:41:43",5721200
9720,170,100,"sd","13:41:42",5716000
9720,170,2000,"sd","13:41:37",5715900
9720,170,100,"sd","13:41:36",5713900
9720,170,600,"sd","13:41:33",5713800
9720,170,100,"sd","13:41:33",5713200
9720,170,200,"sd","13:41:33",5713100
9720,170,2000,"sd","13:41:30",5712900
9720,170,200,"sd","13:41:30",5710900
9720,170,200,"sd","13:41:19",5710700
9730,180,1000,"bu","13:41:17",5710500
9720,170,600,"sd","13:41:11",5709500
9700,150,500,"sd","13:41:06",5708900
9700,150,400,"sd","13:41:06",5708400
9700,150,1200,"sd","13:41:06",5708000
9700,150,100,"sd","13:41:06",5706800
9730,180,3800,"bu","13:41:05",5706700
9720,170,500,"bu","13:41:05",5702900
9720,170,500,"bu","13:41:05",5702400
9720,170,100,"bu","13:41:05",5701900
9720,170,100,"bu","13:41:05",5701800
9700,150,1900,"sd","13:40:57",5701700
9700,150,1800,"sd","13:40:53",5699800
9700,150,1000,"sd","13:40:53",5698000
9700,150,9000,"sd","13:40:53",5697000
9700,150,100,"sd","13:40:45",5688000
9700,150,900,"sd","13:40:44",5687900
9700,150,1000,"sd","13:40:44",5687000
9700,150,5900,"sd","13:40:44",5686000
9700,150,500,"bu","13:40:42",5680100
9700,150,1500,"bu","13:40:42",5679600
9700,150,600,"bu","13:40:42",5678100
9700,150,400,"bu","13:40:42",5677500
9700,150,100,"bu","13:40:42",5677100
9700,150,1000,"bu","13:40:40",5677000
9700,150,300,"bu","13:40:40",5676000
9690,140,2000,"sd","13:40:39",5675700
9700,150,300,"bu","13:40:38",5673700
9700,150,300,"bu","13:40:38",5673400
9700,150,200,"bu","13:40:38",5673100
9700,150,4300,"bu","13:40:38",5672900
9700,150,100,"bu","13:40:37",5668600
9700,150,600,"bu","13:40:37",5668500
9700,150,1000,"bu","13:40:37",5667900
9700,150,2000,"bu","13:40:37",5666900
9700,150,1000,"bu","13:40:37",5664900
9700,150,100,"bu","13:40:37",5663900
9700,150,1500,"bu","13:40:37",5663800
9700,150,200,"bu","13:40:37",5662300
9700,150,800,"bu","13:40:37",5662100
9700,150,1000,"bu","13:40:37",5661300
9700,150,1800,"bu","13:40:37",5660300
9700,150,200,"bu","13:40:35",5658500
9700,150,700,"bu","13:40:35",5658300
9700,150,1000,"bu","13:40:35",5657600
9700,150,1000,"bu","13:40:35",5656600
9700,150,300,"bu","13:40:35",5655600
9700,150,100,"bu","13:40:35",5655300
9700,150,500,"bu","13:40:35",5655200
9700,150,200,"bu","13:40:35",5654700
9700,150,1000,"bu","13:40:35",5654500
9700,150,5000,"bu","13:40:33",5653500
9690,140,800,"sd","13:40:32",5648500
9690,140,100,"sd","13:40:32",5647700
9700,150,500,"bu","13:40:31",5647600
9700,150,21000,"bu","13:40:31",5647100
9700,150,1000,"bu","13:40:31",5626100
9700,150,500,"bu","13:40:29",5625100
9700,150,5000,"bu","13:40:25",5624600
9700,150,5000,"bu","13:40:23",5619600
9700,150,400,"bu","13:40:22",5614600
9700,150,10000,"bu","13:40:20",5614200
9700,150,1000,"bu","13:40:20",5604200
9700,150,4000,"bu","13:40:18",5603200
9700,150,1000,"bu","13:40:14",5599200
9700,150,1000,"bu","13:40:14",5598200
9700,150,2000,"bu","13:40:13",5597200
9700,150,100,"bu","13:40:10",5595200
9700,150,200,"bu","13:39:51",5595100
9700,150,2000,"bu","13:39:50",5594900
9690,140,3000,"bu","13:39:28",5592900
9680,130,4100,"sd","13:39:26",5589900
9680,130,700,"sd","13:39:20",5585800
9700,150,10000,"bu","13:39:17",5585100
9680,130,200,"bu","13:39:10",5575100
9680,130,3000,"bu","13:39:10",5574900
9680,130,1800,"bu","13:39:10",5571900
9670,120,400,"sd","13:39:07",5570100
9670,120,1000,"sd","13:39:01",5569700
9680,130,200,"bu","13:38:53",5568700
9680,130,2000,"sd","13:38:53",5568500
9680,130,3500,"sd","13:38:53",5566500
9680,130,1500,"sd","13:38:53",5563000
9680,130,3000,"sd","13:38:53",5561500
9680,130,2300,"sd","13:38:52",5558500
9700,150,1600,"bu","13:38:52",5556200
9700,150,1000,"bu","13:38:46",5554600
9680,130,700,"sd","13:38:46",5553600
9690,140,800,"sd","13:38:46",5552900
9690,140,200,"sd","13:38:45",5552100
9690,140,200,"sd","13:38:45",5551900
9690,140,500,"sd","13:38:43",5551700
9700,150,200,"bu","13:38:38",5551200
9700,150,100,"bu","13:38:37",5551000
9700,150,1000,"bu","13:38:33",5550900
9700,150,1000,"bu","13:38:33",5549900
9700,150,800,"bu","13:38:33",5548900
9700,150,10000,"bu","13:38:33",5548100
9700,150,1000,"bu","13:38:33",5538100
9700,150,4000,"bu","13:38:33",5537100
9700,150,200,"bu","13:38:32",5533100
9700,150,100,"bu","13:38:32",5532900
9700,150,200,"bu","13:38:32",5532800
9700,150,4600,"bu","13:38:32",5532600
9700,150,10000,"bu","13:38:32",5528000
9710,160,38400,"bu","13:38:32",5518000
9710,160,2000,"bu","13:38:32",5479600
9710,160,10000,"bu","13:38:32",5477600
9720,170,1000,"bu","13:38:32",5467600
9720,170,500,"bu","13:38:32",5466600
9720,170,1000,"sd","13:38:32",5466100
9700,150,500,"sd","13:38:32",5465100
9720,170,500,"sd","13:38:32",5464600
9700,150,100,"sd","13:38:32",5464100
9720,170,2000,"sd","13:38:32",5464000
9720,170,1500,"sd","13:38:32",5462000
9700,150,100,"sd","13:38:32",5460500
9720,170,6000,"sd","13:38:32",5460400
9720,170,2900,"sd","13:38:32",5454400
9720,170,100,"sd","13:38:32",5451500
9730,180,500,"sd","13:38:32",5451400
9730,180,100,"sd","13:38:32",5450900
9730,180,5000,"sd","13:38:32",5450800
9730,180,9000,"sd","13:38:32",5445800
9730,180,500,"sd","13:38:32",5436800
9730,180,1000,"sd","13:38:32",5436300
9730,180,5000,"sd","13:38:32",5435300
9730,180,5000,"sd","13:38:32",5430300
9730,180,800,"sd","13:38:32",5425300
9740,190,1900,"bu","13:38:32",5424500
9740,190,200,"bu","13:38:32",5422600
9740,190,800,"bu","13:38:27",5422400
9740,190,2000,"bu","13:38:27",5421600
9740,190,9800,"bu","13:38:27",5419600
9740,190,2000,"bu","13:38:27",5409800
9740,190,2000,"bu","13:38:27",5407800
9740,190,1000,"bu","13:38:27",5405800
9740,190,5000,"bu","13:38:27",5404800
9740,190,700,"bu","13:38:27",5399800
9740,190,100,"bu","13:38:27",5399100
9740,190,600,"bu","13:38:27",5399000
9740,190,2000,"bu","13:38:25",5398400
9740,190,200,"bu","13:38:19",5396400
9740,190,5000,"bu","13:38:16",5396200
9740,190,200,"bu","13:38:14",5391200
9740,190,2000,"sd","13:38:12",5391000
9740,190,1000,"sd","13:38:11",5389000
9740,190,300,"sd","13:38:11",5388000
9740,190,200,"sd","13:38:10",5387700
9740,190,5000,"sd","13:38:09",5387500
9740,190,1500,"sd","13:38:09",5382500
9740,190,300,"sd","13:38:09",5381000
9740,190,200,"sd","13:38:09",5380700
9740,190,300,"sd","13:38:06",5380500
9740,190,2700,"sd","13:38:06",5380200
9740,190,3100,"sd","13:38:06",5377500
9740,190,100,"sd","13:38:06",5374400
9750,200,200,"bu","13:38:06",5374300
9750,200,400,"bu","13:38:06",5374100
9740,190,1800,"sd","13:38:06",5373700
9740,190,200,"sd","13:38:06",5371900
9740,190,1000,"bu","13:38:00",5371700
9740,190,600,"bu","13:38:00",5370700
9740,190,400,"sd","13:37:58",5370100
9740,190,1000,"sd","13:37:57",5369700
9740,190,600,"sd","13:37:57",5368700
9740,190,100,"sd","13:37:57",5368100
9740,190,1000,"sd","13:37:57",5368000
9740,190,300,"sd","13:37:57",5367000
9740,190,200,"sd","13:37:56",5366700
9740,190,100,"sd","13:37:56",5366500
9740,190,200,"sd","13:37:55",5366400
9740,190,200,"sd","13:37:55",5366200
9740,190,500,"sd","13:37:55",5366000
9740,190,300,"sd","13:37:55",5365500
9740,190,200,"sd","13:37:54",5365200
9740,190,1000,"sd","13:37:53",5365000
9740,190,300,"sd","13:37:52",5364000
9740,190,1000,"sd","13:37:52",5363700
9740,190,500,"sd","13:37:52",5362700
9740,190,1200,"sd","13:37:52",5362200
9740,190,7800,"sd","13:37:50",5361000
9740,190,2200,"sd","13:37:50",5353200
9740,190,100,"sd","13:37:49",5351000
9740,190,500,"sd","13:37:48",5350900
9740,190,5000,"sd","13:37:47",5350400
9740,190,2200,"sd","13:37:45",5345400
9740,190,800,"sd","13:37:45",5343200
9740,190,300,"sd","13:37:41",5342400
9740,190,2000,"sd","13:37:39",5342100
9740,190,1000,"sd","13:37:38",5340100
9740,190,200,"bu","13:37:34",5339100
9740,190,1000,"bu","13:37:34",5338900
9740,190,5000,"bu","13:37:34",5337900
9740,190,1000,"bu","13:37:34",5332900
9740,190,400,"bu","13:37:34",5331900
9740,190,1000,"bu","13:37:34",5331500
9740,190,200,"bu","13:37:34",5330500
9740,190,4500,"bu","13:37:34",5330300
9740,190,100,"bu","13:37:34",5325800
9740,190,500,"bu","13:37:32",5325700
9740,190,300,"bu","13:37:32",5325200
9740,190,100,"bu","13:37:32",5324900
9740,190,500,"bu","13:37:32",5324800
9740,190,200,"bu","13:37:32",5324300
9740,190,100,"bu","13:37:32",5324100
9740,190,300,"bu","13:37:32",5324000
9730,180,200,"sd","13:37:31",5323700
9730,180,200,"sd","13:37:28",5323500
9730,180,800,"sd","13:37:26",5323300
9730,180,1100,"sd","13:37:26",5322500
9730,180,200,"sd","13:37:24",5321400
9730,180,100,"sd","13:37:19",5321200
9730,180,600,"sd","13:37:18",5321100
9730,180,400,"sd","13:37:18",5320500
9730,180,100,"sd","13:37:15",5320100
9730,180,200,"sd","13:37:15",5320000
9730,180,500,"sd","13:37:12",5319800
9730,180,1000,"sd","13:37:12",5319300
9740,190,500,"bu","13:37:11",5318300
9740,190,200,"bu","13:37:07",5317800
9730,180,500,"sd","13:37:05",5317600
9740,190,4500,"bu","13:37:05",5317100
9740,190,500,"bu","13:37:05",5312600
9730,180,900,"sd","13:37:05",5312100
9750,200,9700,"bu","13:37:02",5311200
9750,200,200,"bu","13:37:02",5301500
9750,200,500,"bu","13:37:02",5301300
9750,200,2000,"bu","13:37:02",5300800
9750,200,2000,"bu","13:37:02",5298800
9740,190,500,"bu","13:37:02",5296800
9740,190,800,"bu","13:37:02",5296300
9740,190,8300,"bu","13:37:02",5295500
9740,190,5000,"bu","13:37:02",5287200
9740,190,400,"bu","13:37:01",5282200
9740,190,200,"bu","13:37:01",5281800
9730,180,2000,"sd","13:37:00",5281600
9740,190,100,"bu","13:36:56",5279600
9740,190,2000,"bu","13:36:54",5279500
9740,190,1500,"bu","13:36:53",5277500
9740,190,1000,"bu","13:36:53",5276000
9740,190,11000,"bu","13:36:53",5275000
9740,190,100,"unknown","13:36:53",5264000
9740,190,400,"sd","13:36:53",5263900
9760,210,20600,"bu","13:36:53",5263500
9760,210,1000,"bu","13:36:53",5242900
9760,210,500,"bu","13:36:53",5241900
9760,210,1500,"bu","13:36:53",5241400
9760,210,100,"bu","13:36:53",5239900
9760,210,5000,"bu","13:36:53",5239800
9760,210,5000,"bu","13:36:53",5234800
9760,210,3900,"bu","13:36:53",5229800
9750,200,10000,"bu","13:36:53",5225900
9750,200,2400,"bu","13:36:53",5215900
9750,200,1200,"bu","13:36:53",5213500
9750,200,1000,"bu","13:36:53",5212300
9750,200,1600,"bu","13:36:53",5211300
9750,200,500,"bu","13:36:53",5209700
9750,200,300,"bu","13:36:53",5209200
9750,200,5000,"bu","13:36:53",5208900
9750,200,200,"bu","13:36:53",5203900
9750,200,500,"bu","13:36:53",5203700
9750,200,1000,"bu","13:36:53",5203200
9750,200,1500,"bu","13:36:52",5202200
9750,200,2000,"bu","13:36:52",5200700
9750,200,1000,"bu","13:36:52",5198700
9750,200,4900,"bu","13:36:52",5197700
9740,190,2000,"sd","13:36:52",5192800
9750,200,100,"bu","13:36:52",5190800
9750,200,1000,"bu","13:36:52",5190700
9750,200,1000,"bu","13:36:52",5189700
9750,200,900,"bu","13:36:52",5188700
9750,200,300,"bu","13:36:52",5187800
9750,200,500,"bu","13:36:51",5187500
9750,200,500,"bu","13:36:51",5187000
9740,190,400,"sd","13:36:48",5186500
9740,190,1000,"sd","13:36:48",5186100
9750,200,4000,"bu","13:36:46",5185100
9750,200,5500,"bu","13:36:44",5181100
9750,200,40000,"bu","13:36:44",5175600
9750,200,500,"bu","13:36:44",5135600
9750,200,4000,"bu","13:36:44",5135100
9750,200,1000,"bu","13:36:41",5131100
9760,210,7200,"bu","13:36:40",5130100
9750,200,4600,"bu","13:36:40",5122900
9750,200,5000,"bu","13:36:40",5118300
9750,200,2800,"sd","13:36:39",5113300
9750,200,7200,"sd","13:36:39",5110500
9750,200,800,"sd","13:36:39",5103300
9750,200,300,"sd","13:36:39",5102500
9750,200,5000,"sd","13:36:39",5102200
9750,200,2900,"sd","13:36:39",5097200
9750,200,3800,"sd","13:36:39",5094300
9750,200,600,"sd","13:36:39",5090500
9750,200,5000,"sd","13:36:39",5089900
9750,200,1000,"sd","13:36:39",5084900
9750,200,1000,"sd","13:36:39",5083900
9750,200,5000,"sd","13:36:39",5082900
9760,210,200,"bu","13:36:38",5077900
9750,200,500,"sd","13:36:37",5077700
9760,210,300,"bu","13:36:37",5077200
9750,200,2900,"sd","13:36:36",5076900
9760,210,500,"bu","13:36:36",5074000
9750,200,1000,"sd","13:36:36",5073500
9750,200,3000,"sd","13:36:36",5072500
9750,200,14900,"sd","13:36:35",5069500
9750,200,5000,"sd","13:36:34",5054600
9750,200,10000,"sd","13:36:31",5049600
9750,200,3900,"sd","13:36:29",5039600
9760,210,300,"sd","13:36:29",5035700
9760,210,300,"sd","13:36:29",5035400
9760,210,1000,"sd","13:36:29",5035100
9760,210,500,"sd","13:36:29",5034100
9760,210,100,"sd","13:36:29",5033600
9760,210,5700,"sd","13:36:29",5033500
9760,210,1100,"sd","13:36:28",5027800
9760,210,100,"sd","13:36:27",5026700
9760,210,1700,"sd","13:36:26",5026600
9770,220,600,"bu","13:36:23",5024900
9760,210,200,"sd","13:36:23",5024300
9770,220,5000,"bu","13:36:23",5024100
9770,220,2000,"bu","13:36:23",5019100
9770,220,300,"bu","13:36:21",5017100
9760,210,33600,"sd","13:36:20",5016800
9760,210,2000,"sd","13:36:20",4983200
9760,210,1000,"sd","13:36:20",4981200
9760,210,1800,"sd","13:36:20",4980200
9760,210,1600,"sd","13:36:20",4978400
9770,220,3000,"bu","13:36:20",4976800
9760,210,3400,"sd","13:36:20",4973800
9760,210,400,"sd","13:36:20",4970400
9760,210,1200,"sd","13:36:20",4970000
9770,220,1000,"bu","13:36:18",4968800
9770,220,1000,"bu","13:36:16",4967800
9770,220,3400,"bu","13:36:16",4966800
9770,220,1600,"bu","13:36:16",4963400
9770,220,2000,"bu","13:36:16",4961800
9760,210,500,"sd","13:36:16",4959800
9770,220,900,"sd","13:36:13",4959300
9770,220,100,"sd","13:36:13",4958400
9770,220,100,"sd","13:36:13",4958300
9770,220,3800,"sd","13:36:13",4958200
9770,220,400,"sd","13:36:13",4954400
9770,220,100,"sd","13:36:13",4954000
9770,220,900,"sd","13:36:13",4953900
9770,220,100,"sd","13:36:13",4953000
9780,230,100,"bu","13:36:13",4952900
9780,230,5000,"bu","13:36:10",4952800
9780,230,500,"bu","13:36:09",4947800
9780,230,500,"bu","13:36:08",4947300
9780,230,5500,"bu","13:36:08",4946800
9780,230,500,"bu","13:36:08",4941300
9780,230,200,"bu","13:36:08",4940800
9780,230,100,"bu","13:36:08",4940600
9780,230,1000,"bu","13:36:07",4940500
9780,230,400,"bu","13:36:06",4939500
9780,230,1600,"bu","13:36:04",4939100
9780,230,1000,"bu","13:36:01",4937500
9780,230,700,"bu","13:36:00",4936500
9780,230,300,"bu","13:36:00",4935800
9780,230,500,"bu","13:35:59",4935500
9780,230,500,"bu","13:35:57",4935000
9780,230,1000,"sd","13:35:56",4934500
9780,230,2700,"sd","13:35:56",4933500
9790,240,10400,"bu","13:35:55",4930800
9790,240,100,"bu","13:35:54",4920400
9780,230,300,"sd","13:35:54",4920300
9780,230,700,"sd","13:35:54",4920000
9790,240,100,"bu","13:35:53",4919300
9780,230,100,"sd","13:35:52",4919200
9790,240,100,"bu","13:35:51",4919100
9780,230,100,"sd","13:35:49",4919000
9790,240,10000,"bu","13:35:48",4918900
9790,240,200,"bu","13:35:47",4908900
9780,230,1000,"bu","13:35:45",4908700
9780,230,100,"bu","13:35:45",4907700
9780,230,4000,"sd","13:35:44",4907600
9770,220,2200,"sd","13:35:44",4903600
9770,220,900,"sd","13:35:44",4901400
9770,220,300,"sd","13:35:44",4900500
9780,230,300,"sd","13:35:44",4900200
9780,230,2000,"sd","13:35:44",4899900
9780,230,200,"sd","13:35:44",4897900
9780,230,100,"sd","13:35:44",4897700
9790,240,500,"bu","13:35:44",4897600
9780,230,500,"sd","13:35:43",4897100
9790,240,500,"bu","13:35:43",4896600
9790,240,400,"bu","13:35:43",4896100
9790,240,75000,"bu","13:35:42",4895700
9790,240,20000,"bu","13:35:42",4820700
9780,230,1000,"sd","13:35:42",4800700
9790,240,2000,"bu","13:35:41",4799700
9790,240,1000,"bu","13:35:41",4797700
9790,240,2000,"bu","13:35:41",4796700
9790,240,100,"bu","13:35:41",4794700
9790,240,500,"bu","13:35:41",4794600
9790,240,500,"bu","13:35:41",4794100
9790,240,200,"bu","13:35:41",4793600
9790,240,500,"bu","13:35:41",4793400
9790,240,500,"bu","13:35:41",4792900
9790,240,1000,"bu","13:35:41",4792400
9790,240,500,"bu","13:35:41",4791400
9790,240,1200,"bu","13:35:41",4790900
9780,230,4500,"sd","13:35:39",4789700
9780,230,1700,"sd","13:35:39",4785200
9790,240,100,"bu","13:35:38",4783500
9790,240,200,"bu","13:35:36",4783400
9790,240,7000,"bu","13:35:36",4783200
9790,240,800,"bu","13:35:36",4776200
9780,230,4000,"sd","13:35:35",4775400
9780,230,500,"sd","13:35:35",4771400
9790,240,5200,"bu","13:35:34",4770900
9790,240,4800,"bu","13:35:34",4765700
9790,240,200,"bu","13:35:34",4760900
9790,240,200,"bu","13:35:34",4760700
9790,240,100,"bu","13:35:34",4760500
9780,230,200,"bu","13:35:33",4760400
9780,230,100,"bu","13:35:33",4760200
9780,230,200,"bu","13:35:33",4760100
9780,230,1100,"sd","13:35:32",4759900
9780,230,900,"sd","13:35:32",4758800
9780,230,100,"sd","13:35:32",4757900
9790,240,400,"bu","13:35:31",4757800
9790,240,100,"bu","13:35:31",4757400
9780,230,500,"bu","13:35:30",4757300
9780,230,400,"bu","13:35:30",4756800
9780,230,200,"bu","13:35:29",4756400
9780,230,1400,"bu","13:35:28",4756200
9780,230,800,"bu","13:35:28",4754800
9780,230,2800,"bu","13:35:28",4754000
9780,230,2000,"bu","13:35:28",4751200
9780,230,200,"bu","13:35:28",4749200
9780,230,14000,"bu","13:35:28",4749000
9780,230,1000,"bu","13:35:28",4735000
9780,230,100,"bu","13:35:28",4734000
9780,230,2000,"bu","13:35:28",4733900
9780,230,500,"bu","13:35:28",4731900
9780,230,3000,"bu","13:35:28",4731400
9780,230,200,"bu","13:35:28",4728400
9780,230,500,"bu","13:35:28",4728200
9780,230,1500,"bu","13:35:28",4727700
9780,230,5000,"bu","13:35:28",4726200
9770,220,100,"sd","13:35:26",4721200
9780,230,3000,"bu","13:35:25",4721100
9770,220,100,"bu","13:35:19",4718100
9770,220,1900,"bu","13:35:19",4718000
9770,220,200,"bu","13:35:19",4716100
9770,220,1000,"bu","13:35:19",4715900
9770,220,1900,"bu","13:35:19",4714900
9770,220,100,"bu","13:35:19",4713000
9770,220,300,"bu","13:35:19",4712900
9770,220,100,"bu","13:35:19",4712600
9770,220,200,"bu","13:35:18",4712500
9760,210,300,"sd","13:35:14",4712300
9760,210,700,"sd","13:35:14",4712000
9770,220,700,"bu","13:35:11",4711300
9770,220,100,"bu","13:35:11",4710600
9760,210,500,"sd","13:35:09",4710500
9760,210,200,"bu","13:35:06",4710000
9760,210,600,"bu","13:35:06",4709800
9760,210,200,"bu","13:35:05",4709200
9760,210,200,"bu","13:35:05",4709000
9760,210,300,"bu","13:35:05",4708800
9760,210,2000,"bu","13:35:05",4708500
9760,210,100,"bu","13:35:05",4706500
9760,210,1400,"bu","13:35:03",4706400
9760,210,200,"bu","13:35:03",4705000
9760,210,200,"bu","13:35:03",4704800
9760,210,300,"bu","13:35:03",4704600
9760,210,100,"bu","13:35:03",4704300
9760,210,100,"bu","13:35:03",4704200
9760,210,5000,"bu","13:35:03",4704100
9760,210,2000,"bu","13:35:03",4699100
9760,210,700,"bu","13:35:03",4697100
9760,210,1300,"bu","13:35:02",4696400
9760,210,200,"bu","13:35:02",4695100
9760,210,200,"bu","13:35:00",4694900
9760,210,100,"bu","13:35:00",4694700
9760,210,2000,"bu","13:35:00",4694600
9760,210,100,"bu","13:35:00",4692600
9760,210,4800,"bu","13:35:00",4692500
9760,210,2000,"bu","13:34:58",4687700
9760,210,13200,"bu","13:34:57",4685700
9760,210,6800,"bu","13:34:57",4672500
9750,200,100,"sd","13:34:56",4665700
9750,200,2000,"sd","13:34:54",4665600
9750,200,1300,"sd","13:34:54",4663600
9750,200,700,"sd","13:34:54",4662300
9760,210,3200,"bu","13:34:52",4661600
9760,210,1000,"bu","13:34:52",4658400
9760,210,5000,"bu","13:34:52",4657400
9760,210,500,"bu","13:34:52",4652400
9760,210,200,"bu","13:34:51",4651900
9750,200,100,"sd","13:34:49",4651700
9750,200,2200,"sd","13:34:48",4651600
9760,210,200,"bu","13:34:46",4649400
9760,210,9700,"bu","13:34:45",4649200
9750,200,2000,"bu","13:34:45",4639500
9750,200,38300,"bu","13:34:45",4637500
9750,200,2000,"bu","13:34:44",4599200
9740,190,500,"sd","13:34:44",4597200
9750,200,5000,"bu","13:34:43",4596700
9750,200,2000,"bu","13:34:41",4591700
9750,200,800,"bu","13:34:41",4589700
9750,200,2700,"bu","13:34:41",4588900
9750,200,5000,"sd","13:34:40",4586200
9750,200,10000,"sd","13:34:40",4581200
9750,200,2000,"sd","13:34:40",4571200
9750,200,10000,"sd","13:34:40",4569200
9750,200,20000,"sd","13:34:40",4559200
9750,200,2200,"sd","13:34:40",4539200
9760,210,300,"bu","13:34:40",4537000
9750,200,1400,"sd","13:34:38",4536700
9750,200,1000,"sd","13:34:37",4535300
9750,200,100,"sd","13:34:37",4534300
9750,200,300,"bu","13:34:35",4534200
9750,200,500,"bu","13:34:35",4533900
9750,200,100,"bu","13:34:35",4533400
9750,200,1100,"sd","13:34:34",4533300
9750,200,3000,"bu","13:34:33",4532200
9750,200,1000,"bu","13:34:33",4529200
9750,200,2000,"bu","13:34:33",4528200
9750,200,1500,"bu","13:34:33",4526200
9750,200,200,"bu","13:34:33",4524700
9750,200,1000,"bu","13:34:33",4524500
9750,200,100,"bu","13:34:33",4523500
9750,200,500,"bu","13:34:33",4523400
9750,200,1500,"bu","13:34:33",4522900
9750,200,2000,"bu","13:34:33",4521400
9750,200,1000,"bu","13:34:33",4519400
9750,200,100,"bu","13:34:33",4518400
9750,200,1000,"bu","13:34:33",4518300
9750,200,1600,"bu","13:34:32",4517300
9750,200,2400,"bu","13:34:32",4515700
9750,200,100,"bu","13:34:32",4513300
9750,200,1000,"bu","13:34:32",4513200
9750,200,1000,"bu","13:34:32",4512200
9750,200,4000,"bu","13:34:32",4511200
9750,200,12800,"bu","13:34:32",4507200
9750,200,1000,"bu","13:34:31",4494400
9750,200,200,"bu","13:34:31",4493400
9750,200,300,"bu","13:34:30",4493200
9750,200,1500,"bu","13:34:30",4492900
9750,200,100,"bu","13:34:29",4491400
9750,200,9100,"bu","13:34:28",4491300
9750,200,200,"bu","13:34:28",4482200
9750,200,2000,"bu","13:34:28",4482000
9750,200,5000,"bu","13:34:28",4480000
9750,200,1000,"bu","13:34:28",4475000
9750,200,2700,"bu","13:34:28",4474000
9750,200,4000,"bu","13:34:27",4471300
9750,200,10000,"bu","13:34:27",4467300
9750,200,3300,"bu","13:34:26",4457300
9750,200,700,"bu","13:34:26",4454000
9740,190,100,"sd","13:34:26",4453300
9740,190,600,"sd","13:34:24",4453200
9740,190,3000,"sd","13:34:24",4452600
9740,190,100,"sd","13:34:24",4449600
9740,190,300,"sd","13:34:24",4449500
9750,200,100,"bu","13:34:24",4449200
9750,200,2000,"bu","13:34:22",4449100
9750,200,200,"bu","13:34:22",4447100
9750,200,100,"bu","13:34:22",4446900
9750,200,500,"bu","13:34:22",4446800
9750,200,200,"bu","13:34:22",4446300
9750,200,200,"bu","13:34:21",4446100
9740,190,1000,"sd","13:34:21",4445900
9750,200,29600,"bu","13:34:20",4444900
9750,200,400,"bu","13:34:20",4415300
9750,200,100,"bu","13:34:17",4414900
9750,200,1900,"bu","13:34:16",4414800
9750,200,300,"bu","13:34:15",4412900
9750,200,300,"bu","13:34:12",4412600
9750,200,600,"bu","13:34:11",4412300
9750,200,1000,"bu","13:34:09",4411700
9750,200,500,"bu","13:34:09",4410700
9750,200,5000,"bu","13:34:07",4410200
9740,190,1000,"sd","13:34:04",4405200
9740,190,100,"bu","13:34:01",4404200
9740,190,1600,"bu","13:34:01",4404100
9740,190,1000,"bu","13:34:00",4402500
9730,180,5000,"sd","13:34:00",4401500
9740,190,2900,"bu","13:33:59",4396500
9750,200,39900,"bu","13:33:56",4393600
9750,200,600,"bu","13:33:56",4353700
9750,200,100,"bu","13:33:56",4353100
9750,200,1000,"bu","13:33:56",4353000
9750,200,100,"bu","13:33:56",4352000
9750,200,900,"bu","13:33:56",4351900
9740,190,2000,"bu","13:33:56",4351000
9740,190,1000,"bu","13:33:56",4349000
9740,190,1000,"bu","13:33:56",4348000
9740,190,10000,"bu","13:33:56",4347000
9740,190,300,"bu","13:33:56",4337000
9740,190,100,"bu","13:33:56",4336700
9740,190,1900,"bu","13:33:56",4336600
9740,190,200,"bu","13:33:56",4334700
9740,190,100,"bu","13:33:56",4334500
9740,190,800,"bu","13:33:56",4334400
9730,180,1000,"sd","13:33:56",4333600
9740,190,200,"bu","13:33:55",4332600
9740,190,5000,"bu","13:33:55",4332400
9740,190,500,"bu","13:33:55",4327400
9740,190,100,"bu","13:33:55",4326900
9740,190,200,"bu","13:33:55",4326800
9740,190,4000,"bu","13:33:55",4326600
9730,180,200,"sd","13:33:52",4322600
9740,190,500,"bu","13:33:52",4322400
9730,180,100,"sd","13:33:50",4321900
9740,190,500,"bu","13:33:49",4321800
9740,190,1000,"bu","13:33:49",4321300
9740,190,2000,"bu","13:33:49",4320300
9740,190,1000,"bu","13:33:49",4318300
9740,190,500,"bu","13:33:49",4317300
9730,180,1000,"sd","13:33:48",4316800
9730,180,2000,"bu","13:33:46",4315800
9730,180,3500,"bu","13:33:46",4313800
9730,180,100,"bu","13:33:46",4310300
9730,180,100,"bu","13:33:46",4310200
9730,180,800,"bu","13:33:46",4310100
9730,180,1200,"bu","13:33:46",4309300
9730,180,1000,"bu","13:33:46",4308100
9730,180,100,"bu","13:33:46",4307100
9730,180,5600,"bu","13:33:46",4307000
9730,180,300,"bu","13:33:46",4301400
9720,170,100,"sd","13:33:45",4301100
9730,180,3000,"bu","13:33:45",4301000
9730,180,300,"bu","13:33:43",4298000
9730,180,2800,"bu","13:33:41",4297700
9730,180,2200,"bu","13:33:41",4294900
9730,180,100,"bu","13:33:39",4292700
9720,170,4400,"sd","13:33:39",4292600
9730,180,700,"bu","13:33:37",4288200
9720,170,2000,"sd","13:33:36",4287500
9730,180,2000,"bu","13:33:36",4285500
9720,170,600,"sd","13:33:35",4283500
9720,170,400,"sd","13:33:35",4282900
9720,170,2000,"sd","13:33:28",4282500
9720,170,100,"sd","13:33:27",4280500
9720,170,2000,"sd","13:33:27",4280400
9720,170,5100,"sd","13:33:27",4278400
9720,170,800,"sd","13:33:27",4273300
9720,170,2000,"sd","13:33:27",4272500
9720,170,500,"sd","13:33:25",4270500
9720,170,200,"sd","13:33:25",4270000
9720,170,200,"sd","13:33:23",4269800
9720,170,100,"sd","13:33:22",4269600
9720,170,1000,"sd","13:33:20",4269500
9720,170,200,"bu","13:33:19",4268500
9720,170,500,"bu","13:33:19",4268300
9720,170,2000,"bu","13:33:19",4267800
9720,170,200,"bu","13:33:19",4265800
9720,170,5000,"bu","13:33:19",4265600
9720,170,2000,"bu","13:33:18",4260600
9720,170,2800,"bu","13:33:18",4258600
9720,170,2000,"bu","13:33:18",4255800
9720,170,100,"bu","13:33:18",4253800
9720,170,500,"bu","13:33:18",4253700
9720,170,2000,"bu","13:33:18",4253200
9720,170,100,"bu","13:33:18",4251200
9720,170,1000,"bu","13:33:18",4251100
9720,170,1500,"bu","13:33:18",4250100
9720,170,2500,"bu","13:33:17",4248600
9720,170,500,"bu","13:33:17",4246100
9720,170,4000,"bu","13:33:16",4245600
9720,170,500,"bu","13:33:15",4241600
9720,170,1500,"bu","13:33:15",4241100
9720,170,1000,"bu","13:33:08",4239600
9720,170,2000,"bu","13:33:07",4238600
9710,160,200,"unknown","13:33:04",4236600
9710,160,300,"unknown","13:33:04",4236400
9720,170,1500,"bu","13:33:03",4236100
9720,170,1000,"bu","13:33:03",4234500
9720,170,100,"bu","13:33:03",4234600
9710,160,200,"bu","13:33:03",4233500
9710,160,700,"bu","13:33:03",4233300
9710,160,300,"bu","13:33:03",4232600
9710,160,1700,"bu","13:33:03",4232300
9700,150,500,"sd","13:33:03",4230600
9710,160,300,"bu","13:33:00",4230100
9710,160,4700,"bu","13:33:00",4229800
9710,160,1100,"bu","13:32:56",4225100
9710,160,500,"bu","13:32:56",4224000
9710,160,900,"bu","13:32:56",4223500
9710,160,3000,"bu","13:32:56",4222600
9710,160,500,"bu","13:32:56",4219600
9700,150,3000,"sd","13:32:54",4219100
9700,150,100,"bu","13:32:52",4216100
9700,150,4400,"bu","13:32:52",4216000
9700,150,200,"bu","13:32:52",4211600
9700,150,100,"bu","13:32:51",4211400
9700,150,1000,"bu","13:32:51",4211300
9700,150,300,"bu","13:32:50",4210300
9700,150,7000,"bu","13:32:50",4210000
9700,150,1000,"bu","13:32:50",4203000
9700,150,1700,"bu","13:32:50",4202000
9700,150,300,"bu","13:32:50",4200300
9700,150,1000,"bu","13:32:50",4200000
9700,150,1000,"bu","13:32:50",4199000
9700,150,2700,"bu","13:32:50",4198000
9700,150,300,"bu","13:32:50",4195300
9700,150,2700,"bu","13:32:50",4195000
9700,150,2300,"bu","13:32:49",4192300
9700,150,1000,"bu","13:32:49",4190000
9700,150,200,"bu","13:32:49",4189000
9700,150,1000,"bu","13:32:49",4188800
9700,150,3000,"bu","13:32:49",4187800
9700,150,1000,"bu","13:32:49",4184800
9700,150,500,"bu","13:32:49",4183800
9700,150,1000,"bu","13:32:49",4183300
9700,150,100,"bu","13:32:48",4182300
9700,150,2400,"bu","13:32:48",4182200
9700,150,1200,"bu","13:32:48",4179800
9700,150,1000,"bu","13:32:48",4178600
9700,150,300,"bu","13:32:48",4177600
9700,150,1100,"bu","13:32:46",4177300
9690,140,1000,"bu","13:32:46",4176200
9690,140,2900,"bu","13:32:46",4175200
9690,140,500,"sd","13:32:46",4172300
9690,140,1000,"sd","13:32:46",4171800
9690,140,1000,"sd","13:32:46",4170800
9690,140,4600,"sd","13:32:46",4169800
9700,150,1500,"bu","13:32:45",4165200
9700,150,1300,"bu","13:32:45",4163700
9690,140,2300,"sd","13:32:45",4162400
9700,150,500,"bu","13:32:44",4160100
9700,150,1000,"bu","13:32:44",4159600
9700,150,6000,"bu","13:32:44",4158600
9700,150,200,"bu","13:32:44",4152600
9700,150,200,"bu","13:32:44",4152400
9700,150,400,"bu","13:32:44",4152200
9700,150,1000,"bu","13:32:44",4151800
9700,150,100,"bu","13:32:44",4150800
9700,150,1000,"bu","13:32:44",4150700
9700,150,1000,"bu","13:32:44",4149700
9700,150,5000,"bu","13:32:44",4148700
9700,150,1000,"bu","13:32:44",4143700
9700,150,1000,"bu","13:32:44",4142700
9700,150,1000,"bu","13:32:44",4141700
9700,150,2000,"bu","13:32:44",4140700
9700,150,100,"bu","13:32:44",4138700
9700,150,600,"bu","13:32:44",4138600
9700,150,700,"bu","13:32:44",4138000
9700,150,300,"bu","13:32:44",4137300
9700,150,5000,"bu","13:32:44",4137000
9700,150,5300,"bu","13:32:44",4132000
9700,150,500,"bu","13:32:44",4126700
9700,150,1000,"bu","13:32:44",4126200
9700,150,5000,"bu","13:32:44",4125200
9700,150,100,"bu","13:32:44",4120200
9700,150,4800,"bu","13:32:40",4120100
9700,150,1700,"bu","13:32:40",4115300
9700,150,4000,"bu","13:32:40",4113600
9700,150,500,"bu","13:32:40",4109600
9700,150,20000,"bu","13:32:40",4109100
9700,150,2000,"bu","13:32:40",4089100
9700,150,500,"bu","13:32:40",4087100
9700,150,200,"bu","13:32:40",4086600
9700,150,1000,"bu","13:32:40",4086400
9700,150,100,"bu","13:32:40",4085400
9700,150,500,"bu","13:32:40",4085300
9700,150,700,"bu","13:32:40",4084800
9700,150,14000,"bu","13:32:40",4084100
9690,140,100,"sd","13:32:38",4070100
9690,140,100,"sd","13:32:38",4070000
9700,150,200,"bu","13:32:35",4069900
9690,140,1000,"sd","13:32:34",4069700
9700,150,17000,"bu","13:32:34",4068700
9700,150,400,"bu","13:32:33",4051700
9690,140,7000,"sd","13:32:29",4051300
9700,150,50000,"bu","13:32:26",4044300
9690,140,1000,"sd","13:32:26",3994300
9690,140,2400,"bu","13:32:24",3993300
9690,140,3400,"bu","13:32:24",3990900
9690,140,1600,"sd","13:32:21",3987500
9700,150,100,"bu","13:32:18",3985900
9690,140,400,"bu","13:32:16",3985800
9690,140,4600,"sd","13:32:16",3985400
9690,140,100,"sd","13:32:15",3980800
9690,140,1000,"sd","13:32:15",3980700
9690,140,4100,"bu","13:32:14",3979700
9690,140,600,"bu","13:32:14",3975600
9690,140,300,"sd","13:32:12",3975000
9690,140,300,"sd","13:32:12",3974700
9700,150,1000,"bu","13:32:12",3974400
9690,140,2900,"bu","13:32:10",3973400
9690,140,7100,"bu","13:32:10",3970500
9700,150,1400,"bu","13:32:08",3963400
9700,150,2000,"bu","13:32:07",3962000
9690,140,1800,"bu","13:32:07",3960000
9680,130,1000,"sd","13:32:06",3958200
9690,140,200,"sd","13:32:04",3957200
9700,150,1000,"bu","13:32:01",3957000
9660,110,2000,"sd","13:32:01",3956000
9670,120,100,"sd","13:32:01",3954000
9670,120,2000,"sd","13:32:01",3953900
9670,120,3000,"sd","13:32:01",3951900
9670,120,300,"sd","13:32:01",3948900
9680,130,100,"sd","13:32:01",3948600
9680,130,1700,"sd","13:32:01",3948500
9690,140,800,"sd","13:32:01",3946800
9690,140,200,"sd","13:32:00",3946000
9700,150,3000,"bu","13:31:59",3945800
9700,150,9900,"bu","13:31:59",3942800
9700,150,100,"bu","13:31:59",3932900
9700,150,200,"bu","13:31:59",3932800
9700,150,1000,"bu","13:31:59",3932600
9700,150,500,"bu","13:31:59",3931600
9700,150,8300,"bu","13:31:59",3931100
9700,150,1000,"bu","13:31:59",3922800
9680,130,3300,"sd","13:31:58",3921800
9680,130,500,"sd","13:31:58",3918500
9680,130,2000,"sd","13:31:58",3918000
9680,130,1000,"sd","13:31:58",3916000
9680,130,3000,"sd","13:31:58",3915000
9680,130,200,"sd","13:31:58",3912000
9700,150,700,"bu","13:31:58",3911800
9700,150,2600,"bu","13:31:58",3911100
9690,140,1000,"bu","13:31:58",3908500
9690,140,1000,"bu","13:31:58",3907500
9690,140,200,"bu","13:31:58",3906500
9690,140,14500,"bu","13:31:58",3906300
9690,140,100,"bu","13:31:58",3891800
9690,140,1000,"bu","13:31:58",3891700
9690,140,800,"bu","13:31:58",3890700
9690,140,3000,"bu","13:31:55",3889900
9690,140,500,"bu","13:31:55",3886900
9690,140,1000,"bu","13:31:55",3886400
9690,140,100,"bu","13:31:54",3885400
9690,140,1000,"bu","13:31:53",3885300
9690,140,5000,"bu","13:31:52",3884300
9690,140,500,"bu","13:31:51",3879300
9690,140,500,"bu","13:31:51",3878800
9690,140,300,"bu","13:31:51",3878300
9690,140,2000,"sd","13:31:50",3878000
9690,140,100,"sd","13:31:50",3876000
9690,140,100,"sd","13:31:50",3875900
9690,140,100,"sd","13:31:50",3875800
9690,140,5000,"sd","13:31:50",3875700
9690,140,2000,"sd","13:31:50",3870700
9690,140,2000,"sd","13:31:50",3868700
9690,140,10400,"sd","13:31:50",3866700
9700,150,300,"bu","13:31:50",3856300
9690,140,2000,"sd","13:31:49",3856000
9700,150,2000,"bu","13:31:48",3854000
9700,150,1000,"bu","13:31:47",3852000
9700,150,3000,"bu","13:31:46",3851000
9700,150,1000,"bu","13:31:45",3848000
9700,150,700,"bu","13:31:44",3847000
9700,150,100,"bu","13:31:44",3846300
9700,150,200,"bu","13:31:44",3846200
9700,150,300,"bu","13:31:42",3846000
9700,150,700,"bu","13:31:42",3845700
9690,140,1000,"sd","13:31:42",3845000
9700,150,700,"bu","13:31:41",3844000
9700,150,100,"bu","13:31:41",3843300
9700,150,2000,"bu","13:31:41",3843200
9700,150,500,"bu","13:31:41",3841200
9700,150,700,"bu","13:31:41",3840700
9700,150,200,"bu","13:31:40",3840000
9700,150,100,"bu","13:31:40",3839800
9700,150,100,"bu","13:31:40",3839700
9700,150,100,"bu","13:31:40",3839600
9700,150,100,"bu","13:31:40",3839500
9700,150,100,"bu","13:31:39",3839400
9700,150,1000,"bu","13:31:39",3839300
9700,150,5000,"bu","13:31:39",3838300
9700,150,3000,"bu","13:31:39",3833300
9700,150,5000,"bu","13:31:39",3830300
9700,150,1000,"bu","13:31:39",3825300
9700,150,2500,"bu","13:31:39",3824300
9700,150,500,"bu","13:31:39",3821800
9700,150,300,"bu","13:31:39",3821300
9700,150,100,"bu","13:31:39",3821000
9700,150,2000,"bu","13:31:39",3820900
9700,150,200,"bu","13:31:39",3818900
9700,150,1000,"bu","13:31:39",3818700
9700,150,1000,"bu","13:31:39",3817700
9700,150,4000,"bu","13:31:38",3816700
9700,150,100,"bu","13:31:38",3812700
9700,150,1500,"bu","13:31:38",3812600
9700,150,10000,"bu","13:31:38",3811100
9700,150,1000,"bu","13:31:38",3801100
9700,150,1000,"bu","13:31:38",3800100
9700,150,1000,"bu","13:31:38",3799100
9700,150,10800,"bu","13:31:38",3798100
9700,150,500,"bu","13:31:38",3787300
9700,150,500,"bu","13:31:38",3786800
9700,150,200,"bu","13:31:38",3786300
9700,150,100,"bu","13:31:38",3786100
9680,130,900,"sd","13:31:33",3786000
9690,140,1000,"bu","13:31:33",3785100
9690,140,100,"bu","13:31:33",3784100
9690,140,500,"bu","13:31:33",3784000
9690,140,100,"bu","13:31:33",3783500
9690,140,3000,"bu","13:31:33",3783400
9690,140,100,"bu","13:31:33",3780400
9690,140,1800,"bu","13:31:33",3780300
9690,140,1000,"bu","13:31:33",3778500
9690,140,700,"bu","13:31:32",3777500
9690,140,1000,"bu","13:31:32",3776800
9690,140,2500,"bu","13:31:32",3775800
9690,140,1500,"bu","13:31:32",3773300
9690,140,900,"bu","13:31:31",3771800
9690,140,2600,"bu","13:31:31",3770900
9690,140,500,"bu","13:31:31",3768300
9690,140,2000,"bu","13:31:31",3767800
9690,140,100,"bu","13:31:31",3765800
9690,140,4000,"bu","13:31:31",3765700
9680,130,600,"bu","13:31:27",3761700
9680,130,100,"bu","13:31:25",3761100
9680,130,2300,"bu","13:31:25",3761000
9680,130,500,"bu","13:31:25",3758700
9680,130,200,"bu","13:31:25",3758200
9680,130,300,"bu","13:31:21",3758000
9680,130,3000,"bu","13:31:21",3757700
9680,130,100,"bu","13:31:21",3754700
9680,130,100,"bu","13:31:21",3754600
9680,130,500,"bu","13:31:21",3754500
9680,130,1000,"bu","13:31:21",3754000
9670,120,1000,"sd","13:31:19",3753000
9670,120,1000,"bu","13:31:19",3752000
9670,120,100,"bu","13:31:19",3751000
9670,120,1600,"bu","13:31:19",3750900
9670,120,400,"bu","13:31:18",3749300
9670,120,3000,"bu","13:31:16",3748900
9660,110,1000,"bu","13:31:11",3745900
9660,110,100,"bu","13:31:11",3744900
9660,110,3400,"bu","13:31:11",3744800
9660,110,1000,"bu","13:31:10",3741400
9660,110,1200,"bu","13:31:10",3740400
9660,110,1000,"bu","13:31:10",3739200
9660,110,500,"bu","13:31:09",3738200
9660,110,2900,"bu","13:31:07",3737700
9660,110,100,"bu","13:31:07",3734800
9660,110,30000,"bu","13:31:07",3734700
9660,110,5000,"bu","13:31:07",3704700
9660,110,12000,"bu","13:31:07",3699700
9660,110,8000,"bu","13:31:02",3687700
9660,110,10000,"bu","13:31:02",3679700
9650,100,1000,"bu","13:31:01",3669700
9650,100,1000,"bu","13:31:01",3668700
9650,100,2000,"bu","13:31:01",3667700
9650,100,100,"bu","13:31:01",3665700
9650,100,1000,"bu","13:31:01",3665600
9650,100,15500,"bu","13:31:01",3664600
9650,100,500,"bu","13:31:01",3649100
9650,100,500,"bu","13:31:01",3648600
9650,100,500,"bu","13:31:01",3648100
9650,100,1000,"bu","13:31:01",3647600
9650,100,2000,"bu","13:31:01",3646600
9650,100,100,"bu","13:31:01",3644600
9650,100,1300,"bu","13:31:01",3644500
9650,100,3000,"bu","13:31:01",3643200
9650,100,10000,"bu","13:31:01",3640200
9650,100,2400,"bu","13:31:01",3630200
9650,100,500,"bu","13:31:01",3627800
9650,100,5000,"bu","13:31:01",3627300
9650,100,300,"bu","13:31:00",3622300
9650,100,1000,"bu","13:30:59",3622000
9650,100,200,"bu","13:30:59",3621000
9650,100,1000,"bu","13:30:59",3620800
9650,100,300,"bu","13:30:59",3619800
9650,100,100,"bu","13:30:59",3619500
9650,100,100,"bu","13:30:59",3619400
9650,100,1000,"bu","13:30:59",3619300
9650,100,100,"bu","13:30:59",3618300
9650,100,1400,"bu","13:30:59",3618200
9650,100,2000,"bu","13:30:59",3616800
9650,100,500,"bu","13:30:59",3614800
9650,100,500,"bu","13:30:59",3614300
9650,100,2000,"bu","13:30:59",3613800
9650,100,1000,"bu","13:30:59",3611800
9650,100,500,"bu","13:30:59",3610800
9650,100,6800,"bu","13:30:59",3610300
9650,100,100,"bu","13:30:59",3603500
9650,100,200,"bu","13:30:59",3603400
9650,100,1000,"bu","13:30:59",3603200
9650,100,200,"bu","13:30:59",3602200
9640,90,400,"sd","13:30:56",3602000
9640,90,6700,"bu","13:30:47",3601600
9640,90,900,"bu","13:30:47",3594900
9640,90,7600,"bu","13:30:45",3594000
9640,90,1000,"bu","13:30:45",3586400
9640,90,3100,"bu","13:30:44",3585400
9640,90,700,"bu","13:30:43",3582300
9640,90,100,"bu","13:30:43",3581600
9640,90,4200,"bu","13:30:43",3581500
9640,90,800,"bu","13:30:40",3577300
9640,90,100,"bu","13:30:40",3576500
9640,90,100,"bu","13:30:40",3576400
9630,80,100,"bu","13:30:38",3576300
9630,80,24100,"bu","13:30:38",3576200
9630,80,200,"bu","13:30:38",3552100
9630,80,100,"bu","13:30:38",3551900
9630,80,3000,"bu","13:30:38",3551800
9630,80,500,"bu","13:30:38",3548800
9630,80,13600,"bu","13:30:38",3548300
9630,80,500,"bu","13:30:38",3534700
9630,80,13200,"bu","13:30:38",3534200
9630,80,100,"bu","13:30:36",3521000
9630,80,4900,"bu","13:30:36",3520900
9630,80,100,"bu","13:30:36",3516000
9620,70,300,"bu","13:30:28",3515900
9620,70,700,"bu","13:30:27",3515600
9620,70,200,"bu","13:30:27",3514900
9620,70,100,"bu","13:30:27",3514700
9620,70,2000,"bu","13:30:27",3514600
9620,70,1300,"bu","13:30:27",3512600
9620,70,700,"bu","13:30:27",3511300
9620,70,2300,"bu","13:30:27",3510600
9620,70,2700,"bu","13:30:27",3508300
9620,70,7300,"bu","13:30:27",3505600
9620,70,200,"bu","13:30:27",3498300
9620,70,1100,"bu","13:30:27",3498100
9620,70,400,"bu","13:30:27",3497000
9620,70,1300,"bu","13:30:26",3496600
9620,70,500,"bu","13:30:26",3495300
9620,70,5000,"bu","13:30:24",3494800
9620,70,600,"bu","13:30:24",3489800
9620,70,100,"bu","13:30:22",3489200
9620,70,1000,"bu","13:30:21",3489100
9620,70,10000,"bu","13:30:20",3488100
9620,70,1100,"bu","13:30:20",3478100
9620,70,1000,"bu","13:30:20",3477000
9620,70,100,"bu","13:30:20",3476000
9620,70,1500,"bu","13:30:20",3475900
9620,70,2000,"bu","13:30:20",3474400
9620,70,500,"bu","13:30:20",3472400
9620,70,500,"bu","13:30:17",3471900
9610,60,1000,"sd","13:30:16",3471400
9610,60,600,"bu","13:30:14",3470400
9610,60,100,"bu","13:30:14",3469800
9610,60,200,"bu","13:30:14",3469700
9610,60,300,"bu","13:30:14",3469500
9610,60,5000,"bu","13:30:14",3469200
9610,60,2000,"bu","13:30:14",3464200
9610,60,200,"bu","13:30:14",3462200
9610,60,200,"bu","13:30:14",3462000
9610,60,400,"bu","13:30:14",3461800
9610,60,4700,"bu","13:30:09",3461400
9610,60,300,"bu","13:30:09",3456700
9600,50,1000,"sd","13:30:08",3456400
9600,50,800,"sd","13:30:06",3455400
9600,50,2000,"bu","13:30:02",3454600
9600,50,2000,"bu","13:30:02",3452600
9600,50,3000,"bu","13:30:02",3450600
9600,50,100,"bu","13:30:02",3447600
9600,50,3000,"bu","13:30:02",3447500
9600,50,300,"bu","13:30:02",3444500
9600,50,5000,"bu","13:30:02",3444200
9600,50,3000,"bu","13:30:02",3439200
9600,50,1900,"bu","13:30:02",3436200
9600,50,5000,"bu","13:30:02",3434300
9600,50,100,"bu","13:30:02",3429300
9600,50,200,"bu","13:30:02",3429200
9600,50,800,"bu","13:30:02",3429000
9600,50,5000,"bu","13:30:02",3428200
9600,50,4200,"bu","13:30:02",3423200
9600,50,800,"bu","13:30:01",3419000
9600,50,500,"bu","13:30:01",3418200
9600,50,1700,"bu","13:30:01",3417700
9600,50,300,"bu","13:30:00",3416000
9600,50,1000,"bu","13:30:00",3415700
9600,50,100,"bu","13:30:00",3414700
9600,50,1000,"bu","13:30:00",3414600
9600,50,1000,"bu","13:30:00",3413600
9600,50,300,"bu","13:30:00",3412600
9600,50,1500,"bu","13:30:00",3412300
9600,50,300,"bu","13:30:00",3410800
9600,50,200,"bu","13:30:00",3410500
9600,50,1000,"bu","13:30:00",3410300
9600,50,700,"bu","13:30:00",3409300
9600,50,4300,"bu","13:30:00",3408600
9600,50,5700,"bu","13:30:00",3404300
9600,50,100,"bu","13:30:00",3398600
9600,50,500,"bu","13:30:00",3398500
9600,50,3700,"bu","13:30:00",3398000
9600,50,1300,"bu","13:30:00",3394300
9600,50,5000,"bu","13:30:00",3393000
9600,50,500,"bu","13:30:00",3388000
9600,50,500,"bu","13:30:00",3387500
9600,50,500,"bu","13:30:00",3387000
9600,50,1000,"bu","13:30:00",3386500
9600,50,500,"bu","13:30:00",3385500
9600,50,700,"bu","13:30:00",3385000
9600,50,300,"bu","13:29:59",3384300
9600,50,1400,"bu","13:29:59",3384000
9600,50,300,"bu","13:29:59",3382600
9600,50,1000,"bu","13:29:58",3382300
9590,40,1000,"sd","13:29:58",3381300
9600,50,4700,"bu","13:29:55",3380300
9600,50,1500,"bu","13:29:54",3375600
9600,50,7800,"bu","13:29:52",3374100
9600,50,2200,"bu","13:29:52",3366300
9600,50,2000,"bu","13:29:52",3364100
9600,50,700,"bu","13:29:50",3362100
9600,50,5000,"bu","13:29:50",3361400
9600,50,100,"bu","13:29:49",3356400
9600,50,100,"bu","13:29:49",3356300
9600,50,500,"bu","13:29:49",3356200
9600,50,100,"bu","13:29:49",3355700
9600,50,2200,"bu","13:29:49",3355600
9600,50,400,"bu","13:29:49",3353400
9590,40,2000,"sd","13:29:49",3353000
9600,50,100,"bu","13:29:48",3351000
9600,50,300,"bu","13:29:46",3350900
9600,50,700,"bu","13:29:46",3350600
9600,50,2900,"bu","13:29:44",3349900
9600,50,1400,"bu","13:29:44",3347000
9600,50,1900,"bu","13:29:44",3345600
9600,50,900,"bu","13:29:44",3343700
9600,50,800,"bu","13:29:44",3342800
9600,50,1000,"bu","13:29:42",3342000
9600,50,6200,"bu","13:29:41",3341000
9600,50,500,"bu","13:29:41",3334800
9600,50,100,"bu","13:29:41",3334300
9600,50,1000,"bu","13:29:41",3334200
9600,50,500,"bu","13:29:41",3333200
9600,50,100,"bu","13:29:41",3332700
9600,50,100,"bu","13:29:41",3332600
9600,50,1500,"bu","13:29:41",3332500
9600,50,2200,"bu","13:29:41",3331000
9600,50,1300,"bu","13:29:41",3328800
9600,50,400,"bu","13:29:41",3327500
9600,50,1100,"bu","13:29:41",3327100
9600,50,100,"bu","13:29:39",3326000
9600,50,500,"bu","13:29:37",3325900
9600,50,8300,"bu","13:29:36",3325400
9600,50,5000,"bu","13:29:36",3317100
9600,50,18200,"bu","13:29:36",3312100
9600,50,2500,"bu","13:29:36",3293900
9600,50,5000,"bu","13:29:36",3291400
9600,50,800,"bu","13:29:36",3286400
9600,50,100,"bu","13:29:36",3285600
9600,50,100,"bu","13:29:36",3285500
9600,50,1000,"bu","13:29:36",3285400
9590,40,2000,"sd","13:29:34",3284400
9600,50,900,"bu","13:29:34",3282400
9600,50,100,"bu","13:29:34",3281500
9600,50,2700,"bu","13:29:34",3281400
9600,50,5000,"bu","13:29:34",3278700
9600,50,8000,"bu","13:29:34",3273700
9600,50,1000,"bu","13:29:34",3265700
9600,50,1000,"bu","13:29:34",3264700
9600,50,500,"bu","13:29:34",3263700
9600,50,100,"bu","13:29:34",3263200
9600,50,500,"bu","13:29:34",3263100
9600,50,200,"bu","13:29:34",3262600
9600,50,100,"bu","13:29:34",3262400
9600,50,600,"bu","13:29:34",3262300
9600,50,4000,"bu","13:29:34",3261700
9600,50,300,"bu","13:29:34",3257700
9600,50,100,"bu","13:29:34",3257400
9600,50,1000,"bu","13:29:34",3257300
9600,50,6000,"bu","13:29:34",3256300
9600,50,2500,"bu","13:29:34",3250300
9600,50,700,"bu","13:29:34",3247800
9600,50,300,"bu","13:29:34",3247100
9600,50,2000,"bu","13:29:34",3246800
9600,50,3000,"bu","13:29:34",3244800
9600,50,300,"bu","13:29:34",3241800
9600,50,200,"bu","13:29:34",3241500
9600,50,100,"bu","13:29:34",3241300
9600,50,100,"bu","13:29:34",3241200
9600,50,2000,"bu","13:29:34",3241100
9600,50,1000,"bu","13:29:34",3239100
9600,50,100,"bu","13:29:34",3238100
9600,50,1000,"bu","13:29:34",3238000
9600,50,200,"bu","13:29:34",3237000
9600,50,20000,"bu","13:29:34",3236800
9600,50,400,"bu","13:29:34",3216800
9600,50,5000,"bu","13:29:34",3216400
9600,50,100,"bu","13:29:34",3211400
9600,50,3000,"bu","13:29:34",3211300
9600,50,5000,"bu","13:29:34",3208300
9600,50,1000,"bu","13:29:34",3203300
9600,50,100,"bu","13:29:34",3202300
9600,50,3000,"bu","13:29:34",3202200
9600,50,100,"bu","13:29:34",3199200
9600,50,1000,"bu","13:29:34",3199100
9600,50,1000,"bu","13:29:34",3198100
9600,50,100,"bu","13:29:34",3197100
9600,50,1000,"bu","13:29:34",3197000
9600,50,1000,"bu","13:29:34",3196000
9600,50,5000,"bu","13:29:34",3195000
9600,50,100,"bu","13:29:34",3190000
9600,50,2000,"bu","13:29:34",3189900
9600,50,4000,"bu","13:29:34",3187900
9600,50,1000,"bu","13:29:34",3183900
9600,50,500,"bu","13:29:34",3182900
9600,50,5000,"bu","13:29:32",3182400
9590,40,100,"unknown","13:29:32",3177400
9590,40,400,"unknown","13:29:32",3177300
9590,40,1700,"unknown","13:29:32",3176900
9600,50,2300,"bu","13:29:32",3175200
9590,40,5000,"bu","13:29:32",3172900
9590,40,500,"bu","13:29:32",3167900
9590,40,1300,"bu","13:29:32",3167400
9590,40,900,"bu","13:29:32",3166100
9590,40,800,"bu","13:29:31",3165200
9590,40,4300,"bu","13:29:30",3164400
9590,40,700,"bu","13:29:30",3160100
9590,40,5100,"bu","13:29:26",3159400
9590,40,500,"bu","13:29:26",3154300
9590,40,2000,"bu","13:29:26",3153800
9590,40,500,"bu","13:29:26",3151800
9590,40,500,"bu","13:29:26",3151300
9590,40,100,"bu","13:29:26",3150800
9590,40,100,"bu","13:29:26",3150700
9580,30,600,"bu","13:29:22",3150600
9580,30,5000,"bu","13:29:22",3150000
9580,30,4400,"bu","13:29:20",3145000
9580,30,100,"bu","13:29:20",3140600
9580,30,1000,"bu","13:29:20",3140500
9580,30,200,"bu","13:29:20",3139500
9580,30,300,"bu","13:29:20",3139300
9580,30,3000,"bu","13:29:20",3139000
9580,30,100,"bu","13:29:20",3136000
9580,30,500,"bu","13:29:20",3135900
9580,30,200,"bu","13:29:20",3135400
9580,30,100,"bu","13:29:20",3135200
9580,30,700,"bu","13:29:20",3135100
9580,30,2700,"bu","13:29:19",3134400
9580,30,200,"bu","13:29:19",3131700
9580,30,5000,"bu","13:29:18",3131500
9580,30,9400,"bu","13:29:17",3126500
9580,30,600,"bu","13:29:17",3117100
9580,30,1400,"bu","13:29:13",3116500
9580,30,500,"bu","13:29:13",3115100
9580,30,100,"bu","13:29:13",3114600
9580,30,4900,"bu","13:29:12",3114500
9580,30,100,"bu","13:29:12",3109600
9570,20,2200,"bu","13:29:10",3109500
9570,20,3100,"bu","13:29:08",3107300
9560,10,200,"sd","13:29:08",3104200
9570,20,4000,"bu","13:29:08",3104000
9570,20,700,"bu","13:29:07",3100000
9570,20,2000,"bu","13:29:07",3099300
9570,20,700,"bu","13:29:07",3097300
9570,20,700,"bu","13:29:07",3096600
9570,20,300,"bu","13:28:58",3095900
9570,20,100,"bu","13:28:58",3095600
9570,20,200,"bu","13:28:58",3095500
9570,20,4500,"bu","13:28:58",3095300
9570,20,200,"bu","13:28:58",3090800
9560,10,500,"bu","13:28:58",3090600
9560,10,100,"bu","13:28:58",3090100
9560,10,1000,"bu","13:28:58",3090000
9560,10,500,"bu","13:28:58",3089000
9560,10,5000,"bu","13:28:58",3088500
9560,10,100,"bu","13:28:58",3083500
9560,10,200,"bu","13:28:58",3083400
9560,10,200,"bu","13:28:58",3083200
9560,10,100,"bu","13:28:58",3083000
9550,0,600,"bu","13:28:56",3082900
9550,0,100,"bu","13:28:56",3082300
9550,0,500,"bu","13:28:56",3082200
9550,0,300,"bu","13:28:56",3081700
9550,0,200,"bu","13:28:56",3081400
9550,0,1000,"bu","13:28:56",3081200
9550,0,500,"bu","13:28:56",3080200
9550,0,100,"bu","13:28:56",3079700
9550,0,500,"bu","13:28:56",3079600
9550,0,100,"bu","13:28:56",3079100
9550,0,10000,"bu","13:28:56",3079000
9550,0,100,"bu","13:28:56",3069000
9550,0,100,"bu","13:28:56",3068900
9550,0,2000,"bu","13:28:56",3068800
9550,0,9600,"bu","13:28:56",3066800
9550,0,2400,"bu","13:28:52",3057200
9550,0,7000,"bu","13:28:52",3054800
9550,0,100,"bu","13:28:52",3047800
9550,0,500,"bu","13:28:52",3047700
9550,0,3000,"bu","13:28:52",3047200
9550,0,100,"bu","13:28:52",3044200
9550,0,3000,"bu","13:28:52",3044100
9550,0,1600,"bu","13:28:52",3041100
9550,0,100,"bu","13:28:52",3039500
9550,0,10000,"bu","13:28:52",3039400
9550,0,2000,"bu","13:28:52",3029400
9550,0,500,"bu","13:28:52",3027400
9550,0,5000,"bu","13:28:52",3026900
9550,0,1000,"bu","13:28:52",3021900
9550,0,5000,"bu","13:28:52",3020900
9550,0,1000,"bu","13:28:52",3015900
9550,0,200,"bu","13:28:52",3014900
9550,0,400,"bu","13:28:52",3014700
9550,0,300,"bu","13:28:52",3014300
9550,0,5000,"bu","13:28:52",3014000
9550,0,200,"bu","13:28:52",3009000
9550,0,500,"bu","13:28:52",3008800
9550,0,100,"bu","13:28:52",3008300
9550,0,1000,"bu","13:28:52",3008200
9550,0,3500,"bu","13:28:48",3007200
9550,0,100,"bu","13:28:46",3003700
9550,0,300,"bu","13:28:46",3003600
9550,0,500,"bu","13:28:45",3003300
9550,0,9100,"bu","13:28:45",3002800
9550,0,2000,"bu","13:28:39",2993700
9550,0,100,"bu","13:28:37",2991700
9540,-10,500,"sd","13:28:17",2991600
9540,-10,100,"sd","13:28:09",2991100
9540,-10,1000,"bu","13:28:03",2991000
9540,-10,100,"bu","13:28:03",2990000
9540,-10,5000,"bu","13:28:03",2989900
9540,-10,2700,"bu","13:28:03",2984900
9540,-10,2300,"bu","13:28:03",2982200
9540,-10,100,"bu","13:28:03",2979900
9540,-10,17600,"bu","13:28:03",2979800
9540,-10,2400,"bu","13:28:01",2962200
9540,-10,200,"bu","13:28:01",2959800
9540,-10,500,"bu","13:28:01",2959600
9540,-10,6900,"bu","13:28:01",2959100
9540,-10,1000,"bu","13:28:01",2952200
9540,-10,10000,"bu","13:27:57",2951200
9540,-10,8900,"bu","13:27:51",2941200
9530,-20,3000,"sd","13:27:35",2932300
9530,-20,200,"sd","13:27:25",2929300
9530,-20,1100,"bu","13:27:25",2929100
9530,-20,500,"bu","13:27:16",2928000
9530,-20,100,"bu","13:27:15",2927500
9530,-20,4400,"bu","13:27:15",2927400
9530,-20,3300,"bu","13:27:15",2923000
9530,-20,100,"bu","13:27:15",2919700
9530,-20,2000,"bu","13:27:15",2919600
9530,-20,200,"bu","13:27:15",2917600
9530,-20,1000,"bu","13:27:05",2917400
9520,-30,700,"sd","13:27:03",2916400
9520,-30,100,"sd","13:27:03",2915700
9520,-30,100,"sd","13:26:59",2915600
9520,-30,200,"sd","13:26:41",2915500
9520,-30,100,"sd","13:26:41",2915300
9520,-30,500,"sd","13:26:41",2915200
9520,-30,2500,"sd","13:26:41",2914700
9520,-30,7500,"bu","13:26:37",2912200
9520,-30,2000,"bu","13:26:37",2904700
9520,-30,100,"bu","13:26:37",2902700
9520,-30,400,"bu","13:26:37",2902600
9520,-30,500,"bu","13:26:14",2902200
9510,-40,1000,"sd","13:25:56",2901700
9510,-40,500,"sd","13:25:42",2900700
9520,-30,100,"bu","13:25:39",2900200
9520,-30,1900,"bu","13:25:39",2900100
9510,-40,400,"sd","13:25:31",2898200
9510,-40,300,"sd","13:25:31",2897800
9520,-30,100,"bu","13:25:29",2897500
9510,-40,500,"sd","13:25:13",2897400
9510,-40,200,"sd","13:25:01",2896900
9510,-40,800,"sd","13:25:01",2896700
9520,-30,300,"bu","13:24:58",2895900
9510,-40,100,"sd","13:24:40",2895600
9510,-40,1000,"sd","13:24:40",2895500
9510,-40,100,"sd","13:24:33",2894500
9500,-50,4000,"sd","13:23:55",2894400
9510,-40,500,"bu","13:23:55",2890400
9500,-50,100,"sd","13:23:42",2889900
9500,-50,1000,"bu","13:23:37",2889800
9500,-50,2000,"bu","13:23:35",2888800
9500,-50,2000,"bu","13:23:35",2886800
9500,-50,1000,"bu","13:23:35",2884800
9500,-50,3000,"bu","13:23:32",2883800
9500,-50,500,"bu","13:23:32",2880800
9500,-50,1000,"bu","13:23:32",2880300
9500,-50,1000,"bu","13:23:32",2879300
9500,-50,10000,"bu","13:23:32",2878300
9500,-50,500,"bu","13:23:32",2868300
9500,-50,9500,"bu","13:23:32",2867800
9500,-50,1000,"bu","13:23:25",2858300
9490,-60,4800,"sd","13:23:18",2857300
9500,-50,400,"bu","13:23:17",2852500
9500,-50,5000,"bu","13:23:13",2852100
9500,-50,200,"bu","13:23:11",2847100
9500,-50,900,"bu","13:23:10",2846900
9500,-50,500,"bu","13:23:05",2846000
9500,-50,200,"bu","13:22:57",2845500
9500,-50,500,"bu","13:22:57",2845300
9500,-50,4300,"bu","13:22:57",2844800
9490,-60,1000,"sd","13:22:51",2840500
9500,-50,1000,"bu","13:22:39",2839500
9500,-50,300,"bu","13:22:34",2838500
9500,-50,600,"bu","13:22:28",2838200
9500,-50,100,"bu","13:22:23",2837600
9500,-50,2700,"bu","13:22:20",2837500
9500,-50,2000,"bu","13:22:20",2834800
9500,-50,1300,"bu","13:22:20",2832800
9500,-50,700,"bu","13:22:15",2831500
9500,-50,300,"bu","13:22:15",2830800
9500,-50,1600,"bu","13:22:15",2830500
9500,-50,3400,"bu","13:22:15",2828900
9500,-50,6600,"bu","13:22:13",2825500
9500,-50,2600,"bu","13:22:13",2818900
9500,-50,3400,"bu","13:22:05",2816300
9500,-50,100,"bu","13:22:05",2812900
9500,-50,4500,"bu","13:22:05",2812800
9490,-60,500,"sd","13:22:04",2808300
9490,-60,1100,"bu","13:21:56",2807800
9490,-60,8900,"bu","13:21:55",2806700
