"price","change","match_qtty","side","time","total_vol"
84700,900,2500,"unknown","14:44:59",149000
84700,900,800,"sd","14:29:28",146500
84800,1000,200,"sd","14:28:58",145700
84800,1000,2100,"bu","14:28:39",145500
84800,1000,300,"sd","14:28:02",143400
84800,1000,600,"sd","14:28:02",143100
85000,1200,1300,"sd","14:27:31",142500
85000,1200,700,"sd","14:27:05",141200
85000,1200,1000,"sd","14:27:05",140500
85000,1200,300,"sd","14:27:05",139500
85100,1300,1000,"sd","14:26:40",139200
85100,1300,1800,"sd","14:26:40",138200
85100,1300,200,"sd","14:25:10",136400
85100,1300,100,"sd","14:25:10",136200
85100,1300,100,"sd","14:24:38",136100
85100,1300,300,"sd","14:24:32",136000
85100,1300,100,"sd","14:23:58",135700
85100,1300,300,"sd","14:23:02",135600
85300,1500,1100,"sd","14:23:02",135300
85500,1700,100,"sd","14:23:02",134200
85500,1700,100,"bu","14:22:57",134100
85500,1700,100,"bu","14:22:57",134000
85500,1700,100,"bu","14:22:57",133900
85500,1700,100,"bu","14:22:47",133800
85300,1500,100,"bu","14:22:03",133700
85300,1500,500,"bu","14:22:03",133600
85300,1500,100,"bu","14:22:03",133100
85100,1300,100,"sd","14:22:01",133000
85100,1300,100,"sd","14:21:45",132900
85100,1300,100,"sd","14:21:24",132800
85100,1300,100,"sd","14:20:47",132700
85100,1300,100,"sd","14:20:10",132600
85200,1400,100,"sd","14:19:34",132500
85200,1400,100,"sd","14:18:58",132400
85200,1400,100,"sd","14:18:23",132300
85200,1400,100,"bu","14:17:18",132200
85200,1400,200,"bu","14:17:18",132100
85100,1300,100,"sd","14:17:12",131900
85200,1400,400,"bu","14:16:55",131800
85100,1300,100,"sd","14:16:37",131400
85100,1300,100,"sd","14:16:03",131300
85000,1200,100,"sd","14:15:28",131200
85000,1200,100,"sd","14:14:54",131100
85000,1200,100,"sd","14:14:20",131000
85000,1200,100,"sd","14:13:46",130900
85100,1300,100,"sd","14:13:12",130800
85100,1300,100,"sd","14:12:39",130700
85100,1300,100,"sd","14:12:05",130600
85100,1300,100,"sd","14:11:32",130500
85200,1400,100,"bu","14:11:24",130400
85100,1300,100,"bu","14:10:43",130300
85100,1300,500,"bu","14:10:43",130200
85000,1200,100,"sd","14:10:25",129700
85000,1200,100,"sd","14:09:53",129600
85000,1200,100,"sd","14:09:20",129500
85000,1200,100,"sd","14:08:47",129400
85200,1400,300,"bu","14:08:40",129300
85200,1400,1700,"bu","14:08:40",129000
85000,1200,300,"sd","14:08:38",127300
85000,1200,200,"sd","14:08:38",127000
85000,1200,100,"sd","14:08:15",126800
85200,1400,100,"bu","14:07:53",126700
85000,1200,100,"sd","14:07:43",126600
85200,1400,500,"bu","14:07:11",126500
85000,1200,100,"sd","14:07:10",126000
84900,1100,100,"sd","14:06:37",125900
84900,1100,100,"sd","14:06:05",125800
84900,1100,100,"sd","14:05:33",125700
85000,1200,100,"sd","14:05:01",125600
84900,1100,100,"sd","14:04:29",125500
84900,1100,100,"sd","14:03:57",125400
84900,1100,100,"sd","14:03:25",125300
84900,1100,100,"sd","14:02:54",125200
84900,1100,100,"sd","14:02:22",125100
84900,1100,100,"sd","14:01:51",125000
85200,1400,2700,"bu","14:01:31",124900
85200,1400,100,"bu","14:01:31",122200
85200,1400,100,"bu","14:01:31",122100
85200,1400,100,"bu","14:01:31",122000
84800,1000,100,"sd","14:01:20",121900
84800,1000,100,"sd","14:00:48",121800
84800,1000,100,"sd","14:00:17",121700
84800,1000,100,"sd","13:59:45",121600
85100,1300,100,"bu","13:58:49",121500
85100,1300,100,"bu","13:58:47",121400
84700,900,100,"sd","13:58:43",121300
84700,900,100,"sd","13:58:12",121200
84700,900,100,"sd","13:57:41",121100
84700,900,100,"sd","13:57:10",121000
84700,900,100,"sd","13:56:39",120900
84700,900,100,"sd","13:56:08",120800
84700,900,100,"sd","13:55:37",120700
84700,900,100,"sd","13:55:31",120600
84700,900,100,"sd","13:55:07",120500
84700,900,100,"sd","13:54:36",120400
84700,900,100,"sd","13:54:06",120300
84700,900,100,"sd","13:53:45",120200
84700,900,100,"sd","13:53:35",120100
84700,900,100,"sd","13:53:04",120000
84700,900,100,"sd","13:52:34",119900
84700,900,100,"sd","13:52:04",119800
84700,900,100,"sd","13:51:33",119700
84700,900,400,"sd","13:51:33",119600
84700,900,100,"sd","13:51:33",119200
84700,900,100,"sd","13:51:03",119100
84700,900,100,"sd","13:50:33",119000
84700,900,100,"sd","13:50:03",118900
84700,900,100,"sd","13:49:33",118800
84700,900,100,"sd","13:49:03",118700
84700,900,100,"sd","13:48:33",118600
84700,900,100,"sd","13:48:03",118500
84700,900,100,"sd","13:47:33",118400
84700,900,100,"sd","13:47:03",118300
84700,900,100,"sd","13:46:33",118200
84700,900,100,"sd","13:46:04",118100
84700,900,100,"sd","13:45:33",118000
84700,900,100,"sd","13:45:04",117900
84700,900,100,"sd","13:44:34",117800
84700,900,100,"sd","13:44:04",117700
84700,900,100,"sd","13:43:35",117600
85100,1300,100,"sd","13:43:05",117500
85100,1300,100,"sd","13:42:53",117400
85100,1300,100,"sd","13:42:36",117300
85200,1400,700,"bu","13:42:30",117200
85200,1400,100,"bu","13:42:16",116500
85200,1400,100,"bu","13:42:12",116400
85100,1300,100,"bu","13:42:04",116300
85100,1300,100,"bu","13:42:04",116200
85100,1300,700,"bu","13:42:04",116100
85100,1300,500,"bu","13:42:03",115400
85100,1300,2300,"bu","13:42:03",114900
85100,1300,100,"bu","13:42:03",112600
85100,1300,100,"bu","13:42:03",112500
85000,1200,100,"bu","13:41:37",112400
85000,1200,500,"bu","13:41:37",112300
85000,1200,100,"bu","13:41:37",111800
85000,1200,100,"bu","13:41:37",111700
84900,1100,100,"sd","13:41:37",111600
84800,1000,100,"sd","13:41:07",111500
85000,1200,100,"bu","13:40:56",111400
85000,1200,200,"bu","13:40:56",111300
85000,1200,100,"bu","13:40:56",111100
84700,900,100,"sd","13:40:38",111000
84600,800,100,"sd","13:40:10",110900
84600,800,100,"sd","13:39:39",110800
84600,800,100,"sd","13:39:09",110700
84600,800,100,"sd","13:38:40",110600
84600,800,100,"sd","13:38:11",110500
84600,800,100,"sd","13:37:42",110400
84600,800,100,"sd","13:37:13",110300
84600,800,100,"sd","13:36:44",110200
84600,800,100,"sd","13:36:14",110100
84600,800,100,"sd","13:35:45",110000
84600,800,100,"sd","13:35:17",109900
84600,800,100,"sd","13:34:47",109800
84600,800,100,"sd","13:34:18",109700
84600,800,100,"sd","13:33:49",109600
84600,800,100,"sd","13:33:20",109500
84600,800,100,"sd","13:32:51",109400
84600,800,100,"sd","13:32:22",109300
84600,800,100,"sd","13:31:54",109200
84600,800,100,"sd","13:31:25",109100
84500,700,100,"sd","13:30:56",109000
84600,800,100,"bu","13:30:06",108900
84600,800,900,"bu","13:30:06",108800
84500,700,100,"sd","13:29:59",107900
84500,700,100,"bu","13:29:05",107800
84500,700,400,"bu","13:29:05",107700
84500,700,2000,"bu","13:29:03",107300
84500,700,100,"bu","13:29:01",105300
84400,600,100,"sd","13:29:01",105200
84500,700,2000,"sd","13:28:52",105100
84500,700,100,"sd","13:28:52",103100
84500,700,1000,"sd","13:28:52",103000
84500,700,700,"sd","13:28:52",102000
84500,700,1700,"sd","13:28:52",101300
84500,700,100,"sd","13:28:32",99600
84600,800,1000,"sd","13:28:04",99500
84600,800,100,"sd","13:28:04",98500
84600,800,100,"sd","13:28:04",98400
84600,800,100,"sd","13:27:35",98300
84600,800,100,"sd","13:27:07",98200
84600,800,100,"sd","13:26:38",98100
84600,800,100,"sd","13:26:09",98000
84600,800,100,"sd","13:25:41",97900
84600,800,100,"sd","13:25:12",97800
84600,800,100,"sd","13:24:54",97700
84600,800,100,"sd","13:24:44",97600
84500,700,100,"sd","13:24:16",97500
84500,700,100,"sd","13:23:47",97400
84500,700,100,"sd","13:23:19",97300
84500,700,100,"sd","13:22:50",97200
84500,700,100,"sd","13:22:22",97100
84500,700,100,"sd","13:21:53",97000
84500,700,100,"sd","13:21:25",96900
84500,700,200,"sd","13:21:23",96800
84500,700,1000,"sd","13:21:23",96600
84500,700,1500,"sd","13:21:23",95600
84500,700,300,"sd","13:21:23",94100
84500,700,100,"sd","13:20:57",93800
84500,700,900,"sd","13:20:49",93700
84500,700,800,"sd","13:20:49",92800
84500,700,200,"sd","13:20:49",92000
84600,800,600,"sd","13:20:49",91800
84600,800,500,"sd","13:20:49",91200
84500,700,100,"sd","13:20:29",90700
84500,700,100,"sd","13:20:00",90600
84600,800,100,"sd","13:19:32",90500
84600,800,100,"sd","13:19:04",90400
84600,800,100,"sd","13:18:36",90300
85000,1200,100,"bu","13:18:13",90200
84500,700,100,"sd","13:18:07",90100
84500,700,100,"sd","13:17:40",90000
84600,800,100,"sd","13:17:11",89900
84600,800,100,"sd","13:16:43",89800
84600,800,100,"sd","13:16:15",89700
84600,800,100,"sd","13:15:47",89600
84600,800,100,"sd","13:15:19",89500
84600,800,100,"sd","13:14:51",89400
84600,800,100,"sd","13:14:23",89300
84600,800,100,"sd","13:13:55",89200
84500,700,100,"sd","13:13:28",89100
84500,700,100,"sd","13:12:59",89000
84500,700,100,"sd","13:12:31",88900
84500,700,100,"sd","13:12:03",88800
85000,1200,100,"bu","13:11:49",88700
84500,700,100,"sd","13:11:35",88600
84500,700,100,"sd","13:11:08",88500
84600,800,100,"sd","13:10:40",88400
84600,800,100,"sd","13:10:12",88300
84500,700,100,"sd","13:09:44",88200
84500,700,100,"sd","13:09:16",88100
84500,700,100,"sd","13:08:49",88000
84500,700,100,"sd","13:08:21",87900
84500,700,100,"sd","13:07:53",87800
84500,700,100,"sd","13:07:25",87700
84400,600,100,"sd","13:06:58",87600
84400,600,100,"sd","13:06:30",87500
84900,1100,100,"sd","13:06:02",87400
84900,1100,100,"sd","13:05:35",87300
84900,1100,600,"sd","13:05:10",87200
84900,1100,100,"sd","13:05:07",86600
84900,1100,200,"sd","13:04:44",86500
84900,1100,100,"sd","13:04:40",86300
84900,1100,500,"sd","13:04:27",86200
84900,1100,100,"sd","13:04:12",85700
84900,1100,100,"bu","13:03:30",85600
84900,1100,100,"bu","13:03:30",85500
84900,1100,100,"bu","13:03:27",85400
84700,900,100,"sd","13:03:17",85300
84700,900,100,"sd","13:02:49",85200
84500,700,100,"sd","13:02:22",85100
84500,700,100,"sd","13:01:54",85000
84500,700,100,"sd","13:01:27",84900
84800,1000,100,"bu","13:00:53",84800
84800,1000,200,"bu","13:00:53",84700
84800,1000,100,"bu","13:00:53",84500
84800,1000,100,"bu","13:00:03",84400
84800,1000,100,"bu","13:00:03",84300
84400,600,100,"sd","11:28:01",84200
84400,600,100,"sd","11:27:04",84100
84600,800,100,"bu","11:25:37",84000
84600,800,100,"bu","11:25:37",83900
84500,700,100,"bu","11:24:47",83800
84500,700,100,"bu","11:24:47",83700
84300,500,100,"sd","11:24:15",83600
84300,500,100,"sd","11:23:19",83500
84500,700,1000,"bu","11:22:52",83400
84200,400,100,"sd","11:22:22",82400
84200,400,100,"sd","11:21:26",82300
84200,400,100,"sd","11:20:30",82200
84200,400,100,"sd","11:19:34",82100
84200,400,100,"sd","11:18:38",82000
84300,500,100,"sd","11:17:41",81900
84300,500,100,"sd","11:16:46",81800
84300,500,100,"sd","11:15:49",81700
84300,500,100,"sd","11:14:53",81600
84500,700,100,"sd","11:13:57",81500
84500,700,2000,"sd","11:13:10",81400
84500,700,100,"bu","11:12:51",79400
84200,400,100,"sd","11:12:06",79300
84200,400,100,"sd","11:11:09",79200
84500,700,200,"sd","11:10:35",79100
84500,700,700,"sd","11:10:35",78900
84500,700,100,"sd","11:10:14",78200
84500,700,100,"sd","11:09:18",78100
84500,700,100,"sd","11:08:22",78000
84500,700,200,"sd","11:07:55",77900
84500,700,100,"sd","11:07:27",77700
84500,700,100,"sd","11:06:30",77600
84500,700,100,"sd","11:05:35",77500
84500,700,100,"sd","11:04:39",77400
84500,700,100,"sd","11:03:43",77300
84500,700,100,"sd","11:02:47",77200
84500,700,100,"sd","11:01:52",77100
84500,700,100,"sd","11:00:56",77000
84200,400,100,"sd","11:00:00",76900
84400,600,100,"sd","10:59:05",76800
84400,600,100,"sd","10:58:10",76700
84400,600,100,"sd","10:57:14",76600
84400,600,100,"sd","10:56:18",76500
84400,600,100,"sd","10:55:23",76400
84800,1000,100,"bu","10:54:58",76300
84400,600,100,"sd","10:54:27",76200
84800,1000,400,"bu","10:53:08",76100
84800,1000,100,"bu","10:53:08",75700
84800,1000,500,"bu","10:53:08",75600
84500,700,100,"sd","10:52:37",75100
84500,700,100,"sd","10:51:41",75000
84800,1000,500,"sd","10:51:34",74900
84800,1000,800,"sd","10:51:34",74400
84800,1000,200,"sd","10:51:29",73600
84800,1000,300,"sd","10:51:29",73400
84800,1000,100,"sd","10:50:46",73100
84800,1000,100,"sd","10:49:51",73000
84800,1000,100,"sd","10:48:56",72900
84800,1000,100,"sd","10:48:01",72800
84800,1000,100,"sd","10:47:05",72700
84800,1000,100,"sd","10:46:10",72600
85000,1200,100,"bu","10:44:57",72500
85000,1200,500,"bu","10:44:57",72400
85000,1200,100,"bu","10:44:57",71900
85000,1200,900,"bu","10:44:57",71800
84800,1000,500,"sd","10:44:04",70900
85000,1200,100,"bu","10:44:02",70400
85000,1200,1000,"bu","10:44:02",70300
84900,1100,100,"bu","10:44:02",69300
84900,1100,200,"bu","10:44:02",69200
84900,1100,500,"bu","10:44:02",69000
84900,1100,100,"bu","10:44:02",68500
84800,1000,100,"sd","10:43:54",68400
84800,1000,500,"bu","10:43:48",68300
84800,1000,100,"sd","10:43:25",67800
84800,1000,100,"bu","10:42:01",67700
84800,1000,100,"bu","10:42:01",67600
84800,1000,100,"bu","10:42:01",67500
84800,1000,400,"bu","10:42:01",67400
84400,600,100,"sd","10:41:35",67000
84400,600,100,"sd","10:40:39",66900
84400,600,100,"sd","10:39:44",66800
84300,500,100,"sd","10:38:49",66700
84300,500,100,"sd","10:37:55",66600
84300,500,100,"sd","10:36:59",66500
84300,500,100,"sd","10:36:04",66400
84300,500,100,"sd","10:35:10",66300
84800,1000,100,"bu","10:34:29",66200
84300,500,100,"sd","10:34:15",66100
84200,400,100,"sd","10:33:20",66000
84200,400,100,"sd","10:32:25",65900
84200,400,100,"sd","10:31:30",65800
84200,400,100,"sd","10:30:36",65700
84100,300,100,"sd","10:29:41",65600
84100,300,100,"sd","10:28:46",65500
84100,300,100,"sd","10:27:52",65400
84800,1000,200,"bu","10:27:21",65300
84100,300,100,"sd","10:26:57",65100
84000,200,100,"sd","10:26:02",65000
84000,200,100,"sd","10:25:08",64900
84200,400,100,"sd","10:24:13",64800
84200,400,100,"sd","10:23:18",64700
84200,400,100,"sd","10:22:24",64600
84200,400,100,"sd","10:21:29",64500
84200,400,100,"sd","10:20:35",64400
84200,400,100,"sd","10:19:40",64300
84200,400,100,"sd","10:18:46",64200
84200,400,100,"sd","10:17:51",64100
84200,400,100,"sd","10:16:57",64000
84200,400,100,"sd","10:16:03",63900
84200,400,100,"sd","10:15:08",63800
84100,300,100,"sd","10:14:14",63700
84100,300,100,"sd","10:13:19",63600
84800,1000,300,"bu","10:13:02",63500
84800,1000,100,"bu","10:13:02",63200
84800,1000,100,"bu","10:13:02",63100
84000,200,100,"sd","10:12:25",63000
84500,700,1000,"sd","10:12:18",62900
84500,700,200,"sd","10:12:00",61900
84500,700,1500,"sd","10:11:37",61700
84500,700,100,"sd","10:11:31",60200
84500,700,100,"sd","10:10:37",60100
84500,700,100,"sd","10:09:42",60000
84100,300,100,"sd","10:08:48",59900
84000,200,100,"sd","10:07:54",59800
84000,200,100,"sd","10:07:00",59700
84000,200,100,"sd","10:06:06",59600
84800,1000,200,"bu","10:06:05",59500
84800,1000,200,"bu","10:06:05",59300
84800,1000,100,"bu","10:06:05",59100
84000,200,100,"sd","10:05:11",59000
84800,1000,300,"bu","10:04:58",58900
84000,200,300,"sd","10:04:27",58600
84000,200,700,"sd","10:04:27",58300
84000,200,100,"sd","10:04:17",57600
84000,200,100,"sd","10:03:23",57500
84000,200,100,"sd","10:02:29",57400
84800,1000,100,"bu","10:02:26",57300
84700,900,300,"sd","10:01:44",57200
84700,900,100,"sd","10:01:35",56900
84700,900,500,"sd","10:00:45",56800
84700,900,100,"bu","10:00:40",56300
84700,900,100,"bu","10:00:40",56200
84700,900,200,"bu","10:00:40",56100
84700,900,100,"bu","10:00:40",55900
84700,900,300,"bu","10:00:40",55800
84700,900,100,"bu","10:00:40",55500
84000,200,100,"bu","10:00:40",55400
84700,900,100,"bu","10:00:03",55300
84000,200,100,"bu","09:59:33",55200
84000,200,100,"bu","09:59:33",55100
83800,0,100,"sd","09:58:53",55000
84000,200,100,"sd","09:58:32",54900
84000,200,300,"sd","09:58:32",54800
84000,200,100,"sd","09:57:59",54500
84000,200,100,"sd","09:57:54",54400
84000,200,100,"sd","09:57:05",54300
84000,200,100,"sd","09:57:00",54200
84000,200,400,"sd","09:56:53",54100
84000,200,100,"sd","09:56:11",53700
84000,200,200,"sd","09:56:03",53600
84000,200,100,"sd","09:55:49",53400
84000,200,200,"sd","09:55:19",53300
84000,200,100,"sd","09:55:17",53100
84000,200,200,"sd","09:55:01",53000
84000,200,100,"sd","09:54:23",52800
84000,200,100,"sd","09:53:29",52700
84000,200,100,"sd","09:52:35",52600
84000,200,100,"sd","09:51:42",52500
84000,200,500,"sd","09:50:51",52400
84000,200,100,"sd","09:50:48",51900
84000,200,500,"sd","09:50:33",51800
84000,200,100,"sd","09:50:33",51300
84000,200,400,"sd","09:50:33",51200
84200,400,100,"bu","09:49:54",50800
84200,400,400,"bu","09:49:54",50700
84000,200,100,"sd","09:49:00",50300
84000,200,3300,"sd","09:48:49",50200
84000,200,100,"sd","09:48:06",46900
84000,200,100,"bu","09:46:28",46800
83800,0,100,"sd","09:46:19",46700
84000,200,200,"sd","09:45:31",46600
84000,200,100,"sd","09:45:13",46400
84200,400,100,"sd","09:44:55",46300
84200,400,1000,"sd","09:44:55",46200
84200,400,500,"sd","09:44:55",45200
84500,700,100,"bu","09:44:47",44700
84500,700,100,"bu","09:44:47",44600
84200,400,100,"sd","09:44:31",44500
84200,400,100,"bu","09:42:53",44400
84200,400,300,"bu","09:42:53",44300
84200,400,2900,"bu","09:42:43",44000
84200,400,100,"bu","09:42:43",41100
84000,200,2000,"bu","09:42:32",41000
84000,200,1000,"bu","09:42:32",39000
83900,100,100,"bu","09:41:51",38000
83800,0,100,"sd","09:41:51",37900
83900,100,100,"bu","09:40:58",37800
83700,-100,100,"sd","09:40:57",37700
83700,-100,100,"sd","09:40:03",37600
83700,-100,100,"sd","09:39:09",37500
83500,-300,100,"sd","09:38:16",37400
83500,-300,100,"sd","09:37:23",37300
83500,-300,100,"sd","09:36:29",37200
83500,-300,100,"sd","09:35:36",37100
83500,-300,100,"sd","09:34:42",37000
83500,-300,100,"sd","09:33:49",36900
83500,-300,300,"bu","09:32:53",36800
83400,-400,100,"bu","09:32:37",36500
83400,-400,700,"bu","09:32:37",36400
83300,-500,100,"sd","09:32:02",35700
83300,-500,100,"sd","09:31:08",35600
83300,-500,1400,"sd","09:30:56",35500
83300,-500,500,"sd","09:30:56",34100
83300,-500,100,"sd","09:30:56",33600
83400,-400,300,"bu","09:30:40",33500
83500,-300,100,"bu","09:30:27",33200
83500,-300,100,"bu","09:29:32",33100
83500,-300,100,"bu","09:28:54",33000
83500,-300,200,"bu","09:28:54",32900
83500,-300,300,"bu","09:28:38",32700
83500,-300,100,"bu","09:25:35",32400
83500,-300,1000,"sd","09:25:20",32300
83500,-300,2400,"sd","09:25:20",31300
83700,-100,100,"sd","09:24:53",28900
83700,-100,100,"sd","09:24:53",28800
83800,0,800,"sd","09:24:53",28700
83800,0,4200,"sd","09:24:51",27900
83800,0,100,"bu","09:22:28",23700
83500,-300,2600,"bu","09:21:17",23600
83500,-300,4800,"bu","09:21:06",21000
83400,-400,200,"bu","09:21:06",16200
83300,-500,100,"sd","09:20:11",16000
83400,-400,100,"bu","09:20:09",15900
83400,-400,200,"bu","09:19:24",15800
83400,-400,1000,"bu","09:19:10",15600
83400,-400,100,"bu","09:18:17",14600
83400,-400,100,"bu","09:17:37",14500
83400,-400,400,"bu","09:17:37",14400
83400,-400,500,"bu","09:17:00",14000
83400,-400,2000,"bu","09:16:52",13500
83400,-400,100,"bu","09:16:28",11500
83500,-300,500,"bu","09:15:13",11400
83500,-300,100,"bu","09:15:08",10900
83200,-600,100,"sd","09:15:02",10800
83500,-300,10700,"unknown","09:14:59",10700
