"price","change","match_qtty","side","time","total_vol"
7610,10,2000,"sd","14:45:00",182600
7610,10,500,"sd","14:29:59",180600
7650,50,2000,"sd","14:29:59",180100
7650,50,100,"sd","14:29:59",178100
7660,60,400,"sd","14:29:59",178000
7660,60,1800,"sd","14:27:31",177600
7660,60,1200,"sd","14:27:27",175800
7670,70,100,"sd","14:27:27",174600
7660,60,1500,"sd","14:23:49",174500
7670,70,500,"sd","14:23:49",173000
7700,100,100,"bu","14:20:43",172500
7700,100,100,"bu","14:20:40",172400
7700,100,100,"bu","14:19:43",172300
7700,100,100,"bu","14:19:12",172200
7700,100,300,"bu","14:18:24",172100
7700,100,1700,"bu","14:18:24",171800
7700,100,2600,"bu","14:16:59",170100
7700,100,400,"bu","14:16:59",167500
7700,100,100,"bu","14:16:59",167100
7700,100,1900,"bu","14:16:59",167000
7700,100,100,"bu","14:13:36",165100
7600,0,1000,"bu","14:12:29",165000
7600,0,700,"bu","14:12:26",164000
7600,0,100,"bu","14:12:25",163300
7600,0,300,"sd","14:11:57",163200
7610,10,2400,"sd","14:11:57",162900
7690,90,100,"sd","14:11:57",160500
7690,90,400,"sd","14:11:57",160400
7720,120,100,"sd","14:11:08",160000
7720,120,100,"bu","14:10:15",159900
7700,100,100,"bu","14:09:37",159800
7700,100,100,"bu","14:08:10",159700
7700,100,400,"bu","14:06:44",159600
7700,100,300,"bu","14:06:36",159200
7700,100,100,"bu","14:06:06",158900
7690,90,100,"bu","14:06:05",158800
7690,90,100,"bu","14:05:40",158700
7650,50,500,"bu","14:05:17",158600
7650,50,500,"bu","14:04:40",158100
7650,50,600,"bu","14:04:40",157600
7650,50,500,"bu","14:04:40",157000
7650,50,300,"bu","14:04:40",156500
7630,30,500,"bu","14:04:23",156200
7630,30,300,"bu","14:04:23",155700
7630,30,100,"bu","14:04:00",155400
7630,30,100,"bu","14:02:59",155300
7620,20,700,"bu","14:02:44",155200
7620,20,1300,"bu","14:01:33",154500
7620,20,1000,"bu","14:01:33",153200
7620,20,1200,"bu","14:01:33",152200
7600,0,2800,"bu","14:01:26",151000
7600,0,500,"bu","14:01:02",148200
7600,0,600,"bu","14:00:33",147700
7600,0,1200,"bu","14:00:33",147100
7600,0,100,"bu","14:00:33",145900
7600,0,400,"bu","14:00:33",145800
7600,0,200,"bu","13:47:22",145400
7540,-60,500,"bu","13:46:42",145200
7540,-60,200,"bu","13:46:31",144700
7540,-60,1000,"bu","13:46:28",144500
7540,-60,200,"bu","13:46:25",143500
7540,-60,100,"bu","13:46:16",143300
7540,-60,100,"bu","13:46:05",143200
7540,-60,200,"bu","13:46:04",143100
7540,-60,200,"bu","13:46:03",142900
7540,-60,200,"bu","13:45:54",142700
7540,-60,500,"bu","13:45:29",142500
7540,-60,100,"bu","13:45:26",142000
7540,-60,100,"bu","13:45:14",141900
7540,-60,1000,"bu","13:45:11",141800
7540,-60,1000,"bu","13:44:43",140800
7540,-60,4100,"sd","13:44:19",139800
7550,-50,100,"sd","13:44:19",135700
7540,-60,900,"sd","13:43:39",135600
7600,0,400,"sd","13:43:29",134700
7600,0,600,"bu","13:42:45",134300
7600,0,100,"bu","13:42:11",133700
7530,-70,8200,"bu","13:41:26",133600
7530,-70,300,"bu","13:41:17",125400
7530,-70,500,"bu","13:41:02",125100
7530,-70,100,"sd","13:41:01",124600
7530,-70,100,"sd","13:41:01",124500
7530,-70,500,"sd","13:41:01",124400
7530,-70,300,"sd","13:41:01",123900
7600,0,300,"bu","13:41:00",123600
7600,0,800,"bu","13:40:58",123300
7530,-70,200,"bu","13:40:05",122500
7530,-70,1000,"bu","13:40:00",122300
7530,-70,1000,"bu","13:39:59",121300
7530,-70,1400,"bu","13:39:46",120300
7530,-70,100,"bu","13:39:43",118900
7530,-70,400,"bu","13:39:38",118800
7530,-70,1000,"bu","13:39:37",118400
7530,-70,1000,"bu","13:39:34",117400
7530,-70,100,"bu","13:39:30",116400
7530,-70,200,"bu","13:39:09",116300
7530,-70,500,"bu","13:38:37",116100
7530,-70,100,"bu","13:38:13",115600
7530,-70,1300,"sd","13:37:56",115500
7530,-70,100,"sd","13:37:56",114200
7530,-70,1900,"bu","13:37:49",114100
7530,-70,200,"bu","13:37:41",112200
7530,-70,500,"sd","13:37:27",112000
7530,-70,1400,"sd","13:37:27",111500
7540,-60,500,"sd","13:37:27",110100
7560,-40,100,"sd","13:37:27",109600
7560,-40,300,"sd","13:37:27",109500
7560,-40,100,"sd","13:37:27",109200
7570,-30,400,"sd","13:36:11",109100
7580,-20,100,"sd","13:36:11",108700
7580,-20,2000,"sd","13:35:59",108600
7570,-30,600,"sd","13:35:05",106600
7570,-30,1000,"sd","13:35:05",106000
7570,-30,100,"sd","13:35:05",105000
7580,-20,300,"sd","13:35:05",104900
7570,-30,100,"sd","13:32:46",104600
7570,-30,800,"sd","13:30:32",104500
7570,-30,300,"sd","13:29:07",103700
7570,-30,2000,"sd","13:29:07",103400
7580,-20,1000,"sd","13:29:07",101400
7580,-20,500,"sd","13:29:07",100400
7590,-10,400,"sd","13:29:07",99900
7580,-20,200,"sd","13:26:51",99500
7600,0,300,"sd","13:25:10",99300
7600,0,800,"sd","13:25:10",99000
7600,0,100,"sd","13:25:10",98200
7600,0,100,"sd","13:23:33",98100
7600,0,900,"sd","13:22:44",98000
7600,0,100,"sd","13:22:44",97100
7600,0,100,"sd","13:22:43",97000
7600,0,400,"sd","13:22:43",96900
7620,20,300,"sd","13:16:13",96500
7630,30,2000,"bu","13:12:46",96200
7630,30,1000,"bu","13:10:51",94200
7630,30,300,"bu","13:08:36",93200
7630,30,2500,"bu","13:07:48",92900
7630,30,500,"bu","13:07:48",90400
7620,20,300,"bu","13:04:19",89900
7620,20,100,"bu","13:03:42",89600
7620,20,500,"bu","13:03:33",89500
7620,20,2100,"bu","13:02:13",89000
7600,0,600,"sd","13:00:28",86900
7600,0,100,"sd","13:00:28",86300
7600,0,1600,"sd","13:00:28",86200
7600,0,900,"sd","13:00:16",84600
7600,0,2000,"sd","13:00:16",83700
7600,0,100,"sd","11:20:07",81700
7600,0,300,"sd","11:20:07",81600
7650,50,300,"unknown","11:05:02",81300
7650,50,200,"unknown","11:05:02",81000
7600,0,600,"bu","10:59:03",80800
7600,0,400,"unknown","10:55:35",80200
7600,0,300,"sd","10:55:08",79800
7600,0,800,"sd","10:52:58",79500
7600,0,1300,"sd","10:52:58",78700
7600,0,2000,"sd","10:52:58",77400
7600,0,7000,"sd","10:52:35",75400
7630,30,400,"sd","10:48:29",68400
7630,30,100,"sd","10:44:41",68000
7690,90,100,"bu","10:42:55",67900
7690,90,100,"bu","10:38:18",67800
7600,0,100,"bu","10:37:20",67700
7570,-30,100,"sd","10:36:40",67600
7600,0,600,"bu","10:35:28",67500
7600,0,300,"bu","10:35:15",66900
7600,0,1100,"bu","10:35:15",66600
7600,0,100,"bu","10:34:39",65500
7600,0,100,"bu","10:33:35",65400
7600,0,200,"bu","10:32:39",65300
7600,0,300,"bu","10:32:39",65100
7600,0,100,"bu","10:26:40",64800
7600,0,2600,"bu","10:26:35",64700
7600,0,2400,"bu","10:26:35",62100
7600,0,600,"bu","10:23:25",59700
7600,0,200,"bu","10:23:09",59100
7560,-40,1400,"sd","10:18:09",58900
7560,-40,100,"sd","10:18:09",57500
7560,-40,500,"sd","10:18:09",57400
7600,0,3000,"bu","10:16:42",56900
7600,0,1900,"bu","10:14:27",53900
7600,0,100,"bu","10:13:14",52000
7560,-40,500,"bu","10:12:40",51900
7560,-40,1000,"bu","10:11:04",51400
7560,-40,2000,"bu","10:09:57",50400
7560,-40,700,"bu","10:09:22",48400
7560,-40,1200,"bu","10:08:04",47700
7550,-50,500,"bu","10:07:27",46500
7540,-60,300,"bu","10:06:58",46000
7530,-70,600,"bu","10:04:29",45700
7530,-70,2000,"bu","10:03:57",45100
7540,-60,2000,"sd","09:58:01",43100
7550,-50,400,"sd","09:56:54",41100
7550,-50,100,"sd","09:55:23",40700
7560,-40,2000,"bu","09:54:45",40600
7570,-30,500,"bu","09:48:24",38600
7560,-40,100,"bu","09:46:52",38100
7550,-50,100,"bu","09:46:36",38000
7540,-60,5000,"bu","09:45:25",37900
7530,-70,5000,"bu","09:44:54",32900
7530,-70,5000,"bu","09:44:43",27900
7520,-80,1000,"bu","09:44:20",22900
7520,-80,100,"bu","09:43:56",21900
7520,-80,200,"bu","09:43:37",21800
7520,-80,200,"bu","09:43:27",21600
7520,-80,2800,"bu","09:43:27",21400
7520,-80,100,"bu","09:43:16",18600
7520,-80,200,"bu","09:42:50",18500
7520,-80,200,"bu","09:42:11",18300
7520,-80,200,"bu","09:41:39",18100
7520,-80,5000,"bu","09:40:57",17900
7500,-100,2400,"bu","09:40:30",12900
7500,-100,200,"sd","09:40:15",10500
7500,-100,100,"sd","09:40:15",10300
7500,-100,100,"sd","09:40:15",10200
7500,-100,200,"sd","09:40:15",10100
7550,-50,100,"bu","09:39:37",9900
7550,-50,600,"bu","09:37:44",9800
7550,-50,500,"bu","09:37:04",9200
7550,-50,100,"bu","09:36:07",8700
7550,-50,100,"sd","09:35:30",8600
7550,-50,400,"sd","09:34:46",8500
7560,-40,100,"sd","09:34:32",8100
7550,-50,600,"sd","09:33:57",8000
7570,-30,100,"bu","09:33:02",7400
7570,-30,100,"bu","09:31:41",7300
7500,-100,300,"bu","09:30:53",7200
7500,-100,1000,"bu","09:30:52",6900
7590,-10,400,"sd","09:28:17",5900
7590,-10,100,"sd","09:27:13",5500
7590,-10,1000,"bu","09:26:11",5400
7590,-10,500,"bu","09:26:11",4400
7560,-40,1000,"sd","09:25:01",3900
7590,-10,100,"bu","09:20:41",2900
7600,0,200,"sd","09:18:24",2800
7600,0,500,"sd","09:18:24",2600
7600,0,1000,"sd","09:18:24",2100
7600,0,100,"sd","09:18:24",1100
7600,0,1000,"sd","09:15:00",1000
