"price","change","match_qtty","side","time","total_vol"
22200,-600,18200,"sd","14:45:00",85500
22400,-400,100,"sd","14:29:37",67300
22400,-400,100,"sd","14:29:37",67200
22400,-400,200,"sd","14:29:37",67100
22400,-400,2100,"sd","14:28:20",66900
22400,-400,100,"sd","14:28:20",64800
22400,-400,200,"sd","14:28:20",64700
22400,-400,1000,"sd","14:28:20",64500
22650,-150,400,"bu","14:27:29",63500
22700,-100,300,"bu","14:23:50",63100
22650,-150,600,"bu","14:23:50",62800
22500,-300,100,"bu","14:23:50",62200
22500,-300,100,"sd","14:22:02",62100
22500,-300,200,"sd","14:22:02",62000
22650,-150,300,"bu","14:21:26",61800
22650,-150,1000,"bu","14:21:26",61500
22650,-150,500,"bu","14:21:26",60500
22650,-150,200,"bu","14:21:26",60000
22650,-150,800,"bu","14:20:53",59800
22600,-200,200,"unknown","14:20:53",59000
22500,-300,100,"sd","14:19:51",58800
22500,-300,400,"bu","14:19:44",58700
22500,-300,100,"bu","14:19:12",58300
22500,-300,100,"bu","14:19:12",58200
22400,-400,100,"bu","14:18:00",58100
22400,-400,100,"bu","14:18:00",58000
22400,-400,300,"sd","14:14:55",57900
22400,-400,100,"sd","14:14:55",57600
22400,-400,100,"bu","14:11:32",57500
22400,-400,100,"sd","14:08:38",57400
22400,-400,400,"sd","14:08:38",57300
22400,-400,200,"sd","14:07:51",56900
22400,-400,100,"sd","14:07:51",56700
22400,-400,500,"bu","14:07:41",56600
22400,-400,100,"bu","14:07:41",56100
22350,-450,200,"bu","14:07:41",56000
22400,-400,300,"bu","14:07:41",55800
22250,-550,300,"sd","14:06:41",55500
22250,-550,300,"bu","14:06:38",55200
22250,-550,700,"bu","14:06:38",54900
22250,-550,400,"sd","14:05:48",54200
22250,-550,100,"sd","14:05:48",53800
22250,-550,800,"sd","14:05:48",53700
22250,-550,300,"sd","14:03:39",52900
22250,-550,300,"sd","14:02:11",52600
22250,-550,1200,"bu","14:02:01",52300
22250,-550,300,"bu","14:01:53",51100
22250,-550,1000,"sd","14:01:04",50800
22250,-550,200,"sd","14:01:04",49800
22250,-550,3500,"sd","14:01:04",49600
22300,-500,100,"sd","14:01:04",46100
22350,-450,100,"sd","14:01:04",46000
22250,-550,100,"sd","14:01:04",45900
22350,-450,100,"bu","13:58:38",45800
22350,-450,200,"bu","13:58:06",45700
22250,-550,100,"bu","13:54:01",45500
22250,-550,100,"bu","13:52:21",45400
22250,-550,400,"bu","13:52:21",45300
22250,-550,500,"sd","13:51:31",44900
22250,-550,500,"sd","13:51:27",44400
22250,-550,900,"sd","13:51:27",43900
22250,-550,1000,"sd","13:51:27",43000
22250,-550,600,"sd","13:51:27",42000
22350,-450,900,"bu","13:49:51",41400
22300,-500,100,"bu","13:49:51",40500
22300,-500,500,"sd","13:48:25",40400
22350,-450,100,"bu","13:47:18",39900
22250,-550,300,"sd","13:46:09",39800
22250,-550,100,"sd","13:44:12",39500
22300,-500,200,"sd","13:41:25",39400
22350,-450,500,"sd","13:41:15",39200
22350,-450,100,"sd","13:41:15",38700
22350,-450,100,"bu","13:38:19",38600
22350,-450,200,"bu","13:35:22",38500
22350,-450,300,"bu","13:35:22",38300
22200,-600,200,"sd","13:32:12",38000
22200,-600,600,"bu","13:32:01",37800
22200,-600,100,"bu","13:32:01",37200
22200,-600,200,"bu","13:32:01",37100
22200,-600,200,"bu","13:29:44",36900
22200,-600,300,"bu","13:29:44",36700
22200,-600,200,"bu","13:25:33",36400
22200,-600,600,"sd","13:23:10",36200
22200,-600,200,"sd","13:23:10",35600
22200,-600,100,"sd","13:23:10",35400
22200,-600,300,"sd","13:23:10",35300
22200,-600,300,"sd","13:23:10",35000
22350,-450,500,"bu","13:21:14",34700
22250,-550,500,"bu","13:21:14",34200
22250,-550,100,"sd","13:20:21",33700
22250,-550,400,"sd","13:20:13",33600
22250,-550,1000,"sd","13:20:13",33200
22250,-550,100,"sd","13:20:13",32200
22250,-550,300,"sd","13:20:13",32100
22250,-550,200,"sd","13:20:13",31800
22250,-550,100,"sd","13:16:49",31600
22250,-550,100,"sd","13:16:49",31500
22300,-500,100,"bu","13:13:53",31400
22300,-500,200,"bu","13:13:41",31300
22300,-500,700,"sd","13:13:35",31100
22300,-500,300,"sd","13:13:35",30400
22400,-400,200,"bu","13:11:10",30100
22400,-400,1000,"bu","13:09:29",29900
22350,-450,100,"bu","13:08:46",28900
22350,-450,100,"sd","13:08:10",28800
22350,-450,100,"sd","13:08:10",28700
22350,-450,100,"sd","13:08:10",28600
22350,-450,200,"sd","13:08:10",28500
22350,-450,100,"sd","13:08:10",28300
22350,-450,100,"bu","13:00:04",28200
22300,-500,100,"sd","13:00:04",28100
22350,-450,400,"bu","11:29:35",28000
22300,-500,100,"sd","11:27:35",27600
22300,-500,200,"sd","11:27:35",27500
22350,-450,100,"bu","11:25:06",27300
22350,-450,100,"sd","11:17:31",27200
22350,-450,100,"sd","11:17:26",27100
22350,-450,100,"sd","11:17:26",27000
22350,-450,200,"sd","11:17:26",26900
22350,-450,100,"sd","11:17:26",26700
22350,-450,100,"sd","11:17:26",26600
22350,-450,100,"sd","11:17:26",26500
22350,-450,100,"sd","11:17:26",26400
22350,-450,700,"sd","11:17:26",26300
22350,-450,500,"sd","11:17:26",25600
22400,-400,200,"sd","11:14:14",25100
22400,-400,100,"sd","11:14:14",24900
22400,-400,100,"sd","11:03:22",24800
22350,-450,100,"sd","10:34:11",24700
22350,-450,200,"sd","10:34:11",24600
22350,-450,300,"sd","10:34:10",24400
22350,-450,100,"sd","10:34:10",24100
22400,-400,200,"sd","10:34:10",24000
22400,-400,300,"sd","10:34:10",23800
22400,-400,100,"sd","10:34:10",23500
22400,-400,100,"sd","10:28:11",23400
22400,-400,200,"sd","10:28:11",23300
22400,-400,800,"sd","10:28:08",23100
22500,-300,200,"sd","10:28:08",22300
22500,-300,100,"bu","10:21:27",22100
22500,-300,100,"bu","10:18:44",22000
22500,-300,200,"bu","10:18:13",21900
22500,-300,300,"bu","10:16:10",21700
22500,-300,100,"bu","10:15:31",21400
22500,-300,100,"bu","10:15:31",21300
22500,-300,100,"bu","10:15:13",21200
22500,-300,1800,"bu","10:14:34",21100
22500,-300,100,"bu","10:14:34",19300
22500,-300,600,"bu","10:14:34",19200
22500,-300,200,"bu","10:13:37",18600
22500,-300,200,"bu","10:10:18",18400
22400,-400,100,"sd","10:10:11",18200
22400,-400,400,"bu","10:10:03",18100
22400,-400,400,"unknown","10:09:37",17700
22400,-400,600,"sd","10:09:32",17300
22400,-400,500,"sd","10:09:32",16700
22400,-400,100,"sd","10:09:32",16200
22500,-300,200,"bu","10:02:20",16100
22500,-300,100,"bu","10:02:20",15900
22450,-350,100,"bu","10:02:20",15800
22500,-300,100,"bu","09:46:28",15700
22350,-450,100,"bu","09:46:03",15600
22350,-450,100,"sd","09:44:05",15500
22350,-450,100,"bu","09:37:06",15400
22350,-450,100,"bu","09:36:23",15300
22350,-450,300,"bu","09:36:23",15200
22200,-600,100,"bu","09:34:41",14900
22150,-650,100,"sd","09:31:31",14800
22200,-600,300,"sd","09:30:12",14400
22200,-600,300,"sd","09:30:12",14700
22300,-500,300,"sd","09:29:05",14100
22300,-500,100,"sd","09:28:31",13800
22300,-500,600,"bu","09:28:26",13700
22300,-500,200,"sd","09:27:54",13100
22300,-500,1000,"sd","09:27:54",12900
22300,-500,1000,"sd","09:27:54",11900
22350,-450,1000,"sd","09:27:41",10900
22100,-700,200,"sd","09:19:01",9900
22100,-700,100,"bu","09:18:59",9700
22100,-700,600,"sd","09:18:51",9600
22100,-700,400,"sd","09:18:47",9000
22150,-650,1700,"bu","09:18:43",8600
22150,-650,100,"bu","09:18:43",6900
22150,-650,200,"bu","09:18:43",6800
22150,-650,100,"bu","09:17:59",6600
22150,-650,500,"bu","09:17:21",6500
22150,-650,500,"sd","09:17:01",6000
22150,-650,200,"sd","09:17:01",5500
22150,-650,300,"bu","09:16:48",5300
22150,-650,300,"sd","09:16:31",5000
22150,-650,1700,"bu","09:16:25",4700
22150,-650,300,"bu","09:16:24",3000
22000,-800,100,"sd","09:15:21",2700
22000,-800,600,"sd","09:15:11",2600
22000,-800,2000,"sd","09:15:01",2000
