"price","change","match_qtty","side","time","total_vol"
20600,800,12800,"sd","14:45:00",301500
20600,800,1500,"bu","14:28:53",288700
20600,800,2800,"sd","14:27:26",287200
20600,800,2300,"sd","14:26:33",284400
20700,900,200,"bu","14:26:06",282100
20700,900,1800,"sd","14:26:03",281900
20700,900,500,"sd","14:26:00",280100
20700,900,1000,"sd","14:25:42",279600
20700,900,1400,"bu","14:25:24",278600
20600,800,1000,"sd","14:25:15",277200
20700,900,1100,"bu","14:24:39",276200
20700,900,100,"bu","14:24:28",275100
20700,900,1500,"bu","14:23:41",275000
20700,900,200,"sd","14:23:25",273500
20700,900,500,"sd","14:23:20",273300
20700,900,400,"sd","14:23:02",272800
20800,1000,100,"bu","14:23:00",272400
20800,1000,900,"bu","14:22:29",272300
20800,1000,3400,"sd","14:22:01",271400
20900,1100,1500,"unknown","14:21:39",268000
20900,1100,1200,"sd","14:21:31",266500
20900,1100,1500,"sd","14:21:29",265300
21000,1200,1100,"bu","14:20:43",263800
21000,1200,100,"bu","14:20:10",262700
21000,1200,2000,"bu","14:20:04",262600
21000,1200,15800,"bu","14:19:49",260600
21000,1200,4200,"bu","14:19:29",244800
21000,1200,100,"bu","14:19:13",240600
21000,1200,700,"bu","14:19:03",240500
21000,1200,2300,"sd","14:18:49",239800
21000,1200,1500,"bu","14:18:39",237500
21000,1200,3000,"bu","14:18:25",236000
21000,1200,3100,"bu","14:18:03",233000
21000,1200,5000,"bu","14:17:46",229900
21000,1200,4100,"bu","14:17:33",224900
21000,1200,3200,"bu","14:17:10",220800
20800,1000,5700,"bu","14:16:44",217600
21000,1200,4000,"bu","14:16:05",211900
20800,1000,2000,"bu","14:15:51",207900
20800,1000,1900,"bu","14:15:16",205900
20700,900,2400,"sd","14:14:54",204000
20700,900,10000,"bu","14:14:09",201600
20600,800,100,"sd","14:13:42",191600
20600,800,1000,"sd","14:13:36",191500
20600,800,1800,"bu","14:13:10",190500
20600,800,100,"bu","14:12:41",188700
20600,800,1500,"bu","14:12:33",188600
20700,900,1400,"bu","14:11:39",187100
20600,800,2000,"sd","14:11:37",185700
20600,800,100,"sd","14:11:06",183700
20700,900,1100,"bu","14:10:16",183600
20500,700,3300,"sd","14:09:43",182500
20700,900,3000,"bu","14:08:19",179200
20500,700,4000,"bu","14:08:03",176200
20500,700,4400,"bu","14:07:41",172200
20500,700,3000,"bu","14:06:46",167800
20500,700,1900,"bu","14:06:29",164800
20500,700,3000,"bu","14:06:14",162900
20500,700,2200,"bu","14:06:02",159900
20500,700,500,"bu","14:05:53",157700
20500,700,2900,"bu","14:05:34",157200
20500,700,3300,"bu","14:04:49",154300
20500,700,1300,"bu","14:04:11",151000
20400,600,100,"sd","14:03:57",149700
20400,600,100,"sd","14:03:41",149600
20400,600,1000,"sd","14:02:40",149500
20400,600,3000,"bu","14:02:15",148500
20300,500,300,"sd","13:59:57",145500
20300,500,100,"sd","13:59:36",145200
20300,500,100,"sd","13:59:32",145100
20300,500,300,"sd","13:59:29",145000
20300,500,1300,"bu","13:57:34",144700
20300,500,1400,"bu","13:57:15",143400
20300,500,1600,"bu","13:56:23",142000
20300,500,1200,"bu","13:55:40",140400
20200,400,3200,"bu","13:55:15",139200
20100,300,2500,"bu","13:54:00",136000
20100,300,1500,"bu","13:53:02",133500
20100,300,3500,"sd","13:52:18",132000
20100,300,3300,"bu","13:52:04",128500
20100,300,1500,"bu","13:51:24",125200
20000,200,11700,"sd","13:51:05",123700
20000,200,5000,"bu","13:49:14",112000
20000,200,10000,"bu","13:48:06",107000
19900,100,2200,"sd","13:46:03",97000
19900,100,5000,"bu","13:42:27",94800
19800,0,1000,"sd","13:39:29",89800
19800,0,100,"sd","13:32:58",88800
19800,0,200,"sd","13:32:50",88700
19800,0,7600,"sd","13:31:55",88500
19800,0,2500,"bu","13:15:09",80900
19800,0,400,"sd","13:15:03",78400
19800,0,500,"sd","13:14:13",78000
19800,0,1600,"sd","13:13:28",77500
19800,0,3300,"sd","13:11:44",75900
19800,0,400,"sd","13:11:17",72600
19800,0,200,"sd","13:07:40",72200
19800,0,2500,"bu","13:05:28",72000
19700,-100,2000,"bu","13:04:56",69500
19700,-100,2200,"bu","13:04:36",67500
19600,-200,500,"sd","13:02:32",65300
19600,-200,300,"sd","13:01:29",64800
19600,-200,1400,"sd","11:28:43",64500
19500,-300,1200,"sd","11:28:16",63100
19500,-300,400,"bu","11:27:05",61900
19500,-300,2000,"bu","11:26:10",61500
19500,-300,200,"bu","11:25:30",59500
19500,-300,2500,"bu","11:25:13",59300
19500,-300,1800,"bu","11:23:10",56800
19500,-300,1900,"sd","11:21:54",55000
19500,-300,1100,"sd","11:18:02",53100
19400,-400,400,"bu","11:04:31",52000
19400,-400,200,"sd","11:03:55",51600
19400,-400,1000,"sd","11:02:39",51400
19500,-300,100,"bu","10:58:37",50400
19500,-300,100,"bu","10:57:24",50300
19500,-300,1000,"sd","10:57:16",50200
19500,-300,300,"sd","10:55:32",49200
19500,-300,1000,"sd","10:54:45",48900
19600,-200,600,"sd","10:48:16",47900
19600,-200,500,"sd","10:48:00",47300
19600,-200,900,"bu","10:47:12",46800
19600,-200,1500,"bu","10:43:00",45900
19500,-300,1500,"sd","10:40:55",44400
19500,-300,500,"bu","10:40:47",42900
19500,-300,700,"bu","10:37:20",42400
19500,-300,100,"bu","10:31:51",41700
19500,-300,1100,"bu","10:30:44",41600
19400,-400,500,"sd","10:29:54",40500
19300,-500,100,"sd","10:29:38",40000
19300,-500,100,"bu","10:14:33",39900
19300,-500,100,"bu","10:14:00",39800
19200,-600,600,"sd","10:10:06",39700
19100,-700,900,"sd","10:09:10",39100
19100,-700,2700,"bu","10:05:15",38200
19100,-700,900,"bu","10:04:08",35500
19100,-700,100,"bu","10:03:05",34600
19100,-700,100,"bu","10:00:18",34500
19100,-700,1400,"bu","09:59:06",34400
19100,-700,1600,"sd","09:55:34",33000
19100,-700,100,"bu","09:55:09",31400
19100,-700,3300,"bu","09:53:51",31300
19100,-700,1000,"sd","09:52:07",28000
19200,-600,200,"bu","09:43:42",27000
19200,-600,300,"bu","09:43:37",26800
19200,-600,300,"bu","09:42:54",26500
19200,-600,3000,"bu","09:40:43",26200
19200,-600,3000,"bu","09:39:56",23200
19100,-700,2200,"sd","09:38:02",20200
19100,-700,2000,"bu","09:37:55",18000
19100,-700,100,"bu","09:37:49",16000
19100,-700,500,"bu","09:34:39",15900
19100,-700,200,"bu","09:32:16",15400
19100,-700,1000,"sd","09:31:43",15200
19200,-600,1000,"bu","09:31:35",14200
19200,-600,2200,"bu","09:31:16",13200
19300,-500,1100,"bu","09:31:13",11000
19300,-500,200,"bu","09:30:37",9900
19300,-500,1800,"bu","09:23:59",9700
19300,-500,2000,"bu","09:21:37",7900
19300,-500,100,"bu","09:20:23",5900
19200,-600,200,"sd","09:17:21",5800
19200,-600,900,"sd","09:17:03",5600
19200,-600,2700,"bu","09:16:22",4700
19200,-600,400,"bu","09:15:16",2000
19200,-600,100,"sd","09:13:40",1600
19200,-600,300,"sd","09:13:04",1500
19200,-600,1000,"sd","09:09:13",1200
19500,-300,200,"bu","09:07:58",200
