"price","change","match_qtty","side","time","total_vol"
27950,-50,141800,"unknown","14:44:59",2395200
27900,-100,2000,"bu","14:29:59",2253400
27900,-100,1000,"bu","14:29:52",2251400
27900,-100,3000,"bu","14:29:50",2250400
27900,-100,2000,"sd","14:29:34",2247400
27900,-100,22600,"sd","14:29:34",2245400
27950,-50,600,"bu","14:29:12",2222800
27950,-50,100,"bu","14:29:02",2222200
27900,-100,200,"sd","14:29:00",2222100
27900,-100,200,"sd","14:29:00",2221900
27900,-100,300,"sd","14:29:00",2221700
27900,-100,100,"sd","14:28:57",2221400
27900,-100,200,"sd","14:28:56",2221300
27900,-100,200,"sd","14:28:52",2221100
27900,-100,200,"sd","14:28:48",2220900
27900,-100,300,"sd","14:28:44",2220700
27950,-50,100,"bu","14:28:41",2220400
27900,-100,200,"sd","14:28:41",2220300
27900,-100,300,"sd","14:28:37",2220100
27900,-100,200,"sd","14:28:32",2219800
27900,-100,300,"sd","14:28:28",2219600
27900,-100,200,"bu","14:28:24",2219300
27900,-100,14500,"bu","14:28:24",2219100
27850,-150,200,"sd","14:28:24",2204600
27850,-150,300,"sd","14:28:21",2204400
27850,-150,100,"sd","14:28:18",2204100
27850,-150,100,"sd","14:28:18",2204000
27850,-150,300,"sd","14:28:13",2203900
27900,-100,3000,"bu","14:28:10",2203600
27850,-150,100,"sd","14:28:10",2200600
27850,-150,100,"sd","14:28:10",2200500
27850,-150,100,"sd","14:28:06",2200400
27850,-150,200,"sd","14:28:06",2200300
27850,-150,200,"sd","14:28:02",2200100
27850,-150,300,"sd","14:27:57",2199900
27850,-150,200,"sd","14:27:54",2199600
27900,-100,1000,"bu","14:27:52",2199400
27850,-150,200,"sd","14:27:50",2198400
27900,-100,100,"bu","14:27:49",2198200
27850,-150,300,"sd","14:27:46",2198100
27850,-150,200,"sd","14:27:42",2197800
27850,-150,300,"sd","14:27:38",2197600
27900,-100,11400,"bu","14:27:36",2197300
27900,-100,88600,"bu","14:27:36",2185900
27850,-150,200,"sd","14:27:34",2097300
27850,-150,300,"sd","14:27:32",2097100
27850,-150,100,"sd","14:27:29",2096800
27850,-150,100,"sd","14:27:29",2096700
27850,-150,500,"sd","14:27:28",2096600
27850,-150,200,"sd","14:27:27",2096100
27900,-100,400,"bu","14:27:26",2095900
27850,-150,300,"sd","14:27:24",2095500
27850,-150,200,"sd","14:27:20",2095200
27850,-150,300,"sd","14:27:16",2095000
27850,-150,5000,"sd","14:27:14",2094700
27850,-150,200,"sd","14:27:12",2089700
27900,-100,2000,"bu","14:27:09",2089500
27850,-150,300,"sd","14:27:08",2087500
27900,-100,8000,"bu","14:27:05",2087200
27850,-150,200,"sd","14:27:04",2079200
27850,-150,200,"sd","14:27:01",2079000
27850,-150,100,"sd","14:27:01",2078800
27850,-150,200,"sd","14:26:57",2078700
27850,-150,200,"sd","14:26:53",2078500
27850,-150,100,"sd","14:26:53",2078300
27850,-150,200,"sd","14:26:49",2078200
27850,-150,300,"sd","14:26:44",2078000
27850,-150,200,"sd","14:26:42",2077700
27850,-150,200,"sd","14:26:38",2077500
27850,-150,100,"sd","14:26:38",2077300
27850,-150,100,"sd","14:26:36",2077200
27850,-150,800,"sd","14:26:34",2077100
27850,-150,100,"sd","14:26:34",2076300
27850,-150,500,"sd","14:26:34",2076200
27850,-150,100,"sd","14:26:34",2075700
27850,-150,400,"sd","14:26:34",2075600
27850,-150,2000,"sd","14:26:34",2075200
27850,-150,100,"sd","14:26:34",2073200
27850,-150,2000,"sd","14:26:34",2073100
27850,-150,1700,"sd","14:26:34",2071100
27850,-150,200,"sd","14:26:34",2069400
27850,-150,100,"sd","14:26:34",2069200
27850,-150,200,"sd","14:26:34",2069100
27850,-150,500,"sd","14:26:34",2068900
27850,-150,1000,"sd","14:26:34",2068400
27850,-150,3500,"sd","14:26:34",2067400
27850,-150,700,"sd","14:26:34",2063900
27850,-150,2000,"sd","14:26:34",2063200
27850,-150,200,"sd","14:26:34",2061200
27850,-150,200,"sd","14:26:34",2061000
27850,-150,500,"sd","14:26:34",2060800
27850,-150,500,"sd","14:26:34",2060300
27850,-150,100,"sd","14:26:34",2059800
27850,-150,200,"sd","14:26:34",2059700
27850,-150,200,"sd","14:26:34",2059500
27850,-150,2000,"sd","14:26:34",2059300
27850,-150,500,"sd","14:26:34",2057300
27850,-150,100,"sd","14:26:34",2056800
27850,-150,2000,"sd","14:26:34",2056700
27850,-150,600,"sd","14:26:34",2054700
27850,-150,3700,"sd","14:26:34",2054100
27850,-150,20000,"sd","14:26:34",2050400
27850,-150,200,"sd","14:26:34",2030400
27850,-150,100,"sd","14:26:34",2030200
27850,-150,3000,"sd","14:26:34",2030100
27850,-150,200,"sd","14:26:34",2027100
27850,-150,300,"sd","14:26:30",2026900
27850,-150,200,"sd","14:26:26",2026600
27850,-150,300,"sd","14:26:22",2026400
27850,-150,200,"sd","14:26:18",2026100
27850,-150,300,"sd","14:26:14",2025900
27850,-150,200,"sd","14:26:10",2025600
27900,-100,1000,"bu","14:26:09",2025400
27850,-150,300,"sd","14:26:07",2024400
27850,-150,200,"sd","14:26:03",2024100
27850,-150,300,"sd","14:25:58",2023900
27850,-150,200,"sd","14:25:58",2023600
27850,-150,200,"sd","14:25:58",2023400
27850,-150,200,"sd","14:25:54",2023200
27850,-150,300,"sd","14:25:51",2023000
27850,-150,200,"sd","14:25:48",2022700
27850,-150,300,"sd","14:25:44",2022500
27850,-150,2100,"sd","14:25:43",2022200
27850,-150,1000,"sd","14:25:43",2020100
27850,-150,1000,"sd","14:25:43",2019100
27850,-150,900,"sd","14:25:43",2018100
27850,-150,1000,"sd","14:25:41",2017200
27850,-150,100,"sd","14:25:40",2016200
27850,-150,100,"sd","14:25:40",2016100
27850,-150,300,"sd","14:25:36",2016000
27850,-150,1100,"sd","14:25:34",2015700
27850,-150,100,"sd","14:25:34",2014600
27850,-150,2000,"sd","14:25:34",2014500
27850,-150,100,"sd","14:25:34",2012500
27850,-150,200,"sd","14:25:34",2012400
27850,-150,500,"sd","14:25:34",2012200
27850,-150,100,"sd","14:25:34",2011700
27850,-150,900,"sd","14:25:34",2011600
27850,-150,200,"sd","14:25:32",2010700
27850,-150,200,"sd","14:25:28",2010500
27850,-150,300,"sd","14:25:24",2010300
27850,-150,200,"sd","14:25:21",2010000
27850,-150,300,"sd","14:25:17",2009800
27850,-150,200,"sd","14:25:13",2009500
27850,-150,300,"sd","14:25:09",2009300
27850,-150,200,"sd","14:25:04",2009000
27850,-150,300,"sd","14:25:02",2008800
27850,-150,200,"sd","14:24:58",2008500
27850,-150,300,"sd","14:24:54",2008300
27850,-150,200,"sd","14:24:51",2008000
27850,-150,300,"sd","14:24:46",2007800
27850,-150,200,"sd","14:24:41",2007500
27850,-150,300,"sd","14:24:37",2007300
27850,-150,200,"sd","14:24:35",2007000
27850,-150,300,"sd","14:24:31",2006800
27850,-150,100,"sd","14:24:27",2006500
27850,-150,100,"sd","14:24:27",2006400
27850,-150,200,"sd","14:24:27",2006300
27850,-150,300,"sd","14:24:23",2006100
27850,-150,200,"sd","14:24:19",2005800
27850,-150,300,"sd","14:24:15",2005600
27850,-150,200,"sd","14:24:12",2005300
27850,-150,300,"sd","14:24:07",2005100
27850,-150,200,"sd","14:24:04",2004800
27850,-150,300,"sd","14:24:00",2004600
27850,-150,800,"sd","14:23:56",2004300
27850,-150,200,"sd","14:23:56",2003500
27900,-100,100,"bu","14:23:54",2003300
27850,-150,300,"sd","14:23:51",2003200
27850,-150,200,"sd","14:23:49",2002900
27850,-150,300,"sd","14:23:45",2002700
27850,-150,200,"sd","14:23:40",2002400
27850,-150,900,"sd","14:23:37",2002200
27850,-150,300,"sd","14:23:37",2001300
27850,-150,200,"sd","14:23:33",2001000
27850,-150,300,"sd","14:23:29",2000800
27850,-150,200,"sd","14:23:25",2000500
27850,-150,300,"sd","14:23:22",2000300
27850,-150,200,"sd","14:23:18",2000000
27850,-150,300,"sd","14:23:13",1999800
27850,-150,200,"sd","14:23:09",1999500
27850,-150,200,"sd","14:23:05",1999300
27850,-150,100,"sd","14:23:05",1999100
27850,-150,900,"sd","14:23:05",1999000
27850,-150,100,"sd","14:23:03",1998100
27850,-150,300,"sd","14:23:02",1998000
27850,-150,200,"sd","14:22:59",1997700
27850,-150,200,"sd","14:22:56",1997500
27850,-150,200,"sd","14:22:56",1997300
27850,-150,300,"sd","14:22:54",1997100
27850,-150,900,"sd","14:22:53",1996800
27850,-150,200,"sd","14:22:51",1995900
27850,-150,300,"sd","14:22:46",1995700
27850,-150,200,"sd","14:22:43",1995400
27850,-150,300,"sd","14:22:38",1995200
27850,-150,200,"sd","14:22:34",1994900
27850,-150,300,"sd","14:22:31",1994700
27850,-150,200,"sd","14:22:28",1994400
27850,-150,300,"sd","14:22:24",1994200
27850,-150,200,"sd","14:22:20",1993900
27850,-150,300,"sd","14:22:16",1993700
27850,-150,200,"sd","14:22:12",1993400
27850,-150,300,"sd","14:22:08",1993200
27850,-150,200,"sd","14:22:04",1992900
27900,-100,100,"bu","14:22:04",1992700
27850,-150,300,"sd","14:22:01",1992600
27850,-150,3200,"sd","14:22:00",1992300
27850,-150,100,"sd","14:21:59",1989100
27850,-150,100,"sd","14:21:57",1989000
27850,-150,100,"sd","14:21:57",1988900
27850,-150,300,"sd","14:21:52",1988800
27850,-150,200,"sd","14:21:48",1988500
27850,-150,100,"sd","14:21:44",1988300
27850,-150,100,"sd","14:21:44",1988200
27850,-150,100,"sd","14:21:44",1988100
27850,-150,200,"sd","14:21:41",1988000
27850,-150,200,"sd","14:21:37",1987800
27850,-150,100,"sd","14:21:37",1987600
27900,-100,700,"bu","14:21:35",1987500
27900,-100,300,"bu","14:21:35",1986800
27850,-150,400,"sd","14:21:34",1986500
27850,-150,200,"sd","14:21:34",1986100
27850,-150,4400,"sd","14:21:34",1985900
27850,-150,200,"sd","14:21:33",1981500
27850,-150,300,"sd","14:21:29",1981300
27850,-150,100,"sd","14:21:28",1981000
27850,-150,200,"sd","14:21:25",1980900
27850,-150,200,"sd","14:21:25",1980700
27850,-150,300,"sd","14:21:25",1980500
27850,-150,300,"sd","14:21:25",1980200
27850,-150,100,"sd","14:21:25",1979900
27850,-150,300,"sd","14:21:25",1979800
27850,-150,500,"sd","14:21:25",1979500
27850,-150,300,"sd","14:21:25",1979000
27850,-150,300,"sd","14:21:25",1978700
27850,-150,600,"sd","14:21:25",1978400
27850,-150,500,"sd","14:21:25",1977800
27850,-150,100,"sd","14:21:25",1977300
27850,-150,100,"sd","14:21:25",1977200
27850,-150,1700,"sd","14:21:25",1977100
27850,-150,400,"sd","14:21:25",1975400
27850,-150,500,"sd","14:21:25",1975000
27850,-150,300,"sd","14:21:25",1974500
27850,-150,300,"sd","14:21:25",1974200
27850,-150,200,"sd","14:21:25",1973900
27850,-150,200,"sd","14:21:25",1973700
27850,-150,600,"sd","14:21:25",1973500
27850,-150,100,"sd","14:21:25",1972900
27850,-150,300,"sd","14:21:25",1972800
27850,-150,600,"sd","14:21:25",1972500
27850,-150,200,"sd","14:21:24",1971900
27850,-150,100,"sd","14:21:24",1971700
27850,-150,100,"sd","14:21:24",1971600
27850,-150,600,"sd","14:21:24",1971500
27850,-150,300,"sd","14:21:24",1970900
27850,-150,300,"sd","14:21:24",1970600
27850,-150,500,"sd","14:21:24",1970300
27850,-150,200,"sd","14:21:24",1969800
27850,-150,100,"sd","14:21:24",1969600
27850,-150,200,"sd","14:21:21",1969500
27850,-150,100,"sd","14:21:21",1969300
27850,-150,100,"sd","14:21:19",1969200
27850,-150,100,"sd","14:21:19",1969100
27850,-150,100,"sd","14:21:15",1969000
27850,-150,100,"sd","14:21:15",1968900
27850,-150,100,"sd","14:21:15",1968800
27850,-150,200,"sd","14:21:11",1968700
27850,-150,300,"sd","14:21:07",1968500
27850,-150,200,"sd","14:21:03",1968200
27850,-150,100,"sd","14:20:59",1968000
27850,-150,200,"sd","14:20:59",1967900
27850,-150,200,"sd","14:20:54",1967700
27850,-150,300,"sd","14:20:51",1967500
27850,-150,200,"sd","14:20:48",1967200
27850,-150,100,"sd","14:20:44",1967000
27850,-150,100,"sd","14:20:44",1966900
27850,-150,300,"sd","14:20:40",1966800
27850,-150,200,"sd","14:20:36",1966500
27850,-150,300,"sd","14:20:31",1966300
27850,-150,200,"sd","14:20:29",1966000
27850,-150,300,"sd","14:20:25",1965800
27850,-150,200,"sd","14:20:20",1965500
27850,-150,300,"sd","14:20:16",1965300
27850,-150,200,"sd","14:20:12",1965000
27850,-150,300,"sd","14:20:09",1964800
27900,-100,200,"bu","14:20:08",1964500
27900,-100,800,"bu","14:20:08",1964300
27850,-150,200,"sd","14:20:05",1963500
27850,-150,300,"sd","14:20:02",1963300
27850,-150,200,"sd","14:19:57",1963000
27850,-150,200,"sd","14:19:54",1962800
27850,-150,200,"sd","14:19:54",1962600
27850,-150,300,"sd","14:19:54",1962400
27850,-150,200,"sd","14:19:49",1962100
27850,-150,1100,"sd","14:19:49",1961900
27850,-150,200,"sd","14:19:49",1960800
27850,-150,100,"sd","14:19:49",1960600
27850,-150,100,"sd","14:19:49",1960500
27850,-150,1000,"sd","14:19:49",1960400
27850,-150,400,"sd","14:19:49",1959400
27850,-150,700,"sd","14:19:49",1959000
27850,-150,300,"sd","14:19:46",1958300
27900,-100,100,"bu","14:19:42",1958000
27850,-150,200,"sd","14:19:42",1957900
27850,-150,300,"sd","14:19:38",1957700
27850,-150,300,"sd","14:19:34",1957400
27900,-100,3000,"bu","14:19:34",1957100
27850,-150,100,"sd","14:19:31",1954100
27900,-100,200,"bu","14:19:27",1954000
27900,-100,300,"bu","14:19:27",1953800
27850,-150,100,"sd","14:19:26",1953500
27900,-100,100,"bu","14:19:26",1953400
27900,-100,200,"bu","14:19:07",1953300
27900,-100,100,"bu","14:18:45",1953100
27900,-100,900,"bu","14:18:30",1953000
27900,-100,1100,"bu","14:18:30",1952100
27850,-150,100,"sd","14:18:26",1951000
27850,-150,900,"sd","14:18:26",1950900
27850,-150,100,"sd","14:18:23",1950000
27850,-150,100,"sd","14:18:23",1949900
27900,-100,400,"sd","14:18:19",1949800
27900,-100,1000,"sd","14:18:18",1949400
27900,-100,100,"sd","14:18:08",1948400
27900,-100,100,"sd","14:18:08",1948300
27900,-100,100,"sd","14:18:08",1948200
27900,-100,3300,"sd","14:17:48",1948100
27900,-100,600,"sd","14:17:48",1944800
27900,-100,400,"sd","14:17:46",1944200
27900,-100,600,"sd","14:17:46",1943800
27900,-100,3900,"sd","14:17:27",1943200
27900,-100,500,"sd","14:17:08",1939300
27900,-100,100,"sd","14:17:07",1938800
27900,-100,100,"sd","14:17:07",1938700
27900,-100,300,"sd","14:17:07",1938600
27900,-100,3900,"sd","14:17:01",1938300
27950,-50,100,"bu","14:16:58",1934400
27950,-50,1100,"bu","14:16:46",1934300
27950,-50,3500,"bu","14:16:30",1933200
27900,-100,800,"sd","14:16:27",1929700
27900,-100,200,"sd","14:16:27",1928900
27900,-100,300,"sd","14:16:19",1928700
27900,-100,2000,"sd","14:16:18",1928400
27900,-100,200,"sd","14:16:18",1926400
27900,-100,100,"sd","14:16:18",1926200
27900,-100,100,"sd","14:16:18",1926100
27900,-100,100,"sd","14:16:18",1926000
27900,-100,900,"sd","14:16:18",1925900
27900,-100,500,"sd","14:16:18",1925000
27900,-100,4000,"sd","14:16:18",1924500
27900,-100,100,"sd","14:16:18",1920500
27900,-100,1500,"sd","14:16:18",1920400
27900,-100,500,"sd","14:16:18",1918900
27900,-100,1000,"sd","14:15:48",1918400
27900,-100,100,"sd","14:15:24",1917400
27900,-100,100,"sd","14:15:24",1917300
27900,-100,300,"sd","14:15:15",1917200
27900,-100,2900,"sd","14:15:15",1916900
27900,-100,3500,"sd","14:15:12",1914000
27900,-100,1000,"sd","14:15:08",1910500
27900,-100,1000,"sd","14:14:30",1909500
27900,-100,1000,"sd","14:14:30",1908500
27900,-100,1000,"sd","14:14:13",1907500
27900,-100,500,"sd","14:14:11",1906500
27900,-100,100,"sd","14:14:03",1906000
27900,-100,100,"sd","14:14:03",1905900
27900,-100,1000,"sd","14:13:50",1905800
27900,-100,7900,"sd","14:13:49",1904800
27900,-100,200,"sd","14:13:49",1896900
27900,-100,100,"sd","14:13:49",1896700
27900,-100,1800,"sd","14:13:49",1896600
27950,-50,1900,"bu","14:13:44",1894800
27900,-100,600,"sd","14:13:30",1892900
27950,-50,1000,"bu","14:12:17",1892300
27950,-50,100,"bu","14:10:43",1891300
27900,-100,600,"sd","14:10:32",1891200
27900,-100,400,"sd","14:10:32",1890600
27900,-100,200,"sd","14:10:07",1890200
27900,-100,300,"sd","14:10:02",1890000
27900,-100,100,"sd","14:10:02",1889700
27900,-100,200,"sd","14:10:02",1889600
27900,-100,100,"sd","14:09:59",1889400
27900,-100,100,"sd","14:09:59",1889300
27900,-100,600,"sd","14:09:53",1889200
27900,-100,400,"sd","14:09:53",1888600
27900,-100,100,"sd","14:09:17",1888200
27900,-100,200,"sd","14:09:17",1888100
27900,-100,200,"sd","14:09:17",1887900
27900,-100,400,"sd","14:09:17",1887700
27900,-100,1500,"sd","14:09:17",1887300
27900,-100,500,"sd","14:09:13",1885800
27900,-100,500,"sd","14:09:13",1885300
27950,-50,12200,"bu","14:09:12",1884800
27950,-50,1800,"bu","14:09:12",1872600
27950,-50,1000,"bu","14:09:12",1870800
27950,-50,100,"bu","14:09:12",1869800
27950,-50,100,"bu","14:09:12",1869700
27950,-50,2000,"bu","14:09:12",1869600
27950,-50,1000,"bu","14:09:12",1867600
27950,-50,1000,"bu","14:09:12",1866600
27950,-50,100,"bu","14:09:12",1865600
27950,-50,100,"bu","14:09:12",1865500
27950,-50,600,"bu","14:09:12",1865400
27900,-100,900,"sd","14:09:06",1864800
27900,-100,700,"sd","14:08:53",1863900
27900,-100,300,"sd","14:08:53",1863200
27900,-100,300,"sd","14:08:53",1862900
27900,-100,1300,"sd","14:08:43",1862600
27900,-100,700,"sd","14:08:42",1861300
27900,-100,200,"sd","14:08:42",1860600
27900,-100,500,"sd","14:08:42",1860400
27900,-100,2600,"sd","14:08:37",1859900
27900,-100,100,"sd","14:08:36",1857300
27900,-100,100,"sd","14:08:36",1857200
27900,-100,1000,"sd","14:08:33",1857100
27900,-100,800,"sd","14:08:22",1856100
27900,-100,900,"sd","14:08:05",1855300
27900,-100,500,"sd","14:08:05",1854400
27900,-100,100,"sd","14:08:05",1853900
27900,-100,2000,"sd","14:08:05",1853800
27900,-100,1500,"sd","14:08:05",1851800
27900,-100,300,"sd","14:08:00",1850300
27900,-100,400,"sd","14:08:00",1850000
27900,-100,200,"sd","14:08:00",1849600
27900,-100,500,"sd","14:08:00",1849400
27900,-100,300,"sd","14:08:00",1848900
27900,-100,300,"sd","14:08:00",1848600
27900,-100,1800,"sd","14:08:00",1848300
27900,-100,800,"sd","14:08:00",1846500
27900,-100,500,"sd","14:08:00",1845700
27900,-100,400,"sd","14:08:00",1845200
27900,-100,200,"sd","14:08:00",1844800
27900,-100,300,"sd","14:08:00",1844600
27900,-100,100,"sd","14:08:00",1844300
27900,-100,200,"sd","14:08:00",1844200
27900,-100,200,"sd","14:08:00",1844000
27900,-100,100,"sd","14:08:00",1843800
27900,-100,200,"sd","14:08:00",1843700
27900,-100,300,"sd","14:08:00",1843500
27900,-100,600,"sd","14:08:00",1843200
27900,-100,300,"sd","14:08:00",1842600
27900,-100,700,"sd","14:08:00",1842300
27900,-100,100,"sd","14:08:00",1841600
27900,-100,200,"sd","14:07:59",1841500
27900,-100,600,"sd","14:07:59",1841300
27900,-100,400,"sd","14:07:59",1840700
27900,-100,200,"sd","14:07:59",1840300
27900,-100,200,"sd","14:07:59",1840100
27950,-50,100,"bu","14:07:37",1839900
27900,-100,3900,"sd","14:07:27",1839800
27900,-100,100,"sd","14:07:16",1835900
27900,-100,100,"sd","14:07:16",1835800
27900,-100,1000,"sd","14:07:13",1835700
27900,-100,300,"sd","14:07:07",1834700
27900,-100,800,"sd","14:07:06",1834400
27900,-100,2000,"sd","14:07:06",1833600
27900,-100,1100,"sd","14:07:06",1831600
27900,-100,900,"sd","14:06:58",1830500
27900,-100,1400,"sd","14:06:58",1829600
27900,-100,3900,"sd","14:06:50",1828200
27950,-50,200,"bu","14:06:33",1824300
27950,-50,100,"bu","14:05:55",1824100
27950,-50,700,"bu","14:05:46",1824000
27950,-50,100,"bu","14:05:29",1823300
27950,-50,200,"bu","14:04:45",1823200
27950,-50,100,"bu","14:04:45",1823000
27950,-50,100,"bu","14:04:45",1822900
27950,-50,1000,"bu","14:04:45",1822800
27950,-50,1000,"bu","14:04:45",1821800
27950,-50,100,"bu","14:04:45",1820800
27950,-50,100,"bu","14:04:45",1820700
27950,-50,100,"bu","14:04:45",1820600
27950,-50,100,"bu","14:04:45",1820500
27950,-50,1000,"bu","14:04:45",1820400
27950,-50,1000,"bu","14:04:45",1819400
27950,-50,100,"bu","14:04:45",1818400
27950,-50,100,"bu","14:04:45",1818300
27950,-50,1000,"bu","14:04:45",1818200
27900,-100,100,"sd","14:04:39",1817200
27900,-100,1000,"sd","14:04:35",1817100
27900,-100,100,"sd","14:04:32",1816100
27900,-100,100,"sd","14:04:32",1816000
27900,-100,300,"sd","14:04:23",1815900
27900,-100,400,"sd","14:04:23",1815600
27900,-100,200,"sd","14:04:23",1815200
27900,-100,300,"sd","14:04:23",1815000
27900,-100,400,"sd","14:04:23",1814700
27900,-100,300,"sd","14:04:23",1814300
27900,-100,2900,"sd","14:04:23",1814000
27900,-100,400,"sd","14:04:23",1811100
27900,-100,500,"sd","14:04:23",1810700
27900,-100,300,"sd","14:04:23",1810200
27900,-100,400,"sd","14:04:23",1809900
27900,-100,600,"sd","14:04:23",1809500
27900,-100,300,"sd","14:04:23",1808900
27900,-100,800,"sd","14:04:23",1808600
27900,-100,300,"sd","14:04:23",1807800
27900,-100,300,"sd","14:04:22",1807500
27900,-100,600,"sd","14:04:22",1807200
27900,-100,600,"sd","14:04:22",1806600
27900,-100,300,"sd","14:04:22",1806000
27900,-100,300,"sd","14:04:22",1805700
27900,-100,100,"sd","14:04:20",1805400
27950,-50,200,"bu","14:04:19",1805300
27950,-50,500,"bu","14:04:15",1805100
27900,-100,2800,"sd","14:03:59",1804600
27900,-100,200,"sd","14:03:59",1801800
27900,-100,1000,"sd","14:03:56",1801600
27900,-100,1000,"bu","14:03:43",1800600
27900,-100,100,"bu","14:03:43",1799600
27900,-100,100,"bu","14:03:43",1799500
27900,-100,600,"bu","14:03:43",1799400
27900,-100,500,"bu","14:03:35",1798800
27900,-100,1000,"bu","14:03:35",1798300
27900,-100,1000,"bu","14:03:35",1797300
27900,-100,100,"bu","14:03:35",1796300
27900,-100,100,"bu","14:03:35",1796200
27900,-100,100,"bu","14:03:35",1796100
27900,-100,200,"bu","14:03:35",1796000
27900,-100,300,"bu","14:03:35",1795800
27900,-100,400,"bu","14:03:35",1795500
27900,-100,300,"bu","14:03:35",1795100
27900,-100,300,"bu","14:03:33",1794800
27900,-100,500,"bu","14:03:33",1794500
27900,-100,300,"bu","14:03:33",1794000
27900,-100,600,"bu","14:03:33",1793700
27900,-100,2300,"bu","14:03:33",1793100
27900,-100,1100,"bu","14:03:32",1790800
27900,-100,100,"bu","14:03:32",1789700
27900,-100,400,"bu","14:03:32",1789600
27900,-100,400,"bu","14:03:32",1789200
27900,-100,400,"bu","14:03:32",1788800
27900,-100,800,"bu","14:03:32",1788400
27900,-100,500,"bu","14:03:32",1787600
27900,-100,900,"bu","14:03:32",1787100
27900,-100,300,"bu","14:03:32",1786200
27900,-100,100,"bu","14:03:32",1785900
27900,-100,300,"bu","14:03:32",1785800
27900,-100,800,"bu","14:03:32",1785500
27900,-100,600,"bu","14:03:32",1784700
27900,-100,400,"bu","14:03:32",1784100
27900,-100,300,"bu","14:03:32",1783700
27900,-100,1000,"bu","14:03:32",1783400
27900,-100,100,"bu","14:03:32",1782400
27900,-100,100,"bu","14:03:32",1782300
27900,-100,1400,"bu","14:03:32",1782200
27900,-100,200,"bu","14:03:30",1780800
27900,-100,3000,"bu","14:03:29",1780600
27900,-100,400,"bu","14:03:28",1777600
27900,-100,1000,"bu","14:03:28",1777200
27900,-100,600,"bu","14:03:28",1776200
27900,-100,2000,"bu","14:03:27",1775600
27900,-100,1000,"bu","14:03:26",1773600
27900,-100,800,"bu","14:03:17",1772600
27900,-100,1000,"bu","14:03:17",1771800
27900,-100,3200,"bu","14:03:17",1770800
27900,-100,4000,"bu","14:03:12",1767600
27900,-100,600,"bu","14:02:59",1763600
27900,-100,10000,"bu","14:02:54",1763000
27900,-100,200,"bu","14:02:41",1753000
27900,-100,3000,"bu","14:02:35",1752800
27900,-100,100,"bu","14:02:25",1749800
27850,-150,100,"sd","14:02:22",1749700
27900,-100,5000,"bu","14:02:15",1749600
27900,-100,4200,"bu","14:01:59",1744600
27850,-150,800,"sd","14:01:58",1740400
27850,-150,200,"sd","14:01:58",1739600
27850,-150,100,"sd","14:01:48",1739400
27850,-150,100,"sd","14:01:48",1739300
27850,-150,1000,"sd","14:01:47",1739200
27850,-150,300,"sd","14:01:39",1738200
27900,-100,4000,"bu","14:01:39",1737900
27900,-100,3600,"bu","14:01:36",1733900
27850,-150,500,"sd","14:01:22",1730300
27900,-100,100,"bu","14:01:06",1729800
27900,-100,100,"bu","14:00:54",1729700
27900,-100,100,"bu","14:00:49",1729600
27850,-150,1000,"sd","14:00:38",1729500
27900,-100,3000,"bu","14:00:38",1728500
27850,-150,100,"sd","14:00:34",1725500
27900,-100,200,"bu","14:00:17",1725400
27850,-150,1000,"sd","13:59:59",1725200
27850,-150,1000,"sd","13:59:20",1724200
27850,-150,100,"sd","13:59:06",1723200
27850,-150,100,"sd","13:59:05",1723100
27850,-150,1000,"sd","13:58:50",1723000
27850,-150,1000,"sd","13:58:42",1722000
27850,-150,1000,"sd","13:58:39",1721000
27850,-150,1000,"sd","13:58:00",1720000
27850,-150,100,"sd","13:57:44",1719000
27850,-150,100,"sd","13:57:44",1718900
27850,-150,500,"sd","13:57:21",1718800
27850,-150,100,"sd","13:57:21",1718300
27850,-150,1000,"sd","13:57:21",1718200
27850,-150,400,"sd","13:57:21",1717200
27900,-100,3000,"bu","13:56:51",1716800
27850,-150,1000,"sd","13:56:40",1713800
27850,-150,100,"sd","13:56:22",1712800
27850,-150,100,"sd","13:56:22",1712700
27850,-150,1000,"sd","13:56:01",1712600
27850,-150,200,"sd","13:56:01",1711600
27850,-150,1000,"sd","13:55:58",1711400
27850,-150,200,"sd","13:55:41",1710400
27850,-150,1000,"sd","13:55:21",1710200
27850,-150,5000,"sd","13:55:06",1709200
27850,-150,400,"sd","13:55:06",1704200
27850,-150,2000,"sd","13:55:06",1703800
27850,-150,5000,"sd","13:55:06",1701800
27850,-150,100,"sd","13:55:06",1696800
27850,-150,1000,"sd","13:55:06",1696700
27850,-150,500,"sd","13:55:06",1695700
27850,-150,100,"sd","13:55:06",1695200
27850,-150,100,"sd","13:55:06",1695100
27850,-150,100,"sd","13:55:06",1695000
27850,-150,200,"sd","13:55:06",1694900
27850,-150,20000,"sd","13:55:06",1694700
27850,-150,200,"sd","13:55:06",1674700
27850,-150,1000,"sd","13:55:06",1674500
27850,-150,1000,"sd","13:55:06",1673500
27850,-150,100,"sd","13:55:06",1672500
27850,-150,400,"sd","13:55:06",1672400
27850,-150,1100,"sd","13:55:06",1672000
27850,-150,500,"sd","13:55:06",1670900
27850,-150,3000,"sd","13:55:06",1670400
27850,-150,1000,"sd","13:55:06",1667400
27850,-150,400,"sd","13:55:06",1666400
27850,-150,200,"sd","13:55:06",1666000
27850,-150,500,"sd","13:55:06",1665800
27850,-150,100,"sd","13:55:06",1665300
27850,-150,1000,"sd","13:55:06",1665200
27850,-150,1000,"sd","13:55:06",1664200
27850,-150,300,"sd","13:55:06",1663200
27850,-150,200,"sd","13:55:06",1662900
27850,-150,300,"sd","13:55:06",1662700
27850,-150,200,"sd","13:55:06",1662400
27850,-150,3000,"sd","13:55:06",1662200
27900,-100,500,"bu","13:53:56",1659200
27900,-100,1500,"bu","13:53:56",1658700
27900,-100,2200,"sd","13:53:40",1657200
27900,-100,1400,"sd","13:53:40",1655000
27900,-100,100,"sd","13:53:40",1653600
27900,-100,100,"sd","13:53:40",1653500
27900,-100,2000,"sd","13:53:30",1653400
27900,-100,1000,"sd","13:53:24",1651400
27900,-100,100,"sd","13:53:14",1650400
27900,-100,500,"sd","13:52:50",1650300
27900,-100,1000,"sd","13:52:43",1649800
27900,-100,100,"sd","13:52:18",1648800
27900,-100,100,"sd","13:52:18",1648700
27900,-100,1000,"sd","13:52:04",1648600
27900,-100,1000,"bu","13:51:37",1647600
27900,-100,100,"bu","13:51:37",1646600
27900,-100,100,"bu","13:51:37",1646500
27900,-100,1000,"bu","13:51:37",1646400
27900,-100,5000,"bu","13:51:37",1645400
27900,-100,1000,"bu","13:51:37",1640400
27900,-100,100,"bu","13:51:37",1639400
27900,-100,100,"bu","13:51:37",1639300
27900,-100,1000,"bu","13:51:37",1639200
27900,-100,1200,"bu","13:51:37",1638200
27900,-100,100,"bu","13:51:28",1637000
27900,-100,200,"bu","13:51:24",1636900
27900,-100,100,"bu","13:51:15",1636700
27900,-100,1900,"bu","13:51:01",1636600
27900,-100,100,"bu","13:51:01",1634700
27900,-100,100,"bu","13:51:01",1634600
27900,-100,1000,"bu","13:51:01",1634500
27900,-100,900,"bu","13:51:01",1633500
27900,-100,2000,"bu","13:51:01",1632600
27900,-100,500,"bu","13:51:01",1630600
27900,-100,1000,"bu","13:51:01",1630100
27900,-100,100,"bu","13:51:01",1629100
27900,-100,100,"bu","13:51:01",1629000
27900,-100,1000,"bu","13:51:01",1628900
27900,-100,100,"bu","13:51:01",1627900
27900,-100,1000,"bu","13:51:01",1627800
27900,-100,2000,"bu","13:51:01",1626800
27900,-100,100,"bu","13:51:01",1624800
27900,-100,900,"bu","13:51:01",1624700
27900,-100,200,"bu","13:51:01",1623800
27900,-100,1000,"bu","13:51:01",1623600
27900,-100,2000,"bu","13:51:01",1622600
27900,-100,400,"bu","13:51:01",1620600
27900,-100,300,"bu","13:51:01",1620200
27900,-100,300,"bu","13:51:01",1619900
27900,-100,200,"bu","13:51:01",1619600
27900,-100,400,"bu","13:51:01",1619400
27900,-100,400,"bu","13:51:01",1619000
27900,-100,600,"bu","13:51:01",1618600
27900,-100,100,"bu","13:51:01",1618000
27900,-100,3500,"bu","13:51:01",1617900
27900,-100,400,"bu","13:51:01",1614400
27900,-100,300,"bu","13:51:01",1614000
27900,-100,300,"bu","13:51:01",1613700
27900,-100,400,"bu","13:51:01",1613400
27900,-100,600,"bu","13:51:01",1613000
27900,-100,300,"bu","13:51:01",1612400
27900,-100,700,"bu","13:51:01",1612100
27900,-100,300,"bu","13:51:01",1611400
27900,-100,600,"bu","13:51:01",1611100
27900,-100,500,"bu","13:51:01",1610500
27900,-100,300,"bu","13:51:01",1610000
27900,-100,300,"bu","13:51:01",1609700
27900,-100,300,"bu","13:51:01",1609400
27900,-100,1000,"bu","13:51:01",1609100
27900,-100,1000,"bu","13:51:01",1608100
27900,-100,2000,"bu","13:51:01",1607100
27900,-100,100,"bu","13:51:01",1605100
27900,-100,100,"bu","13:51:01",1605000
27900,-100,1000,"bu","13:51:01",1604900
27900,-100,1800,"bu","13:51:01",1603900
27900,-100,1600,"bu","13:51:01",1602100
27900,-100,100,"bu","13:50:34",1600500
27900,-100,3000,"bu","13:49:29",1600400
27900,-100,3000,"bu","13:49:24",1597400
27850,-150,1200,"sd","13:49:16",1594400
27900,-100,200,"bu","13:49:16",1593200
27900,-100,1000,"bu","13:49:02",1593000
27850,-150,1000,"sd","13:48:47",1592000
27850,-150,100,"sd","13:48:24",1591000
27900,-100,2000,"bu","13:48:06",1590900
27850,-150,100,"sd","13:47:33",1588900
27850,-150,400,"sd","13:47:27",1588800
27850,-150,200,"sd","13:47:27",1588400
27850,-150,100,"sd","13:47:27",1588200
27850,-150,100,"sd","13:47:27",1588100
27850,-150,100,"sd","13:47:27",1588000
27850,-150,100,"sd","13:47:27",1587900
27850,-150,300,"sd","13:47:05",1587800
27850,-150,400,"sd","13:47:05",1587500
27850,-150,200,"sd","13:47:05",1587100
27850,-150,300,"sd","13:47:05",1586900
27850,-150,400,"sd","13:47:05",1586600
27850,-150,400,"sd","13:47:05",1586200
27850,-150,400,"sd","13:47:05",1585800
27850,-150,100,"sd","13:47:05",1585400
27850,-150,300,"sd","13:47:05",1585300
27850,-150,3000,"sd","13:47:05",1585000
27850,-150,500,"sd","13:47:05",1582000
27850,-150,500,"sd","13:47:05",1581500
27850,-150,100,"sd","13:47:05",1581000
27850,-150,400,"sd","13:47:05",1580900
27850,-150,100,"sd","13:47:05",1580500
27850,-150,100,"sd","13:47:05",1580400
27850,-150,100,"sd","13:47:05",1580300
27850,-150,600,"sd","13:47:05",1580200
27850,-150,300,"sd","13:47:05",1579600
27850,-150,700,"sd","13:47:05",1579300
27900,-100,100,"bu","13:47:05",1578600
27850,-150,300,"sd","13:47:05",1578500
27850,-150,600,"sd","13:47:05",1578200
27850,-150,500,"sd","13:47:05",1577600
27850,-150,300,"sd","13:47:05",1577100
27850,-150,300,"sd","13:47:05",1576800
27850,-150,100,"sd","13:46:52",1576500
27850,-150,100,"sd","13:46:52",1576400
27850,-150,200,"sd","13:46:48",1576300
27850,-150,800,"sd","13:46:48",1576100
27850,-150,200,"sd","13:46:08",1575300
27850,-150,800,"sd","13:46:08",1575100
27900,-100,2000,"bu","13:45:54",1574300
27900,-100,5000,"bu","13:45:48",1572300
27900,-100,100,"bu","13:45:40",1567300
27850,-150,1200,"sd","13:45:33",1567200
27850,-150,200,"sd","13:45:33",1566000
27850,-150,200,"sd","13:45:33",1565800
27900,-100,3000,"bu","13:44:58",1565600
27850,-150,1000,"sd","13:44:48",1562600
27850,-150,100,"sd","13:44:45",1561600
27900,-100,100,"bu","13:44:44",1561500
27850,-150,1000,"sd","13:44:10",1561400
27850,-150,100,"sd","13:44:10",1560400
27850,-150,100,"sd","13:44:10",1560300
27850,-150,100,"sd","13:43:54",1560200
27900,-100,500,"bu","13:43:51",1560100
27850,-150,200,"sd","13:43:30",1559600
27850,-150,800,"sd","13:43:30",1559400
27850,-150,1000,"sd","13:42:51",1558600
27850,-150,100,"sd","13:42:47",1557600
27850,-150,100,"sd","13:42:47",1557500
27850,-150,1000,"sd","13:42:46",1557400
27900,-100,1000,"bu","13:42:23",1556400
27900,-100,100,"bu","13:41:35",1555400
27850,-150,100,"sd","13:41:31",1555300
27850,-150,100,"sd","13:41:31",1555200
27850,-150,100,"sd","13:41:31",1555100
27850,-150,100,"sd","13:41:31",1555000
27850,-150,600,"sd","13:41:31",1554900
27850,-150,100,"sd","13:41:26",1554300
27850,-150,100,"sd","13:41:26",1554200
27850,-150,200,"sd","13:41:21",1554100
27850,-150,100,"sd","13:41:21",1553900
27850,-150,200,"sd","13:41:21",1553800
27850,-150,500,"sd","13:41:21",1553600
27850,-150,1000,"sd","13:40:51",1553100
27850,-150,400,"sd","13:40:43",1552100
27850,-150,600,"sd","13:40:43",1551700
27850,-150,1000,"sd","13:40:43",1551100
27850,-150,1900,"sd","13:40:43",1550100
27900,-100,3000,"bu","13:40:16",1548200
27900,-100,3000,"bu","13:40:10",1545200
27850,-150,100,"sd","13:40:04",1542200
27850,-150,100,"sd","13:40:04",1542100
27850,-150,200,"sd","13:39:56",1542000
27850,-150,200,"sd","13:39:56",1541800
27850,-150,100,"sd","13:39:56",1541600
27850,-150,1000,"sd","13:39:56",1541500
27850,-150,1100,"sd","13:39:56",1540500
27900,-100,200,"bu","13:39:35",1539400
27850,-150,1000,"sd","13:39:33",1539200
27850,-150,1000,"sd","13:38:52",1538200
27850,-150,100,"sd","13:38:43",1537200
27850,-150,100,"sd","13:38:43",1537100
27850,-150,1300,"sd","13:38:40",1537000
27900,-100,1000,"bu","13:38:24",1535700
27850,-150,400,"sd","13:38:23",1534700
27850,-150,900,"sd","13:38:23",1534300
27900,-100,100,"bu","13:38:17",1533400
27900,-100,300,"bu","13:37:54",1533300
27900,-100,100,"bu","13:36:43",1533000
27900,-100,1000,"bu","13:36:36",1532900
27900,-100,1700,"sd","13:36:31",1531900
27900,-100,200,"sd","13:36:31",1530200
27900,-100,100,"sd","13:36:31",1530000
27900,-100,16500,"sd","13:36:31",1529900
27900,-100,2500,"sd","13:36:28",1513400
27900,-100,200,"sd","13:36:28",1510900
27900,-100,100,"sd","13:36:28",1510700
27900,-100,2000,"sd","13:36:28",1510600
27900,-100,200,"sd","13:36:28",1508600
27900,-100,800,"sd","13:36:14",1508400
27900,-100,200,"sd","13:36:14",1507600
27900,-100,100,"sd","13:36:00",1507400
27900,-100,100,"sd","13:36:00",1507300
27900,-100,1000,"sd","13:35:34",1507200
27900,-100,900,"sd","13:34:59",1506200
27900,-100,100,"sd","13:34:55",1505300
27900,-100,900,"sd","13:34:55",1505200
27900,-100,100,"sd","13:34:38",1504300
27900,-100,100,"sd","13:34:38",1504200
27900,-100,1000,"sd","13:34:15",1504100
27900,-100,10000,"sd","13:33:49",1503100
27900,-100,300,"sd","13:33:39",1493100
27950,-50,200,"bu","13:33:08",1492800
27950,-50,1000,"bu","13:33:08",1492600
27950,-50,100,"bu","13:33:08",1491600
27900,-100,2500,"sd","13:33:03",1491500
27950,-50,100,"bu","13:32:46",1489000
27900,-100,300,"sd","13:32:45",1488900
27900,-100,900,"sd","13:32:27",1488600
27900,-100,900,"sd","13:32:17",1487700
27900,-100,100,"sd","13:32:17",1486800
27900,-100,100,"sd","13:31:55",1486700
27900,-100,100,"sd","13:31:55",1486600
27900,-100,300,"sd","13:31:38",1486500
27900,-100,700,"sd","13:31:38",1486200
27900,-100,200,"sd","13:31:33",1485500
27900,-100,400,"sd","13:31:33",1485300
27900,-100,200,"sd","13:31:33",1484900
27900,-100,300,"sd","13:31:33",1484700
27900,-100,400,"sd","13:31:33",1484400
27900,-100,300,"sd","13:31:33",1484000
27900,-100,500,"sd","13:31:33",1483700
27900,-100,100,"sd","13:31:33",1483200
27900,-100,100,"sd","13:31:33",1483100
27900,-100,400,"sd","13:31:33",1483000
27900,-100,3000,"sd","13:31:33",1482600
27900,-100,300,"sd","13:31:33",1479600
27900,-100,300,"sd","13:31:33",1479300
27900,-100,200,"sd","13:31:33",1479000
27900,-100,700,"sd","13:31:33",1478800
27900,-100,300,"sd","13:31:33",1478100
27900,-100,600,"sd","13:31:33",1477800
27900,-100,300,"sd","13:31:32",1477200
27900,-100,700,"sd","13:31:32",1476900
27900,-100,600,"sd","13:31:32",1476200
27900,-100,300,"sd","13:31:32",1475600
27900,-100,300,"sd","13:31:32",1475300
27900,-100,200,"sd","13:31:08",1475000
27900,-100,1000,"sd","13:30:59",1474800
27900,-100,500,"sd","13:30:41",1473800
27900,-100,100,"sd","13:30:33",1473300
27900,-100,100,"sd","13:30:33",1473200
27900,-100,1000,"sd","13:30:19",1473100
27900,-100,5000,"sd","13:30:03",1472100
27900,-100,1000,"sd","13:29:38",1467100
27900,-100,500,"bu","13:29:27",1466100
27900,-100,100,"bu","13:29:27",1465600
27900,-100,100,"bu","13:29:27",1465500
27900,-100,1000,"bu","13:29:27",1465400
27900,-100,1200,"bu","13:29:27",1464400
27900,-100,100,"bu","13:29:00",1463200
27900,-100,2000,"bu","13:28:53",1463100
27900,-100,1000,"sd","13:28:49",1461100
27900,-100,700,"sd","13:28:49",1460100
27900,-100,1000,"sd","13:28:49",1459400
27900,-100,1000,"sd","13:28:49",1458400
27900,-100,1000,"sd","13:28:19",1457400
27900,-100,100,"sd","13:27:50",1456400
27900,-100,100,"sd","13:27:50",1456300
27900,-100,800,"sd","13:27:40",1456200
27900,-100,200,"sd","13:27:40",1455400
27900,-100,1000,"sd","13:27:00",1455200
27900,-100,100,"sd","13:26:38",1454200
27900,-100,100,"sd","13:26:29",1454100
27900,-100,100,"sd","13:26:29",1454000
27900,-100,400,"sd","13:26:23",1453900
27900,-100,1000,"sd","13:26:22",1453500
27850,-150,4100,"sd","13:25:44",1452500
27850,-150,100,"sd","13:25:44",1448400
27850,-150,100,"sd","13:25:44",1448300
27850,-150,100,"sd","13:25:44",1448200
27850,-150,100,"sd","13:25:44",1448100
27850,-150,1000,"sd","13:25:44",1448000
27900,-100,4500,"sd","13:25:44",1447000
27900,-100,1000,"sd","13:25:41",1442500
27900,-100,500,"bu","13:25:35",1441500
27900,-100,100,"bu","13:25:35",1441000
27900,-100,100,"bu","13:25:35",1440900
27900,-100,1000,"bu","13:25:35",1440800
27900,-100,100,"bu","13:25:35",1439800
27900,-100,200,"bu","13:25:35",1439700
27900,-100,4800,"bu","13:25:24",1439500
27900,-100,1000,"bu","13:25:24",1434700
27900,-100,20000,"bu","13:25:24",1433700
27900,-100,1000,"bu","13:25:24",1413700
27900,-100,1000,"bu","13:25:24",1412700
27900,-100,1000,"bu","13:25:24",1411700
27900,-100,100,"bu","13:25:24",1410700
27900,-100,300,"bu","13:25:24",1410600
27900,-100,100,"bu","13:25:24",1410300
27900,-100,400,"bu","13:25:24",1410200
27900,-100,1000,"bu","13:25:24",1409800
27900,-100,300,"bu","13:25:24",1408800
27900,-100,100,"bu","13:25:24",1408500
27900,-100,1000,"bu","13:25:24",1408400
27900,-100,300,"bu","13:25:24",1407400
27900,-100,500,"bu","13:25:24",1407100
27900,-100,600,"bu","13:25:24",1406600
27900,-100,400,"bu","13:25:24",1406000
27900,-100,100,"bu","13:25:24",1405600
27900,-100,3400,"bu","13:25:24",1405500
27900,-100,400,"bu","13:25:24",1402100
27900,-100,300,"bu","13:25:24",1401700
27900,-100,400,"bu","13:25:24",1401400
27900,-100,800,"bu","13:25:24",1401000
27900,-100,700,"bu","13:25:24",1400200
27900,-100,300,"bu","13:25:24",1399500
27900,-100,400,"bu","13:25:24",1399200
27900,-100,100,"bu","13:25:24",1398800
27900,-100,300,"bu","13:25:24",1398700
27900,-100,600,"bu","13:25:24",1398400
27900,-100,500,"bu","13:25:24",1397800
27900,-100,300,"bu","13:25:24",1397300
27900,-100,200,"bu","13:25:24",1397000
27900,-100,1000,"bu","13:25:24",1396800
27900,-100,100,"bu","13:25:24",1395800
27900,-100,100,"bu","13:25:24",1395700
27900,-100,5000,"bu","13:25:24",1395600
27900,-100,400,"bu","13:25:24",1390600
27900,-100,100,"bu","13:25:24",1390200
27900,-100,100,"bu","13:25:24",1390100
27900,-100,100,"bu","13:25:24",1390000
27900,-100,400,"bu","13:25:24",1389900
27900,-100,200,"bu","13:25:09",1389500
27900,-100,200,"bu","13:25:02",1389300
27900,-100,200,"bu","13:24:00",1389100
27900,-100,1800,"bu","13:24:00",1388900
27850,-150,100,"sd","13:23:46",1387100
27850,-150,100,"sd","13:23:46",1387000
27850,-150,2000,"sd","13:23:46",1386900
27900,-100,1000,"bu","13:23:40",1384900
27900,-100,100,"bu","13:23:11",1383900
27900,-100,200,"bu","13:22:42",1383800
27900,-100,1900,"bu","13:21:15",1383600
27900,-100,600,"bu","13:21:15",1381700
27850,-150,500,"sd","13:21:05",1381100
27850,-150,500,"sd","13:21:05",1380600
27850,-150,100,"sd","13:21:03",1380100
27850,-150,100,"sd","13:21:03",1380000
27850,-150,1000,"sd","13:20:26",1379900
27850,-150,5200,"sd","13:20:21",1378900
27850,-150,200,"sd","13:20:14",1373700
27900,-100,200,"bu","13:19:32",1373500
27850,-150,1000,"sd","13:19:05",1373300
27850,-150,1000,"sd","13:18:27",1372300
27850,-150,200,"sd","13:18:25",1371300
27850,-150,300,"sd","13:18:25",1371100
27850,-150,400,"sd","13:18:25",1370800
27850,-150,300,"sd","13:18:25",1370400
27850,-150,200,"sd","13:18:25",1370100
27850,-150,500,"sd","13:18:25",1369900
27850,-150,2700,"sd","13:18:25",1369400
27850,-150,300,"sd","13:18:25",1366700
27850,-150,300,"sd","13:18:25",1366400
27850,-150,100,"sd","13:18:25",1366100
27850,-150,300,"sd","13:18:25",1366000
27850,-150,200,"sd","13:18:25",1365700
27850,-150,300,"sd","13:18:25",1365500
27850,-150,500,"sd","13:18:25",1365200
27850,-150,200,"sd","13:18:25",1364700
27850,-150,600,"sd","13:18:25",1364500
27850,-150,200,"sd","13:18:24",1363900
27850,-150,600,"sd","13:18:24",1363700
27850,-150,500,"sd","13:18:24",1363100
27850,-150,300,"sd","13:18:24",1362600
27850,-150,200,"sd","13:18:24",1362300
27850,-150,100,"sd","13:18:21",1362100
27850,-150,100,"sd","13:18:20",1362000
27850,-150,1000,"sd","13:17:46",1361900
27850,-150,1000,"sd","13:17:07",1360900
27850,-150,500,"sd","13:17:04",1359900
27900,-100,100,"bu","13:16:47",1359400
27900,-100,100,"sd","13:15:48",1359300
27900,-100,100,"bu","13:15:44",1359200
27900,-100,100,"bu","13:15:44",1359100
27900,-100,700,"bu","13:15:44",1359000
27900,-100,100,"bu","13:15:33",1358300
27900,-100,1000,"bu","13:15:33",1358200
27900,-100,500,"bu","13:15:33",1357200
27900,-100,900,"bu","13:15:33",1356700
27900,-100,300,"bu","13:15:33",1355800
27900,-100,800,"bu","13:15:33",1355500
27900,-100,100,"bu","13:15:29",1354700
27900,-100,900,"bu","13:15:29",1354600
27900,-100,100,"bu","13:15:17",1353700
27900,-100,300,"bu","13:15:17",1353600
27900,-100,500,"bu","13:15:17",1353300
27900,-100,100,"bu","13:15:17",1352800
27900,-100,200,"bu","13:15:16",1352700
27900,-100,200,"bu","13:15:16",1352500
27900,-100,400,"bu","13:15:16",1352300
27900,-100,200,"bu","13:15:16",1351900
27900,-100,200,"bu","13:15:07",1351700
27900,-100,300,"bu","13:15:02",1351500
27850,-150,1000,"sd","13:14:52",1351200
27850,-150,1000,"sd","13:14:29",1350200
27850,-150,1000,"sd","13:14:29",1349200
27850,-150,100,"sd","13:14:15",1348200
27850,-150,100,"sd","13:14:15",1348100
27850,-150,1000,"sd","13:13:49",1348000
27850,-150,300,"sd","13:13:36",1347000
27900,-100,100,"bu","13:13:34",1346700
27850,-150,1000,"sd","13:13:09",1346600
27850,-150,100,"sd","13:12:54",1345600
27850,-150,100,"sd","13:12:54",1345500
27850,-150,1000,"sd","13:12:49",1345400
27900,-100,2500,"bu","13:12:44",1344400
27900,-100,500,"bu","13:12:44",1341900
27900,-100,100,"sd","13:11:52",1341400
27900,-100,300,"sd","13:11:52",1341300
27900,-100,400,"sd","13:11:52",1341000
27900,-100,300,"sd","13:11:52",1340600
27900,-100,500,"sd","13:11:52",1340300
27900,-100,300,"sd","13:11:52",1339800
27900,-100,300,"sd","13:11:52",1339500
27900,-100,800,"sd","13:11:52",1339200
27900,-100,100,"sd","13:11:52",1338400
27900,-100,100,"sd","13:11:52",1338300
27900,-100,100,"sd","13:11:52",1338200
27900,-100,400,"sd","13:11:52",1338100
27900,-100,300,"sd","13:11:52",1337700
27900,-100,600,"sd","13:11:52",1337400
27900,-100,500,"sd","13:11:52",1336800
27900,-100,300,"sd","13:11:51",1336300
27900,-100,300,"sd","13:11:51",1336000
27900,-100,1000,"sd","13:11:50",1335700
27900,-100,700,"sd","13:11:43",1334700
27900,-100,3000,"sd","13:11:43",1334000
27900,-100,100,"sd","13:11:43",1331000
27900,-100,100,"sd","13:11:43",1330900
27900,-100,100,"sd","13:11:43",1330800
27900,-100,100,"sd","13:11:33",1330700
27900,-100,100,"sd","13:11:32",1330600
27900,-100,1600,"sd","13:11:12",1330500
27900,-100,100,"sd","13:11:11",1328900
27900,-100,900,"sd","13:11:11",1328800
27900,-100,1000,"sd","13:10:31",1327900
27900,-100,100,"sd","13:10:11",1326900
27900,-100,100,"sd","13:10:11",1326800
27900,-100,1000,"sd","13:09:52",1326700
27900,-100,1900,"sd","13:09:34",1325700
27900,-100,600,"sd","13:09:34",1323800
27900,-100,1900,"sd","13:09:32",1323200
27900,-100,700,"bu","13:09:16",1321300
27900,-100,300,"sd","13:09:13",1320600
27900,-100,100,"bu","13:09:03",1320300
27900,-100,100,"bu","13:09:03",1320200
27900,-100,1000,"bu","13:09:03",1320100
27900,-100,2000,"bu","13:09:03",1319100
27900,-100,200,"bu","13:09:03",1317100
27900,-100,1000,"bu","13:09:03",1316900
27900,-100,100,"bu","13:09:03",1315900
27900,-100,100,"bu","13:09:03",1315800
27900,-100,1000,"bu","13:09:03",1315700
27900,-100,900,"bu","13:09:03",1314700
27900,-100,2800,"bu","13:09:03",1313800
27900,-100,1000,"bu","13:09:03",1311000
27900,-100,2700,"bu","13:09:03",1310000
27900,-100,400,"bu","13:09:03",1307300
27900,-100,5700,"bu","13:09:03",1306900
27900,-100,3500,"bu","13:09:03",1301200
27900,-100,100,"bu","13:09:03",1297700
27900,-100,100,"bu","13:09:03",1297600
27900,-100,1000,"bu","13:09:03",1297500
27900,-100,1000,"bu","13:09:03",1296500
27900,-100,100,"bu","13:09:03",1295500
27900,-100,100,"bu","13:09:03",1295400
27900,-100,1000,"bu","13:09:03",1295300
27900,-100,100,"bu","13:09:03",1294300
27900,-100,300,"bu","13:09:03",1294200
27900,-100,1000,"bu","13:09:03",1293900
27900,-100,1500,"bu","13:09:03",1292900
27900,-100,3100,"bu","13:09:03",1291400
27900,-100,3300,"bu","13:09:03",1288300
27900,-100,6700,"bu","13:08:51",1285000
27900,-100,500,"bu","13:08:51",1278300
27900,-100,500,"bu","13:08:49",1277800
27900,-100,100,"bu","13:08:49",1277300
27900,-100,100,"bu","13:08:49",1277200
27900,-100,1000,"bu","13:08:49",1277100
27900,-100,1300,"bu","13:08:49",1276100
27900,-100,2400,"bu","13:08:35",1274800
27900,-100,100,"bu","13:08:29",1272400
27900,-100,200,"bu","13:08:26",1272300
27900,-100,400,"bu","13:08:26",1272100
27900,-100,600,"bu","13:08:02",1271700
27900,-100,100,"bu","13:08:02",1271100
27900,-100,100,"bu","13:08:02",1271000
27900,-100,1000,"bu","13:08:02",1270900
27900,-100,600,"bu","13:08:02",1269900
27850,-150,1000,"sd","13:07:54",1269300
27850,-150,100,"sd","13:07:27",1268300
27850,-150,100,"sd","13:07:27",1268200
27850,-150,1000,"sd","13:07:14",1268100
27850,-150,1000,"sd","13:06:34",1267100
27850,-150,100,"sd","13:06:06",1266100
27850,-150,100,"sd","13:06:06",1266000
27850,-150,1000,"sd","13:05:55",1265900
27850,-150,100,"sd","13:05:24",1264900
27850,-150,1000,"sd","13:05:16",1264800
27850,-150,10000,"sd","13:04:55",1263800
27850,-150,100,"sd","13:04:45",1253800
27850,-150,100,"sd","13:04:45",1253700
27850,-150,1000,"sd","13:04:35",1253600
27850,-150,5400,"sd","13:04:03",1252600
27900,-100,100,"bu","13:03:54",1247200
27850,-150,7200,"sd","13:03:51",1247100
27900,-100,300,"bu","13:02:54",1239900
27900,-100,100,"bu","13:02:54",1239600
27900,-100,100,"bu","13:02:54",1239500
27900,-100,500,"bu","13:02:54",1239400
27900,-100,100,"bu","13:00:07",1238900
27900,-100,100,"bu","13:00:00",1238800
27900,-100,1600,"bu","13:00:00",1238700
27900,-100,100,"bu","13:00:00",1237100
27900,-100,900,"bu","13:00:00",1237000
27900,-100,100,"bu","12:59:59",1236100
27900,-100,300,"bu","11:29:34",1236000
27900,-100,100,"bu","11:29:33",1235700
27900,-100,100,"bu","11:29:33",1235600
27900,-100,500,"bu","11:29:33",1235500
27850,-150,1000,"sd","11:29:20",1235000
27850,-150,100,"sd","11:29:18",1234000
27850,-150,100,"sd","11:29:18",1233900
27850,-150,1000,"sd","11:28:40",1233800
27850,-150,1000,"sd","11:28:00",1232800
27850,-150,100,"sd","11:27:57",1231800
27850,-150,100,"sd","11:27:57",1231700
27850,-150,1000,"sd","11:27:21",1231600
27850,-150,900,"sd","11:26:44",1230600
27850,-150,1000,"sd","11:26:41",1229700
27850,-150,1000,"sd","11:26:40",1228700
27850,-150,100,"sd","11:26:35",1227700
27850,-150,100,"sd","11:26:35",1227600
27850,-150,1000,"sd","11:26:02",1227500
27850,-150,1000,"sd","11:25:21",1226500
27850,-150,100,"sd","11:25:15",1225500
27850,-150,100,"sd","11:25:15",1225400
27850,-150,13000,"sd","11:24:50",1225300
27850,-150,1000,"sd","11:24:43",1212300
27850,-150,400,"sd","11:24:27",1211300
27850,-150,700,"sd","11:24:27",1210900
27850,-150,800,"sd","11:24:27",1210200
27850,-150,700,"sd","11:24:27",1209400
27850,-150,300,"sd","11:24:27",1208700
27850,-150,600,"sd","11:24:27",1208400
27850,-150,3800,"sd","11:24:27",1207800
27850,-150,300,"sd","11:24:27",1204000
27850,-150,300,"sd","11:24:27",1203700
27850,-150,1100,"sd","11:24:27",1203400
27850,-150,400,"sd","11:24:27",1202300
27850,-150,300,"sd","11:24:27",1201900
27850,-150,500,"sd","11:24:27",1201600
27850,-150,200,"sd","11:24:27",1201100
27850,-150,600,"sd","11:24:27",1200900
27850,-150,200,"sd","11:24:27",1200300
27850,-150,600,"sd","11:24:27",1200100
27850,-150,400,"sd","11:24:26",1199500
27850,-150,200,"sd","11:24:26",1199100
27850,-150,200,"sd","11:24:26",1198900
27850,-150,1000,"sd","11:24:03",1198700
27850,-150,100,"sd","11:23:52",1197700
27850,-150,100,"sd","11:23:52",1197600
27850,-150,1000,"sd","11:23:24",1197500
27850,-150,5000,"sd","11:22:57",1196500
27900,-100,100,"bu","11:22:47",1191500
27900,-100,400,"bu","11:21:03",1191400
27900,-100,600,"bu","11:21:03",1191000
27900,-100,500,"bu","11:21:01",1190400
27900,-100,4000,"bu","11:20:48",1189900
27900,-100,100,"bu","11:20:35",1185900
27900,-100,1000,"bu","11:20:04",1185800
27900,-100,1000,"bu","11:19:52",1184800
27900,-100,100,"bu","11:19:39",1183800
27850,-150,200,"sd","11:19:26",1183700
27850,-150,800,"sd","11:19:26",1183500
27850,-150,200,"sd","11:19:25",1182700
27850,-150,1000,"sd","11:19:25",1182500
27850,-150,200,"sd","11:18:46",1181500
27850,-150,200,"sd","11:18:46",1181300
27850,-150,300,"sd","11:18:46",1181100
27850,-150,300,"sd","11:18:46",1180800
27850,-150,100,"sd","11:18:46",1180500
27900,-100,2000,"sd","11:18:01",1180400
27900,-100,700,"sd","11:18:01",1178400
27900,-100,1000,"sd","11:17:26",1177700
27900,-100,100,"bu","11:17:26",1176700
27900,-100,100,"bu","11:17:26",1176600
27900,-100,1000,"bu","11:17:26",1176500
27900,-100,1000,"bu","11:17:26",1175500
27900,-100,100,"bu","11:17:26",1174500
27900,-100,100,"bu","11:17:26",1174400
27900,-100,1000,"bu","11:17:26",1174300
27900,-100,4900,"bu","11:17:26",1173300
27900,-100,1000,"bu","11:16:36",1168400
27900,-100,2000,"bu","11:16:32",1167400
27900,-100,100,"bu","11:15:42",1165400
27900,-100,100,"bu","11:15:29",1165300
27900,-100,100,"bu","11:15:29",1165200
27900,-100,100,"bu","11:15:29",1165100
27850,-150,900,"sd","11:15:29",1165000
27850,-150,100,"sd","11:15:29",1164100
27850,-150,200,"sd","11:15:16",1164000
27850,-150,200,"sd","11:15:16",1163800
27850,-150,900,"sd","11:15:16",1163600
27850,-150,100,"sd","11:15:16",1162700
27850,-150,400,"sd","11:15:16",1162600
27850,-150,800,"sd","11:15:16",1162200
27850,-150,1200,"sd","11:15:16",1161400
27850,-150,100,"sd","11:15:16",1160200
27900,-100,500,"bu","11:15:15",1160100
27900,-100,400,"sd","11:14:09",1159600
27900,-100,1000,"bu","11:13:38",1159200
27900,-100,8000,"bu","11:13:38",1158200
27900,-100,500,"sd","11:13:26",1150200
27900,-100,1000,"sd","11:13:26",1149700
27900,-100,100,"sd","11:13:26",1148700
27900,-100,100,"sd","11:13:26",1148600
27900,-100,3800,"sd","11:13:26",1148500
27900,-100,100,"sd","11:13:26",1144700
27900,-100,1000,"sd","11:13:26",1144600
27900,-100,100,"sd","11:13:26",1143600
27900,-100,1000,"sd","11:13:26",1143500
27900,-100,4300,"sd","11:13:26",1142500
27900,-100,700,"sd","11:13:07",1138200
27900,-100,600,"sd","11:13:07",1137500
27900,-100,400,"sd","11:13:02",1136900
27900,-100,800,"sd","11:13:02",1136500
27900,-100,100,"sd","11:13:01",1135700
27900,-100,100,"sd","11:13:01",1135600
27900,-100,700,"sd","11:12:50",1135500
27900,-100,300,"sd","11:12:50",1134800
27900,-100,700,"sd","11:12:10",1134500
27900,-100,100,"sd","11:12:10",1133800
27900,-100,200,"sd","11:12:10",1133700
27900,-100,4800,"sd","11:11:50",1133500
27900,-100,2400,"sd","11:11:50",1128700
27900,-100,100,"sd","11:11:39",1126300
27900,-100,100,"sd","11:11:39",1126200
27900,-100,600,"sd","11:11:39",1126100
27900,-100,1000,"sd","11:11:30",1125500
27900,-100,800,"sd","11:10:51",1124500
27900,-100,200,"sd","11:10:51",1123700
27900,-100,100,"sd","11:10:36",1123500
27900,-100,300,"sd","11:10:36",1123400
27900,-100,500,"sd","11:10:36",1123100
27900,-100,400,"sd","11:10:36",1122600
27900,-100,100,"sd","11:10:18",1122200
27900,-100,100,"sd","11:10:18",1122100
27900,-100,1000,"sd","11:10:11",1122000
27900,-100,300,"sd","11:09:47",1121000
27900,-100,100,"sd","11:09:32",1120700
27900,-100,900,"sd","11:09:32",1120600
27900,-100,100,"sd","11:08:55",1119700
27900,-100,100,"sd","11:08:55",1119600
27900,-100,900,"sd","11:08:52",1119500
27900,-100,100,"sd","11:08:52",1118600
27900,-100,400,"sd","11:08:37",1118500
27900,-100,3000,"sd","11:08:37",1118100
27900,-100,200,"sd","11:08:37",1115100
27900,-100,1000,"sd","11:08:37",1114900
27900,-100,200,"sd","11:08:37",1113900
27900,-100,100,"sd","11:08:37",1113700
27900,-100,200,"sd","11:08:37",1113600
27900,-100,500,"sd","11:08:37",1113400
27900,-100,1000,"sd","11:08:37",1112900
27900,-100,300,"sd","11:08:37",1111900
27900,-100,3100,"sd","11:08:37",1111600
27900,-100,1900,"sd","11:08:21",1108500
27900,-100,300,"sd","11:08:17",1106600
27900,-100,400,"sd","11:08:17",1106300
27900,-100,300,"sd","11:08:17",1105900
27900,-100,500,"sd","11:08:17",1105600
27900,-100,400,"sd","11:08:17",1105100
27900,-100,300,"sd","11:08:17",1104700
27900,-100,100,"sd","11:08:17",1104400
27900,-100,600,"sd","11:08:17",1104300
27900,-100,3500,"sd","11:08:17",1103700
27900,-100,400,"sd","11:08:17",1100200
27900,-100,200,"sd","11:08:17",1099800
27900,-100,400,"sd","11:08:17",1099600
27900,-100,200,"sd","11:08:17",1099200
27900,-100,400,"sd","11:08:17",1099000
27900,-100,300,"sd","11:08:17",1098600
27900,-100,700,"sd","11:08:17",1098300
27900,-100,800,"sd","11:08:17",1097600
27900,-100,100,"sd","11:08:17",1096800
27900,-100,100,"sd","11:08:16",1096700
27900,-100,100,"sd","11:08:16",1096600
27900,-100,100,"sd","11:08:16",1096500
27900,-100,700,"sd","11:08:16",1096400
27900,-100,100,"sd","11:08:16",1095700
27900,-100,100,"sd","11:08:16",1095600
27900,-100,400,"sd","11:08:16",1095500
27900,-100,400,"sd","11:08:16",1095100
27900,-100,200,"sd","11:08:16",1094700
27900,-100,100,"sd","11:08:16",1094500
27900,-100,100,"sd","11:08:14",1094400
27900,-100,900,"sd","11:08:14",1094300
27900,-100,100,"sd","11:07:34",1093400
27900,-100,100,"sd","11:07:34",1093300
27900,-100,1000,"sd","11:07:34",1093200
27900,-100,2900,"sd","11:07:32",1092200
27900,-100,200,"sd","11:07:32",1089300
27900,-100,200,"sd","11:07:32",1089100
27900,-100,300,"sd","11:07:32",1088900
27900,-100,200,"sd","11:07:32",1088600
27900,-100,2000,"sd","11:07:32",1088400
27900,-100,100,"sd","11:07:32",1086400
27900,-100,4100,"sd","11:07:32",1086300
27950,-50,300,"bu","11:06:57",1082200
27900,-100,1000,"sd","11:06:54",1081900
27900,-100,900,"sd","11:06:42",1080900
27950,-50,100,"bu","11:04:48",1080000
27950,-50,100,"bu","11:03:21",1079900
27900,-100,4900,"sd","11:03:20",1079800
27900,-100,100,"sd","11:03:20",1074900
27950,-50,2000,"bu","11:02:49",1074800
27950,-50,400,"bu","11:02:30",1072800
27950,-50,400,"bu","11:02:30",1072400
27950,-50,300,"bu","11:02:30",1072000
27950,-50,300,"bu","11:02:30",1071700
27950,-50,100,"bu","11:02:30",1071400
27950,-50,600,"bu","11:02:30",1071300
27950,-50,400,"bu","11:02:30",1070700
27950,-50,300,"bu","11:02:30",1070300
27950,-50,700,"bu","11:02:30",1070000
27950,-50,100,"bu","11:02:30",1069300
27950,-50,200,"bu","11:02:30",1069200
27950,-50,700,"bu","11:02:30",1069000
27950,-50,500,"bu","11:02:30",1068300
27950,-50,300,"bu","11:01:46",1067800
27950,-50,300,"bu","11:01:46",1067500
27950,-50,1000,"bu","11:01:46",1067200
27950,-50,400,"bu","11:01:46",1066200
27900,-100,100,"sd","11:01:38",1065800
27900,-100,100,"sd","11:01:38",1065700
27900,-100,100,"sd","11:01:38",1065600
27900,-100,200,"sd","11:01:38",1065500
27900,-100,100,"sd","11:01:37",1065300
27900,-100,100,"sd","11:01:37",1065200
27900,-100,300,"sd","11:01:37",1065100
27900,-100,700,"sd","11:00:58",1064800
27900,-100,300,"sd","11:00:58",1064100
27900,-100,200,"sd","11:00:52",1063800
27900,-100,200,"sd","11:00:52",1063600
27900,-100,400,"sd","11:00:52",1063400
27900,-100,300,"sd","11:00:52",1063000
27900,-100,200,"sd","11:00:52",1062700
27900,-100,400,"sd","11:00:52",1062500
27900,-100,100,"sd","11:00:52",1062100
27900,-100,2900,"sd","11:00:52",1062000
27900,-100,100,"sd","11:00:52",1059100
27900,-100,100,"sd","11:00:52",1059000
27900,-100,200,"sd","11:00:52",1058900
27900,-100,300,"sd","11:00:52",1058700
27900,-100,100,"sd","11:00:52",1058400
27900,-100,600,"sd","11:00:52",1058300
27900,-100,300,"sd","11:00:52",1057700
27900,-100,600,"sd","11:00:52",1057400
27900,-100,300,"sd","11:00:52",1056800
27900,-100,100,"sd","11:00:52",1056500
27900,-100,300,"sd","11:00:52",1056400
27900,-100,200,"sd","11:00:52",1056100
27900,-100,500,"sd","11:00:52",1055900
27900,-100,100,"sd","11:00:51",1055400
27900,-100,200,"sd","11:00:51",1055300
27900,-100,600,"sd","11:00:51",1055100
27900,-100,300,"sd","11:00:51",1054500
27900,-100,500,"sd","11:00:51",1054200
27900,-100,300,"sd","11:00:51",1053700
27900,-100,100,"sd","11:00:46",1053400
27900,-100,100,"sd","11:00:46",1053300
27900,-100,900,"sd","11:00:19",1053200
27900,-100,100,"sd","11:00:19",1052300
27900,-100,400,"sd","10:59:39",1052200
27900,-100,600,"sd","10:59:39",1051800
27900,-100,400,"sd","10:59:36",1051200
27900,-100,600,"sd","10:59:36",1050800
27950,-50,100,"bu","10:59:33",1050200
27900,-100,100,"sd","10:59:26",1050100
27900,-100,100,"sd","10:59:26",1050000
27900,-100,300,"sd","10:59:09",1049900
27900,-100,1000,"sd","10:59:00",1049600
27900,-100,1000,"sd","10:58:20",1048600
27900,-100,100,"sd","10:58:03",1047600
27900,-100,100,"sd","10:58:03",1047500
27900,-100,1000,"sd","10:57:41",1047400
27900,-100,3900,"sd","10:57:25",1046400
27900,-100,1000,"sd","10:57:01",1042500
27900,-100,800,"sd","10:56:56",1041500
27900,-100,700,"sd","10:56:56",1040700
27900,-100,100,"sd","10:56:43",1040000
27900,-100,100,"sd","10:56:43",1039900
27900,-100,4000,"sd","10:56:39",1039800
27900,-100,100,"sd","10:56:21",1035800
27900,-100,900,"sd","10:56:21",1035700
27900,-100,100,"sd","10:56:08",1034800
27900,-100,500,"sd","10:55:41",1034700
27900,-100,100,"sd","10:55:41",1034200
27900,-100,100,"sd","10:55:41",1034100
27900,-100,100,"sd","10:55:41",1034000
27900,-100,200,"sd","10:55:41",1033900
27900,-100,300,"sd","10:55:25",1033700
27900,-100,400,"sd","10:55:25",1033400
27900,-100,100,"sd","10:55:25",1033000
27900,-100,100,"sd","10:55:25",1032900
27900,-100,200,"sd","10:55:25",1032800
27900,-100,300,"sd","10:55:25",1032600
27900,-100,300,"sd","10:55:25",1032300
27900,-100,200,"sd","10:55:25",1032000
27900,-100,500,"sd","10:55:25",1031800
27900,-100,400,"sd","10:55:25",1031300
27900,-100,3100,"sd","10:55:25",1030900
27900,-100,100,"sd","10:55:25",1027800
27900,-100,300,"sd","10:55:25",1027700
27900,-100,100,"sd","10:55:25",1027400
27900,-100,300,"sd","10:55:25",1027300
27900,-100,200,"sd","10:55:25",1027000
27900,-100,400,"sd","10:55:25",1026800
27900,-100,200,"sd","10:55:25",1026400
27900,-100,200,"sd","10:55:25",1026200
27900,-100,300,"sd","10:55:25",1026000
27900,-100,100,"sd","10:55:24",1025700
27900,-100,100,"sd","10:55:24",1025600
27900,-100,100,"sd","10:55:24",1025500
27900,-100,500,"sd","10:55:24",1025400
27900,-100,300,"sd","10:55:24",1024900
27900,-100,600,"sd","10:55:24",1024600
27900,-100,500,"sd","10:55:24",1024000
27900,-100,300,"sd","10:55:24",1023500
27900,-100,200,"sd","10:55:24",1023200
27950,-50,100,"bu","10:55:11",1023000
27950,-50,100,"bu","10:55:00",1022900
27950,-50,100,"bu","10:54:49",1022800
27900,-100,7600,"sd","10:54:44",1022700
27900,-100,1000,"sd","10:54:44",1015100
27900,-100,1000,"sd","10:54:44",1014100
27900,-100,2000,"sd","10:54:44",1013100
27900,-100,15000,"sd","10:54:44",1011100
27900,-100,100,"sd","10:54:44",996100
27900,-100,100,"sd","10:54:44",996000
27900,-100,3200,"sd","10:54:44",995900
27950,-50,600,"bu","10:54:37",992700
27950,-50,1000,"bu","10:53:36",992100
27900,-100,1000,"sd","10:53:04",991100
27900,-100,300,"sd","10:52:42",990100
27900,-100,400,"sd","10:52:42",989800
27900,-100,100,"sd","10:52:37",989400
27900,-100,100,"sd","10:52:37",989300
27900,-100,1000,"sd","10:52:23",989200
27900,-100,400,"sd","10:51:45",988200
27900,-100,600,"sd","10:51:45",987800
27900,-100,1500,"sd","10:51:39",987200
27900,-100,100,"sd","10:51:17",985700
27900,-100,100,"sd","10:51:17",985600
27900,-100,200,"sd","10:51:05",985500
27900,-100,500,"sd","10:51:04",985300
27900,-100,300,"sd","10:51:04",984800
27900,-100,200,"sd","10:50:25",984500
27900,-100,100,"sd","10:50:25",984300
27900,-100,100,"sd","10:50:25",984200
27900,-100,600,"sd","10:50:25",984100
27900,-100,100,"sd","10:49:55",983500
27900,-100,100,"sd","10:49:55",983400
27900,-100,1000,"sd","10:49:46",983300
27900,-100,4000,"sd","10:49:20",982300
27950,-50,1000,"bu","10:49:16",978300
27950,-50,500,"bu","10:48:29",977300
27950,-50,500,"bu","10:48:29",976800
27950,-50,500,"bu","10:47:50",976300
27950,-50,4500,"bu","10:47:50",975800
27950,-50,5400,"sd","10:47:38",971300
27950,-50,300,"sd","10:47:38",965900
27950,-50,300,"sd","10:47:38",965600
27950,-50,3700,"sd","10:47:38",965300
27950,-50,100,"sd","10:47:11",961600
27950,-50,100,"sd","10:47:11",961500
27950,-50,1100,"sd","10:47:11",961400
27950,-50,3200,"sd","10:47:11",960300
27950,-50,1000,"sd","10:47:08",957100
27950,-50,100,"sd","10:46:56",956100
27950,-50,600,"sd","10:46:27",956000
27950,-50,400,"sd","10:46:27",955400
27950,-50,1600,"sd","10:46:04",955000
27950,-50,500,"sd","10:46:04",953400
27950,-50,900,"sd","10:46:04",952900
27950,-50,100,"sd","10:45:50",952000
27950,-50,100,"sd","10:45:50",951900
27950,-50,1000,"sd","10:45:49",951800
27950,-50,300,"sd","10:45:45",950800
27950,-50,400,"sd","10:45:45",950500
27950,-50,300,"sd","10:45:45",950100
27950,-50,500,"sd","10:45:45",949800
27950,-50,300,"sd","10:45:45",949300
27950,-50,300,"sd","10:45:45",949000
27950,-50,600,"sd","10:45:45",948700
27950,-50,3300,"sd","10:45:45",948100
27950,-50,100,"sd","10:45:45",944800
27950,-50,400,"sd","10:45:45",944700
27950,-50,300,"sd","10:45:45",944300
27950,-50,300,"sd","10:45:45",944000
27950,-50,500,"sd","10:45:45",943700
27950,-50,300,"sd","10:45:45",943200
27950,-50,100,"sd","10:45:45",942900
27950,-50,100,"sd","10:45:45",942800
27950,-50,200,"sd","10:45:45",942700
27950,-50,300,"sd","10:45:45",942500
27950,-50,700,"sd","10:45:45",942200
27950,-50,300,"sd","10:45:44",941500
27950,-50,600,"sd","10:45:44",941200
27950,-50,600,"sd","10:45:44",940600
27950,-50,300,"sd","10:45:44",940000
27950,-50,300,"sd","10:45:44",939700
27950,-50,1000,"sd","10:45:08",939400
27950,-50,300,"sd","10:44:51",938400
27950,-50,400,"sd","10:44:29",938100
27950,-50,600,"sd","10:44:29",937700
27950,-50,100,"sd","10:44:29",937100
27950,-50,100,"sd","10:44:29",937000
27950,-50,1000,"sd","10:43:50",936900
27950,-50,200,"sd","10:43:37",935900
28000,0,500,"bu","10:43:18",935700
28000,0,700,"bu","10:43:14",935200
28000,0,1000,"bu","10:43:14",934500
28000,0,300,"bu","10:43:14",933500
28000,0,100,"bu","10:42:35",933200
27950,-50,1000,"sd","10:42:30",933100
27950,-50,1300,"sd","10:42:07",932100
28000,0,500,"bu","10:40:51",930800
28000,0,1000,"bu","10:40:51",930300
27950,-50,700,"sd","10:40:31",929300
27950,-50,300,"sd","10:40:31",928600
27950,-50,300,"sd","10:40:29",928300
27950,-50,1000,"sd","10:39:52",928000
27950,-50,1000,"sd","10:39:13",927000
27950,-50,1000,"bu","10:38:42",926000
27950,-50,3000,"bu","10:38:42",925000
27950,-50,300,"bu","10:38:42",922000
27950,-50,1000,"bu","10:38:42",921700
27950,-50,1000,"bu","10:38:42",920700
27950,-50,400,"bu","10:38:42",919700
27950,-50,700,"bu","10:38:42",919300
27950,-50,300,"bu","10:38:31",918600
27950,-50,300,"bu","10:38:31",918300
27950,-50,700,"bu","10:37:58",918000
27950,-50,500,"bu","10:37:58",917300
27950,-50,500,"bu","10:37:53",916800
27950,-50,900,"bu","10:37:53",916300
27950,-50,500,"bu","10:37:53",915400
27950,-50,100,"bu","10:37:53",914900
27950,-50,2000,"bu","10:37:47",914800
27900,-100,200,"sd","10:37:42",912800
27900,-100,100,"sd","10:37:42",912600
27900,-100,200,"sd","10:37:42",912500
27900,-100,100,"sd","10:37:42",912300
27900,-100,500,"sd","10:37:42",912200
27950,-50,7900,"bu","10:37:39",911700
27950,-50,1000,"bu","10:37:39",903800
27950,-50,1000,"bu","10:37:39",902800
27950,-50,200,"bu","10:37:39",901800
27950,-50,400,"bu","10:37:39",901600
27950,-50,300,"bu","10:37:39",901200
27950,-50,400,"bu","10:37:39",900900
27950,-50,200,"bu","10:37:39",900500
27950,-50,300,"bu","10:37:39",900300
27950,-50,300,"bu","10:37:39",900000
27950,-50,600,"bu","10:37:39",899700
27950,-50,300,"bu","10:37:39",899100
27950,-50,3100,"bu","10:37:39",898800
27950,-50,300,"bu","10:37:39",895700
27950,-50,600,"bu","10:37:39",895400
27950,-50,400,"bu","10:37:39",894800
27950,-50,700,"bu","10:37:39",894400
27950,-50,300,"bu","10:37:39",893700
27950,-50,300,"bu","10:37:39",893400
27950,-50,600,"bu","10:37:39",893100
27950,-50,500,"bu","10:37:39",892500
27950,-50,300,"bu","10:37:39",892000
27950,-50,100,"bu","10:37:15",891700
27950,-50,200,"bu","10:36:37",891600
27950,-50,1000,"bu","10:36:37",891400
27950,-50,100,"bu","10:36:37",890400
27950,-50,1000,"bu","10:36:36",890300
27950,-50,600,"bu","10:36:36",889300
27950,-50,400,"bu","10:36:36",888700
27950,-50,1000,"bu","10:36:36",888300
27950,-50,1000,"bu","10:36:36",887300
27950,-50,600,"bu","10:36:36",886300
27950,-50,400,"bu","10:36:06",885700
27950,-50,400,"bu","10:36:06",885300
27950,-50,20000,"bu","10:35:55",884900
27950,-50,9600,"bu","10:35:08",864900
27950,-50,1000,"bu","10:35:08",855300
27950,-50,1000,"bu","10:35:08",854300
27950,-50,300,"bu","10:35:08",853300
27950,-50,3100,"bu","10:35:08",853000
27900,-100,500,"sd","10:34:35",849900
27900,-100,100,"sd","10:34:35",849400
27900,-100,400,"sd","10:34:35",849300
27900,-100,4600,"sd","10:34:27",848900
27900,-100,200,"sd","10:34:27",844300
27900,-100,100,"sd","10:34:27",844100
27900,-100,100,"sd","10:34:27",844000
27900,-100,100,"sd","10:33:55",843900
27900,-100,500,"sd","10:33:55",843800
27900,-100,400,"sd","10:33:55",843300
27900,-100,100,"sd","10:33:51",842900
27900,-100,1000,"sd","10:33:51",842800
27900,-100,500,"sd","10:33:51",841800
27900,-100,100,"sd","10:33:51",841300
27900,-100,200,"sd","10:33:51",841200
27900,-100,100,"sd","10:33:51",841000
27950,-50,500,"bu","10:33:23",840900
27950,-50,1000,"bu","10:33:15",840400
27950,-50,400,"bu","10:32:50",839400
27950,-50,100,"bu","10:32:09",839000
27950,-50,100,"bu","10:32:03",838900
27950,-50,500,"bu","10:31:32",838800
27950,-50,1000,"bu","10:30:45",838300
27900,-100,900,"sd","10:30:38",837300
27900,-100,100,"sd","10:30:38",836400
27900,-100,100,"sd","10:30:03",836300
27900,-100,1000,"sd","10:30:03",836200
27950,-50,2000,"bu","10:29:58",835200
27950,-50,2700,"bu","10:29:43",833200
27900,-100,100,"sd","10:29:39",830500
27950,-50,3000,"bu","10:28:51",830400
27950,-50,3000,"bu","10:28:44",827400
27950,-50,7300,"bu","10:28:39",824400
27950,-50,500,"bu","10:27:12",817100
27950,-50,1000,"bu","10:26:39",816600
27950,-50,300,"bu","10:26:20",815600
27950,-50,1000,"bu","10:26:19",815300
27950,-50,2000,"sd","10:26:05",814300
27950,-50,2000,"sd","10:26:05",812300
27950,-50,1000,"sd","10:26:05",810300
27950,-50,200,"sd","10:26:05",809300
27950,-50,100,"sd","10:26:05",809100
27950,-50,400,"sd","10:26:05",809000
27950,-50,200,"sd","10:26:05",808600
27950,-50,500,"sd","10:26:05",808400
27950,-50,2000,"sd","10:26:05",807900
27950,-50,4100,"sd","10:26:05",805900
28000,0,600,"bu","10:24:46",801800
28000,0,200,"bu","10:24:46",801200
28000,0,1000,"bu","10:24:46",801000
28000,0,200,"bu","10:24:46",800000
27950,-50,1000,"sd","10:24:43",799800
27950,-50,1000,"sd","10:24:03",798800
27950,-50,200,"sd","10:24:01",797800
27950,-50,2000,"sd","10:23:52",797600
27950,-50,1000,"sd","10:23:22",795600
27950,-50,700,"bu","10:23:05",794600
27950,-50,100,"sd","10:22:43",793900
27950,-50,200,"sd","10:22:43",793800
27950,-50,300,"sd","10:22:32",793600
27950,-50,500,"bu","10:22:15",793300
27950,-50,1000,"sd","10:22:10",792800
27950,-50,100,"sd","10:22:10",791800
27950,-50,200,"sd","10:22:10",791700
27950,-50,100,"sd","10:22:10",791500
27950,-50,400,"sd","10:22:10",791400
27950,-50,200,"sd","10:22:10",791000
27950,-50,500,"sd","10:22:10",790800
27950,-50,200,"sd","10:22:07",790300
27950,-50,200,"sd","10:22:06",790100
27950,-50,600,"sd","10:22:03",789900
27950,-50,400,"sd","10:22:03",789300
27950,-50,100,"sd","10:21:59",788900
27950,-50,900,"sd","10:21:59",788800
27950,-50,1000,"sd","10:21:25",787900
27950,-50,100,"sd","10:20:44",786900
27950,-50,900,"sd","10:20:44",786800
27950,-50,100,"sd","10:20:44",785900
27950,-50,1400,"sd","10:20:44",785800
27950,-50,600,"sd","10:20:41",784400
27950,-50,700,"sd","10:20:41",783800
27950,-50,700,"sd","10:20:41",783100
27950,-50,1000,"sd","10:20:06",782400
27950,-50,1000,"sd","10:19:25",781400
27950,-50,1000,"sd","10:18:46",780400
27950,-50,1000,"sd","10:18:07",779400
27950,-50,200,"sd","10:17:29",778400
27950,-50,100,"sd","10:17:26",778200
27950,-50,900,"sd","10:17:26",778100
27950,-50,1000,"sd","10:16:47",777200
27950,-50,100,"sd","10:16:07",776200
27950,-50,200,"sd","10:16:07",776100
27950,-50,700,"sd","10:16:07",775900
27950,-50,200,"sd","10:16:03",775200
27950,-50,100,"sd","10:15:50",775000
27950,-50,500,"sd","10:15:50",774900
27950,-50,100,"sd","10:15:50",774400
27950,-50,900,"sd","10:15:29",774300
27950,-50,100,"sd","10:15:29",773400
27950,-50,200,"sd","10:15:12",773300
27950,-50,100,"sd","10:15:12",773100
27950,-50,500,"sd","10:15:12",773000
27950,-50,5000,"sd","10:15:12",772500
27950,-50,5000,"sd","10:15:12",767500
27950,-50,10000,"sd","10:15:12",762500
27950,-50,10000,"sd","10:15:12",752500
27950,-50,9200,"sd","10:15:12",742500
28000,0,1000,"bu","10:14:03",733300
28000,0,200,"bu","10:13:25",732300
28000,0,100,"bu","10:13:14",732100
28000,0,100,"bu","10:13:14",732000
27950,-50,800,"sd","10:12:50",731900
27950,-50,200,"sd","10:12:50",731100
27950,-50,100,"sd","10:12:34",730900
27950,-50,900,"sd","10:12:34",730800
28000,0,1000,"bu","10:09:53",729900
28000,0,200,"bu","10:09:53",728900
28000,0,300,"bu","10:09:53",728700
28000,0,300,"bu","10:09:53",728400
28000,0,200,"bu","10:09:53",728100
28000,0,100,"bu","10:09:53",727900
28000,0,500,"bu","10:09:53",727800
28000,0,400,"bu","10:09:53",727300
28000,0,2800,"bu","10:09:53",726900
28000,0,300,"bu","10:09:53",724100
28000,0,200,"bu","10:09:53",723800
28000,0,300,"bu","10:09:53",723600
28000,0,400,"bu","10:09:53",723300
28000,0,300,"bu","10:09:53",722900
28000,0,600,"bu","10:09:53",722600
28000,0,300,"bu","10:09:53",722000
28000,0,700,"bu","10:09:53",721700
28000,0,100,"bu","10:09:53",721000
28000,0,300,"bu","10:09:53",720900
28000,0,600,"bu","10:09:53",720600
28000,0,500,"bu","10:09:53",720000
28000,0,300,"bu","10:09:53",719500
28000,0,200,"bu","10:09:53",719200
28000,0,900,"bu","10:09:53",719000
28000,0,1500,"bu","10:09:53",718100
28000,0,100,"bu","10:09:53",716600
28000,0,1000,"bu","10:09:53",716500
28000,0,500,"bu","10:09:53",715500
28000,0,500,"bu","10:09:53",715000
28000,0,300,"bu","10:09:53",714500
28000,0,1500,"bu","10:09:53",714200
28000,0,2000,"bu","10:09:53",712700
28000,0,1400,"bu","10:09:53",710700
28000,0,5000,"bu","10:09:53",709300
28000,0,1000,"bu","10:09:53",704300
28000,0,700,"bu","10:09:53",703300
28000,0,100,"bu","10:09:48",702600
28000,0,300,"bu","10:09:42",702500
28000,0,500,"bu","10:09:30",702200
27950,-50,100,"sd","10:09:25",701700
27950,-50,200,"sd","10:09:02",701600
27950,-50,1000,"sd","10:08:52",701400
27950,-50,1000,"sd","10:08:12",700400
27950,-50,1000,"sd","10:07:33",699400
27950,-50,800,"sd","10:06:56",698400
27950,-50,100,"sd","10:06:56",697600
27950,-50,100,"sd","10:06:56",697500
27950,-50,100,"sd","10:06:56",697400
27950,-50,100,"sd","10:06:56",697300
27950,-50,800,"sd","10:06:56",697200
27950,-50,1000,"sd","10:06:53",696400
27950,-50,500,"sd","10:06:17",695400
27950,-50,1000,"sd","10:06:14",694900
27950,-50,100,"sd","10:05:39",693900
27950,-50,1000,"sd","10:05:34",693800
27950,-50,600,"sd","10:04:56",692800
27950,-50,400,"sd","10:04:56",692200
27950,-50,600,"sd","10:04:16",691800
27950,-50,200,"sd","10:04:16",691200
27950,-50,200,"sd","10:04:16",691000
27950,-50,800,"sd","10:03:37",690800
27950,-50,200,"sd","10:03:36",690000
27950,-50,500,"sd","10:03:29",689800
27950,-50,500,"sd","10:03:29",689300
27950,-50,1000,"sd","10:02:56",688800
27950,-50,1000,"sd","10:02:16",687800
27950,-50,2500,"sd","10:01:40",686800
27950,-50,20000,"sd","10:01:40",684300
27950,-50,500,"sd","10:01:40",664300
27950,-50,100,"sd","10:01:40",663800
27950,-50,200,"sd","10:01:40",663700
27950,-50,100,"sd","10:01:40",663500
27950,-50,500,"sd","10:01:40",663400
27950,-50,200,"sd","10:01:40",662900
27950,-50,500,"sd","10:01:40",662700
27950,-50,500,"sd","10:01:40",662200
27950,-50,500,"sd","10:01:40",661700
27950,-50,6000,"sd","10:01:40",661200
27950,-50,5000,"sd","10:01:40",655200
27950,-50,100,"sd","10:01:40",650200
27950,-50,300,"sd","10:01:40",650100
27950,-50,18800,"sd","10:01:40",649800
27950,-50,1000,"sd","10:01:37",631000
27950,-50,200,"sd","10:00:57",630000
27950,-50,800,"sd","10:00:57",629800
27950,-50,200,"sd","10:00:45",629000
28000,0,1000,"bu","09:59:44",628800
28000,0,100,"bu","09:59:44",627800
28000,0,100,"bu","09:59:44",627700
28000,0,100,"bu","09:59:30",627600
28000,0,400,"sd","09:59:03",627500
28000,0,300,"sd","09:59:03",627100
28000,0,500,"sd","09:59:03",626800
28000,0,100,"sd","09:59:03",626300
28000,0,1000,"sd","09:59:03",626200
28000,0,2000,"sd","09:59:03",625200
28000,0,200,"sd","09:59:03",623200
28000,0,4900,"sd","09:59:03",623000
28000,0,100,"sd","09:59:03",618100
28000,0,300,"sd","09:59:03",618000
28000,0,1000,"sd","09:58:59",617700
28000,0,100,"sd","09:58:26",616700
28050,50,100,"bu","09:58:03",616600
28000,0,1000,"sd","09:58:03",616500
28000,0,1000,"sd","09:57:39",615500
28000,0,300,"sd","09:57:31",614500
28000,0,100,"sd","09:57:26",614200
28000,0,1000,"sd","09:57:01",614100
28000,0,200,"sd","09:56:39",613100
28000,0,5300,"sd","09:56:38",612900
28050,50,200,"bu","09:56:31",607600
28000,0,4700,"sd","09:56:30",607400
28000,0,1000,"sd","09:56:30",602700
28000,0,1000,"sd","09:56:30",601700
28000,0,500,"sd","09:56:30",600700
28000,0,2800,"sd","09:56:30",600200
28000,0,1000,"sd","09:56:21",597400
28000,0,200,"sd","09:56:00",596400
28000,0,1000,"sd","09:56:00",596200
28000,0,100,"sd","09:56:00",595200
28000,0,900,"sd","09:56:00",595100
28000,0,1000,"sd","09:55:51",594200
28000,0,1000,"sd","09:55:41",593200
28000,0,1000,"sd","09:55:10",592200
28000,0,1000,"sd","09:55:07",591200
28000,0,1000,"sd","09:55:02",590200
28000,0,300,"sd","09:54:58",589200
28000,0,1000,"sd","09:54:22",588900
28000,0,1000,"sd","09:53:43",587900
28000,0,11800,"sd","09:53:26",586900
28000,0,8200,"sd","09:53:26",575100
28000,0,1800,"sd","09:53:15",566900
28000,0,200,"sd","09:53:15",565100
28000,0,1000,"sd","09:53:03",564900
28000,0,800,"sd","09:52:23",563900
28000,0,100,"sd","09:52:23",563100
28000,0,100,"sd","09:52:23",563000
28000,0,900,"sd","09:52:03",562900
28000,0,5000,"sd","09:52:03",562000
28000,0,20000,"sd","09:52:03",557000
28000,0,100,"sd","09:52:03",537000
28000,0,200,"sd","09:52:03",536900
28000,0,200,"sd","09:52:03",536700
28000,0,3600,"sd","09:52:03",536500
28000,0,300,"sd","09:52:03",532900
28000,0,400,"sd","09:52:03",532600
28000,0,300,"sd","09:52:03",532200
28000,0,300,"sd","09:52:03",531900
28000,0,400,"sd","09:52:03",531600
28000,0,3200,"sd","09:52:03",531200
28000,0,400,"sd","09:52:03",528000
28000,0,400,"sd","09:52:03",527600
28000,0,500,"sd","09:52:03",527200
28000,0,100,"sd","09:52:03",526700
28000,0,400,"sd","09:52:03",526600
28000,0,400,"sd","09:52:03",526200
28000,0,300,"sd","09:52:03",525800
28000,0,300,"sd","09:52:02",525500
28000,0,600,"sd","09:52:02",525200
28000,0,700,"sd","09:52:02",524600
28000,0,200,"sd","09:52:02",523900
28000,0,600,"sd","09:52:02",523700
28000,0,500,"sd","09:52:02",523100
28000,0,300,"sd","09:52:02",522600
28000,0,300,"sd","09:52:02",522300
28000,0,400,"sd","09:51:59",522000
28000,0,2000,"sd","09:51:46",521600
28050,50,200,"bu","09:51:43",519600
28000,0,1000,"sd","09:51:05",519400
28000,0,500,"sd","09:50:35",518400
28000,0,1000,"sd","09:50:24",517900
28000,0,1600,"sd","09:50:03",516900
28000,0,600,"sd","09:49:47",515300
28000,0,1000,"sd","09:49:46",514700
28000,0,500,"sd","09:49:21",513700
28050,50,200,"bu","09:49:19",513200
28000,0,1000,"sd","09:49:05",513000
28000,0,100,"sd","09:48:54",512000
28000,0,1000,"sd","09:48:26",511900
28000,0,1000,"sd","09:47:52",510900
28000,0,1000,"sd","09:47:47",509900
28000,0,1000,"sd","09:47:07",508900
28000,0,1000,"sd","09:46:28",507900
28000,0,3900,"sd","09:46:26",506900
28000,0,300,"sd","09:46:09",503000
28000,0,1000,"sd","09:45:47",502700
28000,0,1000,"bu","09:45:14",501700
28000,0,100,"bu","09:45:14",500700
28000,0,300,"bu","09:45:14",500600
28000,0,500,"bu","09:45:14",500300
28000,0,100,"bu","09:44:53",499800
28000,0,100,"sd","09:44:29",499700
28000,0,300,"sd","09:44:28",499600
28000,0,200,"sd","09:44:04",499300
28000,0,800,"sd","09:44:04",499100
28000,0,200,"sd","09:43:59",498300
28000,0,1000,"sd","09:43:59",498100
28000,0,100,"sd","09:43:59",497100
28000,0,800,"sd","09:43:59",497000
28000,0,200,"sd","09:43:49",496200
28000,0,800,"sd","09:43:49",496000
28000,0,500,"sd","09:43:33",495200
28000,0,400,"sd","09:43:22",494700
28000,0,1000,"sd","09:43:14",494300
28000,0,1000,"sd","09:43:11",493300
28000,0,1000,"sd","09:43:10",492300
28000,0,11000,"bu","09:43:02",491300
28000,0,1000,"bu","09:43:02",480300
28000,0,3300,"bu","09:43:02",479300
28000,0,600,"bu","09:42:39",476000
28000,0,100,"sd","09:42:31",475400
28000,0,500,"sd","09:42:31",475300
28000,0,400,"sd","09:42:31",474800
28000,0,700,"bu","09:42:08",474400
28000,0,200,"sd","09:41:50",473700
28000,0,100,"sd","09:41:50",473500
28000,0,100,"sd","09:41:39",473400
28000,0,500,"sd","09:41:25",473300
28000,0,200,"sd","09:41:02",472800
28000,0,300,"sd","09:41:02",472600
28000,0,700,"bu","09:40:53",472300
28000,0,100,"bu","09:40:52",471600
28000,0,1600,"bu","09:40:44",471500
28000,0,700,"bu","09:40:44",469900
28000,0,100,"bu","09:40:39",469200
28000,0,200,"sd","09:40:38",469100
28000,0,100,"bu","09:40:36",468900
28000,0,300,"bu","09:40:36",468800
28000,0,400,"bu","09:40:36",468500
28000,0,4600,"bu","09:40:24",468100
28000,0,500,"bu","09:40:24",463500
28000,0,800,"bu","09:40:24",463000
28000,0,1000,"bu","09:40:24",462200
28000,0,300,"bu","09:40:24",461200
28000,0,1300,"bu","09:40:24",460900
28000,0,11500,"bu","09:40:24",459600
28000,0,2000,"bu","09:39:58",448100
28000,0,2000,"bu","09:39:44",446100
28000,0,200,"bu","09:38:50",444100
28000,0,800,"bu","09:38:50",443900
28000,0,100,"bu","09:37:54",443100
28000,0,100,"bu","09:37:54",443000
28000,0,2000,"bu","09:37:54",442900
28000,0,500,"bu","09:37:54",440900
28000,0,300,"bu","09:37:54",440400
28000,0,200,"bu","09:37:54",440100
28000,0,400,"bu","09:37:54",439900
28000,0,200,"bu","09:37:54",439500
28000,0,600,"bu","09:37:54",439300
28000,0,400,"bu","09:37:54",438700
28000,0,300,"bu","09:37:54",438300
28000,0,3000,"bu","09:37:54",438000
28000,0,300,"bu","09:37:54",435000
28000,0,400,"bu","09:37:54",434700
28000,0,300,"bu","09:37:54",434300
28000,0,200,"bu","09:37:54",434000
28000,0,200,"bu","09:37:54",433800
27950,-50,3100,"sd","09:37:51",433600
27950,-50,300,"sd","09:37:51",430500
27950,-50,100,"sd","09:37:51",430200
27950,-50,100,"sd","09:37:51",430100
27950,-50,100,"sd","09:37:51",430000
27950,-50,200,"sd","09:37:51",429900
27950,-50,1400,"sd","09:37:17",429700
27950,-50,1000,"sd","09:36:35",428300
28000,0,500,"bu","09:36:21",427300
28000,0,200,"bu","09:36:21",426800
28000,0,100,"bu","09:36:14",426600
28000,0,400,"bu","09:36:11",426500
28000,0,100,"bu","09:36:10",426100
28000,0,200,"bu","09:36:10",426000
28000,0,300,"bu","09:36:10",425800
28000,0,600,"bu","09:36:10",425500
28000,0,500,"bu","09:36:10",424900
28000,0,300,"bu","09:36:10",424400
28000,0,300,"bu","09:36:10",424100
28000,0,2000,"bu","09:36:10",423800
28000,0,800,"bu","09:36:10",421800
28000,0,200,"bu","09:35:58",421000
28000,0,100,"bu","09:35:58",420800
27950,-50,900,"sd","09:35:53",420700
28000,0,4800,"bu","09:34:49",419800
28000,0,900,"bu","09:34:11",415000
27950,-50,900,"sd","09:32:41",414100
27950,-50,500,"sd","09:32:24",413200
27950,-50,100,"bu","09:32:06",412700
27900,-100,3700,"sd","09:32:01",412600
27900,-100,300,"sd","09:32:01",408900
27950,-50,100,"bu","09:31:52",408600
27950,-50,800,"bu","09:31:47",408500
27950,-50,1300,"bu","09:31:47",407700
27950,-50,2900,"bu","09:31:47",406400
27950,-50,300,"bu","09:31:42",403500
27950,-50,5000,"bu","09:31:06",403200
27950,-50,100,"bu","09:30:45",398200
27950,-50,100,"bu","09:30:30",398100
27950,-50,300,"bu","09:30:26",398000
27950,-50,2000,"sd","09:30:02",397700
27950,-50,10000,"sd","09:30:02",395700
27950,-50,1000,"sd","09:30:02",385700
27950,-50,100,"sd","09:30:02",384700
27950,-50,20000,"sd","09:30:02",384600
27950,-50,100,"sd","09:30:02",364600
27950,-50,3000,"sd","09:30:02",364500
27950,-50,100,"sd","09:30:02",361500
27950,-50,5000,"sd","09:30:02",361400
27950,-50,3000,"sd","09:30:02",356400
27950,-50,10000,"sd","09:30:02",353400
27950,-50,500,"sd","09:30:02",343400
27950,-50,200,"sd","09:30:02",342900
27950,-50,2000,"sd","09:30:02",342700
27950,-50,20000,"sd","09:30:02",340700
27950,-50,100,"sd","09:30:02",320700
27950,-50,300,"sd","09:30:02",320600
27950,-50,300,"sd","09:30:02",320300
27950,-50,10500,"sd","09:30:02",320000
27950,-50,1000,"sd","09:30:02",309500
27950,-50,1000,"sd","09:30:02",308500
27950,-50,500,"sd","09:30:02",307500
27950,-50,100,"sd","09:30:02",307000
27950,-50,500,"sd","09:30:02",306900
27950,-50,300,"sd","09:29:33",306400
27950,-50,2000,"sd","09:29:33",306100
27950,-50,200,"sd","09:29:33",304100
27950,-50,500,"sd","09:29:33",303900
27950,-50,600,"sd","09:29:33",303400
28000,0,2000,"bu","09:29:28",302800
28000,0,500,"bu","09:29:26",300800
28000,0,200,"bu","09:29:25",300300
28000,0,100,"bu","09:29:11",300100
28000,0,100,"sd","09:29:05",300000
28000,0,700,"sd","09:29:05",299900
28000,0,600,"sd","09:29:05",299200
28000,0,100,"bu","09:28:27",298600
28000,0,1000,"sd","09:28:19",298500
28000,0,400,"sd","09:28:19",297500
28000,0,400,"sd","09:28:19",297100
28050,50,1200,"bu","09:28:19",296700
28000,0,100,"sd","09:28:16",295500
28000,0,11400,"sd","09:28:13",295400
28000,0,200,"sd","09:28:13",284000
28000,0,3000,"sd","09:28:13",283800
28000,0,5000,"sd","09:28:13",280800
28000,0,5000,"sd","09:28:13",275800
28000,0,500,"sd","09:28:13",270800
28000,0,5000,"sd","09:28:13",270300
28000,0,1000,"sd","09:28:13",265300
28000,0,1000,"sd","09:28:13",264300
28000,0,2000,"sd","09:28:13",263300
28000,0,200,"sd","09:28:13",261300
28000,0,1000,"sd","09:28:13",261100
28000,0,600,"sd","09:28:13",260100
28000,0,1500,"sd","09:28:13",259500
28000,0,1000,"sd","09:28:13",258000
28000,0,500,"sd","09:28:13",257000
28000,0,50000,"sd","09:28:13",256500
28000,0,700,"sd","09:28:13",206500
28000,0,200,"sd","09:28:13",205800
28000,0,200,"sd","09:28:13",205600
28000,0,300,"sd","09:28:13",205400
28000,0,9700,"sd","09:28:12",205100
28000,0,300,"sd","09:28:06",195400
28000,0,600,"sd","09:28:06",195100
28050,50,6500,"bu","09:27:57",194500
28050,50,500,"bu","09:27:56",188000
28000,0,400,"sd","09:27:39",187500
28000,0,1000,"sd","09:27:39",187100
28000,0,100,"sd","09:27:39",186100
28000,0,1000,"sd","09:27:39",186000
28000,0,300,"sd","09:27:39",185000
28000,0,800,"sd","09:27:39",184700
28050,50,2000,"bu","09:27:27",183900
28050,50,100,"sd","09:27:26",181900
28050,50,5000,"sd","09:27:26",181800
28050,50,100,"sd","09:27:26",176800
28050,50,4800,"sd","09:27:26",176700
28050,50,3800,"sd","09:27:26",171900
28050,50,5700,"sd","09:27:18",168100
28050,50,3900,"sd","09:27:16",162400
28050,50,2000,"sd","09:27:02",158500
28100,100,300,"bu","09:26:30",156500
28100,100,1700,"bu","09:26:30",156200
28050,50,500,"bu","09:26:15",154500
28050,50,1000,"bu","09:26:15",154000
28050,50,200,"bu","09:26:15",153000
28050,50,500,"bu","09:26:15",152800
28050,50,200,"bu","09:26:15",152300
28050,50,2200,"bu","09:26:15",152100
28050,50,1000,"bu","09:26:03",149900
28050,50,200,"bu","09:25:40",148900
28050,50,2000,"bu","09:25:26",148700
28050,50,2000,"bu","09:24:56",146700
28000,0,3600,"sd","09:24:34",144700
28050,50,1300,"bu","09:24:33",141100
28050,50,1300,"bu","09:24:29",139800
28050,50,100,"bu","09:24:29",138500
28050,50,300,"bu","09:24:29",138400
28050,50,100,"bu","09:24:29",138100
28050,50,100,"bu","09:23:34",138000
28050,50,100,"bu","09:23:21",137900
28000,0,500,"sd","09:23:21",137800
28000,0,5000,"sd","09:22:54",137300
28000,0,500,"sd","09:22:53",132300
28050,50,1000,"sd","09:22:53",131800
28050,50,100,"sd","09:22:53",130800
28050,50,300,"sd","09:22:53",130700
28050,50,5000,"sd","09:22:53",130400
28050,50,300,"sd","09:22:53",125400
28050,50,100,"sd","09:22:47",125100
28050,50,100,"sd","09:22:39",125000
28000,0,500,"sd","09:22:15",124900
28050,50,3100,"sd","09:22:15",124400
28050,50,1000,"bu","09:22:12",121300
28050,50,900,"bu","09:22:12",120300
28050,50,1000,"bu","09:22:08",119400
28050,50,100,"bu","09:22:04",118400
28050,50,100,"bu","09:21:58",118300
28050,50,1000,"sd","09:21:43",118200
28050,50,2100,"sd","09:21:43",117200
28050,50,300,"sd","09:21:41",115100
28050,50,2000,"sd","09:21:31",114800
28050,50,500,"sd","09:21:31",112800
28050,50,500,"sd","09:21:31",112300
28050,50,100,"sd","09:21:29",111800
28050,50,100,"sd","09:21:23",111700
28050,50,100,"bu","09:21:22",111600
28050,50,300,"bu","09:21:22",111500
28050,50,2000,"bu","09:21:22",111200
28050,50,1000,"bu","09:21:22",109200
28050,50,900,"bu","09:21:22",108200
28050,50,100,"bu","09:21:22",107300
28050,50,100,"bu","09:21:22",107200
28000,0,1000,"sd","09:21:11",107100
28000,0,1000,"sd","09:20:43",106100
28000,0,1700,"sd","09:20:20",105100
28000,0,3900,"sd","09:20:20",103400
28000,0,100,"bu","09:20:14",99500
28000,0,1000,"bu","09:20:14",99400
28000,0,2000,"bu","09:20:14",98400
28000,0,300,"bu","09:20:14",96400
28000,0,1200,"bu","09:20:14",96100
28000,0,2000,"bu","09:20:14",94900
28000,0,1500,"bu","09:20:14",92900
28000,0,1000,"bu","09:20:14",91400
28000,0,2000,"bu","09:20:14",90400
28000,0,900,"bu","09:20:14",88400
28000,0,49500,"bu","09:20:14",87500
27950,-50,400,"sd","09:20:14",38000
27950,-50,800,"sd","09:20:14",37600
27950,-50,700,"sd","09:19:54",36800
27950,-50,1200,"sd","09:18:11",36100
27950,-50,200,"sd","09:18:11",34900
27950,-50,100,"sd","09:18:11",34700
28000,0,500,"bu","09:17:26",34600
28000,0,1000,"bu","09:17:26",34100
28000,0,500,"bu","09:17:26",33100
28000,0,100,"bu","09:17:19",32600
28000,0,500,"bu","09:17:19",32500
28000,0,100,"bu","09:17:19",32000
28000,0,1300,"bu","09:17:19",31900
28000,0,100,"bu","09:16:53",30600
28000,0,700,"bu","09:15:01",30500
28000,0,400,"bu","09:15:01",29800
28000,0,900,"bu","09:15:01",29400
28000,0,100,"bu","09:15:01",28500
28000,0,28400,"unknown","09:15:00",28400
