"price","change","match_qtty","side","time","total_vol"
19600,-400,354300,"unknown","14:44:59",4293700
19650,-350,900,"bu","14:29:47",3939400
19650,-350,100,"bu","14:29:47",3938500
19650,-350,5900,"bu","14:29:42",3938400
19650,-350,4100,"bu","14:29:42",3932500
19650,-350,1000,"bu","14:29:36",3928400
19650,-350,1000,"bu","14:29:33",3927400
19650,-350,100,"bu","14:29:29",3926400
19650,-350,1000,"bu","14:29:28",3926300
19650,-350,800,"bu","14:29:16",3925300
19650,-350,2000,"bu","14:29:16",3924500
19650,-350,200,"bu","14:29:16",3922500
19650,-350,100,"bu","14:29:16",3922300
19650,-350,2400,"bu","14:29:16",3922200
19650,-350,500,"bu","14:29:16",3919800
19650,-350,4000,"bu","14:29:16",3919300
19600,-400,300,"sd","14:29:13",3915300
19600,-400,500,"sd","14:28:54",3915000
19650,-350,1000,"bu","14:28:27",3914500
19650,-350,4000,"bu","14:28:27",3913500
19600,-400,200,"sd","14:28:25",3909500
19600,-400,100,"sd","14:28:13",3909300
19600,-400,100,"sd","14:27:54",3909200
19600,-400,200,"sd","14:27:48",3909100
19600,-400,4000,"bu","14:27:31",3908900
19600,-400,100,"bu","14:27:31",3904900
19600,-400,33900,"bu","14:27:31",3904800
19600,-400,200,"bu","14:27:20",3870900
19600,-400,1000,"sd","14:27:02",3870700
19600,-400,100,"sd","14:27:02",3869700
19600,-400,1400,"sd","14:27:02",3869600
19600,-400,7000,"sd","14:27:02",3868200
19600,-400,1000,"sd","14:27:02",3861200
19600,-400,2000,"sd","14:27:02",3860200
19600,-400,1000,"sd","14:27:02",3858200
19600,-400,1000,"sd","14:27:02",3857200
19600,-400,200,"sd","14:27:02",3856200
19600,-400,1200,"sd","14:27:02",3856000
19600,-400,3800,"sd","14:26:35",3854800
19600,-400,100,"sd","14:26:35",3851000
19600,-400,100,"sd","14:26:35",3850900
19600,-400,1800,"sd","14:26:35",3850800
19600,-400,500,"sd","14:26:35",3849000
19600,-400,3200,"sd","14:26:35",3848500
19600,-400,5000,"sd","14:26:35",3845300
19600,-400,2000,"sd","14:26:35",3840300
19600,-400,200,"sd","14:26:35",3838300
19600,-400,3300,"sd","14:26:35",3838100
19600,-400,25000,"sd","14:26:30",3834800
19600,-400,1500,"sd","14:26:07",3809800
19600,-400,10000,"sd","14:25:45",3808300
19600,-400,13000,"sd","14:25:32",3798300
19600,-400,100,"sd","14:25:32",3785300
19600,-400,500,"sd","14:25:32",3785200
19600,-400,1000,"sd","14:25:32",3784700
19600,-400,2000,"sd","14:25:32",3783700
19600,-400,1000,"sd","14:25:32",3781700
19600,-400,15000,"sd","14:25:32",3780700
19600,-400,7400,"sd","14:25:32",3765700
19600,-400,1000,"sd","14:25:21",3758300
19600,-400,11600,"sd","14:25:18",3757300
19600,-400,500,"sd","14:25:18",3745700
19600,-400,10000,"sd","14:25:18",3745200
19600,-400,500,"sd","14:25:18",3735200
19600,-400,1000,"sd","14:25:18",3734700
19600,-400,76400,"sd","14:25:18",3733700
19600,-400,22400,"sd","14:25:16",3657300
19650,-350,500,"sd","14:25:16",3634900
19650,-350,500,"sd","14:25:16",3634400
19650,-350,100,"sd","14:25:16",3633900
19650,-350,1000,"sd","14:25:16",3633800
19650,-350,500,"sd","14:25:16",3632800
19650,-350,300,"sd","14:24:48",3632300
19650,-350,300,"sd","14:24:48",3632000
19650,-350,6000,"sd","14:24:47",3631700
19650,-350,7700,"sd","14:24:38",3625700
19650,-350,2300,"sd","14:24:38",3618000
19650,-350,10000,"sd","14:24:30",3615700
19650,-350,1700,"sd","14:24:24",3605700
19650,-350,3000,"sd","14:24:24",3604000
19650,-350,300,"sd","14:24:24",3601000
19700,-300,100,"bu","14:24:01",3600700
19650,-350,100,"sd","14:23:59",3600600
19650,-350,100,"sd","14:23:25",3600500
19650,-350,600,"sd","14:23:25",3600400
19650,-350,100,"sd","14:23:24",3599800
19650,-350,100,"sd","14:23:04",3599700
19650,-350,200,"sd","14:22:37",3599600
19650,-350,100,"sd","14:22:32",3599400
19650,-350,1000,"sd","14:22:22",3599300
19700,-300,100,"bu","14:22:20",3598300
19650,-350,800,"sd","14:22:07",3598200
19650,-350,700,"sd","14:21:55",3597400
19650,-350,9300,"sd","14:21:55",3596700
19650,-350,4700,"sd","14:21:54",3587400
19650,-350,100,"sd","14:21:54",3582700
19650,-350,200,"sd","14:21:54",3582600
19650,-350,1000,"sd","14:21:19",3582400
19650,-350,3000,"sd","14:21:19",3581400
19650,-350,1000,"sd","14:21:19",3578400
19700,-300,10100,"bu","14:20:57",3577400
19700,-300,500,"bu","14:20:57",3567300
19700,-300,10000,"bu","14:20:57",3566800
19700,-300,500,"bu","14:20:57",3556800
19700,-300,2200,"bu","14:20:57",3556300
19700,-300,5000,"bu","14:20:57",3554100
19700,-300,17000,"bu","14:20:57",3549100
19700,-300,4000,"bu","14:20:57",3532100
19700,-300,3000,"bu","14:20:57",3528100
19700,-300,10000,"bu","14:20:57",3525100
19700,-300,1000,"bu","14:20:57",3515100
19700,-300,13000,"bu","14:20:57",3514100
19650,-350,1500,"bu","14:20:57",3501100
19650,-350,5000,"bu","14:20:57",3499600
19650,-350,500,"bu","14:20:57",3494600
19650,-350,2000,"bu","14:20:57",3494100
19650,-350,100,"bu","14:20:57",3492100
19650,-350,100,"bu","14:20:57",3492000
19650,-350,100,"bu","14:20:57",3491900
19650,-350,400,"bu","14:20:57",3491800
19650,-350,1000,"bu","14:20:57",3491400
19650,-350,3000,"bu","14:20:57",3490400
19650,-350,2000,"bu","14:20:57",3487400
19650,-350,8000,"bu","14:20:57",3485400
19600,-400,100,"sd","14:20:56",3477400
19650,-350,2000,"bu","14:20:28",3477300
19600,-400,1000,"sd","14:20:22",3475300
19600,-400,100,"sd","14:20:14",3474300
19600,-400,200,"sd","14:20:14",3474200
19600,-400,100,"sd","14:20:14",3474000
19600,-400,200,"sd","14:20:14",3473900
19600,-400,100,"sd","14:20:14",3473700
19600,-400,100,"sd","14:20:03",3473600
19650,-350,1000,"bu","14:20:01",3473500
19650,-350,1000,"bu","14:19:59",3472500
19650,-350,100,"bu","14:19:57",3471500
19650,-350,1000,"bu","14:19:53",3471400
19650,-350,300,"bu","14:19:36",3470400
19650,-350,300,"bu","14:19:18",3470100
19650,-350,500,"bu","14:19:17",3469800
19650,-350,200,"bu","14:19:13",3469300
19650,-350,800,"bu","14:19:12",3469100
19650,-350,500,"bu","14:19:06",3468300
19650,-350,15000,"bu","14:18:56",3467800
19650,-350,5400,"bu","14:18:51",3452800
19650,-350,13900,"bu","14:18:45",3447400
19650,-350,3100,"bu","14:18:45",3433500
19650,-350,200,"bu","14:18:39",3430400
19650,-350,600,"bu","14:18:16",3430200
19650,-350,100,"bu","14:17:56",3429600
19600,-400,1800,"sd","14:17:48",3429500
19600,-400,100,"sd","14:17:48",3427700
19600,-400,200,"sd","14:17:44",3427600
19600,-400,2200,"sd","14:17:44",3427400
19600,-400,200,"sd","14:17:44",3425200
19600,-400,300,"sd","14:17:44",3425000
19600,-400,1100,"sd","14:17:44",3424700
19650,-350,1900,"bu","14:17:36",3423600
19600,-400,6000,"sd","14:17:34",3421700
19600,-400,2000,"sd","14:17:27",3415700
19600,-400,3000,"sd","14:17:23",3413700
19650,-350,900,"bu","14:17:16",3410700
19600,-400,2900,"sd","14:17:12",3409800
19600,-400,1000,"sd","14:17:12",3406900
19600,-400,2000,"sd","14:17:12",3405900
19600,-400,1000,"sd","14:17:12",3403900
19600,-400,400,"sd","14:17:12",3402900
19600,-400,7700,"sd","14:17:12",3402500
19650,-350,100,"bu","14:16:56",3394800
19600,-400,2300,"sd","14:16:56",3394700
19600,-400,100,"sd","14:16:56",3392400
19600,-400,500,"sd","14:16:56",3392300
19600,-400,300,"sd","14:16:56",3391800
19600,-400,300,"sd","14:16:56",3391500
19600,-400,400,"sd","14:16:42",3391200
19600,-400,9300,"sd","14:16:35",3390800
19600,-400,300,"sd","14:16:35",3381500
19600,-400,200,"sd","14:16:35",3381200
19600,-400,200,"sd","14:16:35",3381000
19600,-400,400,"sd","14:16:35",3380800
19600,-400,1000,"sd","14:16:35",3380400
19600,-400,1000,"sd","14:16:35",3379400
19600,-400,100,"sd","14:16:35",3378400
19600,-400,100,"sd","14:16:35",3378300
19600,-400,500,"sd","14:16:35",3378200
19600,-400,5000,"sd","14:16:35",3377700
19600,-400,9700,"sd","14:16:35",3372700
19600,-400,2000,"sd","14:16:35",3363000
19600,-400,200,"sd","14:16:31",3361000
19600,-400,5000,"sd","14:16:27",3360800
19600,-400,900,"sd","14:16:13",3355800
19600,-400,100,"sd","14:16:08",3354900
19600,-400,3000,"sd","14:16:08",3354800
19600,-400,100,"sd","14:16:08",3351800
19600,-400,1500,"sd","14:16:08",3351700
19600,-400,22200,"sd","14:16:08",3350200
19600,-400,1500,"sd","14:16:08",3328000
19600,-400,9800,"sd","14:16:08",3326500
19600,-400,5000,"sd","14:16:08",3316700
19600,-400,100,"sd","14:16:08",3311700
19600,-400,1000,"sd","14:16:08",3311600
19600,-400,2000,"sd","14:16:08",3310600
19600,-400,1000,"sd","14:16:08",3308600
19600,-400,500,"sd","14:16:08",3307600
19600,-400,4400,"sd","14:16:08",3307100
19600,-400,1000,"sd","14:16:08",3302700
19600,-400,100,"sd","14:16:08",3301700
19600,-400,5000,"sd","14:16:08",3301600
19600,-400,300,"sd","14:16:08",3296600
19650,-350,200,"bu","14:16:07",3296300
19650,-350,200,"bu","14:15:40",3296100
19650,-350,400,"bu","14:15:18",3295900
19650,-350,500,"bu","14:15:02",3295500
19600,-400,400,"sd","14:15:00",3295000
19600,-400,1000,"sd","14:14:54",3294600
19600,-400,300,"sd","14:14:38",3293600
19600,-400,500,"sd","14:14:38",3293300
19600,-400,1200,"sd","14:14:38",3292800
19600,-400,100,"sd","14:14:37",3291600
19600,-400,3000,"sd","14:14:33",3291500
19600,-400,100,"sd","14:14:05",3288500
19600,-400,600,"sd","14:13:53",3288400
19600,-400,100,"sd","14:13:53",3287800
19600,-400,100,"sd","14:13:53",3287700
19600,-400,100,"sd","14:13:53",3287600
19600,-400,500,"sd","14:13:53",3287500
19600,-400,300,"sd","14:13:53",3287000
19600,-400,300,"sd","14:13:53",3286700
19600,-400,200,"sd","14:13:49",3286400
19600,-400,800,"sd","14:13:49",3286200
19600,-400,400,"sd","14:13:43",3285400
19600,-400,3000,"sd","14:13:43",3285000
19600,-400,800,"sd","14:13:41",3282000
19600,-400,500,"sd","14:13:41",3281200
19600,-400,200,"sd","14:13:41",3280700
19600,-400,1000,"sd","14:13:30",3280500
19600,-400,300,"sd","14:13:29",3279500
19600,-400,500,"sd","14:13:29",3279200
19600,-400,2200,"sd","14:13:29",3278700
19600,-400,2800,"sd","14:13:29",3276500
19600,-400,1100,"sd","14:13:29",3273700
19600,-400,3900,"sd","14:13:29",3272600
19600,-400,600,"sd","14:13:29",3268700
19600,-400,100,"sd","14:13:29",3268100
19600,-400,1000,"sd","14:13:29",3268000
19600,-400,100,"sd","14:13:29",3267000
19600,-400,7400,"sd","14:13:29",3266900
19650,-350,300,"bu","14:13:28",3259500
19600,-400,2600,"sd","14:13:21",3259200
19600,-400,1000,"sd","14:13:21",3256600
19600,-400,1000,"sd","14:13:19",3255600
19600,-400,2000,"sd","14:12:40",3254600
19650,-350,3000,"bu","14:12:11",3252600
19650,-350,400,"bu","14:12:06",3249600
19650,-350,1000,"bu","14:12:06",3249200
19650,-350,1600,"bu","14:12:02",3248200
19650,-350,2400,"bu","14:12:02",3246600
19650,-350,200,"bu","14:11:42",3244200
19650,-350,1000,"bu","14:11:30",3244000
19650,-350,300,"bu","14:11:13",3243000
19650,-350,100,"bu","14:11:06",3242700
19650,-350,600,"bu","14:11:06",3242600
19650,-350,2500,"bu","14:11:06",3242000
19650,-350,2500,"bu","14:10:57",3239500
19650,-350,12500,"bu","14:10:57",3237000
19650,-350,2000,"bu","14:10:46",3224500
19650,-350,2000,"sd","14:10:42",3222500
19650,-350,500,"sd","14:10:42",3220500
19650,-350,1000,"sd","14:10:42",3220000
19650,-350,2000,"sd","14:10:42",3219000
19650,-350,600,"sd","14:10:42",3217000
19650,-350,500,"sd","14:10:42",3216400
19650,-350,300,"sd","14:10:42",3215900
19650,-350,300,"sd","14:10:42",3215600
19650,-350,100,"sd","14:10:42",3215300
19650,-350,1000,"sd","14:10:42",3215200
19650,-350,5000,"sd","14:10:42",3214200
19650,-350,100,"sd","14:10:42",3209200
19650,-350,10000,"sd","14:10:42",3209100
19650,-350,20000,"sd","14:10:42",3199100
19650,-350,20000,"sd","14:10:42",3179100
19650,-350,20000,"sd","14:10:42",3159100
19650,-350,500,"sd","14:10:42",3139100
19650,-350,100,"sd","14:10:42",3138600
19650,-350,1500,"sd","14:10:42",3138500
19650,-350,2000,"sd","14:10:32",3137000
19650,-350,5000,"sd","14:10:27",3135000
19650,-350,600,"sd","14:10:20",3130000
19700,-300,100,"bu","14:10:20",3129400
19650,-350,100,"sd","14:10:13",3129300
19700,-300,100,"bu","14:09:47",3129200
19700,-300,100,"bu","14:09:42",3129100
19700,-300,100,"bu","14:09:37",3129000
19700,-300,600,"bu","14:09:35",3128900
19700,-300,1400,"bu","14:09:35",3128300
19700,-300,1000,"bu","14:09:32",3126900
19700,-300,100,"bu","14:09:22",3125900
19700,-300,500,"bu","14:09:19",3125800
19700,-300,1500,"bu","14:09:19",3125300
19700,-300,2900,"bu","14:09:17",3123800
19700,-300,1000,"bu","14:09:04",3120900
19700,-300,1600,"bu","14:09:01",3119900
19700,-300,1000,"bu","14:08:47",3118300
19700,-300,700,"bu","14:08:45",3117300
19700,-300,2000,"bu","14:08:42",3116600
19700,-300,2000,"bu","14:08:42",3114600
19700,-300,1900,"bu","14:08:33",3112600
19700,-300,200,"bu","14:08:16",3110700
19700,-300,300,"sd","14:08:15",3110500
19700,-300,1500,"sd","14:08:15",3110200
19700,-300,1000,"sd","14:08:15",3108700
19700,-300,1800,"sd","14:08:15",3107700
19700,-300,600,"sd","14:08:00",3105900
19700,-300,200,"sd","14:07:57",3105300
19700,-300,100,"bu","14:07:54",3105100
19700,-300,2000,"bu","14:07:54",3105000
19700,-300,300,"bu","14:07:54",3103000
19700,-300,200,"bu","14:07:52",3102700
19700,-300,10200,"bu","14:07:46",3102500
19700,-300,600,"bu","14:07:46",3092300
19700,-300,600,"bu","14:07:46",3091700
19700,-300,600,"bu","14:07:46",3091100
19650,-350,800,"sd","14:07:40",3090500
19650,-350,19200,"sd","14:07:40",3089700
19650,-350,600,"sd","14:07:32",3070500
19700,-300,4000,"bu","14:07:31",3069900
19650,-350,200,"sd","14:07:07",3065900
19650,-350,9800,"sd","14:07:07",3065700
19700,-300,400,"bu","14:07:01",3055900
19700,-300,3900,"bu","14:07:01",3055500
19700,-300,1000,"bu","14:06:58",3051600
19700,-300,500,"bu","14:06:58",3050600
19700,-300,100,"bu","14:06:40",3050100
19700,-300,4500,"sd","14:06:26",3050000
19700,-300,500,"sd","14:06:25",3045500
19700,-300,3500,"sd","14:06:25",3045000
19700,-300,600,"sd","14:06:08",3041500
19700,-300,2900,"sd","14:05:59",3040900
19700,-300,8000,"sd","14:05:55",3038000
19700,-300,600,"sd","14:05:55",3030000
19700,-300,500,"sd","14:05:55",3029400
19700,-300,600,"sd","14:05:55",3028900
19700,-300,300,"sd","14:05:55",3028300
19700,-300,400,"sd","14:05:40",3028000
19700,-300,200,"sd","14:05:40",3027600
19700,-300,800,"sd","14:05:39",3027400
19700,-300,600,"sd","14:05:12",3026600
19700,-300,400,"sd","14:05:06",3026000
19700,-300,600,"sd","14:05:06",3025600
19700,-300,1000,"sd","14:05:04",3025000
19700,-300,1000,"sd","14:05:04",3024000
19700,-300,1000,"sd","14:05:04",3023000
19700,-300,500,"sd","14:05:04",3022000
19700,-300,1500,"sd","14:05:04",3021500
19700,-300,600,"sd","14:04:44",3020000
19700,-300,600,"sd","14:04:16",3019400
19700,-300,3300,"sd","14:04:05",3018800
19700,-300,5000,"sd","14:04:05",3015500
19700,-300,1000,"sd","14:04:05",3010500
19700,-300,700,"sd","14:04:05",3009500
19750,-250,100,"bu","14:04:01",3008800
19700,-300,300,"sd","14:03:56",3008700
19700,-300,1000,"sd","14:03:56",3008400
19700,-300,2400,"sd","14:03:56",3007400
19700,-300,1300,"sd","14:03:56",3005000
19700,-300,5000,"sd","14:03:52",3003700
19700,-300,500,"sd","14:03:48",2998700
19700,-300,1500,"sd","14:03:46",2998200
19700,-300,3500,"sd","14:03:46",2996700
19700,-300,1500,"sd","14:03:41",2993200
19700,-300,3500,"sd","14:03:41",2991700
19700,-300,600,"sd","14:03:21",2988200
19750,-250,4000,"bu","14:03:19",2987600
19750,-250,1000,"bu","14:03:19",2983600
19700,-300,900,"sd","14:03:07",2982600
19700,-300,100,"sd","14:03:07",2981700
19700,-300,200,"sd","14:02:53",2981600
19700,-300,200,"sd","14:02:53",2981400
19700,-300,200,"sd","14:02:53",2981200
19700,-300,800,"sd","14:02:49",2981000
19700,-300,600,"sd","14:02:25",2980200
19700,-300,2000,"sd","14:02:11",2979600
19700,-300,600,"bu","14:02:11",2977600
19700,-300,600,"bu","14:02:11",2977000
19700,-300,600,"bu","14:02:10",2976400
19700,-300,600,"bu","14:02:10",2975800
19700,-300,400,"bu","14:02:07",2975200
19700,-300,2000,"bu","14:02:04",2974800
19700,-300,600,"bu","14:02:04",2972800
19700,-300,2400,"bu","14:02:04",2972200
19700,-300,400,"bu","14:01:54",2969800
19700,-300,2200,"bu","14:01:51",2969400
19700,-300,200,"bu","14:01:51",2967200
19700,-300,500,"bu","14:01:51",2967000
19700,-300,100,"bu","14:01:51",2966500
19700,-300,800,"bu","14:01:49",2966400
19700,-300,4200,"bu","14:01:49",2965600
19700,-300,5000,"bu","14:01:44",2961400
19700,-300,1500,"bu","14:01:40",2956400
19700,-300,10000,"bu","14:01:34",2954900
19700,-300,500,"bu","14:01:26",2944900
19700,-300,2000,"bu","14:01:14",2944400
19700,-300,100,"bu","14:01:11",2942400
19700,-300,100,"bu","14:01:05",2942300
19700,-300,16600,"bu","14:01:01",2942200
19700,-300,1000,"bu","14:01:01",2925600
19700,-300,2300,"bu","14:01:01",2924600
19700,-300,100,"bu","14:01:01",2922300
19700,-300,300,"bu","14:01:00",2922200
19700,-300,600,"bu","14:00:54",2921900
19700,-300,1000,"bu","14:00:54",2921300
19700,-300,1000,"bu","14:00:54",2920300
19700,-300,900,"bu","14:00:54",2919300
19700,-300,1000,"bu","14:00:54",2918400
19700,-300,1000,"bu","14:00:54",2917400
19700,-300,1000,"bu","14:00:54",2916400
19700,-300,1000,"bu","14:00:54",2915400
19700,-300,200,"bu","14:00:54",2914400
19700,-300,100,"bu","14:00:54",2914200
19700,-300,2200,"bu","14:00:54",2914100
19700,-300,2100,"bu","14:00:40",2911900
19700,-300,200,"bu","14:00:27",2909800
19700,-300,500,"bu","14:00:23",2909600
19700,-300,8000,"bu","14:00:12",2909100
19650,-350,200,"sd","14:00:05",2901100
19650,-350,400,"sd","14:00:05",2900900
19650,-350,600,"sd","13:59:37",2900500
19650,-350,5000,"bu","13:59:26",2899900
19650,-350,800,"bu","13:59:26",2894900
19650,-350,100,"bu","13:59:26",2894100
19650,-350,10000,"bu","13:59:26",2894000
19650,-350,700,"bu","13:59:26",2884000
19650,-350,400,"bu","13:59:26",2883300
19650,-350,100,"bu","13:59:17",2882900
19650,-350,500,"bu","13:59:17",2882800
19650,-350,200,"bu","13:59:16",2882300
19650,-350,800,"bu","13:59:16",2882100
19650,-350,100,"bu","13:59:16",2881300
19650,-350,3900,"bu","13:59:16",2881200
19650,-350,800,"bu","13:59:14",2877300
19650,-350,3000,"bu","13:59:13",2876500
19650,-350,1800,"bu","13:59:07",2873500
19650,-350,8000,"bu","13:59:00",2871700
19650,-350,5000,"bu","13:58:54",2863700
19650,-350,4500,"bu","13:58:48",2858700
19650,-350,400,"bu","13:58:48",2854200
19650,-350,100,"bu","13:58:48",2853800
19650,-350,400,"bu","13:58:46",2853700
19650,-350,900,"bu","13:58:43",2853300
19650,-350,100,"bu","13:58:43",2852400
19650,-350,4700,"bu","13:58:39",2852300
19650,-350,300,"bu","13:58:39",2847600
19650,-350,200,"bu","13:58:36",2847300
19650,-350,1500,"bu","13:58:33",2847100
19650,-350,1000,"bu","13:58:33",2845600
19650,-350,1000,"bu","13:58:33",2844600
19650,-350,1500,"bu","13:58:33",2843600
19650,-350,10000,"bu","13:58:33",2842100
19650,-350,500,"bu","13:57:37",2832100
19600,-400,400,"sd","13:57:20",2831600
19650,-350,2800,"bu","13:57:19",2831200
19600,-400,100,"sd","13:57:17",2828400
19600,-400,600,"sd","13:57:17",2828300
19600,-400,400,"sd","13:57:08",2827700
19600,-400,700,"sd","13:57:08",2827300
19600,-400,100,"sd","13:57:08",2826600
19600,-400,800,"sd","13:57:08",2826500
19600,-400,800,"sd","13:56:49",2825700
19600,-400,700,"sd","13:56:21",2824900
19600,-400,700,"sd","13:55:53",2824200
19600,-400,1000,"sd","13:55:41",2823500
19650,-350,300,"bu","13:55:40",2822500
19600,-400,800,"sd","13:55:25",2822200
19600,-400,100,"sd","13:54:57",2821400
19600,-400,600,"sd","13:54:57",2821300
19600,-400,100,"sd","13:54:38",2820700
19600,-400,800,"sd","13:54:29",2820600
19600,-400,600,"sd","13:54:12",2819800
19600,-400,2000,"bu","13:54:03",2819200
19600,-400,900,"bu","13:54:03",2817200
19600,-400,700,"sd","13:54:01",2816300
19600,-400,100,"sd","13:54:01",2815600
19600,-400,900,"sd","13:54:00",2815500
19600,-400,500,"sd","13:54:00",2814600
19600,-400,1600,"sd","13:54:00",2814100
19600,-400,1500,"sd","13:53:37",2812500
19600,-400,500,"sd","13:53:36",2811000
19600,-400,1100,"sd","13:53:35",2810500
19600,-400,200,"sd","13:53:35",2809400
19600,-400,500,"sd","13:53:35",2809200
19600,-400,200,"sd","13:53:35",2808700
19600,-400,900,"sd","13:53:33",2808500
19600,-400,3900,"sd","13:53:31",2807600
19600,-400,300,"sd","13:53:31",2803700
19600,-400,600,"sd","13:53:31",2803400
19600,-400,300,"sd","13:53:31",2802800
19600,-400,1000,"sd","13:53:31",2802500
19600,-400,3900,"sd","13:53:31",2801500
19600,-400,1000,"sd","13:53:26",2797600
19600,-400,100,"sd","13:53:18",2796600
19600,-400,2000,"sd","13:53:18",2796500
19600,-400,3000,"sd","13:53:05",2794500
19600,-400,100,"sd","13:53:05",2791500
19600,-400,16900,"sd","13:53:05",2791400
19600,-400,900,"sd","13:53:05",2774500
19600,-400,5000,"sd","13:52:57",2773600
19600,-400,2000,"sd","13:52:50",2768600
19600,-400,800,"sd","13:52:37",2766600
19600,-400,900,"sd","13:52:09",2765800
19600,-400,800,"sd","13:51:41",2764900
19600,-400,300,"sd","13:51:32",2764100
19600,-400,100,"sd","13:51:26",2763800
19600,-400,900,"sd","13:51:13",2763700
19600,-400,400,"sd","13:51:06",2762800
19600,-400,900,"sd","13:50:45",2762400
19600,-400,2000,"bu","13:50:36",2761500
19600,-400,6000,"bu","13:50:36",2759500
19600,-400,400,"bu","13:50:36",2753500
19600,-400,1700,"bu","13:50:36",2753100
19600,-400,300,"bu","13:50:35",2751400
19600,-400,700,"bu","13:50:35",2751100
19550,-450,2000,"sd","13:50:27",2750400
19600,-400,5000,"bu","13:50:16",2748400
19550,-450,2400,"sd","13:49:57",2743400
19600,-400,100,"sd","13:49:57",2741000
19600,-400,500,"sd","13:49:57",2740900
19600,-400,900,"sd","13:49:49",2740400
19600,-400,300,"sd","13:49:39",2739500
19600,-400,2300,"bu","13:49:37",2739200
19600,-400,700,"bu","13:49:31",2736900
19600,-400,300,"bu","13:49:31",2736200
19600,-400,100,"bu","13:49:24",2735900
19600,-400,500,"sd","13:49:21",2735800
19600,-400,800,"bu","13:49:19",2735300
19600,-400,1700,"bu","13:49:19",2734500
19600,-400,300,"bu","13:49:17",2732800
19600,-400,1000,"bu","13:49:17",2732500
19600,-400,300,"bu","13:49:17",2731500
19600,-400,900,"bu","13:49:17",2731200
19600,-400,100,"bu","13:49:17",2730300
19600,-400,2000,"bu","13:49:17",2730200
19600,-400,400,"bu","13:49:17",2728200
19600,-400,300,"bu","13:49:17",2727800
19600,-400,100,"bu","13:49:14",2727500
19600,-400,200,"bu","13:48:43",2727400
19600,-400,300,"bu","13:48:43",2727200
19600,-400,600,"bu","13:48:15",2726900
19600,-400,400,"bu","13:48:15",2726300
19600,-400,100,"bu","13:47:45",2725900
19600,-400,2000,"sd","13:47:32",2725800
19600,-400,600,"sd","13:47:32",2723800
19600,-400,500,"sd","13:47:32",2723200
19600,-400,500,"sd","13:47:32",2722700
19600,-400,500,"sd","13:47:32",2722200
19600,-400,1200,"sd","13:47:32",2721700
19600,-400,100,"sd","13:47:32",2720500
19600,-400,1100,"sd","13:47:32",2720400
19600,-400,900,"sd","13:47:29",2719300
19600,-400,100,"sd","13:47:03",2718400
19600,-400,200,"sd","13:47:02",2718300
19600,-400,1000,"sd","13:47:01",2718100
19600,-400,100,"sd","13:46:49",2717100
19600,-400,900,"sd","13:46:33",2717000
19600,-400,900,"sd","13:46:05",2716100
19600,-400,300,"bu","13:45:59",2715200
19600,-400,600,"bu","13:45:58",2714900
19600,-400,400,"bu","13:45:58",2714300
19600,-400,100,"bu","13:45:58",2713900
19600,-400,1000,"bu","13:45:58",2713800
19600,-400,3000,"bu","13:45:58",2712800
19600,-400,3000,"bu","13:45:58",2709800
19600,-400,1000,"bu","13:45:58",2706800
19600,-400,1500,"bu","13:45:58",2705800
19600,-400,200,"bu","13:45:18",2704300
19600,-400,500,"bu","13:44:55",2704100
19600,-400,500,"bu","13:44:39",2703600
19600,-400,300,"sd","13:44:38",2703100
19600,-400,100,"sd","13:44:35",2702800
19600,-400,800,"bu","13:44:34",2702700
19600,-400,100,"bu","13:44:31",2701900
19600,-400,1000,"sd","13:44:22",2701800
19600,-400,400,"sd","13:44:22",2700800
19600,-400,1000,"sd","13:44:22",2700400
19600,-400,100,"sd","13:44:22",2699400
19600,-400,1000,"sd","13:44:22",2699300
19600,-400,100,"sd","13:44:22",2698300
19600,-400,200,"sd","13:44:22",2698200
19600,-400,1000,"sd","13:44:22",2698000
19600,-400,200,"sd","13:44:22",2697000
19600,-400,500,"sd","13:44:22",2696800
19600,-400,1500,"sd","13:44:22",2696300
19600,-400,100,"sd","13:44:22",2694800
19600,-400,1800,"sd","13:44:22",2694700
19600,-400,100,"sd","13:44:22",2692900
19600,-400,100,"sd","13:44:22",2692800
19600,-400,900,"sd","13:44:22",2692700
19600,-400,500,"sd","13:44:22",2691800
19600,-400,800,"sd","13:44:22",2691300
19600,-400,100,"sd","13:44:22",2690500
19600,-400,700,"sd","13:44:22",2690400
19600,-400,200,"sd","13:44:19",2689700
19600,-400,300,"sd","13:44:19",2689500
19600,-400,100,"sd","13:44:15",2689200
19600,-400,400,"sd","13:44:15",2689100
19600,-400,1000,"sd","13:44:13",2688700
19600,-400,2000,"sd","13:44:04",2687700
19600,-400,1000,"sd","13:43:56",2685700
19600,-400,400,"sd","13:43:51",2684700
19600,-400,200,"sd","13:43:45",2684300
19600,-400,100,"sd","13:43:45",2684100
19600,-400,300,"sd","13:43:45",2684000
19600,-400,400,"sd","13:43:45",2683700
19600,-400,1000,"sd","13:43:42",2683300
19600,-400,100,"sd","13:43:18",2682300
19600,-400,1000,"sd","13:43:17",2682200
19600,-400,500,"sd","13:43:10",2681200
19600,-400,1000,"sd","13:43:10",2680700
19600,-400,100,"sd","13:43:10",2679700
19600,-400,100,"sd","13:43:10",2679600
19600,-400,100,"sd","13:43:10",2679500
19600,-400,100,"sd","13:43:10",2679400
19600,-400,200,"sd","13:43:10",2679300
19600,-400,5000,"sd","13:43:10",2679100
19600,-400,2900,"sd","13:43:10",2674100
19600,-400,2100,"sd","13:43:01",2671200
19600,-400,500,"sd","13:43:01",2669100
19600,-400,200,"sd","13:43:01",2668600
19600,-400,200,"sd","13:43:01",2668400
19600,-400,800,"sd","13:42:49",2668200
19600,-400,100,"sd","13:42:49",2667400
19600,-400,600,"sd","13:42:36",2667300
19600,-400,200,"sd","13:42:36",2666700
19600,-400,100,"sd","13:42:36",2666500
19600,-400,100,"sd","13:42:36",2666400
19600,-400,900,"sd","13:42:21",2666300
19600,-400,100,"sd","13:42:21",2665400
19600,-400,900,"sd","13:42:18",2665300
19600,-400,100,"sd","13:42:18",2664400
19600,-400,200,"sd","13:41:54",2664300
19600,-400,1000,"sd","13:41:53",2664100
19600,-400,1000,"sd","13:41:46",2663100
19600,-400,5000,"sd","13:41:46",2662100
19600,-400,500,"sd","13:41:46",2657100
19600,-400,1000,"sd","13:41:46",2656600
19600,-400,1500,"sd","13:41:46",2655600
19650,-350,500,"bu","13:41:30",2654100
19650,-350,1000,"bu","13:41:29",2653600
19650,-350,100,"bu","13:41:11",2652600
19650,-350,200,"bu","13:41:05",2652500
19650,-350,100,"bu","13:41:03",2652300
19650,-350,800,"sd","13:40:59",2652200
19650,-350,5000,"sd","13:40:59",2651400
19650,-350,100,"sd","13:40:59",2646400
19650,-350,3000,"sd","13:40:59",2646300
19650,-350,500,"sd","13:40:59",2643300
19650,-350,3600,"sd","13:40:59",2642800
19650,-350,1500,"sd","13:40:59",2639200
19650,-350,1000,"sd","13:40:57",2637700
19650,-350,4000,"sd","13:40:55",2636700
19650,-350,100,"sd","13:40:55",2632700
19650,-350,900,"sd","13:40:55",2632600
19650,-350,100,"sd","13:40:54",2631700
19650,-350,300,"sd","13:40:54",2631600
19650,-350,200,"sd","13:40:52",2631300
19650,-350,100,"sd","13:40:52",2631100
19650,-350,10000,"sd","13:40:52",2631000
19650,-350,100,"sd","13:40:52",2621000
19650,-350,4600,"sd","13:40:52",2620900
19650,-350,15000,"sd","13:40:41",2616300
19700,-300,3000,"bu","13:40:07",2601300
19650,-350,600,"sd","13:40:06",2598300
19700,-300,10000,"bu","13:39:55",2597700
19700,-300,2800,"bu","13:39:35",2587700
19700,-300,100,"bu","13:39:31",2584900
19700,-300,300,"bu","13:39:24",2584800
19700,-300,1000,"bu","13:39:14",2584500
19700,-300,800,"bu","13:38:34",2583500
19650,-350,3500,"sd","13:38:11",2582700
19700,-300,500,"bu","13:38:09",2579200
19700,-300,8000,"bu","13:38:07",2578700
19700,-300,500,"bu","13:38:00",2570700
19700,-300,3500,"bu","13:38:00",2570200
19700,-300,5000,"bu","13:37:59",2566700
19700,-300,300,"bu","13:37:56",2561700
19650,-350,2000,"sd","13:37:55",2561400
19700,-300,14000,"bu","13:37:51",2559400
19700,-300,100,"bu","13:37:47",2545400
19700,-300,10000,"bu","13:37:39",2545300
19700,-300,100,"bu","13:37:35",2535300
19700,-300,500,"bu","13:37:34",2535200
19700,-300,6500,"bu","13:37:22",2534700
19700,-300,100,"bu","13:37:22",2528200
19700,-300,400,"bu","13:37:22",2528100
19700,-300,100,"bu","13:37:22",2527700
19700,-300,400,"bu","13:37:22",2527600
19700,-300,100,"bu","13:37:22",2527200
19700,-300,2000,"bu","13:37:22",2527100
19700,-300,400,"bu","13:37:22",2525100
19700,-300,500,"bu","13:37:20",2524700
19700,-300,800,"bu","13:37:16",2524200
19700,-300,100,"bu","13:37:11",2523400
19700,-300,200,"bu","13:36:52",2523300
19700,-300,1800,"bu","13:36:52",2523100
19700,-300,200,"bu","13:36:40",2521300
19700,-300,500,"bu","13:35:54",2521100
19650,-350,900,"sd","13:35:50",2520600
19650,-350,100,"sd","13:35:42",2519700
19650,-350,1000,"bu","13:35:36",2519600
19650,-350,1000,"bu","13:35:36",2518600
19650,-350,100,"bu","13:35:36",2517600
19650,-350,1000,"bu","13:35:36",2517500
19650,-350,100,"bu","13:35:36",2516500
19650,-350,200,"bu","13:35:36",2516400
19650,-350,900,"bu","13:35:36",2516200
19650,-350,1000,"bu","13:35:36",2515300
19650,-350,1000,"bu","13:35:36",2514300
19650,-350,100,"bu","13:35:36",2513300
19650,-350,2000,"bu","13:35:36",2513200
19650,-350,500,"bu","13:35:36",2511200
19650,-350,1000,"bu","13:35:36",2510700
19650,-350,1000,"bu","13:35:36",2509700
19650,-350,1000,"bu","13:35:36",2508700
19650,-350,1000,"bu","13:35:36",2507700
19650,-350,10000,"bu","13:35:36",2506700
19650,-350,400,"bu","13:35:36",2496700
19600,-400,100,"sd","13:35:34",2496300
19650,-350,600,"bu","13:35:22",2496200
19650,-350,3500,"bu","13:35:22",2495600
19650,-350,1000,"bu","13:35:21",2492100
19650,-350,1000,"bu","13:35:17",2491100
19650,-350,1000,"bu","13:35:11",2490100
19650,-350,2000,"bu","13:35:07",2489100
19650,-350,2200,"bu","13:35:07",2487100
19650,-350,1000,"bu","13:35:00",2484900
19650,-350,300,"bu","13:34:41",2483900
19650,-350,1000,"bu","13:34:13",2483600
19600,-400,1000,"sd","13:33:58",2482600
19600,-400,400,"sd","13:33:56",2481600
19600,-400,100,"sd","13:33:56",2481200
19600,-400,500,"sd","13:33:56",2481100
19650,-350,100,"bu","13:33:15",2480600
19650,-350,1000,"bu","13:33:15",2480500
19650,-350,100,"bu","13:33:12",2479500
19650,-350,1000,"bu","13:33:07",2479400
19650,-350,100,"bu","13:33:02",2478400
19650,-350,500,"bu","13:32:37",2478300
19650,-350,600,"bu","13:32:37",2477800
19650,-350,1000,"bu","13:32:15",2477200
19650,-350,700,"bu","13:32:05",2476200
19650,-350,2000,"bu","13:31:55",2475500
19650,-350,100,"bu","13:31:18",2473500
19650,-350,1000,"bu","13:31:13",2473400
19600,-400,500,"sd","13:31:10",2472400
19600,-400,100,"sd","13:31:10",2471900
19600,-400,200,"sd","13:31:10",2471800
19600,-400,100,"sd","13:31:10",2471600
19600,-400,100,"sd","13:30:58",2471500
19650,-350,1000,"bu","13:30:43",2471400
19650,-350,100,"bu","13:29:57",2470400
19600,-400,1700,"sd","13:29:48",2470300
19600,-400,100,"sd","13:29:46",2468600
19600,-400,500,"sd","13:29:46",2468500
19600,-400,400,"sd","13:29:46",2468000
19600,-400,100,"sd","13:29:34",2467600
19600,-400,1000,"sd","13:29:34",2467500
19600,-400,1000,"sd","13:29:34",2466500
19600,-400,2000,"sd","13:29:34",2465500
19600,-400,200,"sd","13:29:34",2463500
19600,-400,300,"sd","13:29:34",2463300
19600,-400,500,"sd","13:29:34",2463000
19600,-400,1100,"sd","13:29:34",2462500
19600,-400,100,"sd","13:29:34",2461400
19600,-400,500,"sd","13:29:34",2461300
19600,-400,800,"sd","13:29:34",2460800
19600,-400,1000,"sd","13:29:34",2460000
19600,-400,1000,"sd","13:29:34",2459000
19600,-400,100,"sd","13:29:34",2458000
19600,-400,100,"sd","13:29:34",2457900
19600,-400,200,"sd","13:29:34",2457800
19600,-400,1000,"sd","13:29:18",2457600
19600,-400,1700,"sd","13:29:10",2456600
19600,-400,300,"sd","13:29:09",2454900
19650,-350,2000,"bu","13:28:15",2454600
19650,-350,200,"bu","13:28:09",2452600
19650,-350,1000,"bu","13:28:08",2452400
19650,-350,1000,"sd","13:27:48",2451400
19650,-350,300,"sd","13:27:48",2450400
19650,-350,700,"sd","13:27:48",2450100
19650,-350,200,"sd","13:27:48",2449400
19650,-350,200,"sd","13:27:48",2449200
19650,-350,100,"sd","13:27:48",2449000
19650,-350,100,"sd","13:27:48",2448900
19650,-350,5000,"sd","13:27:48",2448800
19650,-350,100,"sd","13:27:48",2443800
19650,-350,3100,"sd","13:27:48",2443700
19650,-350,500,"sd","13:27:48",2440600
19650,-350,100,"sd","13:27:48",2440100
19650,-350,500,"sd","13:27:48",2440000
19650,-350,2700,"sd","13:27:48",2439500
19650,-350,1000,"sd","13:27:25",2436800
19650,-350,4800,"sd","13:26:58",2435800
19650,-350,10000,"sd","13:26:46",2431000
19700,-300,300,"bu","13:26:42",2421000
19650,-350,300,"sd","13:26:30",2420700
19650,-350,100,"sd","13:26:05",2420400
19700,-300,100,"bu","13:26:05",2420300
19650,-350,200,"sd","13:25:53",2420200
19700,-300,300,"bu","13:25:50",2420000
19700,-300,2000,"bu","13:25:44",2419700
19650,-350,2500,"sd","13:25:33",2417700
19650,-350,100,"sd","13:25:25",2415200
19650,-350,1000,"bu","13:25:13",2415100
19650,-350,2000,"bu","13:25:13",2414100
19650,-350,2000,"bu","13:25:13",2412100
19650,-350,3300,"bu","13:25:13",2410100
19650,-350,700,"bu","13:25:09",2406800
19650,-350,800,"bu","13:25:09",2406100
19650,-350,1000,"bu","13:25:06",2405300
19650,-350,100,"bu","13:25:03",2404300
19650,-350,100,"bu","13:24:58",2404200
19650,-350,300,"bu","13:24:58",2404100
19650,-350,100,"bu","13:24:54",2403800
19650,-350,100,"sd","13:24:49",2403700
19650,-350,2000,"sd","13:24:46",2403600
19650,-350,2000,"sd","13:24:40",2401600
19650,-350,1000,"bu","13:24:39",2399600
19650,-350,400,"bu","13:24:39",2398600
19600,-400,500,"sd","13:24:31",2398200
19600,-400,500,"sd","13:24:31",2397700
19600,-400,600,"sd","13:24:31",2397200
19600,-400,100,"sd","13:24:31",2396600
19600,-400,1500,"sd","13:24:31",2396500
19650,-350,100,"bu","13:24:28",2395000
19650,-350,700,"sd","13:24:28",2394900
19650,-350,800,"sd","13:24:28",2394200
19650,-350,200,"sd","13:24:27",2393400
19650,-350,100,"sd","13:24:27",2393200
19650,-350,2800,"sd","13:24:27",2393100
19650,-350,2500,"sd","13:24:27",2390300
19650,-350,200,"sd","13:24:27",2387800
19650,-350,1800,"sd","13:24:27",2387600
19650,-350,400,"sd","13:24:27",2385800
19650,-350,8000,"sd","13:24:24",2385400
19650,-350,3000,"sd","13:24:22",2377400
19650,-350,8000,"sd","13:24:21",2374400
19650,-350,600,"sd","13:24:17",2366400
19650,-350,100,"sd","13:24:17",2365800
19650,-350,7300,"sd","13:24:17",2365700
19650,-350,3000,"sd","13:24:09",2358400
19650,-350,100,"sd","13:24:04",2355400
19700,-300,1800,"bu","13:24:04",2355300
19700,-300,500,"bu","13:24:04",2353500
19700,-300,2000,"bu","13:24:04",2353000
19700,-300,100,"bu","13:24:04",2351000
19700,-300,500,"bu","13:24:04",2350900
19700,-300,800,"bu","13:24:04",2350400
19700,-300,100,"bu","13:24:04",2349600
19700,-300,2000,"bu","13:24:04",2349500
19700,-300,2000,"bu","13:24:04",2347500
19700,-300,100,"bu","13:24:04",2345500
19700,-300,100,"bu","13:24:04",2345400
19650,-350,100,"sd","13:24:00",2345300
19650,-350,600,"bu","13:23:29",2345200
19650,-350,100,"bu","13:23:28",2344600
19650,-350,4800,"bu","13:23:23",2344500
19650,-350,4500,"bu","13:23:15",2339700
19650,-350,3000,"bu","13:23:15",2335200
19650,-350,2500,"bu","13:23:15",2332200
19650,-350,300,"bu","13:23:10",2329700
19650,-350,200,"bu","13:22:24",2329400
19650,-350,5300,"sd","13:22:15",2329200
19650,-350,1000,"sd","13:22:13",2323900
19650,-350,1700,"sd","13:22:10",2322900
19650,-350,1300,"sd","13:22:10",2321200
19650,-350,1800,"sd","13:22:07",2319900
19650,-350,1200,"sd","13:22:07",2318100
19650,-350,3000,"sd","13:22:03",2316900
19650,-350,100,"sd","13:21:59",2313900
19650,-350,3000,"sd","13:21:58",2313800
19650,-350,400,"sd","13:21:58",2310800
19650,-350,2300,"bu","13:21:41",2310400
19600,-400,300,"sd","13:21:40",2308100
19650,-350,700,"sd","13:21:40",2307800
19650,-350,3000,"sd","13:21:32",2307100
19650,-350,3000,"sd","13:21:28",2304100
19650,-350,3000,"sd","13:21:24",2301100
19650,-350,200,"sd","13:21:23",2298100
19650,-350,100,"bu","13:21:23",2297900
19650,-350,200,"bu","13:21:20",2297800
19650,-350,200,"bu","13:21:19",2297600
19650,-350,1000,"bu","13:21:19",2297400
19650,-350,400,"sd","13:21:15",2296400
19650,-350,1100,"sd","13:21:15",2296000
19650,-350,300,"unknown","13:21:12",2294900
19650,-350,1000,"sd","13:21:08",2294600
19650,-350,200,"sd","13:21:06",2293600
19650,-350,3700,"bu","13:21:05",2293400
19650,-350,100,"bu","13:21:05",2289700
19600,-400,1500,"sd","13:21:05",2289600
19650,-350,400,"bu","13:20:45",2288100
19650,-350,1600,"bu","13:20:45",2287700
19650,-350,3400,"bu","13:20:41",2286100
19650,-350,1000,"bu","13:20:41",2282700
19650,-350,300,"bu","13:20:40",2281700
19650,-350,5300,"bu","13:20:40",2281400
19650,-350,1000,"bu","13:20:02",2276100
19600,-400,200,"sd","13:19:47",2275100
19650,-350,200,"bu","13:19:32",2274900
19650,-350,7900,"bu","13:19:19",2274700
19650,-350,2000,"bu","13:19:19",2266800
19650,-350,100,"bu","13:19:19",2264800
19600,-400,2200,"sd","13:19:01",2264700
19600,-400,400,"sd","13:19:01",2262500
19650,-350,200,"bu","13:18:31",2262100
19650,-350,500,"bu","13:18:31",2261900
19650,-350,200,"bu","13:18:31",2261400
19650,-350,1100,"bu","13:18:31",2261200
19600,-400,600,"sd","13:18:16",2260100
19600,-400,1600,"sd","13:18:16",2259500
19650,-350,1000,"bu","13:18:07",2257900
19600,-400,3000,"sd","13:17:47",2256900
19650,-350,100,"bu","13:17:30",2253900
19650,-350,8300,"bu","13:17:27",2253800
19650,-350,1700,"bu","13:17:27",2245500
19650,-350,300,"bu","13:17:18",2243800
19650,-350,200,"bu","13:16:50",2243500
19650,-350,4300,"bu","13:16:36",2243300
19650,-350,2000,"bu","13:16:36",2239000
19650,-350,1000,"bu","13:16:36",2237000
19650,-350,1000,"bu","13:16:36",2236000
19650,-350,700,"bu","13:16:36",2235000
19650,-350,100,"bu","13:16:06",2234300
19650,-350,300,"bu","13:15:53",2234200
19650,-350,200,"bu","13:15:22",2233900
19650,-350,300,"sd","13:15:10",2233700
19650,-350,3000,"sd","13:14:59",2233400
19650,-350,700,"sd","13:14:53",2230400
19650,-350,100,"sd","13:14:53",2229700
19650,-350,2000,"sd","13:14:53",2229600
19650,-350,1300,"sd","13:14:53",2227600
19650,-350,900,"sd","13:14:53",2226300
19650,-350,700,"sd","13:14:47",2225400
19650,-350,1400,"sd","13:14:43",2224700
19650,-350,2100,"sd","13:14:43",2223300
19650,-350,300,"sd","13:14:37",2221200
19650,-350,600,"sd","13:14:36",2220900
19650,-350,400,"sd","13:14:36",2220300
19650,-350,14000,"sd","13:14:36",2219900
19650,-350,100,"sd","13:13:43",2205900
19700,-300,3000,"bu","13:13:37",2205800
19650,-350,900,"sd","13:13:18",2202800
19650,-350,100,"sd","13:13:18",2201900
19700,-300,1300,"bu","13:12:54",2201800
19650,-350,1000,"bu","13:12:32",2200500
19650,-350,900,"bu","13:12:32",2199500
19650,-350,100,"sd","13:12:17",2198600
19650,-350,300,"bu","13:11:54",2198500
19650,-350,700,"bu","13:11:50",2198200
19650,-350,100,"bu","13:11:50",2197500
19650,-350,1200,"bu","13:11:50",2197400
19650,-350,100,"bu","13:11:49",2196200
19650,-350,200,"bu","13:11:45",2196100
19650,-350,400,"bu","13:11:36",2195900
19650,-350,100,"bu","13:11:36",2195500
19650,-350,100,"sd","13:10:57",2195400
19650,-350,100,"sd","13:10:57",2195300
19650,-350,100,"sd","13:10:51",2195200
19650,-350,600,"sd","13:10:46",2195100
19650,-350,400,"sd","13:10:38",2194500
19700,-300,200,"bu","13:10:28",2194100
19700,-300,100,"bu","13:10:28",2193900
19700,-300,3000,"bu","13:10:28",2193800
19700,-300,500,"bu","13:10:28",2190800
19700,-300,300,"bu","13:10:28",2190300
19700,-300,500,"bu","13:10:28",2190000
19700,-300,100,"bu","13:10:28",2189500
19700,-300,100,"bu","13:10:28",2189400
19700,-300,100,"bu","13:10:28",2189300
19700,-300,100,"bu","13:10:28",2189200
19700,-300,100,"bu","13:10:28",2189100
19700,-300,4300,"bu","13:10:28",2189000
19650,-350,1000,"bu","13:10:28",2184700
19650,-350,1000,"sd","13:10:26",2183700
19650,-350,1300,"sd","13:10:26",2182700
19650,-350,5000,"sd","13:10:22",2181400
19650,-350,5000,"sd","13:10:18",2176400
19650,-350,5000,"sd","13:10:13",2171400
19650,-350,5000,"sd","13:10:03",2166400
19700,-300,500,"bu","13:09:56",2161400
19650,-350,500,"sd","13:09:50",2160900
19650,-350,600,"sd","13:09:41",2160400
19650,-350,600,"sd","13:09:38",2159800
19650,-350,3000,"sd","13:09:35",2159200
19650,-350,500,"sd","13:09:35",2156200
19650,-350,5000,"bu","13:09:33",2155700
19650,-350,500,"bu","13:09:33",2150700
19650,-350,15500,"bu","13:09:33",2150200
19650,-350,1500,"bu","13:09:33",2134700
19650,-350,1000,"bu","13:09:33",2133200
19600,-400,400,"bu","13:09:28",2132200
19600,-400,200,"bu","13:09:26",2131800
19600,-400,100,"sd","13:09:25",2131600
19600,-400,100,"sd","13:09:25",2131500
19600,-400,400,"sd","13:09:25",2131400
19600,-400,400,"sd","13:09:25",2131000
19600,-400,2000,"sd","13:09:25",2130600
19600,-400,2400,"sd","13:09:25",2128600
19600,-400,1000,"sd","13:09:24",2126200
19600,-400,600,"sd","13:09:21",2125200
19600,-400,6000,"sd","13:09:20",2124600
19600,-400,5000,"sd","13:09:14",2118600
19600,-400,1000,"sd","13:09:14",2113600
19600,-400,300,"sd","13:09:13",2112600
19600,-400,700,"sd","13:09:13",2112300
19600,-400,1000,"sd","13:09:11",2111600
19600,-400,5000,"sd","13:09:08",2110600
19600,-400,1300,"sd","13:09:02",2105600
19600,-400,400,"sd","13:09:02",2104300
19600,-400,3000,"sd","13:09:02",2103900
19600,-400,300,"sd","13:09:02",2100900
19600,-400,1000,"sd","13:09:01",2100600
19600,-400,500,"sd","13:09:00",2099600
19600,-400,3200,"sd","13:08:50",2099100
19600,-400,1000,"sd","13:08:50",2095900
19600,-400,800,"sd","13:08:50",2094900
19600,-400,1100,"sd","13:08:43",2094100
19600,-400,3900,"sd","13:08:43",2093000
19650,-350,200,"bu","13:08:34",2089100
19650,-350,800,"bu","13:08:12",2088900
19600,-400,100,"sd","13:07:56",2088100
19600,-400,200,"sd","13:07:55",2088000
19600,-400,300,"sd","13:07:26",2087800
19600,-400,500,"sd","13:07:25",2087500
19600,-400,500,"sd","13:07:25",2087000
19600,-400,100,"sd","13:07:25",2086500
19600,-400,100,"sd","13:07:25",2086400
19600,-400,300,"sd","13:07:25",2086300
19650,-350,800,"sd","13:07:13",2086000
19650,-350,2000,"sd","13:07:11",2085200
19650,-350,2200,"sd","13:07:04",2083200
19650,-350,800,"sd","13:07:04",2081000
19650,-350,400,"sd","13:06:59",2080200
19650,-350,600,"sd","13:06:47",2079800
19650,-350,100,"sd","13:06:30",2079200
19650,-350,100,"bu","13:06:30",2079100
19650,-350,100,"bu","13:06:21",2079000
19650,-350,100,"bu","13:06:21",2078900
19650,-350,400,"bu","13:06:21",2078800
19650,-350,100,"bu","13:06:21",2078400
19650,-350,1300,"bu","13:06:21",2078300
19650,-350,100,"bu","13:05:36",2077000
19600,-400,100,"sd","13:04:53",2076900
19600,-400,100,"sd","13:04:51",2076800
19600,-400,400,"sd","13:04:51",2076700
19600,-400,600,"sd","13:04:51",2076300
19600,-400,1400,"sd","13:04:51",2075700
19600,-400,2000,"sd","13:04:47",2074300
19600,-400,200,"sd","13:04:34",2072300
19600,-400,400,"sd","13:04:32",2072100
19600,-400,100,"sd","13:04:22",2071700
19600,-400,3000,"sd","13:04:19",2071600
19600,-400,500,"sd","13:04:12",2068600
19600,-400,400,"sd","13:04:10",2068100
19600,-400,600,"sd","13:04:10",2067700
19600,-400,100,"sd","13:04:03",2067100
19600,-400,500,"sd","13:03:57",2067000
19600,-400,800,"sd","13:03:49",2066500
19600,-400,100,"sd","13:03:49",2065700
19600,-400,100,"sd","13:03:49",2065600
19600,-400,500,"sd","13:03:46",2065500
19600,-400,2000,"sd","13:03:41",2065000
19600,-400,500,"sd","13:03:34",2063000
19600,-400,2000,"bu","13:03:31",2062500
19600,-400,2100,"bu","13:03:31",2060500
19600,-400,2800,"bu","13:03:31",2058400
19600,-400,2000,"bu","13:03:22",2055600
19550,-450,100,"sd","13:03:20",2053600
19600,-400,2000,"sd","13:03:13",2053500
19600,-400,500,"sd","13:03:13",2051500
19600,-400,1000,"sd","13:03:13",2051000
19600,-400,100,"sd","13:03:13",2050000
19600,-400,1600,"sd","13:03:13",2049900
19600,-400,500,"sd","13:02:41",2048300
19600,-400,200,"sd","13:02:41",2047800
19600,-400,1000,"sd","13:02:41",2047600
19600,-400,1000,"sd","13:02:37",2046600
19600,-400,100,"sd","13:02:36",2045600
19600,-400,500,"sd","13:02:33",2045500
19600,-400,100,"sd","13:02:30",2045000
19600,-400,400,"sd","13:02:30",2044900
19600,-400,5000,"sd","13:02:30",2044500
19600,-400,300,"sd","13:02:26",2039500
19600,-400,1500,"sd","13:02:24",2039200
19600,-400,3000,"sd","13:01:58",2037700
19600,-400,3500,"sd","13:01:51",2034700
19600,-400,400,"bu","13:01:40",2031200
19600,-400,5900,"bu","13:01:40",2030800
19550,-450,100,"sd","13:01:32",2024900
19600,-400,500,"bu","13:01:31",2024800
19600,-400,100,"sd","13:01:30",2024300
19600,-400,10000,"sd","13:01:30",2024200
19600,-400,100,"sd","13:01:30",2014200
19600,-400,2000,"sd","13:01:30",2014100
19600,-400,100,"sd","13:01:30",2012100
19600,-400,11300,"sd","13:01:30",2012000
19600,-400,400,"sd","13:01:27",2000700
19600,-400,600,"sd","13:01:16",2000300
19600,-400,500,"sd","13:01:10",1999700
19600,-400,200,"sd","13:01:04",1999200
19600,-400,100,"sd","13:00:57",1999000
19650,-350,500,"bu","13:00:55",1998900
19600,-400,3500,"sd","13:00:54",1998400
19600,-400,13400,"sd","13:00:49",1994900
19600,-400,10000,"sd","13:00:49",1981500
19600,-400,2000,"sd","13:00:49",1971500
19600,-400,200,"sd","13:00:49",1969500
19600,-400,300,"sd","13:00:49",1969300
19600,-400,300,"sd","13:00:49",1969000
19600,-400,5000,"sd","13:00:49",1968700
19600,-400,200,"sd","13:00:49",1963700
19600,-400,100,"sd","13:00:49",1963500
19600,-400,500,"sd","13:00:49",1963400
19600,-400,100,"sd","13:00:49",1962900
19600,-400,500,"sd","13:00:49",1962800
19600,-400,3500,"sd","13:00:49",1962300
19600,-400,500,"sd","13:00:49",1958800
19600,-400,500,"sd","13:00:49",1958300
19600,-400,500,"sd","13:00:49",1957800
19600,-400,200,"sd","13:00:49",1957300
19600,-400,10000,"sd","13:00:49",1957100
19600,-400,1000,"sd","13:00:49",1947100
19600,-400,100,"sd","13:00:49",1946100
19600,-400,1000,"sd","13:00:49",1946000
19600,-400,100,"sd","13:00:49",1945000
19600,-400,100,"sd","13:00:45",1944900
19600,-400,200,"sd","13:00:45",1944800
19600,-400,1800,"sd","13:00:45",1944600
19600,-400,100,"sd","13:00:45",1942800
19600,-400,700,"sd","13:00:45",1942700
19600,-400,500,"sd","13:00:45",1942000
19600,-400,6600,"sd","13:00:45",1941500
19650,-350,100,"bu","13:00:30",1934900
19650,-350,200,"sd","13:00:30",1934800
19650,-350,3800,"sd","13:00:30",1934600
19650,-350,100,"bu","13:00:25",1930800
19650,-350,500,"bu","13:00:25",1930700
19650,-350,100,"bu","13:00:25",1930200
19650,-350,100,"bu","13:00:22",1930100
19600,-400,1000,"sd","13:00:21",1930000
19650,-350,200,"sd","13:00:19",1929000
19650,-350,100,"sd","13:00:19",1928800
19650,-350,1500,"sd","13:00:18",1928700
19650,-350,600,"sd","13:00:12",1927200
19650,-350,200,"sd","13:00:10",1926600
19650,-350,100,"sd","13:00:10",1926400
19650,-350,100,"sd","13:00:09",1926300
19650,-350,100,"sd","13:00:08",1926200
19650,-350,1000,"sd","13:00:02",1926100
19650,-350,2000,"sd","13:00:02",1925100
19650,-350,200,"sd","13:00:02",1923100
19650,-350,300,"sd","13:00:02",1922900
19700,-300,200,"bu","13:00:01",1922600
19650,-350,600,"sd","13:00:00",1922400
19650,-350,3100,"sd","13:00:00",1921800
19700,-300,2500,"sd","13:00:00",1918700
19650,-350,200,"sd","13:00:00",1916200
19700,-300,900,"sd","13:00:00",1916000
19700,-300,6600,"sd","13:00:00",1915100
19700,-300,300,"sd","13:00:00",1908500
19700,-300,600,"sd","13:00:00",1908200
19700,-300,2000,"sd","12:59:59",1907600
19700,-300,25000,"sd","12:59:59",1905600
19700,-300,10000,"sd","12:59:59",1880600
19700,-300,3500,"sd","12:59:59",1870600
19650,-350,500,"sd","12:59:59",1867100
19650,-350,1400,"sd","12:59:59",1866600
19650,-350,2000,"sd","12:59:59",1865200
19650,-350,100,"sd","12:59:59",1863200
19650,-350,200,"sd","12:59:59",1863100
19650,-350,100,"sd","12:59:59",1862900
19650,-350,100,"sd","12:59:59",1862800
19650,-350,800,"sd","12:59:59",1862700
19700,-300,1500,"bu","11:29:58",1861900
19700,-300,600,"bu","11:29:58",1860400
19700,-300,900,"bu","11:29:58",1859800
19700,-300,100,"bu","11:28:49",1858900
19650,-350,500,"sd","11:27:29",1858800
19650,-350,400,"sd","11:26:15",1858300
19650,-350,1600,"sd","11:26:15",1857900
19650,-350,900,"sd","11:24:55",1856300
19650,-350,1100,"sd","11:24:55",1855400
19650,-350,2000,"sd","11:24:32",1854300
19650,-350,800,"sd","11:23:25",1852300
19650,-350,1000,"sd","11:22:52",1851500
19650,-350,200,"bu","11:22:26",1850500
19650,-350,14900,"bu","11:22:26",1850300
19650,-350,100,"bu","11:22:25",1835400
19650,-350,500,"bu","11:22:06",1835300
19650,-350,100,"bu","11:21:57",1834800
19600,-400,1000,"sd","11:21:18",1834700
19600,-400,500,"sd","11:21:08",1833700
19600,-400,300,"sd","11:20:16",1833200
19600,-400,1000,"sd","11:18:51",1832900
19600,-400,100,"sd","11:18:45",1831900
19650,-350,200,"bu","11:18:40",1831800
19650,-350,100,"bu","11:18:26",1831600
19600,-400,9000,"sd","11:18:25",1831500
19650,-350,100,"bu","11:17:58",1822500
19600,-400,500,"bu","11:17:35",1822400
19600,-400,100,"sd","11:17:32",1821900
19600,-400,100,"sd","11:17:32",1821800
19600,-400,500,"sd","11:17:32",1821700
19600,-400,1000,"sd","11:17:32",1821200
19600,-400,500,"sd","11:17:32",1820200
19600,-400,4500,"sd","11:17:25",1819700
19600,-400,100,"sd","11:17:25",1815200
19600,-400,1000,"sd","11:17:25",1815100
19600,-400,1000,"sd","11:17:25",1814100
19600,-400,2000,"sd","11:17:25",1813100
19600,-400,200,"sd","11:17:25",1811100
19600,-400,500,"sd","11:17:25",1810900
19600,-400,100,"sd","11:17:25",1810400
19600,-400,1000,"sd","11:17:25",1810300
19600,-400,1500,"sd","11:17:25",1809300
19600,-400,500,"sd","11:17:25",1807800
19600,-400,100,"sd","11:17:25",1807300
19600,-400,300,"sd","11:17:25",1807200
19600,-400,100,"sd","11:17:25",1806900
19600,-400,500,"sd","11:17:25",1806800
19600,-400,200,"sd","11:17:25",1806300
19600,-400,500,"sd","11:17:25",1806100
19600,-400,500,"sd","11:17:25",1805600
19600,-400,100,"sd","11:17:25",1805100
19600,-400,500,"sd","11:17:25",1805000
19600,-400,200,"sd","11:17:25",1804500
19600,-400,200,"sd","11:17:25",1804300
19600,-400,100,"sd","11:17:25",1804100
19600,-400,500,"sd","11:17:25",1804000
19600,-400,100,"sd","11:17:25",1803500
19600,-400,200,"sd","11:17:25",1803400
19600,-400,200,"sd","11:17:25",1803200
19600,-400,1000,"sd","11:17:25",1803000
19600,-400,1000,"sd","11:17:25",1802000
19600,-400,1300,"sd","11:17:25",1801000
19650,-350,2000,"bu","11:17:24",1799700
19650,-350,100,"bu","11:17:08",1797700
19650,-350,200,"bu","11:16:31",1797600
19650,-350,100,"bu","11:16:31",1797400
19600,-400,700,"sd","11:16:27",1797300
19600,-400,500,"sd","11:16:27",1796600
19600,-400,1000,"sd","11:16:27",1796100
19600,-400,800,"sd","11:16:27",1795100
19600,-400,400,"sd","11:16:27",1794300
19600,-400,3800,"sd","11:16:17",1793900
19600,-400,500,"sd","11:16:17",1790100
19600,-400,700,"sd","11:16:17",1789600
19600,-400,300,"sd","11:16:07",1788900
19600,-400,2000,"sd","11:16:07",1788600
19600,-400,100,"sd","11:16:07",1786600
19600,-400,600,"sd","11:16:07",1786500
19600,-400,1200,"sd","11:16:04",1785900
19600,-400,300,"sd","11:15:25",1784700
19650,-350,200,"bu","11:15:19",1784400
19600,-400,900,"sd","11:15:18",1784200
19600,-400,2000,"sd","11:15:18",1783300
19600,-400,400,"sd","11:15:18",1781300
19600,-400,300,"sd","11:15:18",1780900
19600,-400,4900,"sd","11:15:18",1780600
19600,-400,30000,"sd","11:15:08",1775700
19600,-400,15100,"sd","11:14:58",1745700
19600,-400,100,"sd","11:14:58",1730600
19600,-400,100,"sd","11:14:58",1730500
19600,-400,100,"sd","11:14:58",1730400
19600,-400,4600,"sd","11:14:58",1730300
19600,-400,400,"sd","11:13:59",1725700
19600,-400,1600,"sd","11:13:59",1725300
19650,-350,2500,"bu","11:13:56",1723700
19650,-350,200,"bu","11:12:37",1721200
19650,-350,4100,"bu","11:12:26",1721000
19650,-350,900,"bu","11:12:26",1716900
19650,-350,100,"bu","11:12:20",1716000
19650,-350,400,"sd","11:11:50",1715900
19650,-350,1600,"sd","11:11:30",1715500
19650,-350,100,"sd","11:11:30",1713900
19650,-350,400,"sd","11:11:30",1713800
19650,-350,300,"sd","11:11:30",1713400
19650,-350,600,"sd","11:11:30",1713100
19650,-350,5000,"sd","11:11:15",1712500
19650,-350,300,"sd","11:11:14",1707500
19650,-350,4100,"sd","11:11:05",1707200
19650,-350,1000,"sd","11:11:05",1703100
19650,-350,2000,"sd","11:11:05",1702100
19650,-350,100,"sd","11:11:05",1700100
19650,-350,500,"sd","11:11:05",1700000
19650,-350,300,"sd","11:11:05",1699500
19650,-350,200,"sd","11:10:59",1699200
19650,-350,100,"sd","11:10:59",1699000
19650,-350,300,"bu","11:09:37",1698900
19650,-350,100,"bu","11:09:37",1698600
19650,-350,100,"bu","11:09:28",1698500
19600,-400,900,"sd","11:09:19",1698400
19600,-400,100,"sd","11:09:19",1697500
19600,-400,400,"sd","11:08:44",1697400
19600,-400,600,"sd","11:08:44",1697000
19650,-350,1000,"bu","11:08:29",1696400
19650,-350,1000,"bu","11:08:28",1695400
19600,-400,2900,"sd","11:08:19",1694400
19650,-350,2800,"bu","11:08:18",1691500
19650,-350,100,"bu","11:08:18",1688700
19650,-350,700,"bu","11:08:18",1688600
19650,-350,1100,"bu","11:08:18",1687900
19600,-400,1000,"sd","11:08:10",1686800
19650,-350,5700,"bu","11:08:08",1685800
19600,-400,100,"sd","11:07:35",1680100
19600,-400,400,"sd","11:07:21",1680000
19600,-400,100,"sd","11:07:21",1679600
19650,-350,500,"bu","11:07:04",1679500
19650,-350,500,"bu","11:06:58",1679000
19650,-350,500,"bu","11:06:50",1678500
19650,-350,500,"bu","11:06:24",1678000
19650,-350,1200,"bu","11:06:22",1677500
19650,-350,2000,"sd","11:05:59",1676300
19650,-350,1000,"sd","11:05:59",1674300
19650,-350,1000,"sd","11:05:59",1673300
19650,-350,200,"sd","11:05:59",1672300
19650,-350,500,"sd","11:05:59",1672100
19650,-350,300,"sd","11:05:59",1671600
19650,-350,200,"sd","11:05:59",1671300
19650,-350,1100,"sd","11:05:59",1671100
19650,-350,6000,"sd","11:05:59",1670000
19650,-350,9200,"sd","11:05:59",1664000
19650,-350,20000,"sd","11:05:57",1654800
19650,-350,4300,"sd","11:05:49",1634800
19650,-350,16500,"sd","11:05:46",1630500
19650,-350,3000,"sd","11:05:46",1614000
19650,-350,500,"sd","11:05:46",1611000
19700,-300,200,"bu","11:05:12",1610500
19700,-300,200,"bu","11:05:04",1610300
19700,-300,100,"bu","11:04:07",1610100
19700,-300,600,"bu","11:03:50",1610000
19700,-300,1000,"bu","11:03:24",1609400
19700,-300,2000,"bu","11:03:16",1608400
19700,-300,1000,"sd","11:02:36",1606400
19700,-300,500,"sd","11:02:36",1605400
19700,-300,100,"sd","11:01:59",1604900
19700,-300,200,"sd","11:01:59",1604800
19700,-300,1100,"sd","11:01:59",1604600
19700,-300,1000,"sd","11:01:37",1603500
19700,-300,200,"bu","11:01:18",1602500
19700,-300,10900,"bu","11:01:18",1602300
19700,-300,2300,"bu","11:01:18",1591400
19700,-300,200,"bu","11:01:09",1589100
19700,-300,300,"bu","11:01:06",1588900
19700,-300,1000,"bu","11:00:57",1588600
19700,-300,200,"sd","11:00:48",1587600
19700,-300,1000,"sd","11:00:48",1587400
19700,-300,1000,"sd","11:00:48",1586400
19700,-300,3000,"sd","11:00:46",1585400
19700,-300,8000,"sd","11:00:46",1582400
19700,-300,2000,"sd","11:00:46",1574400
19700,-300,500,"sd","11:00:46",1572400
19700,-300,400,"sd","11:00:46",1571900
19700,-300,1000,"sd","11:00:46",1571500
19700,-300,300,"sd","11:00:46",1570500
19700,-300,1000,"sd","11:00:46",1570200
19700,-300,300,"sd","11:00:46",1569200
19700,-300,900,"sd","11:00:46",1568900
19700,-300,5000,"sd","11:00:46",1568000
19700,-300,500,"sd","11:00:46",1563000
19700,-300,100,"sd","11:00:46",1562500
19700,-300,200,"sd","11:00:46",1562400
19700,-300,1800,"sd","11:00:46",1562200
19700,-300,3300,"sd","11:00:46",1560400
19700,-300,200,"sd","11:00:46",1557100
19700,-300,1000,"sd","11:00:46",1556900
19700,-300,50000,"sd","11:00:46",1555900
19700,-300,200,"sd","11:00:46",1505900
19700,-300,100,"sd","11:00:46",1505700
19700,-300,5000,"sd","11:00:46",1505600
19700,-300,4000,"sd","11:00:46",1500600
19700,-300,300,"sd","11:00:46",1496600
19700,-300,5000,"sd","11:00:46",1496300
19700,-300,2000,"sd","11:00:46",1491300
19700,-300,300,"sd","11:00:46",1489300
19700,-300,500,"sd","11:00:46",1489000
19700,-300,300,"sd","11:00:46",1488500
19700,-300,2800,"sd","11:00:46",1488200
19750,-250,300,"bu","11:00:46",1485400
19700,-300,200,"sd","11:00:33",1485100
19750,-250,200,"sd","10:59:39",1484900
19750,-250,400,"sd","10:59:39",1484700
19750,-250,100,"sd","10:59:38",1484300
19750,-250,1000,"sd","10:59:38",1484200
19750,-250,700,"sd","10:59:38",1483200
19750,-250,400,"sd","10:58:51",1482500
19750,-250,500,"sd","10:58:51",1482100
19750,-250,6400,"sd","10:58:51",1481600
19750,-250,1600,"sd","10:58:51",1475200
19750,-250,4300,"sd","10:58:51",1473600
19750,-250,100,"sd","10:58:51",1469300
19750,-250,100,"sd","10:58:51",1469200
19750,-250,100,"sd","10:58:51",1469100
19750,-250,500,"sd","10:58:51",1469000
19750,-250,400,"sd","10:58:51",1468500
19750,-250,1000,"sd","10:58:51",1468100
19750,-250,2000,"sd","10:58:51",1467100
19750,-250,100,"sd","10:58:51",1465100
19750,-250,100,"sd","10:58:51",1465000
19750,-250,8000,"sd","10:58:51",1464900
19750,-250,100,"sd","10:58:51",1456900
19750,-250,300,"sd","10:58:51",1456800
19750,-250,1000,"sd","10:58:51",1456500
19750,-250,100,"sd","10:58:51",1455500
19750,-250,3000,"sd","10:58:51",1455400
19750,-250,10000,"sd","10:58:51",1452400
19750,-250,100,"sd","10:58:51",1442400
19750,-250,400,"sd","10:58:51",1442300
19750,-250,100,"sd","10:58:51",1441900
19750,-250,300,"sd","10:58:51",1441800
19750,-250,100,"sd","10:58:51",1441500
19750,-250,1000,"sd","10:58:51",1441400
19750,-250,2000,"sd","10:58:51",1440400
19750,-250,4000,"sd","10:58:51",1438400
19750,-250,200,"sd","10:58:51",1434400
19750,-250,9500,"sd","10:58:51",1434200
19750,-250,500,"sd","10:58:51",1424700
19750,-250,100,"sd","10:58:51",1424200
19750,-250,50000,"sd","10:58:51",1424100
19750,-250,10000,"sd","10:58:51",1374100
19750,-250,500,"sd","10:58:51",1364100
19750,-250,500,"sd","10:58:51",1363600
19750,-250,100,"sd","10:58:51",1363100
19750,-250,300,"sd","10:58:51",1363000
19750,-250,100,"sd","10:58:51",1362700
19750,-250,200,"sd","10:58:51",1362600
19750,-250,4000,"sd","10:58:51",1362400
19750,-250,10000,"sd","10:58:51",1358400
19750,-250,1000,"sd","10:58:51",1348400
19750,-250,1000,"sd","10:58:51",1347400
19750,-250,400,"sd","10:58:51",1346400
19750,-250,900,"sd","10:58:51",1346000
19750,-250,500,"sd","10:58:51",1345100
19750,-250,1000,"sd","10:58:51",1344600
19750,-250,11100,"sd","10:58:51",1343600
19750,-250,5000,"sd","10:58:32",1332500
19800,-200,500,"bu","10:57:38",1327500
19800,-200,1000,"bu","10:56:24",1327000
19800,-200,2000,"bu","10:55:48",1326000
19800,-200,2500,"bu","10:55:17",1324000
19800,-200,2000,"bu","10:53:54",1321500
19800,-200,3800,"bu","10:53:43",1319500
19800,-200,2800,"bu","10:53:43",1315700
19800,-200,100,"bu","10:53:05",1312900
19800,-200,100,"sd","10:51:11",1312800
19800,-200,1000,"sd","10:51:01",1312700
19800,-200,200,"sd","10:51:01",1311700
19800,-200,9800,"sd","10:50:57",1311500
19800,-200,2500,"sd","10:50:57",1301700
19800,-200,700,"sd","10:50:57",1299200
19800,-200,1700,"sd","10:50:57",1298500
19800,-200,200,"sd","10:50:57",1296800
19800,-200,5100,"sd","10:50:57",1296600
19800,-200,9600,"sd","10:50:50",1291500
19800,-200,200,"sd","10:50:50",1281900
19800,-200,200,"sd","10:50:50",1281700
19800,-200,4800,"sd","10:50:48",1281500
19800,-200,1000,"sd","10:50:48",1276700
19800,-200,1000,"sd","10:50:48",1275700
19800,-200,500,"sd","10:50:48",1274700
19800,-200,1000,"sd","10:50:48",1274200
19800,-200,200,"sd","10:50:48",1273200
19800,-200,1000,"sd","10:50:48",1273000
19800,-200,500,"sd","10:50:48",1272000
19800,-200,500,"sd","10:50:45",1271500
19800,-200,500,"sd","10:50:45",1271000
19800,-200,1000,"sd","10:50:34",1270500
19800,-200,300,"sd","10:50:34",1269500
19800,-200,1000,"sd","10:50:34",1269200
19800,-200,1500,"sd","10:50:34",1268200
19800,-200,1000,"sd","10:50:34",1266700
19800,-200,200,"sd","10:50:34",1265700
19800,-200,1400,"sd","10:50:17",1265500
19800,-200,100,"sd","10:50:17",1264100
19800,-200,300,"sd","10:50:17",1264000
19800,-200,500,"sd","10:50:17",1263700
19800,-200,100,"sd","10:50:17",1263200
19800,-200,100,"sd","10:50:17",1263100
19800,-200,200,"sd","10:50:17",1263000
19800,-200,2000,"sd","10:50:17",1262800
19800,-200,300,"sd","10:50:17",1260800
19800,-200,5000,"sd","10:49:44",1260500
19850,-150,200,"bu","10:49:44",1255500
19850,-150,100,"bu","10:49:03",1255300
19800,-200,5000,"sd","10:48:56",1255200
19800,-200,2100,"sd","10:48:04",1250200
19800,-200,2500,"sd","10:47:56",1248100
19800,-200,2500,"sd","10:47:56",1245600
19800,-200,1400,"sd","10:47:50",1243100
19800,-200,300,"sd","10:47:46",1241700
19800,-200,800,"sd","10:47:40",1241400
19800,-200,1200,"sd","10:47:40",1240600
19800,-200,100,"sd","10:47:40",1239400
19800,-200,100,"sd","10:47:40",1239300
19800,-200,2200,"sd","10:47:40",1239200
19800,-200,1000,"sd","10:47:40",1237000
19800,-200,600,"sd","10:47:40",1236000
19800,-200,8400,"sd","10:44:42",1235400
19800,-200,2000,"sd","10:44:42",1227000
19800,-200,100,"sd","10:44:42",1225000
19800,-200,100,"sd","10:44:42",1224900
19800,-200,6600,"sd","10:44:42",1224800
19850,-150,1400,"bu","10:44:17",1218200
19800,-200,200,"sd","10:43:12",1216800
19800,-200,1000,"sd","10:43:02",1216600
19850,-150,600,"bu","10:41:53",1215600
19850,-150,600,"bu","10:41:22",1215000
19850,-150,7100,"bu","10:39:50",1214400
19850,-150,2000,"bu","10:39:50",1207300
19850,-150,9600,"bu","10:39:50",1205300
19850,-150,100,"bu","10:39:49",1195700
19850,-150,100,"bu","10:39:21",1195600
19850,-150,500,"bu","10:39:21",1195500
19850,-150,2100,"bu","10:39:21",1195000
19850,-150,300,"bu","10:39:21",1192900
19800,-200,100,"sd","10:39:18",1192600
19850,-150,1200,"bu","10:38:58",1192500
19800,-200,200,"sd","10:38:52",1191300
19850,-150,1000,"bu","10:37:56",1191100
19800,-200,100,"sd","10:37:56",1190100
19800,-200,1800,"sd","10:37:52",1190000
19800,-200,500,"sd","10:37:52",1188200
19800,-200,2000,"sd","10:37:52",1187700
19800,-200,200,"sd","10:37:52",1185700
19800,-200,100,"sd","10:37:52",1185500
19800,-200,1000,"sd","10:37:52",1185400
19800,-200,200,"sd","10:37:52",1184400
19800,-200,4200,"sd","10:37:52",1184200
19800,-200,2000,"sd","10:37:35",1180000
19800,-200,300,"sd","10:35:49",1178000
19800,-200,200,"sd","10:35:02",1177700
19800,-200,100,"sd","10:34:43",1177500
19850,-150,600,"bu","10:34:16",1177400
19850,-150,500,"bu","10:34:01",1176800
19850,-150,500,"bu","10:33:34",1176300
19850,-150,4100,"bu","10:33:23",1175800
19850,-150,900,"bu","10:33:23",1171700
19850,-150,100,"bu","10:32:45",1170800
19850,-150,500,"sd","10:32:31",1170700
19850,-150,500,"sd","10:32:29",1170200
19850,-150,500,"sd","10:32:27",1169700
19850,-150,200,"bu","10:31:37",1169200
19850,-150,3300,"bu","10:31:37",1169000
19850,-150,500,"bu","10:31:32",1165700
19850,-150,200,"bu","10:30:59",1165200
19850,-150,6000,"bu","10:29:50",1165000
19850,-150,200,"bu","10:29:50",1159000
19800,-200,3200,"sd","10:28:09",1158800
19800,-200,1000,"sd","10:28:09",1155600
19800,-200,100,"sd","10:28:09",1154600
19800,-200,2000,"sd","10:28:09",1154500
19800,-200,700,"sd","10:28:09",1152500
19800,-200,200,"sd","10:28:09",1151800
19800,-200,7800,"sd","10:28:09",1151600
19800,-200,2000,"sd","10:28:09",1143800
19800,-200,4300,"sd","10:28:09",1141800
19800,-200,10000,"sd","10:28:09",1137500
19800,-200,200,"sd","10:28:09",1127500
19800,-200,200,"sd","10:28:09",1127300
19800,-200,200,"sd","10:28:09",1127100
19800,-200,500,"sd","10:28:09",1126900
19800,-200,1500,"sd","10:28:09",1126400
19800,-200,500,"sd","10:28:09",1124900
19800,-200,1000,"sd","10:28:09",1124400
19850,-150,300,"sd","10:28:09",1123400
19850,-150,2300,"sd","10:28:09",1123100
19850,-150,500,"sd","10:27:57",1120800
19850,-150,2000,"sd","10:27:54",1120300
19850,-150,200,"sd","10:27:49",1118300
19850,-150,1700,"sd","10:27:49",1118100
19850,-150,100,"sd","10:27:49",1116400
19850,-150,900,"sd","10:27:45",1116300
19850,-150,400,"sd","10:27:45",1115400
19850,-150,700,"sd","10:27:45",1115000
19850,-150,500,"sd","10:26:30",1114300
19850,-150,500,"sd","10:26:23",1113800
19850,-150,300,"sd","10:26:12",1113300
19850,-150,1000,"sd","10:26:12",1113000
19850,-150,100,"sd","10:26:12",1112000
19850,-150,100,"sd","10:26:12",1111900
19850,-150,500,"sd","10:26:12",1111800
19850,-150,500,"sd","10:26:10",1111300
19850,-150,300,"sd","10:26:01",1110800
19850,-150,500,"sd","10:25:43",1110500
19850,-150,200,"sd","10:25:02",1110000
19850,-150,1600,"sd","10:25:02",1109800
19850,-150,200,"sd","10:25:02",1108200
19850,-150,1800,"sd","10:24:53",1108000
19850,-150,200,"sd","10:24:53",1106200
19850,-150,100,"sd","10:24:43",1106000
19850,-150,1700,"sd","10:24:25",1105900
19850,-150,100,"sd","10:24:25",1104200
19850,-150,1000,"sd","10:24:25",1104100
19850,-150,500,"sd","10:24:25",1103100
19850,-150,500,"sd","10:24:25",1102600
19850,-150,700,"sd","10:24:25",1102100
19850,-150,2000,"sd","10:23:56",1101400
19850,-150,2300,"sd","10:23:46",1099400
19850,-150,700,"sd","10:23:46",1097100
19850,-150,100,"sd","10:23:42",1096400
19850,-150,1000,"sd","10:23:42",1096300
19850,-150,100,"sd","10:23:42",1095300
19850,-150,300,"sd","10:23:42",1095200
19850,-150,800,"sd","10:23:42",1094900
19850,-150,400,"sd","10:23:42",1094100
19850,-150,300,"sd","10:23:42",1093700
19850,-150,700,"sd","10:23:07",1093400
19850,-150,200,"sd","10:23:07",1092700
19900,-100,1500,"bu","10:23:03",1092500
19900,-100,700,"bu","10:23:03",1091000
19900,-100,800,"bu","10:23:03",1090300
19900,-100,100,"bu","10:22:28",1089500
19900,-100,300,"bu","10:22:16",1089400
19850,-150,700,"sd","10:21:56",1089100
19850,-150,2300,"sd","10:21:56",1088400
19850,-150,700,"sd","10:21:52",1086100
19850,-150,500,"sd","10:21:52",1085400
19850,-150,100,"sd","10:21:52",1084900
19850,-150,1700,"sd","10:21:52",1084800
19900,-100,300,"bu","10:21:37",1083100
19850,-150,1300,"bu","10:20:33",1082800
19850,-150,200,"bu","10:20:12",1081500
19850,-150,500,"bu","10:20:10",1081300
19850,-150,200,"sd","10:19:47",1080800
19850,-150,800,"sd","10:19:47",1080600
19850,-150,200,"sd","10:19:41",1079800
19850,-150,500,"sd","10:19:41",1079600
19850,-150,1600,"sd","10:19:41",1079100
19850,-150,1700,"sd","10:19:41",1077500
19850,-150,3500,"sd","10:19:38",1075800
19850,-150,5000,"sd","10:19:38",1072300
19850,-150,100,"sd","10:19:38",1067300
19850,-150,1400,"sd","10:19:38",1067200
19850,-150,5000,"sd","10:19:13",1065800
19850,-150,300,"sd","10:18:59",1060800
19850,-150,1000,"sd","10:18:17",1060500
19900,-100,1500,"bu","10:18:07",1059500
19900,-100,2000,"bu","10:18:01",1058000
19900,-100,100,"bu","10:18:01",1056000
19900,-100,200,"bu","10:18:01",1055900
19900,-100,2700,"bu","10:18:01",1055700
19900,-100,1000,"bu","10:17:57",1053000
19900,-100,100,"bu","10:17:44",1052000
19900,-100,200,"bu","10:17:34",1051900
19900,-100,600,"bu","10:17:17",1051700
19850,-150,4800,"sd","10:16:59",1051100
19850,-150,9000,"sd","10:16:59",1046300
19850,-150,1000,"sd","10:16:59",1037300
19850,-150,5200,"sd","10:16:59",1036300
19850,-150,2000,"sd","10:16:49",1031100
19850,-150,800,"sd","10:16:24",1029100
19850,-150,100,"sd","10:16:20",1028300
19900,-100,300,"bu","10:16:17",1028200
19850,-150,5900,"bu","10:15:22",1027900
19850,-150,1000,"bu","10:15:15",1022000
19800,-200,900,"sd","10:15:12",1021000
19800,-200,100,"sd","10:14:40",1020100
19800,-200,600,"sd","10:14:40",1020000
19800,-200,1900,"sd","10:14:40",1019400
19850,-150,400,"bu","10:14:39",1017500
19850,-150,600,"bu","10:14:39",1017100
19850,-150,500,"bu","10:13:43",1016500
19850,-150,100,"bu","10:13:42",1016000
19850,-150,100,"bu","10:13:33",1015900
19850,-150,200,"sd","10:13:06",1015800
19850,-150,500,"sd","10:13:06",1015600
19800,-200,3000,"sd","10:11:55",1015100
19850,-150,500,"sd","10:11:55",1012100
19900,-100,100,"bu","10:11:54",1011600
19900,-100,3900,"bu","10:11:54",1011500
19850,-150,1000,"bu","10:11:49",1007600
19850,-150,600,"bu","10:11:49",1006600
19850,-150,900,"bu","10:11:49",1006000
19850,-150,2000,"bu","10:11:46",1005100
19800,-200,100,"sd","10:11:42",1003100
19850,-150,2000,"bu","10:11:11",1003000
19850,-150,900,"sd","10:11:11",1001000
19850,-150,1500,"sd","10:11:11",1000100
19900,-100,100,"bu","10:11:07",998600
19850,-150,500,"sd","10:11:01",998500
19850,-150,100,"sd","10:11:01",998000
19850,-150,3000,"sd","10:11:01",997900
19850,-150,1400,"sd","10:11:01",994900
19850,-150,2600,"sd","10:10:39",993500
19850,-150,5000,"sd","10:10:39",990900
19850,-150,22400,"sd","10:10:39",985900
19850,-150,2600,"sd","10:10:39",963500
19850,-150,12400,"sd","10:10:39",960900
19850,-150,7600,"sd","10:10:24",948500
19850,-150,2400,"sd","10:10:24",940900
19900,-100,1000,"bu","10:10:07",938500
19900,-100,700,"bu","10:10:07",937500
19850,-150,2600,"sd","10:10:03",936800
19850,-150,7400,"sd","10:10:03",934200
19900,-100,100,"bu","10:09:20",926800
19900,-100,400,"bu","10:07:15",926700
19900,-100,200,"bu","10:07:07",926300
19900,-100,600,"bu","10:06:49",926100
19900,-100,200,"bu","10:06:49",925500
19850,-150,500,"sd","10:06:42",925300
19900,-100,2800,"bu","10:06:21",924800
19900,-100,1500,"bu","10:06:21",922000
19850,-150,2100,"sd","10:05:46",920500
19850,-150,600,"sd","10:05:46",918400
19850,-150,2300,"sd","10:05:46",917800
19850,-150,4600,"sd","10:05:43",915500
19850,-150,400,"sd","10:05:43",910900
19900,-100,1000,"bu","10:05:35",910500
19900,-100,400,"bu","10:04:03",909500
19850,-150,1600,"sd","10:03:41",909100
19850,-150,300,"sd","10:03:41",907500
19850,-150,200,"sd","10:03:41",907200
19850,-150,100,"sd","10:03:41",907000
19850,-150,500,"sd","10:03:37",906900
19850,-150,400,"sd","10:03:29",906400
19850,-150,400,"sd","10:03:29",906000
19850,-150,3000,"sd","10:03:29",905600
19850,-150,1200,"sd","10:03:29",902600
19850,-150,800,"sd","10:03:12",901400
19850,-150,100,"sd","10:03:12",900600
19850,-150,100,"sd","10:03:12",900500
19850,-150,500,"sd","10:03:12",900400
19850,-150,3000,"sd","10:03:12",899900
19850,-150,10000,"sd","10:03:12",896900
19850,-150,500,"sd","10:03:12",886900
19900,-100,200,"bu","10:02:17",886400
19900,-100,5000,"bu","10:02:13",886200
19900,-100,300,"bu","10:01:22",881200
19900,-100,100,"bu","10:00:36",880900
19900,-100,2000,"sd","09:59:41",880800
19900,-100,1000,"bu","09:59:38",878800
19900,-100,1100,"bu","09:59:38",877800
19900,-100,1000,"bu","09:59:08",876700
19900,-100,300,"bu","09:58:58",875700
19900,-100,400,"sd","09:58:58",875400
19900,-100,5000,"sd","09:58:58",875000
19900,-100,1000,"sd","09:58:58",870000
19900,-100,5000,"sd","09:58:58",869000
19900,-100,200,"sd","09:58:58",864000
19900,-100,500,"sd","09:58:58",863800
19900,-100,100,"sd","09:58:58",863300
19900,-100,400,"sd","09:58:58",863200
19900,-100,500,"sd","09:58:38",862800
19950,-50,1000,"bu","09:58:37",862300
19900,-100,5000,"sd","09:58:12",861300
19950,-50,1000,"bu","09:57:39",856300
19950,-50,800,"sd","09:56:45",855300
19950,-50,500,"sd","09:56:32",854500
19950,-50,200,"sd","09:56:31",854000
19950,-50,500,"bu","09:56:19",853800
19950,-50,500,"bu","09:56:10",853300
19950,-50,3100,"bu","09:54:54",852800
19950,-50,5900,"bu","09:54:48",849700
19950,-50,1000,"bu","09:54:48",843800
19950,-50,1200,"bu","09:54:48",842800
19950,-50,1900,"bu","09:54:48",841600
19950,-50,100,"bu","09:53:58",839700
19950,-50,100,"sd","09:53:24",839600
19950,-50,400,"sd","09:53:16",839500
19950,-50,500,"sd","09:53:16",839100
19950,-50,500,"sd","09:53:16",838600
19950,-50,2200,"sd","09:53:16",838100
19950,-50,100,"sd","09:53:16",835900
19950,-50,3300,"sd","09:53:16",835800
19950,-50,1700,"sd","09:52:52",832500
19950,-50,300,"sd","09:52:52",830800
20000,0,100,"bu","09:52:24",830500
20000,0,100,"bu","09:51:52",830400
20000,0,100,"bu","09:51:02",830300
19950,-50,400,"sd","09:50:56",830200
19950,-50,600,"sd","09:50:56",829800
19950,-50,400,"bu","09:49:37",829200
19950,-50,600,"bu","09:49:29",828800
19950,-50,1000,"bu","09:49:29",828200
19950,-50,1000,"bu","09:49:29",827200
19950,-50,1000,"bu","09:49:29",826200
19950,-50,700,"bu","09:49:29",825200
19900,-100,5000,"bu","09:48:59",824500
19900,-100,4800,"bu","09:48:59",819500
19900,-100,100,"bu","09:48:57",814700
19900,-100,100,"bu","09:48:40",814600
19900,-100,2000,"bu","09:48:34",814500
19900,-100,3700,"bu","09:48:02",812500
19900,-100,2000,"bu","09:47:05",808800
19900,-100,2300,"sd","09:46:54",806800
19950,-50,500,"bu","09:46:41",804500
19900,-100,1000,"sd","09:46:40",804000
19950,-50,800,"bu","09:46:28",803000
19950,-50,1000,"bu","09:46:28",802200
19950,-50,200,"bu","09:46:28",801200
19900,-100,100,"sd","09:46:03",801000
19950,-50,300,"bu","09:45:56",800900
19900,-100,1700,"sd","09:45:55",800600
19900,-100,1000,"sd","09:45:55",798900
19900,-100,5000,"sd","09:45:55",797900
19950,-50,500,"sd","09:45:44",792900
19950,-50,3600,"sd","09:45:44",792400
19950,-50,6000,"sd","09:45:32",788800
19950,-50,400,"sd","09:45:29",782800
19950,-50,100,"sd","09:45:29",782400
19950,-50,2500,"sd","09:45:29",782300
19950,-50,1000,"sd","09:45:29",779800
19950,-50,1000,"sd","09:45:29",778800
19950,-50,500,"sd","09:44:58",777800
20000,0,3500,"bu","09:43:55",777300
19950,-50,1500,"sd","09:43:33",773800
19950,-50,500,"sd","09:43:33",772300
19950,-50,1000,"sd","09:43:08",771800
20000,0,3800,"bu","09:43:05",770800
20000,0,5000,"bu","09:43:05",767000
20000,0,4400,"bu","09:43:05",762000
19950,-50,300,"sd","09:42:59",757600
19950,-50,4500,"sd","09:42:59",757300
19950,-50,100,"sd","09:41:12",752800
19950,-50,100,"sd","09:41:05",752700
19950,-50,5000,"sd","09:40:46",752600
19950,-50,3300,"sd","09:40:46",747600
19950,-50,7000,"bu","09:40:46",744300
19950,-50,100,"bu","09:40:37",737300
19950,-50,9500,"bu","09:40:18",737200
19950,-50,4500,"bu","09:39:52",727700
19950,-50,32000,"bu","09:39:52",723200
19950,-50,2300,"bu","09:39:52",691200
19900,-100,500,"bu","09:39:52",688900
19900,-100,700,"bu","09:39:52",688400
19900,-100,41000,"bu","09:39:52",687700
19900,-100,1000,"bu","09:39:45",646700
19900,-100,500,"bu","09:39:34",645700
19900,-100,13000,"bu","09:39:34",645200
19900,-100,500,"bu","09:39:29",632200
19900,-100,5000,"bu","09:39:28",631700
19900,-100,200,"bu","09:39:18",626700
19900,-100,1000,"bu","09:39:01",626500
19850,-150,500,"sd","09:38:58",625500
19850,-150,700,"sd","09:38:21",625000
19850,-150,300,"sd","09:38:04",624300
19850,-150,500,"sd","09:38:04",624000
19850,-150,9200,"sd","09:38:04",623500
19850,-150,800,"bu","09:37:53",614300
19850,-150,200,"bu","09:37:37",613500
19850,-150,100,"bu","09:37:35",613300
19850,-150,2000,"bu","09:37:29",613200
19800,-200,500,"sd","09:37:28",611200
19850,-150,1300,"sd","09:37:09",610700
19850,-150,100,"sd","09:37:09",609400
19850,-150,100,"sd","09:37:09",609300
19850,-150,400,"sd","09:37:09",609200
19900,-100,1000,"bu","09:37:04",608800
19850,-150,500,"sd","09:36:58",607800
19850,-150,5000,"sd","09:36:51",607300
19850,-150,5000,"sd","09:36:46",602300
19850,-150,100,"bu","09:36:34",597300
19850,-150,2000,"bu","09:36:34",597200
19850,-150,7000,"bu","09:36:34",595200
19850,-150,500,"bu","09:36:34",588200
19850,-150,500,"bu","09:36:31",587700
19850,-150,200,"bu","09:36:27",587200
19800,-200,200,"sd","09:36:27",587000
19800,-200,300,"sd","09:36:27",586800
19850,-150,200,"bu","09:36:24",586500
19850,-150,600,"bu","09:36:15",586300
19850,-150,2000,"bu","09:36:15",585700
19850,-150,400,"bu","09:36:15",583700
19800,-200,5000,"sd","09:36:12",583300
19800,-200,2800,"sd","09:35:58",578300
19800,-200,1000,"sd","09:35:55",575500
19850,-150,600,"bu","09:35:42",574500
19850,-150,100,"bu","09:35:41",573900
19800,-200,100,"sd","09:35:18",573800
19800,-200,800,"bu","09:34:37",573700
19800,-200,1700,"bu","09:34:36",572900
19800,-200,100,"bu","09:34:36",571200
19800,-200,100,"bu","09:34:36",571100
19800,-200,2000,"bu","09:34:36",571000
19800,-200,700,"bu","09:34:36",569000
19800,-200,4000,"bu","09:34:31",568300
19800,-200,100,"bu","09:34:30",564300
19800,-200,100,"bu","09:34:27",564200
19800,-200,100,"bu","09:34:10",564100
19800,-200,200,"bu","09:34:10",564000
19800,-200,5000,"bu","09:33:55",563800
19750,-250,300,"sd","09:33:44",558800
19750,-250,100,"sd","09:33:11",558500
19750,-250,1000,"sd","09:33:08",558400
19750,-250,2100,"sd","09:32:38",557400
19800,-200,1400,"bu","09:32:38",555300
19750,-250,400,"sd","09:32:35",553900
19750,-250,100,"sd","09:32:35",553500
19750,-250,300,"sd","09:32:35",553400
19800,-200,200,"bu","09:32:25",553100
19800,-200,100,"bu","09:32:12",552900
19800,-200,100,"bu","09:31:57",552800
19800,-200,1400,"bu","09:31:57",552700
19800,-200,2500,"bu","09:31:42",551300
19800,-200,800,"bu","09:31:40",548800
19750,-250,500,"sd","09:31:34",548000
19800,-200,100,"bu","09:31:16",547500
19750,-250,2000,"sd","09:30:58",547400
19750,-250,200,"bu","09:30:56",545400
19750,-250,500,"sd","09:30:47",545200
19750,-250,500,"sd","09:30:43",544700
19750,-250,500,"sd","09:30:43",544200
19750,-250,800,"sd","09:30:43",543700
19750,-250,600,"sd","09:30:43",542900
19750,-250,200,"sd","09:30:43",542300
19750,-250,1000,"sd","09:30:43",542100
19750,-250,100,"sd","09:30:43",541100
19750,-250,1300,"sd","09:30:43",541000
19750,-250,700,"sd","09:30:21",539700
19750,-250,100,"sd","09:30:21",539000
19750,-250,1000,"sd","09:30:21",538900
19750,-250,300,"sd","09:30:21",537900
19750,-250,900,"sd","09:30:21",537600
19750,-250,100,"sd","09:30:01",536700
19750,-250,200,"sd","09:30:01",536600
19800,-200,2500,"bu","09:29:29",536400
19750,-250,2200,"sd","09:29:27",533900
19800,-200,500,"bu","09:28:48",531700
19750,-250,400,"sd","09:28:43",531200
19750,-250,600,"sd","09:28:43",530800
19800,-200,600,"bu","09:28:42",530200
19800,-200,100,"bu","09:28:29",529600
19800,-200,100,"bu","09:28:14",529500
19800,-200,2500,"sd","09:27:18",529400
19800,-200,100,"sd","09:27:18",526900
19800,-200,5000,"sd","09:27:18",526800
19800,-200,3800,"sd","09:27:18",521800
19850,-150,900,"sd","09:26:54",518000
19850,-150,1100,"sd","09:26:52",517100
19800,-200,1200,"sd","09:26:20",516000
19800,-200,3000,"sd","09:26:20",514800
19800,-200,1000,"sd","09:26:20",511800
19800,-200,100,"sd","09:26:20",510800
19800,-200,200,"sd","09:26:20",510700
19800,-200,100,"sd","09:26:20",510500
19800,-200,300,"sd","09:26:20",510400
19850,-150,1000,"sd","09:26:20",510100
19850,-150,1000,"sd","09:26:20",509100
19850,-150,1000,"sd","09:26:20",508100
19850,-150,1100,"sd","09:26:20",507100
19900,-100,1000,"bu","09:25:54",506000
19850,-150,1900,"bu","09:25:14",505000
19800,-200,200,"sd","09:25:10",503100
19800,-200,300,"sd","09:25:10",502900
19850,-150,100,"bu","09:25:09",502600
19800,-200,2700,"sd","09:24:59",502500
19800,-200,300,"sd","09:24:59",499800
19900,-100,20000,"bu","09:24:12",499500
19900,-100,1000,"bu","09:24:12",479500
19800,-200,4300,"sd","09:24:07",478500
19800,-200,1000,"sd","09:24:07",474200
19800,-200,100,"sd","09:24:07",473200
19800,-200,1000,"sd","09:24:07",473100
19800,-200,1500,"sd","09:24:07",472100
19800,-200,100,"sd","09:24:07",470600
19800,-200,2000,"sd","09:24:07",470500
19850,-150,1900,"sd","09:23:59",468500
19850,-150,5000,"sd","09:23:59",466600
19850,-150,2000,"sd","09:23:59",461600
19850,-150,300,"sd","09:23:59",459600
19850,-150,800,"sd","09:23:59",459300
19850,-150,900,"sd","09:23:56",458500
19850,-150,200,"sd","09:23:53",457600
19850,-150,100,"sd","09:23:46",457400
19850,-150,10000,"sd","09:23:42",457300
19850,-150,20800,"sd","09:23:37",447300
19850,-150,200,"sd","09:23:37",426500
19900,-100,4900,"sd","09:23:29",426300
19900,-100,14200,"bu","09:23:14",421400
19900,-100,900,"bu","09:23:14",407200
19900,-100,500,"sd","09:23:13",406300
19900,-100,13600,"sd","09:23:13",405800
19900,-100,1000,"sd","09:23:06",392200
19900,-100,20000,"sd","09:23:05",391200
19900,-100,500,"sd","09:23:03",371200
19900,-100,5000,"sd","09:23:02",370700
19900,-100,5000,"sd","09:23:00",365700
19900,-100,4900,"sd","09:22:56",360700
19900,-100,100,"sd","09:22:56",355800
19900,-100,2600,"sd","09:22:53",355700
19900,-100,7200,"sd","09:22:50",353100
19900,-100,100,"sd","09:22:49",345900
19900,-100,4000,"sd","09:22:36",345800
19900,-100,1300,"sd","09:22:27",341800
19900,-100,200,"sd","09:22:21",335700
19900,-100,4800,"sd","09:22:21",340500
19950,-50,100,"bu","09:22:20",335500
19950,-50,6000,"sd","09:22:18",335400
19950,-50,500,"sd","09:22:18",329400
19950,-50,300,"sd","09:22:18",328900
19950,-50,200,"sd","09:22:18",328600
19950,-50,10600,"sd","09:22:18",328400
19950,-50,4500,"sd","09:22:14",317800
19950,-50,4900,"sd","09:22:11",313300
19950,-50,15100,"sd","09:22:11",308400
19950,-50,4900,"sd","09:22:08",293300
19950,-50,5100,"sd","09:22:08",288400
20000,0,500,"bu","09:21:45",283300
20000,0,200,"bu","09:21:19",282800
19950,-50,1900,"sd","09:21:06",282600
20000,0,1200,"bu","09:21:02",280700
20000,0,200,"bu","09:21:02",279500
20000,0,1700,"sd","09:20:44",279300
20000,0,400,"sd","09:20:17",277600
20000,0,2900,"sd","09:20:17",277200
20000,0,1200,"sd","09:20:17",274300
20000,0,15900,"sd","09:20:17",273100
20000,0,2700,"sd","09:20:13",257200
20000,0,100,"sd","09:20:02",254500
20000,0,200,"sd","09:19:50",254400
20000,0,300,"bu","09:19:32",254200
20000,0,5000,"bu","09:19:32",253900
20000,0,500,"bu","09:19:32",248900
20000,0,25300,"bu","09:19:32",248400
20000,0,200,"bu","09:19:04",223100
19950,-50,3000,"sd","09:18:50",222900
20000,0,4500,"bu","09:18:43",219900
20000,0,500,"bu","09:18:43",215400
20000,0,500,"bu","09:18:12",214900
20000,0,1000,"bu","09:18:04",214400
20000,0,200,"sd","09:17:48",213400
20000,0,400,"sd","09:17:48",213200
20000,0,7400,"sd","09:17:48",212800
20000,0,4000,"sd","09:17:43",205400
20000,0,1000,"sd","09:17:43",201400
20000,0,10000,"sd","09:17:00",200400
20200,200,2000,"bu","09:16:58",190400
20200,200,300,"bu","09:16:58",188400
20200,200,700,"bu","09:16:58",188100
20150,150,2000,"bu","09:16:58",187400
20150,150,2000,"bu","09:16:58",185400
20100,100,3000,"bu","09:16:58",183400
20000,0,9000,"sd","09:16:55",180400
20000,0,1000,"sd","09:16:55",171400
20200,200,2300,"bu","09:16:43",170400
20150,150,1000,"bu","09:16:43",168100
20150,150,12000,"bu","09:16:43",167100
20150,150,4000,"bu","09:16:43",155100
20150,150,7300,"bu","09:16:43",151100
20150,150,2000,"bu","09:16:43",143800
20100,100,3000,"bu","09:16:43",141800
20100,100,400,"bu","09:16:43",138800
20100,100,100,"bu","09:16:16",138400
20100,100,500,"bu","09:16:04",138300
20100,100,100,"bu","09:16:04",137800
20100,100,2900,"bu","09:15:56",137700
20100,100,2000,"bu","09:15:56",134800
20100,100,2100,"bu","09:15:56",132800
20000,0,100,"sd","09:15:48",130700
20000,0,400,"sd","09:15:48",130600
20100,100,2300,"bu","09:15:43",130200
20000,0,3000,"bu","09:15:43",127900
20000,0,2000,"sd","09:15:34",124900
20000,0,8000,"sd","09:15:32",122900
20000,0,2000,"sd","09:15:32",114900
20000,0,8000,"sd","09:15:28",112900
20000,0,200,"sd","09:15:28",104900
20000,0,400,"sd","09:15:28",104700
20000,0,1400,"sd","09:15:28",104300
20000,0,3600,"sd","09:15:23",102900
20000,0,500,"sd","09:15:23",99300
20000,0,100,"sd","09:15:23",98800
20000,0,700,"sd","09:15:23",98600
20000,0,100,"sd","09:15:23",98700
20100,100,600,"sd","09:15:15",97900
20100,100,3000,"bu","09:15:01",97300
20100,100,6400,"bu","09:15:01",94300
20100,100,87900,"bu","09:15:00",87900
