"price","change","match_qtty","side","time","total_vol"
27400,300,256000,"unknown","14:45:00",5117200
27300,200,2000,"sd","14:29:53",4861200
27300,200,100,"sd","14:29:53",4859200
27300,200,7100,"sd","14:29:53",4859100
27300,200,300,"sd","14:29:46",4852000
27300,200,10000,"sd","14:29:41",4851700
27300,200,3600,"sd","14:29:41",4841700
27350,250,2400,"bu","14:29:36",4838100
27350,250,500,"bu","14:29:36",4835700
27350,250,100,"bu","14:29:36",4835200
27300,200,2700,"sd","14:29:24",4835100
27300,200,7300,"sd","14:29:24",4832400
27300,200,2000,"sd","14:29:18",4825100
27300,200,500,"sd","14:29:06",4823100
27350,250,100,"bu","14:29:03",4822600
27300,200,1000,"sd","14:28:58",4822500
27300,200,2000,"bu","14:28:58",4821500
27300,200,100,"bu","14:28:58",4819500
27300,200,1000,"bu","14:28:58",4819400
27300,200,12400,"bu","14:28:58",4818400
27300,200,500,"bu","14:28:58",4806000
27300,200,300,"bu","14:28:58",4805500
27300,200,100,"bu","14:28:58",4805200
27300,200,500,"bu","14:28:58",4805100
27300,200,500,"bu","14:28:58",4804600
27300,200,700,"bu","14:28:58",4804100
27300,200,4000,"bu","14:28:58",4803400
27300,200,100,"bu","14:28:58",4799400
27300,200,300,"bu","14:28:58",4799300
27300,200,500,"bu","14:28:58",4799000
27300,200,300,"bu","14:28:58",4798500
27300,200,300,"bu","14:28:58",4798200
27300,200,4000,"bu","14:28:58",4797900
27300,200,1000,"bu","14:28:58",4793900
27300,200,100,"bu","14:28:58",4792900
27300,200,500,"bu","14:28:58",4792800
27300,200,8700,"bu","14:28:58",4792300
27300,200,100,"bu","14:28:58",4783600
27300,200,500,"bu","14:28:58",4783500
27300,200,1500,"bu","14:28:58",4783000
27300,200,5000,"bu","14:28:58",4781500
27300,200,6500,"bu","14:28:58",4776500
27300,200,20000,"bu","14:28:58",4770000
27300,200,300,"bu","14:28:58",4750000
27300,200,100,"bu","14:28:58",4749700
27300,200,1000,"bu","14:28:58",4749600
27300,200,500,"bu","14:28:58",4748600
27300,200,200,"bu","14:28:58",4748100
27300,200,100,"bu","14:28:58",4747900
27300,200,1000,"bu","14:28:58",4747800
27300,200,500,"bu","14:28:58",4746800
27300,200,2000,"bu","14:28:58",4746300
27300,200,9500,"bu","14:28:58",4744300
27250,150,1000,"sd","14:28:49",4734800
27250,150,5000,"sd","14:28:47",4733800
27250,150,200,"bu","14:28:31",4728800
27200,100,1400,"sd","14:28:27",4728600
27250,150,100,"sd","14:28:27",4727200
27250,150,100,"sd","14:28:27",4727100
27250,150,900,"bu","14:28:17",4727000
27200,100,900,"sd","14:28:15",4726100
27250,150,100,"sd","14:28:15",4725200
27250,150,400,"bu","14:28:13",4725100
27250,150,200,"bu","14:28:13",4724700
27250,150,6200,"bu","14:28:13",4724500
27250,150,5100,"bu","14:28:13",4718300
27250,150,10000,"bu","14:28:13",4713200
27250,150,3000,"bu","14:28:13",4703200
27250,150,200,"bu","14:28:13",4700200
27250,150,1900,"bu","14:28:13",4700000
27250,150,900,"bu","14:28:13",4698100
27250,150,200,"bu","14:28:13",4697200
27250,150,100,"bu","14:28:13",4697000
27250,150,100,"bu","14:28:13",4696900
27250,150,100,"bu","14:28:13",4696800
27250,150,100,"bu","14:28:13",4696700
27250,150,1400,"bu","14:28:13",4696600
27250,150,400,"bu","14:28:09",4695200
27250,150,8200,"bu","14:27:53",4694800
27250,150,700,"bu","14:27:53",4686600
27250,150,300,"bu","14:27:52",4685900
27250,150,3300,"bu","14:27:52",4685600
27250,150,1000,"bu","14:27:52",4682300
27250,150,200,"bu","14:27:52",4681300
27250,150,10000,"bu","14:27:52",4681100
27250,150,200,"bu","14:27:52",4671100
27250,150,6100,"bu","14:27:52",4670900
27200,100,3000,"sd","14:27:46",4664800
27200,100,5000,"bu","14:27:33",4661800
27200,100,500,"bu","14:27:33",4656800
27200,100,500,"bu","14:27:33",4656300
27200,100,2000,"bu","14:27:33",4655800
27200,100,200,"bu","14:27:33",4653800
27200,100,5000,"bu","14:27:19",4653600
27200,100,100,"bu","14:27:19",4648600
27200,100,500,"bu","14:27:19",4648500
27200,100,100,"bu","14:27:19",4648000
27200,100,2200,"bu","14:27:19",4647900
27200,100,700,"bu","14:27:19",4645700
27200,100,9800,"bu","14:27:19",4645000
27200,100,5000,"bu","14:27:19",4635200
27200,100,100,"bu","14:27:19",4630200
27200,100,1000,"bu","14:27:19",4630100
27200,100,3700,"bu","14:27:19",4629100
27200,100,100,"bu","14:27:19",4625400
27200,100,100,"bu","14:27:19",4625300
27200,100,500,"bu","14:27:19",4625200
27200,100,7000,"bu","14:27:19",4624700
27200,100,100,"bu","14:27:19",4617700
27200,100,500,"bu","14:27:19",4617600
27200,100,500,"bu","14:27:19",4617100
27200,100,13000,"bu","14:27:19",4616600
27150,50,300,"bu","14:27:13",4603600
27150,50,100,"bu","14:27:13",4603300
27100,0,200,"sd","14:26:57",4603200
27100,0,300,"sd","14:26:57",4603000
27150,50,500,"bu","14:26:51",4602700
27150,50,1000,"sd","14:26:46",4602200
27150,50,500,"sd","14:26:46",4601200
27150,50,100,"sd","14:26:33",4600700
27150,50,300,"bu","14:26:32",4600600
27150,50,500,"bu","14:26:32",4600300
27150,50,100,"bu","14:26:32",4599800
27150,50,1500,"bu","14:26:32",4599700
27150,50,300,"bu","14:26:32",4598200
27150,50,100,"bu","14:26:32",4597900
27150,50,6400,"bu","14:26:32",4597800
27150,50,1000,"bu","14:26:31",4591400
27150,50,1000,"bu","14:26:29",4590400
27150,50,2000,"bu","14:26:24",4589400
27100,0,200,"sd","14:26:24",4587400
27100,0,300,"sd","14:26:24",4587200
27150,50,1000,"bu","14:26:21",4586900
27100,0,1700,"sd","14:26:21",4585900
27100,0,300,"sd","14:26:21",4584200
27150,50,400,"bu","14:26:16",4583900
27150,50,1000,"bu","14:26:14",4583500
27150,50,200,"bu","14:26:14",4582500
27150,50,1800,"bu","14:26:14",4582300
27150,50,400,"bu","14:26:08",4580500
27150,50,1000,"bu","14:26:05",4580100
27100,0,700,"sd","14:25:53",4579100
27100,0,200,"sd","14:25:53",4578400
27100,0,300,"sd","14:25:49",4578200
27100,0,4700,"sd","14:25:49",4577900
27100,0,500,"sd","14:25:39",4573200
27100,0,300,"sd","14:25:33",4572700
27100,0,8900,"sd","14:25:28",4572400
27100,0,200,"sd","14:25:28",4563500
27100,0,900,"sd","14:25:28",4563300
27100,0,300,"sd","14:25:17",4562400
27100,0,100,"sd","14:25:01",4562100
27100,0,11700,"sd","14:24:46",4562000
27100,0,3000,"sd","14:24:46",4550300
27100,0,200,"sd","14:24:46",4547300
27100,0,100,"sd","14:24:46",4547100
27100,0,200,"sd","14:24:40",4547000
27100,0,1000,"sd","14:24:33",4546800
27150,50,1400,"sd","14:24:01",4545800
27150,50,700,"sd","14:24:01",4544400
27150,50,1000,"sd","14:24:01",4543700
27150,50,100,"sd","14:24:01",4542700
27150,50,2000,"sd","14:24:01",4542600
27150,50,100,"sd","14:24:01",4540600
27150,50,21500,"sd","14:24:01",4540500
27150,50,10000,"sd","14:24:01",4519000
27150,50,1000,"sd","14:23:59",4509000
27150,50,8000,"sd","14:23:57",4508000
27150,50,50000,"sd","14:23:54",4500000
27150,50,3000,"sd","14:23:46",4450000
27150,50,6500,"sd","14:23:41",4447000
27150,50,3500,"sd","14:23:41",4440500
27200,100,1400,"bu","14:23:27",4437000
27150,50,1500,"sd","14:23:21",4435600
27150,50,400,"sd","14:23:21",4434100
27200,100,500,"bu","14:23:18",4433700
27150,50,600,"sd","14:23:15",4433200
27150,50,300,"sd","14:23:15",4432600
27150,50,4100,"sd","14:23:15",4432300
27200,100,500,"bu","14:22:53",4428200
27200,100,5000,"bu","14:22:40",4427700
27150,50,1000,"sd","14:22:18",4422700
27150,50,5000,"sd","14:22:16",4421700
27150,50,2500,"sd","14:22:11",4416700
27200,100,20000,"bu","14:22:02",4414200
27200,100,2000,"bu","14:21:59",4394200
27150,50,1000,"sd","14:21:42",4392200
27150,50,6400,"sd","14:21:37",4391200
27150,50,3600,"sd","14:21:37",4384800
27150,50,100,"sd","14:21:29",4381200
27150,50,2500,"sd","14:21:22",4381100
27150,50,3000,"sd","14:21:02",4378600
27150,50,300,"sd","14:21:01",4375600
27150,50,6000,"sd","14:20:49",4375300
27150,50,4200,"sd","14:20:30",4369300
27200,100,2000,"bu","14:20:01",4365100
27150,50,100,"sd","14:20:01",4363100
27200,100,1000,"bu","14:19:49",4363000
27200,100,4000,"bu","14:19:41",4362000
27200,100,600,"sd","14:19:34",4358000
27200,100,400,"bu","14:19:34",4357400
27200,100,500,"sd","14:19:34",4357000
27200,100,4100,"sd","14:19:34",4356500
27200,100,3200,"bu","14:19:31",4352400
27200,100,2800,"sd","14:19:30",4349200
27200,100,1000,"bu","14:19:28",4346400
27200,100,200,"bu","14:19:28",4345400
27200,100,1000,"bu","14:19:28",4345200
27200,100,1000,"bu","14:19:25",4344200
27200,100,300,"bu","14:19:25",4343200
27200,100,700,"bu","14:19:25",4342900
27200,100,1000,"bu","14:19:21",4342200
27200,100,300,"bu","14:19:05",4341200
27150,50,200,"sd","14:18:50",4340900
27150,50,1800,"sd","14:18:50",4340700
27150,50,200,"sd","14:18:45",4338900
27150,50,200,"sd","14:18:40",4338700
27150,50,200,"sd","14:18:40",4338500
27150,50,700,"sd","14:18:40",4338300
27150,50,100,"sd","14:18:40",4337600
27150,50,200,"sd","14:18:40",4337500
27150,50,500,"sd","14:18:40",4337300
27150,50,300,"sd","14:18:40",4336800
27150,50,400,"sd","14:18:40",4336500
27200,100,1000,"sd","14:18:40",4336100
27250,150,1900,"bu","14:18:28",4335100
27250,150,1300,"bu","14:18:28",4333200
27200,100,5000,"bu","14:18:28",4331900
27200,100,2000,"bu","14:18:28",4326900
27200,100,1000,"bu","14:18:28",4324900
27200,100,10000,"bu","14:18:28",4323900
27200,100,500,"bu","14:18:28",4313900
27200,100,300,"bu","14:18:28",4313400
27200,100,2000,"bu","14:18:28",4313100
27200,100,2000,"bu","14:18:28",4311100
27200,100,1200,"bu","14:18:28",4309100
27200,100,2000,"bu","14:18:28",4307900
27200,100,800,"bu","14:18:28",4305900
27150,50,2200,"sd","14:18:19",4305100
27150,50,1500,"sd","14:18:18",4302900
27200,100,200,"bu","14:18:16",4301400
27200,100,300,"bu","14:18:11",4301200
27200,100,1800,"bu","14:18:08",4300900
27200,100,100,"sd","14:17:55",4299100
27200,100,1800,"sd","14:17:55",4299000
27200,100,3000,"sd","14:17:55",4297200
27200,100,2000,"sd","14:17:55",4294200
27200,100,2700,"sd","14:17:49",4292200
27200,100,1300,"sd","14:17:49",4289500
27200,100,400,"sd","14:17:49",4288200
27200,100,300,"sd","14:17:48",4287800
27200,100,600,"sd","14:17:48",4287500
27200,100,1500,"sd","14:17:48",4286900
27200,100,2600,"sd","14:17:48",4285400
27200,100,900,"sd","14:17:45",4282800
27200,100,300,"sd","14:17:45",4281900
27200,100,7700,"sd","14:17:45",4281600
27200,100,3500,"sd","14:17:35",4273900
27200,100,1000,"sd","14:17:28",4270400
27200,100,10000,"sd","14:17:24",4269400
27200,100,3000,"sd","14:17:12",4259400
27200,100,400,"sd","14:17:07",4256400
27200,100,1000,"sd","14:16:57",4256000
27200,100,1000,"sd","14:16:31",4255000
27250,150,100,"bu","14:16:16",4254000
27200,100,1900,"sd","14:15:46",4253900
27200,100,300,"sd","14:15:45",4252000
27200,100,20200,"sd","14:15:41",4251700
27200,100,1000,"sd","14:15:41",4231500
27200,100,8800,"sd","14:15:41",4230500
27200,100,200,"sd","14:15:35",4221700
27200,100,1000,"sd","14:15:27",4221500
27200,100,500,"sd","14:15:27",4220500
27200,100,500,"sd","14:15:25",4220000
27200,100,300,"sd","14:15:19",4219500
27200,100,700,"sd","14:15:19",4219200
27200,100,100,"sd","14:15:09",4218500
27200,100,100,"sd","14:15:01",4218400
27200,100,100,"bu","14:14:58",4218300
27200,100,1500,"sd","14:14:56",4218200
27200,100,400,"sd","14:14:56",4216700
27200,100,500,"sd","14:14:51",4216300
27200,100,500,"bu","14:14:51",4215800
27200,100,200,"bu","14:14:51",4215300
27200,100,400,"bu","14:14:51",4215100
27200,100,200,"bu","14:14:48",4214700
27200,100,3000,"bu","14:14:46",4214500
27200,100,500,"bu","14:14:46",4211500
27200,100,200,"bu","14:14:46",4211000
27200,100,600,"bu","14:14:46",4210800
27200,100,700,"bu","14:14:46",4210200
27200,100,1000,"bu","14:14:44",4209500
27200,100,3200,"bu","14:14:43",4208500
27200,100,100,"bu","14:14:42",4205300
27200,100,3400,"bu","14:14:42",4205200
27200,100,1600,"bu","14:14:39",4201800
27200,100,400,"bu","14:14:39",4200200
27200,100,300,"bu","14:14:38",4199800
27200,100,500,"bu","14:14:38",4199500
27200,100,200,"bu","14:14:38",4199000
27200,100,100,"bu","14:14:34",4198800
27200,100,100,"bu","14:14:34",4198700
27200,100,9300,"bu","14:14:34",4198600
27200,100,200,"bu","14:14:34",4189300
27200,100,400,"bu","14:14:34",4189100
27200,100,1900,"bu","14:14:34",4188700
27200,100,100,"bu","14:14:31",4186800
27200,100,300,"bu","14:14:31",4186700
27200,100,400,"bu","14:14:19",4186400
27200,100,4000,"bu","14:14:05",4186000
27200,100,200,"bu","14:14:02",4182000
27200,100,100,"bu","14:13:52",4181800
27200,100,1600,"bu","14:13:38",4181700
27150,50,2800,"sd","14:13:36",4180100
27150,50,200,"sd","14:13:29",4177300
27200,100,1000,"bu","14:13:24",4177100
27150,50,2900,"sd","14:13:22",4176100
27150,50,100,"sd","14:13:22",4173200
27200,100,20000,"bu","14:13:09",4173100
27200,100,2400,"bu","14:12:44",4153100
27200,100,1000,"bu","14:12:44",4150700
27200,100,900,"bu","14:12:44",4149700
27200,100,400,"bu","14:12:40",4148800
27200,100,200,"bu","14:12:33",4148400
27200,100,1000,"bu","14:12:28",4148200
27200,100,700,"sd","14:12:21",4147200
27200,100,2000,"bu","14:12:20",4146500
27200,100,100,"bu","14:12:20",4144500
27200,100,200,"bu","14:12:20",4144400
27200,100,100,"sd","14:12:04",4144200
27200,100,100,"sd","14:12:02",4144100
27200,100,100,"sd","14:12:02",4144000
27250,150,8600,"bu","14:11:29",4143900
27250,150,500,"bu","14:11:29",4135300
27250,150,500,"bu","14:11:29",4134800
27250,150,400,"bu","14:11:29",4134300
27250,150,2000,"bu","14:11:29",4133900
27200,100,7000,"bu","14:11:29",4131900
27200,100,1400,"bu","14:11:29",4124900
27200,100,100,"bu","14:11:29",4123500
27200,100,3000,"bu","14:11:29",4123400
27200,100,2000,"bu","14:11:29",4120400
27200,100,1000,"bu","14:11:29",4118400
27200,100,3500,"bu","14:11:29",4117400
27200,100,100,"sd","14:11:08",4113900
27200,100,500,"sd","14:11:08",4113800
27200,100,500,"sd","14:11:08",4113300
27200,100,500,"sd","14:11:08",4112800
27200,100,900,"sd","14:11:08",4112300
27200,100,19100,"sd","14:11:06",4111400
27200,100,900,"sd","14:11:06",4092300
27200,100,1100,"sd","14:11:06",4091400
27200,100,1900,"sd","14:11:06",4090300
27200,100,500,"sd","14:10:59",4088400
27200,100,100,"sd","14:10:57",4087900
27200,100,2000,"sd","14:10:56",4087800
27200,100,200,"sd","14:10:54",4085800
27200,100,300,"sd","14:10:32",4085600
27200,100,200,"sd","14:10:32",4085300
27200,100,500,"sd","14:10:32",4085100
27300,200,400,"bu","14:10:23",4084600
27250,150,600,"bu","14:10:23",4084200
27250,150,2000,"sd","14:10:21",4083600
27250,150,100,"sd","14:10:21",4081600
27250,150,1900,"sd","14:10:21",4081500
27250,150,35000,"sd","14:10:21",4079600
27250,150,100,"sd","14:10:21",4044600
27250,150,100,"sd","14:10:21",4044500
27250,150,100,"sd","14:10:21",4044400
27250,150,100,"sd","14:10:21",4044300
27250,150,100,"sd","14:10:16",4044200
27300,200,100,"bu","14:10:06",4044100
27300,200,500,"bu","14:10:06",4044000
27300,200,400,"bu","14:10:06",4043500
27300,200,15100,"bu","14:09:56",4043100
27250,150,500,"sd","14:09:52",4028000
27300,200,20000,"bu","14:09:51",4027500
27300,200,1200,"bu","14:09:48",4007500
27300,200,1000,"bu","14:09:42",4006300
27250,150,400,"sd","14:09:42",4005300
27300,200,1000,"sd","14:09:24",4004900
27300,200,1200,"sd","14:09:24",4003900
27300,200,3000,"sd","14:09:24",4002700
27300,200,7100,"sd","14:09:24",3999700
27300,200,2900,"sd","14:09:21",3992600
27300,200,1000,"sd","14:09:21",3989700
27300,200,5000,"sd","14:09:21",3988700
27300,200,15100,"sd","14:09:21",3983700
27300,200,4900,"sd","14:09:14",3968600
27300,200,200,"sd","14:09:14",3963700
27300,200,900,"sd","14:09:14",3963500
27300,200,14000,"sd","14:09:14",3962600
27350,250,200,"bu","14:09:06",3948600
27350,250,200,"bu","14:09:06",3948400
27350,250,100,"bu","14:09:06",3948200
27350,250,500,"bu","14:09:06",3948100
27350,250,100,"bu","14:09:06",3947600
27350,250,5000,"bu","14:09:06",3947500
27350,250,100,"bu","14:09:06",3942500
27350,250,1000,"bu","14:09:06",3942400
27350,250,2700,"bu","14:09:06",3941400
27300,200,100,"sd","14:08:53",3938700
27300,200,500,"sd","14:08:44",3938600
27300,200,2000,"sd","14:08:41",3938100
27300,200,900,"sd","14:08:39",3936100
27300,200,1000,"sd","14:08:28",3935200
27300,200,500,"sd","14:08:18",3934200
27300,200,200,"sd","14:08:15",3933700
27300,200,800,"sd","14:08:13",3933500
27300,200,500,"sd","14:08:13",3932700
27300,200,300,"sd","14:08:13",3932200
27300,200,400,"sd","14:08:13",3931900
27300,200,2000,"sd","14:08:07",3931500
27300,200,2000,"sd","14:08:05",3929500
27300,200,5000,"sd","14:08:04",3927500
27300,200,600,"sd","14:08:03",3922500
27300,200,600,"sd","14:08:03",3921900
27300,200,1700,"sd","14:08:03",3921300
27300,200,2000,"sd","14:08:02",3919600
27300,200,1000,"sd","14:07:58",3917600
27350,250,500,"bu","14:07:57",3916600
27350,250,1500,"bu","14:07:57",3916100
27350,250,8500,"bu","14:07:47",3914600
27350,250,1500,"bu","14:07:47",3906100
27300,200,24700,"sd","14:07:44",3904600
27300,200,10300,"sd","14:07:44",3879900
27300,200,1000,"sd","14:07:44",3869600
27300,200,4700,"sd","14:07:41",3868600
27300,200,3000,"sd","14:07:41",3863900
27300,200,4800,"sd","14:07:41",3860900
27300,200,100,"sd","14:07:38",3856100
27300,200,1000,"sd","14:07:38",3856000
27350,250,500,"bu","14:07:35",3855000
27300,200,500,"sd","14:07:27",3854500
27350,250,500,"bu","14:07:26",3854000
27300,200,3600,"bu","14:07:19",3853500
27300,200,1000,"bu","14:07:16",3849900
27300,200,400,"bu","14:07:16",3848900
27300,200,100,"bu","14:07:16",3848500
27300,200,400,"bu","14:07:13",3848400
27300,200,100,"bu","14:07:13",3848000
27300,200,500,"bu","14:07:09",3847900
27300,200,300,"bu","14:07:08",3847400
27300,200,500,"sd","14:07:07",3847100
27300,200,1600,"sd","14:07:06",3846600
27300,200,100,"sd","14:07:01",3845000
27300,200,1300,"bu","14:07:00",3844900
27300,200,2000,"bu","14:06:58",3843600
27300,200,200,"bu","14:06:53",3841600
27300,200,300,"bu","14:06:51",3841400
27300,200,1000,"bu","14:06:48",3841100
27300,200,100,"bu","14:06:47",3840100
27300,200,100,"bu","14:06:46",3840000
27300,200,100,"bu","14:06:30",3839900
27300,200,700,"bu","14:06:22",3839800
27300,200,700,"sd","14:06:17",3839100
27300,200,20000,"sd","14:06:17",3838400
27300,200,20000,"sd","14:06:17",3818400
27300,200,400,"sd","14:06:17",3798400
27300,200,500,"sd","14:06:17",3798000
27300,200,3000,"sd","14:06:17",3797500
27300,200,9500,"sd","14:06:17",3794500
27300,200,100,"sd","14:06:17",3785000
27300,200,200,"sd","14:06:17",3784900
27300,200,400,"sd","14:06:17",3784700
27300,200,300,"sd","14:06:17",3784300
27300,200,400,"sd","14:06:17",3784000
27300,200,200,"sd","14:06:17",3783600
27300,200,200,"sd","14:06:17",3783400
27300,200,3400,"sd","14:06:17",3783200
27350,250,600,"bu","14:06:17",3779800
27350,250,2500,"bu","14:06:12",3779200
27350,250,4400,"bu","14:06:08",3776700
27350,250,100,"bu","14:06:08",3772300
27350,250,9400,"bu","14:06:08",3772200
27350,250,600,"bu","14:06:00",3762800
27350,250,1200,"bu","14:06:00",3762200
27350,250,200,"bu","14:06:00",3761000
27350,250,2000,"bu","14:05:55",3760800
27350,250,400,"bu","14:05:54",3758800
27350,250,5000,"bu","14:05:49",3758400
27350,250,300,"bu","14:05:48",3753400
27350,250,500,"bu","14:05:48",3753100
27350,250,1000,"bu","14:05:45",3752600
27350,250,1000,"bu","14:05:45",3751600
27350,250,10300,"bu","14:05:36",3750600
27350,250,10000,"bu","14:05:36",3740300
27350,250,100,"bu","14:05:36",3730300
27350,250,1000,"bu","14:05:36",3730200
27350,250,300,"bu","14:05:36",3729200
27350,250,500,"bu","14:05:36",3728900
27350,250,800,"bu","14:05:36",3728400
27350,250,500,"bu","14:05:33",3727600
27350,250,100,"bu","14:05:27",3727100
27350,250,100,"bu","14:05:22",3727000
27350,250,200,"bu","14:05:21",3726900
27350,250,100,"sd","14:05:16",3726700
27350,250,12000,"sd","14:05:16",3726600
27350,250,6100,"sd","14:05:16",3714600
27350,250,100,"sd","14:05:14",3708500
27350,250,100,"sd","14:05:09",3708400
27350,250,400,"sd","14:05:08",3708300
27400,300,300,"bu","14:05:07",3707900
27350,250,15300,"sd","14:05:05",3707600
27350,250,1000,"sd","14:05:05",3692300
27350,250,4700,"sd","14:05:05",3691300
27350,250,9000,"sd","14:05:05",3686600
27350,250,1000,"sd","14:04:51",3677600
27350,250,500,"sd","14:04:50",3676600
27350,250,100,"sd","14:04:47",3676100
27350,250,2000,"sd","14:04:44",3676000
27350,250,1000,"bu","14:04:42",3674000
27350,250,100,"bu","14:04:42",3673000
27350,250,1000,"bu","14:04:42",3672900
27350,250,1000,"bu","14:04:42",3671900
27350,250,4300,"bu","14:04:42",3670900
27350,250,200,"bu","14:04:34",3666600
27300,200,1100,"sd","14:04:31",3666400
27350,250,5500,"bu","14:04:31",3665300
27350,250,500,"bu","14:04:31",3659800
27350,250,500,"bu","14:04:31",3659300
27350,250,1000,"bu","14:04:31",3658800
27350,250,2500,"bu","14:04:31",3657800
27350,250,300,"bu","14:04:28",3655300
27350,250,300,"bu","14:04:25",3655000
27350,250,600,"bu","14:04:24",3654700
27350,250,500,"bu","14:04:24",3654100
27350,250,800,"bu","14:04:13",3653600
27350,250,200,"bu","14:04:13",3652800
27350,250,100,"bu","14:04:12",3652600
27350,250,500,"bu","14:04:12",3652500
27350,250,200,"sd","14:04:02",3652000
27350,250,500,"sd","14:04:01",3651800
27350,250,1300,"bu","14:03:53",3651300
27350,250,1400,"bu","14:03:51",3650000
27350,250,2000,"bu","14:03:50",3648600
27350,250,100,"sd","14:03:49",3646600
27350,250,500,"sd","14:03:49",3646500
27350,250,4700,"sd","14:03:49",3646000
27400,300,800,"bu","14:03:47",3641300
27400,300,500,"bu","14:03:47",3640500
27400,300,500,"bu","14:03:47",3640000
27400,300,500,"bu","14:03:47",3639500
27400,300,200,"bu","14:03:47",3639000
27400,300,500,"bu","14:03:47",3638800
27350,250,300,"sd","14:03:46",3638300
27350,250,200,"sd","14:03:46",3638000
27350,250,500,"sd","14:03:45",3637800
27350,250,9300,"sd","14:03:44",3637300
27350,250,700,"sd","14:03:44",3628000
27350,250,100,"sd","14:03:40",3627300
27350,250,2000,"sd","14:03:38",3627200
27350,250,10000,"bu","14:03:37",3625200
27350,250,200,"bu","14:03:37",3615200
27350,250,200,"bu","14:03:37",3615000
27350,250,300,"bu","14:03:37",3614800
27350,250,3000,"bu","14:03:37",3614500
27350,250,100,"bu","14:03:37",3611500
27350,250,100,"bu","14:03:37",3611400
27350,250,200,"bu","14:03:37",3611300
27350,250,5000,"bu","14:03:37",3611100
27350,250,1500,"bu","14:03:37",3606100
27350,250,10000,"bu","14:03:37",3604600
27350,250,500,"bu","14:03:37",3594600
27350,250,100,"bu","14:03:37",3594100
27350,250,200,"bu","14:03:37",3594000
27350,250,4000,"bu","14:03:37",3593800
27350,250,2600,"bu","14:03:37",3589800
27350,250,700,"bu","14:03:36",3587200
27350,250,200,"bu","14:03:28",3586500
27350,250,2000,"bu","14:03:09",3586300
27300,200,2000,"sd","14:03:09",3584300
27300,200,400,"sd","14:03:07",3582300
27350,250,300,"bu","14:03:06",3581900
27350,250,1000,"bu","14:03:06",3581600
27300,200,500,"sd","14:03:04",3580600
27300,200,2000,"sd","14:03:02",3580100
27300,200,300,"sd","14:03:02",3578100
27350,250,100,"bu","14:02:59",3577800
27350,250,100,"bu","14:02:56",3577700
27300,200,1000,"bu","14:02:54",3577600
27300,200,1000,"bu","14:02:54",3576600
27300,200,5000,"bu","14:02:54",3575600
27300,200,2000,"bu","14:02:54",3570600
27300,200,300,"bu","14:02:54",3568600
27300,200,300,"bu","14:02:54",3568300
27300,200,500,"bu","14:02:54",3568000
27300,200,200,"bu","14:02:54",3567500
27300,200,2800,"bu","14:02:54",3567300
27300,200,3200,"bu","14:02:54",3564500
27300,200,6800,"bu","14:02:52",3561300
27300,200,500,"bu","14:02:52",3554500
27300,200,200,"bu","14:02:52",3554000
27300,200,400,"bu","14:02:52",3553800
27300,200,300,"bu","14:02:52",3553400
27300,200,1000,"bu","14:02:52",3553100
27300,200,5000,"bu","14:02:52",3552100
27300,200,16500,"bu","14:02:52",3547100
27300,200,100,"bu","14:02:52",3530600
27300,200,100,"bu","14:02:52",3530500
27300,200,1000,"bu","14:02:52",3530400
27300,200,6100,"bu","14:02:52",3529400
27300,200,1500,"bu","14:02:52",3523300
27300,200,2400,"bu","14:02:52",3521800
27300,200,1000,"bu","14:02:52",3519400
27300,200,1500,"bu","14:02:52",3518400
27300,200,100,"bu","14:02:52",3516900
27300,200,5000,"bu","14:02:52",3516800
27300,200,5000,"bu","14:02:45",3511800
27300,200,500,"bu","14:02:45",3506800
27300,200,300,"bu","14:02:45",3506300
27300,200,800,"bu","14:02:45",3506000
27300,200,300,"bu","14:02:45",3505200
27300,200,100,"bu","14:02:45",3504900
27300,200,500,"bu","14:02:43",3504800
27300,200,100,"bu","14:02:43",3504300
27300,200,100,"bu","14:02:42",3504200
27300,200,500,"bu","14:02:42",3504000
27300,200,100,"bu","14:02:42",3504100
27250,150,500,"sd","14:02:40",3503500
27250,150,400,"bu","14:02:36",3503000
27250,150,100,"bu","14:02:36",3502600
27250,150,5000,"bu","14:02:36",3502500
27250,150,2000,"bu","14:02:36",3497500
27250,150,100,"bu","14:02:36",3495500
27250,150,300,"bu","14:02:36",3495400
27250,150,1000,"bu","14:02:36",3495100
27250,150,100,"bu","14:02:36",3494100
27250,150,500,"bu","14:02:36",3494000
27250,150,300,"bu","14:02:36",3493500
27250,150,100,"bu","14:02:36",3493200
27250,150,1500,"bu","14:02:36",3493100
27250,150,500,"bu","14:02:36",3491600
27250,150,500,"bu","14:02:36",3491100
27250,150,10000,"bu","14:02:35",3490600
27250,150,1700,"bu","14:02:34",3480600
27250,150,300,"bu","14:02:34",3478900
27250,150,1000,"bu","14:02:32",3478600
27250,150,700,"bu","14:02:31",3477600
27250,150,2500,"bu","14:02:31",3476900
27250,150,500,"bu","14:02:31",3474400
27250,150,8300,"bu","14:02:31",3473900
27250,150,200,"bu","14:02:31",3465600
27250,150,1300,"bu","14:02:25",3465400
27250,150,200,"bu","14:02:22",3464100
27250,150,100,"bu","14:02:22",3463900
27200,100,500,"sd","14:02:14",3463800
27200,100,3000,"bu","14:02:13",3463300
27200,100,3000,"bu","14:02:13",3460300
27200,100,200,"bu","14:02:13",3457300
27200,100,2000,"bu","14:02:13",3457100
27200,100,1800,"bu","14:02:13",3455100
27200,100,200,"bu","14:02:13",3453300
27200,100,200,"bu","14:02:13",3453100
27200,100,4800,"bu","14:02:11",3452900
27200,100,200,"bu","14:02:11",3448100
27200,100,1000,"bu","14:02:11",3447900
27200,100,600,"bu","14:02:11",3446900
27200,100,100,"bu","14:02:11",3446300
27200,100,300,"bu","14:02:11",3446200
27200,100,300,"bu","14:02:10",3445900
27200,100,100,"bu","14:02:09",3445600
27200,100,200,"bu","14:02:08",3445500
27200,100,100,"bu","14:02:05",3445300
27200,100,100,"bu","14:02:05",3445200
27200,100,500,"bu","14:02:05",3445100
27200,100,300,"bu","14:02:05",3444600
27200,100,100,"bu","14:02:02",3444300
27200,100,100,"bu","14:02:02",3444200
27200,100,1000,"bu","14:02:02",3444100
27200,100,4900,"bu","14:02:02",3443100
27200,100,2900,"bu","14:02:02",3438200
27200,100,100,"bu","14:01:53",3435300
27200,100,500,"bu","14:01:52",3435200
27200,100,1000,"bu","14:01:52",3434700
27200,100,2000,"bu","14:01:51",3433700
27200,100,500,"bu","14:01:51",3431700
27200,100,500,"bu","14:01:51",3431200
27200,100,500,"bu","14:01:46",3430700
27200,100,500,"bu","14:01:46",3430200
27200,100,500,"bu","14:01:44",3429700
27200,100,500,"bu","14:01:44",3429200
27200,100,100,"bu","14:01:43",3428700
27200,100,100,"bu","14:01:43",3428600
27200,100,1500,"bu","14:01:43",3428500
27200,100,500,"bu","14:01:43",3427000
27200,100,200,"bu","14:01:43",3426500
27200,100,300,"bu","14:01:43",3426300
27200,100,3500,"bu","14:01:43",3426000
27200,100,10000,"bu","14:01:43",3422500
27200,100,3000,"bu","14:01:43",3412500
27200,100,800,"bu","14:01:43",3409500
27150,50,300,"bu","14:01:36",3408700
27150,50,400,"bu","14:01:36",3408400
27150,50,100,"bu","14:01:36",3408000
27150,50,1800,"bu","14:01:36",3407900
27150,50,2000,"bu","14:01:36",3406100
27150,50,1200,"bu","14:01:36",3404100
27150,50,100,"bu","14:01:36",3402900
27150,50,2800,"bu","14:01:36",3402800
27150,50,900,"bu","14:01:36",3400000
27150,50,500,"bu","14:01:35",3399100
27150,50,3000,"bu","14:01:35",3398600
27150,50,6000,"bu","14:01:33",3395600
27150,50,2000,"bu","14:01:32",3389600
27150,50,300,"bu","14:01:32",3387600
27150,50,200,"bu","14:01:32",3387300
27150,50,100,"bu","14:01:31",3387100
27150,50,600,"bu","14:01:31",3387000
27150,50,100,"bu","14:01:31",3386400
27150,50,300,"bu","14:01:31",3386300
27150,50,1000,"bu","14:01:31",3386000
27150,50,8000,"bu","14:01:31",3385000
27150,50,2000,"bu","14:01:31",3377000
27150,50,400,"bu","14:01:29",3375000
27150,50,100,"bu","14:01:26",3374600
27150,50,500,"bu","14:01:26",3374500
27150,50,4400,"bu","14:01:26",3374000
27150,50,600,"bu","14:01:24",3369600
27150,50,2400,"bu","14:01:24",3369000
27150,50,100,"bu","14:01:23",3366600
27150,50,200,"bu","14:01:21",3366500
27150,50,4200,"bu","14:01:21",3366300
27150,50,400,"bu","14:01:21",3362100
27150,50,10000,"bu","14:01:19",3361700
27150,50,100,"bu","14:01:18",3351700
27150,50,2000,"bu","14:01:17",3351600
27150,50,2500,"bu","14:01:16",3349600
27150,50,100,"bu","14:01:16",3347100
27150,50,2400,"bu","14:01:16",3347000
27150,50,100,"bu","14:01:16",3344600
27150,50,4500,"bu","14:01:11",3344500
27150,50,2000,"bu","14:01:11",3340000
27150,50,1500,"bu","14:01:11",3338000
27100,0,1000,"bu","14:01:04",3336500
27150,50,1000,"bu","14:01:04",3335500
27100,0,100,"bu","14:01:04",3334500
27100,0,2000,"bu","14:01:04",3334400
27100,0,500,"bu","14:01:04",3332400
27100,0,100,"bu","14:01:03",3331900
27100,0,2000,"bu","14:01:03",3331800
27100,0,6000,"bu","14:01:03",3329800
27100,0,3500,"bu","14:01:03",3323800
27100,0,300,"bu","14:01:03",3320300
27100,0,500,"bu","14:01:03",3320000
27100,0,1000,"bu","14:01:03",3319500
27100,0,2000,"bu","14:01:03",3318500
27100,0,100,"bu","14:01:03",3316500
27100,0,5000,"bu","14:01:03",3316400
27100,0,500,"bu","14:01:03",3311400
27100,0,300,"bu","14:01:03",3310900
27100,0,400,"bu","14:01:03",3310600
27100,0,500,"bu","14:01:03",3310200
27100,0,5000,"bu","14:01:03",3309700
27100,0,200,"bu","14:01:03",3304700
27100,0,300,"bu","14:01:03",3304500
27100,0,200,"bu","14:01:03",3304200
27100,0,5000,"bu","14:01:03",3304000
27100,0,200,"bu","14:01:03",3299000
27100,0,200,"bu","14:01:01",3298800
27100,0,500,"bu","14:00:58",3298600
27100,0,100,"bu","14:00:58",3298100
27100,0,200,"bu","14:00:58",3298000
27100,0,500,"bu","14:00:58",3297800
27100,0,500,"bu","14:00:58",3297300
27100,0,500,"bu","14:00:58",3296800
27100,0,100,"bu","14:00:58",3296300
27100,0,1000,"bu","14:00:58",3296200
27100,0,2100,"bu","14:00:58",3295200
27100,0,100,"bu","14:00:54",3293100
27100,0,2000,"bu","14:00:53",3293000
27100,0,100,"bu","14:00:52",3291000
27100,0,700,"bu","14:00:45",3290900
27100,0,1300,"bu","14:00:45",3290200
27100,0,2700,"bu","14:00:43",3288900
27100,0,100,"bu","14:00:36",3286200
27050,-50,2000,"sd","14:00:18",3286100
27100,0,5900,"bu","14:00:16",3284100
27100,0,500,"bu","14:00:16",3278200
27100,0,1000,"bu","14:00:16",3277700
27100,0,1000,"bu","14:00:16",3276700
27100,0,100,"bu","14:00:16",3275700
27100,0,500,"bu","14:00:16",3275600
27100,0,3000,"bu","14:00:16",3275100
27050,-50,3200,"sd","14:00:15",3272100
27050,-50,2800,"sd","14:00:15",3268900
27050,-50,200,"bu","14:00:09",3266100
27050,-50,8300,"bu","14:00:09",3265900
27050,-50,10000,"bu","14:00:09",3257600
27050,-50,200,"bu","14:00:09",3247600
27050,-50,1000,"bu","14:00:09",3247400
27050,-50,3000,"bu","14:00:09",3246400
27050,-50,20000,"bu","14:00:09",3243400
27050,-50,1000,"bu","14:00:09",3223400
27050,-50,1000,"bu","14:00:09",3222400
27050,-50,500,"bu","14:00:09",3221400
27050,-50,3000,"bu","14:00:09",3220900
27050,-50,2000,"bu","14:00:09",3217900
27050,-50,100,"bu","14:00:07",3215900
27050,-50,100,"bu","14:00:07",3215800
27050,-50,300,"bu","14:00:07",3215700
27050,-50,5000,"bu","14:00:05",3215400
27050,-50,1000,"bu","14:00:01",3210400
27050,-50,400,"bu","13:59:57",3209400
27050,-50,1500,"bu","13:59:55",3209000
27000,-100,200,"sd","13:59:51",3207500
27050,-50,400,"bu","13:59:51",3207300
27050,-50,400,"bu","13:59:44",3206900
27050,-50,100,"bu","13:59:44",3206500
27050,-50,1500,"bu","13:59:44",3206400
27050,-50,1000,"bu","13:59:44",3204900
27050,-50,500,"bu","13:59:21",3203900
27000,-100,2700,"sd","13:58:50",3203400
27000,-100,1800,"sd","13:58:50",3200700
27000,-100,200,"sd","13:58:50",3198900
27000,-100,100,"sd","13:58:50",3198700
27000,-100,1000,"sd","13:58:50",3198600
27000,-100,200,"sd","13:58:50",3197600
27000,-100,800,"sd","13:58:48",3197400
27000,-100,1200,"sd","13:58:48",3196600
27000,-100,3800,"sd","13:58:40",3195400
27000,-100,5500,"sd","13:58:40",3191600
27000,-100,1000,"sd","13:58:40",3186100
27000,-100,10000,"sd","13:58:40",3185100
27000,-100,700,"sd","13:58:40",3175100
27000,-100,1000,"sd","13:58:25",3174400
27000,-100,100,"sd","13:58:12",3173400
27000,-100,1000,"sd","13:57:51",3173300
27000,-100,300,"sd","13:57:25",3172300
27000,-100,2400,"sd","13:57:07",3172000
27000,-100,4500,"bu","13:57:03",3169600
27000,-100,500,"sd","13:57:02",3165100
27000,-100,1500,"sd","13:56:53",3164600
27000,-100,300,"bu","13:56:40",3163100
27000,-100,1000,"bu","13:56:40",3162800
27000,-100,1000,"bu","13:56:40",3161800
27000,-100,1000,"bu","13:56:40",3160800
27000,-100,500,"bu","13:56:40",3159800
27000,-100,800,"bu","13:56:40",3159300
27000,-100,100,"bu","13:56:40",3158500
27000,-100,5000,"bu","13:56:40",3158400
27000,-100,300,"bu","13:56:40",3153400
27000,-100,2000,"bu","13:56:40",3153100
27000,-100,3000,"bu","13:56:40",3151100
27000,-100,2000,"bu","13:56:40",3148100
27000,-100,100,"bu","13:56:40",3146100
27000,-100,1000,"bu","13:56:37",3146000
27000,-100,8800,"bu","13:56:36",3145000
27000,-100,100,"bu","13:56:31",3136200
27000,-100,100,"bu","13:56:31",3136100
27000,-100,900,"bu","13:56:28",3136000
27000,-100,500,"bu","13:56:28",3135100
27000,-100,100,"bu","13:56:21",3134600
27000,-100,1000,"bu","13:56:15",3134500
26950,-150,1500,"sd","13:56:15",3133500
27000,-100,400,"bu","13:56:10",3132000
27000,-100,2000,"bu","13:56:05",3131600
27000,-100,6000,"bu","13:56:03",3129600
27000,-100,500,"bu","13:56:03",3123600
27000,-100,200,"bu","13:56:03",3123100
27000,-100,5300,"bu","13:56:03",3122900
27000,-100,1500,"bu","13:55:53",3117600
27000,-100,3200,"bu","13:55:50",3116100
27000,-100,6000,"bu","13:55:50",3112900
27000,-100,800,"bu","13:55:50",3106900
27000,-100,1000,"bu","13:55:49",3106100
26950,-150,5000,"sd","13:54:26",3105100
26950,-150,200,"sd","13:53:36",3100100
26950,-150,1500,"sd","13:53:30",3099900
26950,-150,1100,"sd","13:53:18",3098400
26950,-150,500,"sd","13:52:54",3097300
26950,-150,100,"sd","13:52:45",3096800
26900,-200,1500,"sd","13:52:24",3096700
27000,-100,2000,"bu","13:52:22",3095200
27000,-100,1600,"bu","13:52:09",3093200
26950,-150,200,"bu","13:52:09",3091600
26950,-150,700,"bu","13:52:09",3091400
26950,-150,500,"bu","13:52:09",3090700
26950,-150,500,"bu","13:51:58",3090200
26950,-150,500,"bu","13:51:58",3089700
26950,-150,200,"bu","13:51:58",3089200
26950,-150,1300,"bu","13:51:55",3089000
26950,-150,100,"bu","13:51:55",3087700
26950,-150,500,"bu","13:51:55",3087600
26950,-150,700,"bu","13:51:55",3087100
26950,-150,100,"bu","13:51:55",3086400
26950,-150,2300,"bu","13:51:55",3086300
26950,-150,200,"bu","13:51:36",3084000
26950,-150,100,"bu","13:51:29",3083800
26950,-150,1000,"bu","13:51:11",3083700
26950,-150,500,"bu","13:51:01",3082700
26900,-200,600,"sd","13:50:47",3082200
26900,-200,100,"sd","13:50:47",3081600
26900,-200,500,"sd","13:50:47",3081500
26900,-200,200,"sd","13:50:47",3081000
26900,-200,100,"sd","13:50:47",3080800
26900,-200,1200,"sd","13:50:47",3080700
26900,-200,5000,"sd","13:50:47",3079500
26900,-200,200,"sd","13:50:47",3074500
26900,-200,10000,"sd","13:50:47",3074300
26900,-200,2000,"sd","13:50:47",3064300
26900,-200,2000,"sd","13:50:47",3062300
26900,-200,300,"sd","13:50:47",3060300
26900,-200,2000,"sd","13:50:47",3060000
26900,-200,2000,"sd","13:50:47",3058000
26900,-200,200,"sd","13:50:47",3056000
26900,-200,1000,"sd","13:50:47",3055800
26900,-200,200,"sd","13:50:47",3054800
26900,-200,1000,"sd","13:50:47",3054600
26900,-200,500,"sd","13:50:47",3053600
26900,-200,900,"sd","13:50:47",3053100
26950,-150,100,"bu","13:50:37",3052200
26950,-150,5000,"bu","13:50:37",3052100
26950,-150,100,"bu","13:50:21",3047100
26900,-200,1000,"sd","13:50:03",3047000
26950,-150,2000,"bu","13:49:54",3046000
26950,-150,100,"sd","13:49:44",3044000
26950,-150,1000,"sd","13:49:44",3043900
26950,-150,2000,"sd","13:49:44",3042900
26950,-150,200,"sd","13:49:44",3040900
26950,-150,2400,"sd","13:49:44",3040700
26950,-150,500,"sd","13:49:18",3038300
26950,-150,100,"sd","13:49:05",3037800
26950,-150,500,"sd","13:49:05",3037700
26950,-150,200,"sd","13:49:02",3037200
26950,-150,16600,"sd","13:48:46",3037000
26950,-150,200,"sd","13:48:46",3020400
26950,-150,400,"sd","13:48:46",3020200
26950,-150,100,"sd","13:48:46",3019800
26950,-150,2000,"sd","13:48:46",3019700
26950,-150,700,"sd","13:48:46",3017700
26950,-150,100,"bu","13:48:03",3017000
26950,-150,1000,"bu","13:48:03",3016900
26950,-150,1200,"bu","13:48:03",3015900
26950,-150,100,"bu","13:47:52",3014700
26950,-150,100,"bu","13:47:30",3014600
26950,-150,1000,"bu","13:47:15",3014500
26950,-150,3500,"bu","13:47:15",3013500
26950,-150,500,"bu","13:47:15",3010000
26950,-150,500,"bu","13:47:04",3009500
26950,-150,600,"bu","13:46:59",3009000
26950,-150,4400,"bu","13:46:59",3008400
26950,-150,100,"bu","13:46:39",3004000
26950,-150,100,"bu","13:46:34",3003900
26950,-150,5400,"bu","13:46:27",3003800
26950,-150,1000,"bu","13:46:27",2998400
26950,-150,5000,"bu","13:46:27",2997400
26950,-150,1000,"bu","13:46:27",2992400
26950,-150,100,"bu","13:46:27",2991400
26950,-150,4500,"bu","13:46:27",2991300
26950,-150,300,"bu","13:45:51",2986800
26900,-200,100,"sd","13:45:37",2986500
26900,-200,1000,"sd","13:45:37",2986400
26900,-200,200,"sd","13:45:37",2985400
26900,-200,300,"sd","13:45:29",2985200
26900,-200,1000,"sd","13:45:14",2984900
26900,-200,1300,"sd","13:44:57",2983900
26900,-200,1000,"sd","13:44:35",2982600
26900,-200,1500,"sd","13:43:38",2981600
26900,-200,14700,"sd","13:43:08",2980100
26900,-200,5300,"sd","13:43:08",2965400
26900,-200,200,"sd","13:42:47",2960100
26950,-150,100,"bu","13:42:34",2959900
26950,-150,100,"sd","13:41:40",2959800
26950,-150,900,"sd","13:41:36",2959700
26950,-150,100,"sd","13:41:36",2958800
27000,-100,100,"bu","13:41:36",2958700
26950,-150,900,"sd","13:41:32",2958600
26950,-150,1100,"sd","13:41:32",2957700
26950,-150,900,"sd","13:41:29",2956600
26950,-150,100,"sd","13:41:29",2955700
26950,-150,100,"sd","13:41:28",2955600
26950,-150,300,"sd","13:41:28",2955500
26950,-150,200,"sd","13:41:28",2955200
26950,-150,2600,"sd","13:41:28",2955000
26950,-150,1000,"sd","13:41:28",2952400
26950,-150,800,"sd","13:41:28",2951400
26950,-150,700,"sd","13:41:25",2950600
26950,-150,1000,"sd","13:41:25",2949900
26950,-150,100,"sd","13:41:25",2948900
26950,-150,100,"sd","13:41:25",2948800
26950,-150,400,"sd","13:41:25",2948700
26950,-150,500,"sd","13:41:25",2948300
26950,-150,100,"sd","13:41:25",2947800
26950,-150,2000,"sd","13:41:25",2947700
26950,-150,1000,"sd","13:41:25",2945700
26950,-150,4000,"sd","13:41:25",2944700
26950,-150,100,"sd","13:41:25",2940700
26950,-150,300,"sd","13:41:00",2940600
26950,-150,19700,"sd","13:41:00",2940300
26950,-150,300,"sd","13:40:58",2920600
26950,-150,1000,"sd","13:40:28",2920300
26950,-150,100,"sd","13:40:08",2919300
26950,-150,100,"sd","13:39:39",2919200
27000,-100,5900,"bu","13:39:17",2919100
27000,-100,1000,"bu","13:39:17",2913200
27000,-100,2000,"bu","13:39:17",2912200
27000,-100,1000,"bu","13:39:17",2910200
27000,-100,100,"bu","13:39:17",2909200
26950,-150,500,"sd","13:39:04",2909100
27000,-100,900,"bu","13:38:52",2908600
27000,-100,4100,"bu","13:38:52",2907700
26950,-150,1800,"sd","13:38:46",2903600
26950,-150,300,"sd","13:38:38",2901800
27000,-100,1000,"bu","13:38:24",2901500
27000,-100,400,"bu","13:38:22",2900500
27000,-100,12000,"bu","13:38:19",2900100
27000,-100,2000,"bu","13:38:17",2888100
27000,-100,1000,"bu","13:38:12",2886100
27000,-100,1200,"bu","13:37:44",2885100
26950,-150,2500,"sd","13:37:40",2883900
27000,-100,6000,"sd","13:37:31",2881400
27000,-100,500,"sd","13:37:31",2875400
27000,-100,200,"sd","13:37:31",2874900
27000,-100,100,"sd","13:37:31",2874700
27000,-100,1500,"sd","13:37:31",2874600
27000,-100,1500,"sd","13:37:25",2873100
27000,-100,2500,"sd","13:37:25",2871600
27000,-100,500,"sd","13:36:42",2869100
27000,-100,100,"sd","13:36:42",2868600
27000,-100,400,"sd","13:36:42",2868500
27000,-100,200,"bu","13:36:10",2868100
27000,-100,500,"bu","13:36:07",2867900
27000,-100,100,"bu","13:36:07",2867400
27000,-100,100,"bu","13:36:07",2867300
27000,-100,3000,"bu","13:36:07",2867200
27000,-100,1700,"bu","13:36:07",2864200
27000,-100,1000,"bu","13:36:07",2862500
27000,-100,2000,"bu","13:36:07",2861500
27000,-100,4000,"bu","13:36:07",2859500
27000,-100,1500,"bu","13:36:03",2855500
27000,-100,500,"bu","13:36:03",2854000
27000,-100,5000,"bu","13:36:00",2853500
27000,-100,200,"bu","13:35:54",2848500
27000,-100,1300,"bu","13:35:52",2848300
27000,-100,1000,"bu","13:35:51",2847000
27000,-100,500,"bu","13:35:51",2846000
27000,-100,1000,"bu","13:35:49",2845500
27000,-100,500,"bu","13:35:46",2844500
27000,-100,200,"bu","13:35:46",2844000
27000,-100,100,"bu","13:35:46",2843800
27000,-100,200,"bu","13:35:46",2843700
27000,-100,600,"bu","13:35:46",2843500
27000,-100,1400,"bu","13:35:46",2842900
27000,-100,600,"bu","13:35:42",2841500
27000,-100,400,"bu","13:35:42",2840900
27000,-100,10000,"bu","13:35:40",2840500
27000,-100,4000,"bu","13:35:37",2830500
27000,-100,2000,"bu","13:35:29",2826500
27000,-100,2000,"bu","13:35:23",2824500
27000,-100,3700,"bu","13:35:14",2822500
27000,-100,100,"bu","13:35:08",2818800
27000,-100,2300,"bu","13:35:05",2818700
27000,-100,100,"bu","13:35:04",2816400
27000,-100,100,"bu","13:34:59",2816300
27000,-100,6000,"bu","13:34:57",2816200
27000,-100,3000,"bu","13:34:56",2810200
27000,-100,100,"bu","13:34:44",2807200
27000,-100,3000,"bu","13:34:37",2807100
27000,-100,100,"bu","13:34:17",2804100
27000,-100,1000,"bu","13:33:55",2804000
27000,-100,5000,"bu","13:33:40",2803000
27000,-100,500,"bu","13:33:24",2798000
27000,-100,100,"bu","13:33:16",2797500
27000,-100,700,"bu","13:33:12",2797400
27000,-100,100,"bu","13:33:10",2796700
27000,-100,100,"bu","13:33:10",2796600
27000,-100,4000,"bu","13:33:07",2796500
27000,-100,100,"bu","13:33:05",2792500
27000,-100,100,"bu","13:33:04",2792400
27000,-100,200,"bu","13:32:52",2792300
27000,-100,1000,"bu","13:32:51",2792100
27000,-100,5000,"bu","13:32:49",2791100
26950,-150,500,"sd","13:32:48",2786100
27000,-100,10000,"bu","13:32:41",2785600
27000,-100,100,"bu","13:32:38",2775600
27000,-100,500,"bu","13:32:37",2775500
27000,-100,100,"bu","13:32:26",2775000
27000,-100,2000,"bu","13:32:20",2774900
27000,-100,1000,"bu","13:32:20",2772900
27000,-100,12000,"bu","13:32:19",2771900
27000,-100,400,"bu","13:32:18",2759900
26950,-150,1500,"sd","13:32:16",2759500
26950,-150,700,"sd","13:31:14",2758000
26950,-150,300,"sd","13:30:51",2757300
27000,-100,100,"bu","13:30:46",2757000
27000,-100,500,"bu","13:30:46",2756900
26950,-150,200,"sd","13:30:29",2756400
26950,-150,1500,"sd","13:30:00",2756200
26950,-150,100,"sd","13:30:00",2754700
26950,-150,1000,"sd","13:30:00",2754600
26950,-150,3000,"sd","13:30:00",2753600
26950,-150,200,"sd","13:30:00",2750600
26950,-150,2400,"sd","13:30:00",2750400
26950,-150,6800,"sd","13:30:00",2748000
26950,-150,3200,"sd","13:29:50",2741200
26950,-150,100,"sd","13:29:50",2738000
26950,-150,1900,"sd","13:29:50",2737900
26950,-150,8100,"sd","13:29:36",2736000
26950,-150,500,"sd","13:29:36",2727900
26950,-150,1000,"sd","13:29:36",2727400
26950,-150,500,"sd","13:29:36",2726400
26950,-150,2000,"sd","13:29:36",2725900
26950,-150,1000,"sd","13:29:36",2723900
26950,-150,2000,"sd","13:29:36",2722900
26950,-150,5000,"sd","13:29:36",2720900
26950,-150,1900,"sd","13:29:36",2715900
26950,-150,200,"sd","13:29:30",2714000
26950,-150,1000,"sd","13:29:02",2713800
26950,-150,500,"sd","13:28:47",2712800
26950,-150,400,"sd","13:28:45",2712300
27000,-100,500,"bu","13:28:27",2711900
27000,-100,100,"sd","13:28:17",2711400
27000,-100,400,"sd","13:28:17",2711300
27000,-100,300,"sd","13:28:17",2710900
27000,-100,2000,"sd","13:28:17",2710600
27000,-100,5000,"sd","13:28:17",2708600
27000,-100,2000,"sd","13:28:17",2703600
27000,-100,300,"sd","13:28:17",2701600
27000,-100,1000,"sd","13:28:17",2701300
27000,-100,300,"sd","13:28:17",2700300
27000,-100,100,"sd","13:28:17",2700000
27000,-100,5000,"sd","13:28:17",2699900
27000,-100,400,"sd","13:28:17",2694900
27000,-100,1100,"sd","13:28:17",2694500
27050,-50,100,"bu","13:27:52",2693400
27000,-100,900,"sd","13:27:07",2693300
27000,-100,100,"sd","13:27:07",2692400
27050,-50,100,"bu","13:26:50",2692300
27050,-50,200,"bu","13:26:43",2692200
27050,-50,1700,"bu","13:26:42",2692000
27050,-50,500,"bu","13:26:38",2690300
27050,-50,1000,"bu","13:26:18",2689800
27000,-100,1000,"sd","13:26:18",2688800
27050,-50,3000,"bu","13:26:05",2687800
27000,-100,700,"sd","13:26:02",2684800
27000,-100,5000,"sd","13:26:02",2684100
27000,-100,100,"sd","13:26:02",2679100
27000,-100,500,"sd","13:26:02",2679000
27000,-100,3700,"sd","13:26:02",2678500
27050,-50,400,"bu","13:25:55",2674800
27050,-50,4600,"bu","13:25:55",2674400
27050,-50,2000,"bu","13:25:51",2669800
27000,-100,100,"sd","13:25:47",2667800
27050,-50,400,"bu","13:25:39",2667700
27050,-50,1000,"bu","13:25:33",2667300
27050,-50,2000,"bu","13:25:33",2666300
27000,-100,200,"bu","13:25:32",2664300
27000,-100,1000,"bu","13:25:32",2664100
27000,-100,400,"bu","13:25:31",2663100
27000,-100,500,"bu","13:25:29",2662700
27000,-100,100,"bu","13:25:29",2662200
27000,-100,500,"bu","13:25:29",2662100
27000,-100,200,"bu","13:25:29",2661600
27000,-100,100,"bu","13:25:29",2661400
27000,-100,800,"bu","13:25:29",2661300
27000,-100,100,"bu","13:25:29",2660500
27000,-100,1000,"bu","13:25:29",2660400
27000,-100,1000,"bu","13:25:29",2659400
27000,-100,500,"bu","13:25:29",2658400
27000,-100,100,"bu","13:25:29",2657900
27000,-100,8000,"bu","13:25:29",2657800
27000,-100,2400,"bu","13:25:29",2649800
27000,-100,200,"bu","13:25:23",2647400
27000,-100,2000,"bu","13:25:19",2647200
27000,-100,200,"bu","13:25:19",2645200
27000,-100,200,"bu","13:25:18",2645000
27000,-100,200,"bu","13:25:12",2644800
27000,-100,1000,"bu","13:25:09",2644600
27000,-100,100,"bu","13:25:07",2643600
27000,-100,100,"bu","13:25:05",2643500
27000,-100,1700,"bu","13:25:05",2643400
27000,-100,4000,"bu","13:25:03",2641700
27000,-100,7900,"bu","13:25:00",2637700
27000,-100,1000,"bu","13:25:00",2629800
27000,-100,400,"bu","13:25:00",2628800
27000,-100,100,"bu","13:25:00",2628400
27000,-100,500,"bu","13:25:00",2628300
27000,-100,100,"bu","13:25:00",2627800
27000,-100,3000,"bu","13:24:59",2627700
27000,-100,20000,"bu","13:24:56",2624700
27000,-100,6000,"bu","13:24:54",2604700
27000,-100,1100,"bu","13:24:52",2598700
27000,-100,2000,"bu","13:24:51",2597600
27000,-100,500,"bu","13:24:50",2595600
27000,-100,300,"bu","13:24:46",2595100
27000,-100,1000,"bu","13:24:44",2594800
27000,-100,500,"bu","13:24:41",2593800
27000,-100,5000,"bu","13:24:40",2593300
27000,-100,100,"bu","13:24:40",2588300
27000,-100,100,"bu","13:24:40",2588200
27000,-100,3000,"bu","13:24:37",2588100
27000,-100,1000,"bu","13:24:37",2585100
27000,-100,5000,"bu","13:24:33",2584100
27000,-100,2900,"bu","13:24:33",2579100
27000,-100,2300,"bu","13:24:33",2576200
27000,-100,46100,"bu","13:24:29",2573900
27000,-100,500,"bu","13:24:29",2527800
27000,-100,1000,"bu","13:24:29",2527300
27000,-100,400,"bu","13:24:29",2526300
27000,-100,100,"bu","13:24:29",2525900
27000,-100,1900,"bu","13:24:29",2525800
27000,-100,100,"bu","13:24:29",2523900
27000,-100,300,"bu","13:24:29",2523800
27000,-100,2600,"bu","13:24:29",2523500
27000,-100,5000,"bu","13:24:25",2520900
27000,-100,2400,"bu","13:24:17",2515900
27000,-100,3000,"bu","13:24:17",2513500
27000,-100,1000,"bu","13:24:17",2510500
27000,-100,100,"bu","13:24:17",2509500
27000,-100,200,"bu","13:24:17",2509400
27000,-100,1500,"bu","13:24:17",2509200
27000,-100,500,"bu","13:24:17",2507700
27000,-100,500,"bu","13:24:17",2507200
27000,-100,300,"bu","13:24:17",2506700
27000,-100,500,"bu","13:24:17",2506400
27000,-100,2000,"bu","13:24:17",2505900
27000,-100,100,"bu","13:24:17",2503900
27000,-100,1900,"bu","13:24:17",2503800
26950,-150,6000,"sd","13:24:10",2501900
26950,-150,100,"sd","13:24:10",2495900
26950,-150,3900,"sd","13:24:10",2495800
26950,-150,1000,"bu","13:23:56",2491900
26950,-150,5100,"bu","13:23:56",2490900
26950,-150,1000,"bu","13:23:56",2485800
26950,-150,500,"bu","13:23:53",2484800
26950,-150,3400,"bu","13:23:51",2484300
26950,-150,1600,"bu","13:23:51",2480900
26950,-150,400,"bu","13:23:51",2479300
26950,-150,10000,"bu","13:23:51",2478900
26950,-150,4800,"bu","13:23:51",2468900
26950,-150,500,"bu","13:23:51",2464100
26950,-150,200,"bu","13:23:51",2463600
26950,-150,2000,"bu","13:23:51",2463400
26950,-150,10000,"bu","13:23:50",2461400
26950,-150,100,"bu","13:23:50",2451400
26950,-150,10000,"bu","13:23:50",2451300
26950,-150,400,"bu","13:23:50",2441300
26950,-150,11600,"bu","13:23:50",2440900
26950,-150,5000,"bu","13:23:50",2429300
26900,-200,1400,"sd","13:23:31",2424300
26900,-200,1100,"sd","13:23:31",2422900
26900,-200,2500,"sd","13:23:30",2421800
26900,-200,500,"sd","13:23:24",2419300
26900,-200,5000,"bu","13:23:05",2418800
26900,-200,900,"bu","13:23:05",2413800
26900,-200,400,"bu","13:23:05",2412900
26900,-200,700,"bu","13:23:02",2412500
26900,-200,300,"bu","13:23:02",2411800
26900,-200,5000,"bu","13:22:45",2411500
26900,-200,200,"bu","13:22:43",2406500
26900,-200,100,"bu","13:22:43",2406300
26850,-250,2900,"sd","13:22:42",2406200
26850,-250,3000,"sd","13:22:42",2403300
26850,-250,200,"sd","13:22:42",2400300
26850,-250,1900,"sd","13:22:42",2400100
26900,-200,200,"bu","13:22:41",2398200
26900,-200,1400,"bu","13:22:39",2398000
26900,-200,1000,"bu","13:22:37",2396600
26900,-200,300,"bu","13:22:33",2395600
26900,-200,100,"bu","13:22:15",2395300
26900,-200,200,"sd","13:22:12",2395200
26900,-200,100,"sd","13:22:12",2395000
26900,-200,1100,"sd","13:22:12",2394900
26900,-200,1200,"bu","13:22:07",2393800
26900,-200,200,"bu","13:22:03",2392600
26900,-200,200,"bu","13:21:56",2392400
26900,-200,6000,"bu","13:21:51",2392200
26900,-200,600,"bu","13:21:46",2386200
26900,-200,100,"bu","13:21:43",2385600
26900,-200,100,"bu","13:21:37",2385500
26900,-200,1600,"sd","13:21:36",2385400
26900,-200,1000,"bu","13:21:07",2383800
26900,-200,5000,"bu","13:21:07",2382800
26900,-200,500,"bu","13:21:07",2377800
26900,-200,1900,"bu","13:21:07",2377300
26850,-250,200,"sd","13:20:39",2375400
26850,-250,1500,"sd","13:20:07",2375200
26900,-200,100,"sd","13:19:57",2373700
26900,-200,100,"bu","13:19:46",2373600
26900,-200,400,"bu","13:19:46",2373500
26900,-200,100,"bu","13:19:35",2373100
26900,-200,500,"sd","13:19:30",2373000
26900,-200,1000,"sd","13:19:29",2372500
26900,-200,500,"sd","13:19:29",2371500
26900,-200,500,"sd","13:19:29",2371000
26900,-200,200,"sd","13:19:29",2370500
26900,-200,500,"sd","13:19:29",2370300
26900,-200,7300,"sd","13:19:29",2369800
26900,-200,1000,"sd","13:19:21",2362500
26900,-200,2000,"sd","13:19:15",2361500
26900,-200,1000,"sd","13:19:04",2359500
26900,-200,100,"bu","13:18:19",2358500
26900,-200,300,"bu","13:18:19",2358400
26900,-200,1100,"bu","13:18:19",2358100
26900,-200,900,"bu","13:18:00",2357000
26900,-200,1000,"bu","13:18:00",2356100
26900,-200,2100,"bu","13:18:00",2355100
26900,-200,100,"bu","13:18:00",2353000
26900,-200,100,"bu","13:17:54",2352900
26900,-200,200,"bu","13:17:53",2352800
26900,-200,100,"bu","13:17:35",2352600
26900,-200,400,"sd","13:17:04",2352500
26900,-200,600,"sd","13:17:04",2352100
26900,-200,1500,"sd","13:17:00",2351500
26900,-200,1000,"sd","13:16:49",2350000
26900,-200,5000,"bu","13:16:46",2349000
26900,-200,200,"bu","13:16:46",2344000
26900,-200,3700,"bu","13:16:45",2343800
26900,-200,1000,"sd","13:16:37",2340100
26900,-200,200,"sd","13:16:37",2339100
26900,-200,100,"sd","13:16:37",2338900
26950,-150,9400,"bu","13:16:21",2338800
26950,-150,200,"bu","13:16:21",2329400
26950,-150,100,"bu","13:16:21",2329200
26900,-200,200,"bu","13:16:21",2329100
26900,-200,200,"bu","13:16:21",2328900
26900,-200,100,"bu","13:16:21",2328700
26900,-200,1000,"bu","13:16:21",2328600
26900,-200,800,"bu","13:16:21",2327600
26850,-250,1500,"sd","13:16:05",2326800
26850,-250,1900,"sd","13:16:04",2325300
26900,-200,100,"bu","13:16:01",2323400
26900,-200,100,"bu","13:15:52",2323300
26900,-200,2000,"sd","13:15:46",2323200
26900,-200,400,"sd","13:15:46",2321200
26900,-200,100,"sd","13:15:46",2320800
26900,-200,300,"sd","13:15:46",2320700
26950,-150,200,"bu","13:15:25",2320400
26950,-150,200,"bu","13:15:25",2320200
26950,-150,100,"bu","13:15:25",2320000
26950,-150,400,"bu","13:15:25",2319900
26950,-150,200,"bu","13:15:25",2319500
26950,-150,100,"bu","13:15:25",2319300
26950,-150,800,"bu","13:15:25",2319200
26950,-150,400,"bu","13:15:24",2318400
26850,-250,800,"sd","13:15:23",2318000
26900,-200,1000,"sd","13:15:23",2317200
26900,-200,200,"sd","13:15:23",2316200
26900,-200,300,"bu","13:15:21",2316000
26900,-200,500,"bu","13:15:21",2315700
26900,-200,500,"bu","13:15:19",2315200
26900,-200,200,"bu","13:15:18",2314700
26900,-200,1000,"bu","13:15:16",2314500
26900,-200,500,"bu","13:15:12",2313500
26900,-200,1000,"bu","13:15:12",2313000
26900,-200,1000,"bu","13:15:09",2312000
26900,-200,500,"bu","13:15:08",2311000
26900,-200,500,"bu","13:15:04",2310500
26900,-200,1000,"bu","13:14:49",2310000
26900,-200,100,"bu","13:14:46",2309000
26900,-200,1200,"bu","13:14:40",2308900
26900,-200,2800,"bu","13:14:40",2307700
26900,-200,100,"bu","13:14:35",2304900
26900,-200,100,"bu","13:14:20",2304800
26900,-200,400,"bu","13:14:15",2304700
26900,-200,1600,"bu","13:14:15",2304300
26900,-200,400,"bu","13:14:15",2302700
26900,-200,2600,"bu","13:14:01",2302300
26900,-200,100,"bu","13:14:01",2299700
26850,-250,100,"sd","13:14:01",2299600
26900,-200,700,"bu","13:13:59",2299500
26850,-250,4000,"sd","13:13:50",2298800
26850,-250,400,"bu","13:13:10",2294800
26850,-250,400,"bu","13:13:10",2294400
26850,-250,5200,"bu","13:13:10",2294000
26850,-250,200,"bu","13:13:05",2288800
26850,-250,300,"bu","13:13:03",2288600
26850,-250,1000,"bu","13:13:01",2288300
26850,-250,500,"bu","13:12:57",2287300
26850,-250,200,"bu","13:12:56",2286800
26850,-250,300,"bu","13:12:49",2286600
26850,-250,1000,"bu","13:12:46",2286300
26850,-250,500,"bu","13:12:45",2285300
26850,-250,5000,"bu","13:12:37",2284800
26800,-300,100,"sd","13:12:37",2279800
26800,-300,200,"sd","13:12:37",2279700
26800,-300,100,"sd","13:12:37",2279500
26800,-300,1600,"sd","13:12:37",2279400
26850,-250,1000,"bu","13:12:30",2277800
26850,-250,400,"bu","13:12:25",2276800
26850,-250,5000,"bu","13:12:25",2276400
26800,-300,1300,"sd","13:12:25",2271400
26850,-250,700,"bu","13:12:07",2270100
26850,-250,500,"bu","13:12:03",2269400
26850,-250,700,"bu","13:11:51",2268900
26850,-250,200,"sd","13:11:51",2268200
26850,-250,1000,"sd","13:11:51",2268000
26850,-250,200,"sd","13:11:51",2267000
26850,-250,5000,"sd","13:11:51",2266800
26850,-250,500,"sd","13:11:51",2261800
26850,-250,3000,"sd","13:11:51",2261300
26850,-250,300,"sd","13:11:51",2258300
26850,-250,1000,"sd","13:11:51",2258000
26850,-250,2000,"sd","13:11:51",2257000
26850,-250,1000,"sd","13:11:51",2255000
26850,-250,5000,"sd","13:11:51",2254000
26850,-250,500,"sd","13:11:51",2249000
26850,-250,1000,"sd","13:11:51",2248500
26850,-250,100,"sd","13:11:50",2247500
26850,-250,5000,"sd","13:11:50",2247400
26850,-250,1700,"sd","13:11:50",2242400
26900,-200,10500,"sd","13:11:49",2240700
26900,-200,500,"sd","13:11:49",2230200
26900,-200,600,"sd","13:11:49",2229700
26900,-200,1000,"sd","13:11:49",2229100
26900,-200,1000,"sd","13:11:49",2228100
26900,-200,5000,"sd","13:11:49",2227100
26900,-200,500,"sd","13:11:49",2222100
26900,-200,100,"sd","13:11:49",2221600
26900,-200,400,"sd","13:11:42",2221500
26900,-200,2900,"sd","13:11:42",2221100
26900,-200,5300,"sd","13:11:42",2218200
26900,-200,500,"sd","13:11:42",2212900
26900,-200,900,"sd","13:11:42",2212400
26900,-200,100,"bu","13:10:27",2211500
26900,-200,300,"bu","13:10:26",2211400
26900,-200,4200,"bu","13:10:23",2211100
26900,-200,100,"bu","13:10:23",2206900
26900,-200,500,"bu","13:10:23",2206800
26900,-200,3000,"bu","13:10:23",2206300
26900,-200,500,"bu","13:10:23",2203300
26900,-200,1700,"bu","13:10:23",2202800
26900,-200,100,"bu","13:10:08",2201100
26900,-200,200,"bu","13:10:08",2201000
26900,-200,2300,"bu","13:10:02",2200800
26900,-200,700,"bu","13:10:01",2198500
26900,-200,4000,"bu","13:10:01",2197800
26900,-200,100,"bu","13:10:01",2193800
26900,-200,200,"bu","13:10:01",2193700
26900,-200,100,"bu","13:09:48",2193500
26900,-200,5700,"bu","13:09:36",2193400
26900,-200,300,"bu","13:09:36",2187700
26900,-200,500,"bu","13:09:36",2187400
26900,-200,700,"bu","13:09:36",2186900
26900,-200,300,"bu","13:09:30",2186200
26900,-200,5000,"bu","13:09:30",2185900
26900,-200,300,"bu","13:09:30",2180900
26900,-200,500,"bu","13:09:30",2180600
26900,-200,300,"bu","13:09:30",2180100
26900,-200,3500,"bu","13:09:30",2179800
26900,-200,100,"bu","13:09:30",2176300
26850,-250,300,"sd","13:09:25",2176200
26900,-200,400,"bu","13:09:25",2175900
26900,-200,100,"bu","13:09:11",2175500
26900,-200,100,"bu","13:09:11",2175400
26900,-200,5400,"bu","13:09:11",2175300
26850,-250,3000,"bu","13:09:04",2169900
26800,-300,200,"sd","13:09:03",2166900
26850,-250,100,"bu","13:09:01",2166700
26850,-250,500,"bu","13:08:56",2166600
26850,-250,1400,"bu","13:08:53",2166100
26850,-250,3600,"bu","13:08:53",2164700
26850,-250,500,"bu","13:08:53",2161100
26850,-250,500,"bu","13:08:52",2160600
26850,-250,2400,"bu","13:08:51",2160100
26850,-250,3000,"bu","13:08:47",2157700
26850,-250,2000,"sd","13:08:41",2154700
26850,-250,1000,"sd","13:08:41",2152700
26850,-250,100,"sd","13:08:41",2151700
26850,-250,1900,"sd","13:08:41",2151600
26900,-200,800,"bu","13:08:35",2149700
26850,-250,100,"sd","13:08:32",2148900
26850,-250,2000,"sd","13:08:28",2148800
26850,-250,400,"sd","13:08:26",2146800
26850,-250,1000,"sd","13:08:26",2146400
26850,-250,300,"sd","13:08:26",2145400
26850,-250,500,"bu","13:08:02",2145100
26850,-250,5000,"bu","13:08:01",2144600
26850,-250,500,"bu","13:08:01",2139600
26850,-250,4500,"bu","13:08:01",2139100
26850,-250,200,"bu","13:07:53",2134600
26850,-250,300,"bu","13:07:48",2134400
26850,-250,200,"bu","13:07:46",2134100
26850,-250,2000,"bu","13:07:44",2133900
26850,-250,500,"bu","13:07:41",2131900
26850,-250,100,"bu","13:07:40",2131400
26850,-250,7600,"bu","13:07:38",2131300
26850,-250,1000,"bu","13:07:38",2123700
26850,-250,1400,"bu","13:07:38",2122700
26850,-250,400,"bu","13:07:06",2121300
26850,-250,200,"bu","13:06:58",2120900
26850,-250,2000,"bu","13:06:55",2120700
26850,-250,2000,"bu","13:06:55",2118700
26850,-250,9000,"bu","13:06:25",2116700
26850,-250,100,"bu","13:06:25",2107700
26850,-250,900,"bu","13:06:25",2107600
26800,-300,1400,"sd","13:06:17",2106700
26850,-250,100,"bu","13:06:06",2105300
26850,-250,100,"bu","13:06:06",2105200
26800,-300,100,"sd","13:06:01",2105100
26800,-300,1300,"sd","13:05:59",2105000
26850,-250,1500,"bu","13:05:50",2103700
26850,-250,8400,"bu","13:05:32",2102200
26850,-250,1300,"bu","13:05:32",2093800
26850,-250,100,"bu","13:05:32",2092500
26850,-250,1000,"bu","13:05:32",2092400
26850,-250,600,"bu","13:05:32",2091400
26850,-250,1000,"bu","13:05:24",2090800
26850,-250,100,"bu","13:05:02",2089800
26850,-250,300,"bu","13:04:40",2089700
26850,-250,500,"bu","13:04:40",2089400
26850,-250,200,"bu","13:04:35",2088900
26850,-250,500,"bu","13:04:29",2088700
26850,-250,800,"sd","13:04:05",2088200
26850,-250,1700,"sd","13:03:54",2087400
26850,-250,200,"sd","13:03:44",2085700
26850,-250,2400,"bu","13:03:31",2085500
26850,-250,4900,"bu","13:03:31",2083100
26800,-300,1000,"sd","13:03:30",2078200
26850,-250,100,"bu","13:03:19",2077200
26850,-250,500,"bu","13:03:19",2077100
26850,-250,400,"bu","13:03:19",2076600
26850,-250,100,"bu","13:03:19",2076200
26850,-250,100,"bu","13:03:19",2076100
26850,-250,800,"bu","13:03:19",2076000
26800,-300,3000,"sd","13:03:18",2075200
26800,-300,100,"sd","13:03:14",2072200
26800,-300,900,"sd","13:03:14",2072100
26850,-250,100,"bu","13:03:08",2071200
26850,-250,800,"bu","13:03:02",2071100
26800,-300,1000,"sd","13:02:57",2070300
26800,-300,400,"sd","13:02:45",2069300
26850,-250,3300,"bu","13:02:41",2068900
26850,-250,2100,"bu","13:02:41",2065600
26850,-250,100,"bu","13:02:41",2063500
26850,-250,600,"bu","13:02:41",2063400
26850,-250,1000,"bu","13:02:41",2062800
26850,-250,1000,"bu","13:02:41",2061800
26850,-250,1900,"bu","13:02:41",2060800
26800,-300,3000,"sd","13:02:40",2058900
26800,-300,2000,"sd","13:02:40",2055900
26800,-300,7700,"sd","13:02:40",2053900
26800,-300,500,"sd","13:02:40",2046200
26800,-300,100,"sd","13:02:40",2045700
26800,-300,1500,"sd","13:02:40",2045600
26800,-300,200,"sd","13:02:40",2044100
26800,-300,100,"sd","13:02:40",2043900
26800,-300,2000,"sd","13:02:40",2043800
26800,-300,10000,"sd","13:02:40",2041800
26800,-300,1100,"sd","13:02:40",2031800
26800,-300,1500,"sd","13:02:40",2030700
26800,-300,300,"sd","13:02:40",2029200
26800,-300,100,"sd","13:02:40",2028900
26800,-300,900,"sd","13:02:40",2028800
26800,-300,600,"sd","13:02:17",2027900
26850,-250,2500,"bu","13:01:56",2027300
26850,-250,500,"bu","13:01:27",2024800
26850,-250,200,"bu","13:01:23",2024300
26800,-300,3500,"sd","13:01:21",2024100
26800,-300,2000,"sd","13:01:21",2020600
26800,-300,2000,"sd","13:01:21",2018600
26800,-300,10000,"sd","13:01:21",2016600
26800,-300,200,"sd","13:01:21",2006600
26800,-300,1400,"sd","13:01:21",2006400
26800,-300,3600,"sd","13:01:14",2005000
26800,-300,100,"sd","13:01:14",2001400
26800,-300,500,"sd","13:01:14",2001300
26800,-300,200,"sd","13:01:14",2000800
26800,-300,300,"sd","13:01:14",2000600
26800,-300,2000,"sd","13:01:14",2000300
26800,-300,100,"sd","13:01:14",1998300
26800,-300,200,"sd","13:01:14",1998200
26800,-300,300,"sd","13:01:14",1998000
26800,-300,100,"sd","13:01:14",1997700
26800,-300,1000,"sd","13:01:14",1997600
26800,-300,200,"sd","13:01:14",1996600
26800,-300,100,"sd","13:01:14",1996400
26800,-300,100,"sd","13:01:14",1996300
26800,-300,1000,"sd","13:01:14",1996200
26800,-300,100,"sd","13:01:14",1995200
26800,-300,100,"sd","13:01:14",1995100
26800,-300,100,"sd","13:01:14",1995000
26800,-300,1800,"sd","13:01:14",1994900
26850,-250,200,"bu","13:01:08",1993100
26850,-250,200,"bu","13:01:00",1992900
26850,-250,1000,"bu","13:00:56",1992700
26800,-300,1200,"sd","13:00:53",1991700
26800,-300,200,"sd","13:00:53",1990500
26800,-300,100,"sd","13:00:53",1990300
26800,-300,2000,"sd","13:00:53",1990200
26800,-300,12000,"sd","13:00:53",1988200
26800,-300,400,"sd","13:00:53",1976200
26800,-300,1000,"sd","13:00:53",1975800
26800,-300,1500,"sd","13:00:53",1974800
26850,-250,500,"bu","13:00:35",1973300
26850,-250,100,"bu","13:00:35",1972800
26850,-250,500,"bu","13:00:35",1972700
26850,-250,500,"bu","13:00:32",1972200
26850,-250,400,"bu","13:00:32",1971700
26850,-250,100,"bu","13:00:32",1971300
26800,-300,500,"sd","13:00:13",1971200
26800,-300,200,"sd","13:00:13",1970700
26800,-300,900,"sd","13:00:13",1970500
26850,-250,100,"bu","13:00:13",1969600
26850,-250,900,"bu","13:00:09",1969500
26800,-300,200,"sd","13:00:09",1968600
26800,-300,600,"sd","13:00:06",1968400
26850,-250,300,"bu","13:00:04",1967800
26850,-250,1000,"sd","13:00:04",1967500
26850,-250,1000,"sd","13:00:04",1966500
26850,-250,200,"sd","13:00:04",1965500
26850,-250,100,"sd","13:00:03",1965300
26850,-250,200,"bu","13:00:03",1965200
26850,-250,300,"sd","13:00:02",1965000
26850,-250,200,"sd","13:00:02",1964700
26850,-250,300,"bu","13:00:01",1964500
26850,-250,500,"bu","13:00:01",1964200
26850,-250,2400,"bu","13:00:01",1963700
26850,-250,800,"bu","13:00:01",1961300
26850,-250,1000,"bu","13:00:01",1960500
26850,-250,300,"bu","13:00:01",1959500
26850,-250,5700,"bu","13:00:01",1959200
26850,-250,100,"bu","13:00:01",1953500
26850,-250,100,"sd","13:00:00",1953400
26850,-250,100,"sd","13:00:00",1953300
26850,-250,500,"sd","13:00:00",1953200
26800,-300,100,"sd","13:00:00",1952700
26850,-250,200,"sd","12:59:59",1952600
26850,-250,400,"sd","12:59:59",1952400
26850,-250,500,"bu","11:29:47",1952000
26800,-300,100,"sd","11:29:45",1951500
26800,-300,700,"sd","11:29:44",1951400
26800,-300,200,"sd","11:29:44",1950700
26800,-300,100,"sd","11:29:44",1950500
26800,-300,200,"sd","11:29:44",1950400
26800,-300,100,"sd","11:29:44",1950200
26800,-300,300,"sd","11:29:44",1950100
26850,-250,100,"bu","11:29:44",1949800
26850,-250,100,"bu","11:29:17",1949700
26850,-250,200,"bu","11:29:10",1949600
26850,-250,500,"bu","11:29:07",1949400
26850,-250,200,"bu","11:29:05",1948900
26850,-250,100,"bu","11:29:04",1948700
26850,-250,500,"bu","11:28:59",1948600
26850,-250,100,"bu","11:28:48",1948100
26850,-250,3900,"bu","11:28:48",1948000
26850,-250,100,"bu","11:28:30",1944100
26850,-250,200,"bu","11:28:30",1944000
26850,-250,200,"bu","11:28:30",1943800
26850,-250,2600,"sd","11:28:21",1943600
26850,-250,500,"sd","11:28:21",1941000
26850,-250,300,"sd","11:28:21",1940500
26850,-250,700,"sd","11:28:19",1940200
26850,-250,200,"sd","11:28:19",1939500
26850,-250,300,"sd","11:28:19",1939300
26850,-250,500,"sd","11:28:19",1939000
26850,-250,100,"sd","11:28:19",1938500
26850,-250,1100,"sd","11:28:19",1938400
26900,-200,3800,"bu","11:28:10",1937300
26900,-200,11200,"bu","11:28:10",1933500
26850,-250,200,"sd","11:28:07",1922300
26850,-250,700,"sd","11:28:06",1922100
26850,-250,400,"sd","11:28:06",1921400
26850,-250,100,"sd","11:28:06",1921000
26850,-250,200,"sd","11:28:06",1920900
26850,-250,3000,"sd","11:28:06",1920700
26850,-250,1000,"sd","11:28:06",1917700
26850,-250,4600,"sd","11:28:06",1916700
26850,-250,400,"sd","11:27:55",1912100
26850,-250,600,"sd","11:27:55",1911700
26850,-250,400,"sd","11:27:45",1911100
26850,-250,200,"sd","11:27:45",1910700
26900,-200,100,"bu","11:27:41",1910500
26850,-250,3500,"sd","11:27:36",1910400
26850,-250,6500,"sd","11:27:30",1906900
26850,-250,1000,"sd","11:27:30",1900400
26850,-250,100,"sd","11:27:30",1899400
26850,-250,2400,"sd","11:27:30",1899300
26850,-250,1900,"sd","11:27:06",1896900
26850,-250,700,"sd","11:27:06",1895000
26850,-250,1500,"sd","11:27:06",1894300
26850,-250,1000,"sd","11:27:06",1892800
26850,-250,300,"sd","11:27:06",1891800
26850,-250,100,"sd","11:27:06",1891500
26850,-250,500,"sd","11:27:06",1891400
26900,-200,100,"bu","11:27:01",1890900
26850,-250,1400,"sd","11:26:43",1890800
26850,-250,100,"sd","11:26:22",1889400
26850,-250,500,"sd","11:26:22",1889300
26850,-250,500,"sd","11:26:22",1888800
26850,-250,500,"sd","11:26:22",1888300
26850,-250,300,"sd","11:26:22",1887800
26850,-250,300,"sd","11:26:22",1887500
26850,-250,100,"sd","11:26:22",1887200
26850,-250,1000,"sd","11:25:56",1887100
26850,-250,8000,"sd","11:25:53",1886100
26900,-200,100,"bu","11:25:49",1878100
26850,-250,900,"sd","11:25:47",1878000
26850,-250,3000,"sd","11:25:47",1877100
26850,-250,2900,"sd","11:25:47",1874100
26850,-250,100,"sd","11:25:47",1871200
26850,-250,400,"sd","11:24:48",1871100
26850,-250,200,"sd","11:24:48",1870700
26850,-250,2000,"sd","11:24:48",1870500
26850,-250,1000,"sd","11:24:48",1868500
26850,-250,400,"sd","11:24:48",1867500
26850,-250,200,"sd","11:24:16",1867100
26850,-250,500,"sd","11:23:59",1866900
26850,-250,300,"sd","11:23:58",1866400
26850,-250,200,"sd","11:23:50",1866100
26850,-250,1000,"sd","11:23:20",1865900
26850,-250,600,"sd","11:23:09",1864900
26850,-250,1800,"sd","11:23:06",1864300
26850,-250,200,"sd","11:23:06",1862500
26850,-250,300,"sd","11:22:52",1862300
26850,-250,100,"sd","11:22:52",1862000
26850,-250,600,"sd","11:22:52",1861900
26850,-250,2500,"sd","11:22:45",1861300
26850,-250,2000,"sd","11:22:32",1858800
26850,-250,1000,"sd","11:22:20",1856800
26850,-250,2800,"sd","11:21:51",1855800
26900,-200,7200,"bu","11:21:44",1853000
26900,-200,3000,"bu","11:21:44",1845800
26900,-200,1000,"bu","11:21:44",1842800
26900,-200,800,"bu","11:21:44",1841800
26850,-250,1000,"sd","11:21:42",1841000
26900,-200,500,"bu","11:21:33",1840000
26900,-200,100,"bu","11:21:27",1839500
26850,-250,100,"sd","11:21:23",1839400
26850,-250,100,"sd","11:21:23",1839300
26850,-250,200,"sd","11:21:20",1839200
26850,-250,600,"sd","11:21:20",1839000
26850,-250,400,"sd","11:21:18",1838400
26850,-250,500,"sd","11:21:04",1838000
26850,-250,300,"sd","11:20:36",1837500
26850,-250,200,"sd","11:20:29",1837200
26850,-250,300,"sd","11:20:29",1837000
26850,-250,300,"sd","11:20:06",1836700
26850,-250,700,"sd","11:20:06",1836400
26850,-250,700,"sd","11:19:48",1835700
26850,-250,1000,"sd","11:19:46",1835000
26850,-250,500,"sd","11:19:41",1834000
26900,-200,600,"bu","11:19:34",1833500
26900,-200,1000,"bu","11:19:34",1832900
26900,-200,200,"bu","11:19:22",1831900
26900,-200,100,"bu","11:19:11",1831700
26900,-200,300,"bu","11:18:51",1831600
26900,-200,100,"bu","11:17:11",1831300
26850,-250,2000,"sd","11:17:04",1831200
26850,-250,100,"sd","11:16:59",1829200
26850,-250,400,"sd","11:16:59",1829100
26850,-250,100,"sd","11:16:40",1828700
26850,-250,100,"sd","11:16:40",1828600
26850,-250,100,"sd","11:16:40",1828500
26850,-250,3700,"sd","11:16:40",1828400
26850,-250,1000,"sd","11:16:32",1824700
26850,-250,100,"sd","11:16:27",1823700
26900,-200,1000,"bu","11:16:24",1823600
26850,-250,5200,"sd","11:16:17",1822600
26850,-250,800,"sd","11:16:17",1817400
26850,-250,1200,"sd","11:16:12",1816600
26850,-250,100,"sd","11:16:12",1815400
26850,-250,1000,"sd","11:16:12",1815300
26850,-250,10000,"sd","11:16:12",1814300
26850,-250,100,"sd","11:16:12",1804300
26850,-250,200,"sd","11:16:12",1804200
26850,-250,300,"sd","11:16:12",1804000
26850,-250,500,"sd","11:16:12",1803700
26850,-250,500,"sd","11:16:12",1803200
26850,-250,200,"sd","11:16:12",1802700
26850,-250,1000,"sd","11:16:12",1802500
26850,-250,200,"sd","11:16:12",1801500
26850,-250,200,"sd","11:16:12",1801300
26850,-250,200,"sd","11:16:12",1801100
26850,-250,1000,"sd","11:16:12",1800900
26850,-250,300,"sd","11:16:12",1799900
26850,-250,3000,"sd","11:16:12",1799600
26850,-250,1000,"sd","11:16:04",1796600
26850,-250,3000,"sd","11:16:03",1795600
26850,-250,3000,"sd","11:15:55",1792600
26850,-250,200,"sd","11:15:50",1789600
26850,-250,1000,"sd","11:15:50",1789400
26850,-250,300,"sd","11:15:50",1788400
26850,-250,500,"sd","11:15:50",1788100
26850,-250,1000,"sd","11:15:50",1787600
26850,-250,7000,"sd","11:15:50",1786600
26850,-250,1000,"sd","11:15:48",1779600
26850,-250,1000,"sd","11:15:37",1778600
26850,-250,400,"sd","11:15:31",1777600
26850,-250,200,"sd","11:15:18",1777200
26850,-250,4000,"sd","11:15:08",1777000
26850,-250,5000,"sd","11:14:58",1773000
26850,-250,1400,"sd","11:14:56",1768000
26850,-250,100,"sd","11:14:56",1766600
26850,-250,500,"sd","11:14:56",1766500
26850,-250,100,"sd","11:14:56",1766000
26850,-250,7900,"sd","11:14:56",1765900
26850,-250,300,"sd","11:14:51",1758000
26850,-250,1800,"sd","11:14:39",1757700
26850,-250,1000,"sd","11:14:39",1755900
26850,-250,500,"sd","11:14:39",1754900
26850,-250,500,"sd","11:14:39",1754400
26850,-250,200,"sd","11:14:39",1753900
26850,-250,1000,"sd","11:14:39",1753700
26850,-250,1000,"sd","11:14:26",1752700
26850,-250,300,"sd","11:14:26",1751700
26850,-250,1000,"sd","11:14:26",1751400
26850,-250,100,"sd","11:14:26",1750400
26850,-250,1000,"sd","11:14:26",1750300
26850,-250,2600,"sd","11:14:26",1749300
26850,-250,200,"sd","11:14:24",1746700
26850,-250,200,"sd","11:14:22",1746500
26850,-250,200,"sd","11:14:18",1746300
26850,-250,100,"sd","11:14:18",1746100
26900,-200,100,"bu","11:14:15",1746000
26850,-250,400,"sd","11:13:53",1745900
26850,-250,100,"sd","11:13:53",1745500
26850,-250,100,"sd","11:13:53",1745400
26850,-250,100,"sd","11:13:42",1745300
26850,-250,100,"sd","11:13:42",1745200
26850,-250,200,"sd","11:13:35",1745100
26850,-250,100,"sd","11:13:35",1744900
26850,-250,200,"sd","11:13:35",1744800
26850,-250,200,"sd","11:13:28",1744600
26900,-200,100,"bu","11:13:23",1744400
26900,-200,300,"bu","11:13:16",1744300
26900,-200,1500,"sd","11:13:11",1744000
26900,-200,4000,"sd","11:13:11",1742500
26900,-200,2100,"sd","11:13:10",1738500
26900,-200,200,"bu","11:13:02",1736400
26900,-200,2200,"bu","11:13:02",1736200
26900,-200,7800,"bu","11:12:56",1734000
26900,-200,2200,"bu","11:12:56",1726200
26900,-200,1000,"sd","11:12:42",1724000
26900,-200,2000,"sd","11:12:42",1723000
26900,-200,200,"sd","11:12:42",1721000
26900,-200,3000,"sd","11:12:42",1720800
26900,-200,4900,"sd","11:12:42",1717800
26900,-200,100,"sd","11:12:38",1712900
26900,-200,700,"sd","11:12:34",1712800
26900,-200,400,"sd","11:12:20",1712100
26900,-200,200,"sd","11:12:18",1711700
26900,-200,1800,"sd","11:12:07",1711500
26900,-200,100,"sd","11:12:04",1709700
26900,-200,1800,"sd","11:12:00",1709600
26900,-200,100,"sd","11:12:00",1707800
26900,-200,1000,"sd","11:12:00",1707700
26900,-200,200,"sd","11:12:00",1706700
26900,-200,100,"sd","11:12:00",1706500
26900,-200,1000,"sd","11:12:00",1706400
26900,-200,300,"sd","11:12:00",1705400
26900,-200,200,"sd","11:12:00",1705100
26900,-200,200,"sd","11:12:00",1704900
26900,-200,500,"sd","11:11:58",1704700
26900,-200,500,"sd","11:11:58",1704200
26900,-200,200,"sd","11:11:56",1703700
26900,-200,100,"sd","11:11:56",1703500
26900,-200,2000,"sd","11:11:52",1703400
26900,-200,1700,"sd","11:11:39",1701400
26900,-200,1200,"sd","11:11:33",1699700
26900,-200,100,"sd","11:11:33",1698500
26900,-200,200,"sd","11:11:33",1698400
26900,-200,200,"sd","11:11:33",1698200
26900,-200,1300,"sd","11:11:33",1698000
26900,-200,700,"sd","11:11:22",1696700
26900,-200,100,"sd","11:11:22",1696000
26900,-200,100,"sd","11:11:22",1695900
26900,-200,100,"sd","11:11:22",1695800
26900,-200,100,"sd","11:11:10",1695700
26900,-200,200,"sd","11:11:09",1695600
26900,-200,200,"sd","11:11:09",1695400
26900,-200,500,"sd","11:11:04",1695200
26900,-200,100,"sd","11:10:48",1694700
26900,-200,300,"sd","11:10:48",1694600
26900,-200,500,"sd","11:10:47",1694300
26900,-200,200,"sd","11:10:43",1693800
26900,-200,900,"sd","11:10:43",1693600
26900,-200,100,"sd","11:10:37",1692700
26900,-200,400,"sd","11:10:37",1692600
26900,-200,1000,"sd","11:10:29",1692200
26900,-200,600,"sd","11:10:25",1691200
26900,-200,100,"sd","11:10:25",1690600
26900,-200,100,"sd","11:10:25",1690500
26900,-200,200,"sd","11:10:25",1690400
26900,-200,3000,"sd","11:10:25",1690200
26900,-200,200,"sd","11:10:25",1687200
26900,-200,400,"sd","11:10:25",1687000
26900,-200,100,"sd","11:10:25",1686600
26900,-200,900,"sd","11:10:25",1686500
26900,-200,1000,"sd","11:10:21",1685600
26900,-200,1000,"sd","11:10:21",1684600
26900,-200,200,"sd","11:10:21",1683600
26900,-200,800,"sd","11:10:21",1683400
26900,-200,500,"sd","11:10:17",1682600
26900,-200,700,"sd","11:10:14",1682100
26900,-200,200,"sd","11:10:14",1681400
26900,-200,100,"sd","11:10:14",1681200
26900,-200,5000,"sd","11:10:14",1681100
26900,-200,100,"sd","11:10:14",1676100
26900,-200,100,"sd","11:10:14",1676000
26900,-200,700,"sd","11:10:14",1675900
26900,-200,1000,"sd","11:10:14",1675200
26900,-200,100,"sd","11:10:14",1674200
26900,-200,500,"sd","11:10:14",1674100
26900,-200,1500,"sd","11:10:14",1673600
26900,-200,100,"sd","11:10:14",1672100
26900,-200,300,"sd","11:10:14",1672000
26900,-200,200,"sd","11:10:14",1671700
26900,-200,200,"sd","11:10:14",1671500
26900,-200,200,"sd","11:10:14",1671300
26900,-200,300,"sd","11:10:14",1671100
26900,-200,500,"sd","11:10:14",1670800
26900,-200,300,"sd","11:10:14",1670300
26900,-200,300,"sd","11:10:14",1670000
26900,-200,100,"sd","11:10:14",1669700
26900,-200,200,"sd","11:10:14",1669600
26900,-200,7300,"sd","11:10:14",1669400
26900,-200,2700,"sd","11:10:06",1662100
26900,-200,1000,"sd","11:10:06",1659400
26900,-200,200,"sd","11:10:06",1658400
26900,-200,1000,"sd","11:10:06",1658200
26900,-200,900,"sd","11:10:05",1657200
26900,-200,200,"sd","11:10:05",1656300
26900,-200,1000,"sd","11:10:05",1656100
26900,-200,200,"sd","11:10:05",1655100
26900,-200,500,"sd","11:10:05",1654900
26900,-200,100,"sd","11:10:05",1654400
26900,-200,500,"sd","11:10:05",1654300
26900,-200,500,"sd","11:10:05",1653800
26900,-200,100,"sd","11:10:05",1653300
26900,-200,300,"sd","11:10:05",1653200
26900,-200,10000,"sd","11:10:05",1652900
26900,-200,5200,"sd","11:10:05",1642900
26900,-200,5000,"sd","11:10:05",1637700
26900,-200,200,"sd","11:10:05",1632700
26900,-200,200,"sd","11:10:05",1632500
26900,-200,200,"sd","11:10:05",1632300
26900,-200,100,"sd","11:09:57",1632100
26900,-200,500,"sd","11:09:57",1632000
26900,-200,200,"sd","11:09:57",1631500
26900,-200,400,"sd","11:09:57",1631300
26900,-200,3800,"sd","11:09:57",1630900
26900,-200,100,"sd","11:09:52",1627100
26900,-200,100,"sd","11:09:52",1627000
26900,-200,100,"sd","11:09:52",1626900
26900,-200,1000,"sd","11:09:52",1626800
26900,-200,200,"sd","11:09:52",1625800
26900,-200,3000,"sd","11:09:52",1625600
26900,-200,200,"sd","11:09:52",1622600
26900,-200,200,"sd","11:09:52",1622400
26900,-200,200,"sd","11:09:52",1622200
26900,-200,500,"sd","11:09:52",1622000
26900,-200,1000,"sd","11:09:52",1621500
26900,-200,2000,"sd","11:09:52",1620500
26900,-200,200,"sd","11:09:52",1618500
26900,-200,200,"sd","11:09:52",1618300
26900,-200,900,"sd","11:09:52",1618100
26900,-200,100,"sd","11:09:52",1617200
26900,-200,100,"sd","11:09:52",1617100
26900,-200,300,"sd","11:09:52",1617000
26900,-200,200,"sd","11:09:52",1616700
26900,-200,1000,"sd","11:09:52",1616500
26900,-200,1000,"sd","11:09:52",1615500
26900,-200,1300,"sd","11:09:52",1614500
26900,-200,500,"sd","11:09:36",1613200
26900,-200,1000,"sd","11:09:36",1612700
26900,-200,200,"sd","11:09:35",1611700
26900,-200,200,"sd","11:09:13",1611500
26900,-200,1000,"sd","11:08:56",1611300
26900,-200,7000,"sd","11:08:43",1610300
26900,-200,800,"sd","11:08:35",1603300
26900,-200,200,"sd","11:08:35",1602500
26950,-150,600,"bu","11:08:26",1602300
26950,-150,100,"bu","11:08:14",1601700
26950,-150,1000,"bu","11:08:09",1601600
26950,-150,1000,"bu","11:07:46",1600600
26900,-200,200,"sd","11:07:41",1599600
26900,-200,100,"sd","11:06:34",1599400
26900,-200,500,"sd","11:06:34",1599300
26900,-200,100,"sd","11:06:34",1598800
26900,-200,500,"sd","11:06:34",1598700
26900,-200,500,"sd","11:06:18",1598200
26900,-200,500,"sd","11:06:18",1597700
26900,-200,400,"sd","11:06:06",1597200
26900,-200,400,"sd","11:05:52",1596800
26950,-150,100,"bu","11:05:07",1596400
26950,-150,1000,"bu","11:04:50",1596300
26950,-150,500,"bu","11:04:50",1595300
26950,-150,100,"bu","11:04:50",1594800
26950,-150,400,"bu","11:04:50",1594700
26950,-150,100,"bu","11:04:41",1594300
26950,-150,100,"bu","11:03:51",1594200
26900,-200,8700,"sd","11:03:44",1594100
26900,-200,1000,"sd","11:03:44",1585400
26900,-200,100,"sd","11:03:44",1584400
26900,-200,200,"sd","11:03:44",1584300
26900,-200,500,"sd","11:03:17",1584100
26950,-150,200,"bu","11:03:16",1583600
26950,-150,1500,"bu","11:03:16",1583400
26950,-150,100,"bu","11:03:07",1581900
26950,-150,300,"bu","11:03:04",1581800
26950,-150,100,"bu","11:02:39",1581500
26950,-150,200,"bu","11:02:29",1581400
26950,-150,100,"sd","11:02:20",1581200
26950,-150,300,"sd","11:02:20",1581100
26950,-150,1000,"sd","11:02:20",1580800
26950,-150,500,"sd","11:02:20",1579800
26950,-150,5000,"sd","11:02:20",1579300
26950,-150,200,"sd","11:02:20",1574300
26950,-150,100,"sd","11:02:20",1574100
26950,-150,500,"sd","11:02:20",1574000
26950,-150,500,"sd","11:02:05",1573500
26950,-150,8200,"sd","11:00:39",1573000
26950,-150,500,"sd","11:00:27",1564800
26950,-150,300,"bu","11:00:24",1564300
26950,-150,100,"bu","11:00:23",1564000
26950,-150,1400,"bu","11:00:22",1563900
26950,-150,1000,"bu","11:00:22",1562500
26950,-150,1400,"bu","11:00:22",1561500
26950,-150,10000,"bu","11:00:22",1560100
26950,-150,11000,"bu","11:00:22",1550100
26950,-150,1200,"bu","11:00:22",1539100
26950,-150,1000,"bu","11:00:14",1537900
26950,-150,100,"bu","11:00:03",1536900
26950,-150,5000,"bu","10:59:57",1536800
26950,-150,300,"bu","10:59:40",1531800
26950,-150,100,"bu","10:59:29",1531500
26900,-200,10000,"sd","10:59:17",1531400
26900,-200,800,"sd","10:59:12",1521400
26900,-200,100,"sd","10:59:12",1520600
26950,-150,300,"bu","10:59:06",1520500
26950,-150,1000,"bu","10:58:58",1520200
26950,-150,500,"bu","10:58:53",1519200
26950,-150,1000,"bu","10:58:49",1518700
26950,-150,5000,"bu","10:58:45",1517700
26950,-150,100,"bu","10:58:38",1512700
26950,-150,2000,"bu","10:58:35",1512600
26950,-150,1000,"bu","10:58:31",1510600
26950,-150,1400,"sd","10:58:28",1509600
26950,-150,800,"bu","10:58:27",1508200
26950,-150,800,"bu","10:58:27",1507400
26950,-150,5000,"bu","10:58:11",1506600
26950,-150,1100,"bu","10:58:02",1501600
26950,-150,100,"bu","10:57:55",1500500
26950,-150,1000,"bu","10:57:52",1500400
26950,-150,100,"bu","10:57:42",1499400
26950,-150,900,"sd","10:57:39",1499300
26950,-150,100,"bu","10:57:27",1498400
27000,-100,3100,"bu","10:57:22",1498300
27000,-100,100,"bu","10:57:22",1495200
27000,-100,400,"bu","10:57:22",1495100
26950,-150,1400,"bu","10:57:22",1494700
26950,-150,300,"sd","10:57:15",1493300
26950,-150,9000,"sd","10:57:15",1493000
26950,-150,4000,"sd","10:57:15",1484000
26950,-150,1000,"sd","10:57:15",1480000
26950,-150,500,"sd","10:57:15",1479000
26950,-150,1000,"sd","10:57:15",1478500
26950,-150,300,"sd","10:57:15",1477500
26950,-150,300,"sd","10:57:15",1477200
26950,-150,200,"sd","10:57:15",1476900
26950,-150,300,"sd","10:57:15",1476700
26950,-150,100,"sd","10:57:15",1476400
26950,-150,300,"sd","10:57:15",1476300
26950,-150,10000,"sd","10:57:15",1476000
26950,-150,10100,"sd","10:57:15",1466000
26950,-150,300,"sd","10:57:15",1455900
26950,-150,200,"sd","10:57:15",1455600
26950,-150,100,"sd","10:57:15",1455400
26950,-150,200,"sd","10:57:15",1455300
26950,-150,200,"sd","10:57:15",1455100
26950,-150,2000,"sd","10:57:15",1454900
26950,-150,10000,"sd","10:57:15",1452900
26950,-150,300,"sd","10:57:15",1442900
26950,-150,100,"sd","10:57:15",1442600
26950,-150,200,"sd","10:57:15",1442500
26950,-150,300,"sd","10:57:15",1442300
26950,-150,200,"sd","10:57:15",1442000
26950,-150,400,"sd","10:57:15",1441800
26950,-150,100,"sd","10:57:15",1441400
26950,-150,1000,"sd","10:57:15",1441300
26950,-150,1800,"sd","10:57:15",1440300
26950,-150,2000,"sd","10:57:15",1438500
26950,-150,1000,"sd","10:57:15",1436500
26950,-150,100,"sd","10:57:15",1435500
26950,-150,200,"sd","10:57:15",1435400
26950,-150,200,"sd","10:57:15",1435200
26950,-150,10000,"sd","10:57:15",1435000
26950,-150,200,"sd","10:57:15",1425000
26950,-150,500,"sd","10:57:15",1424800
26950,-150,500,"sd","10:57:15",1424300
26950,-150,300,"sd","10:57:15",1423800
26950,-150,5000,"sd","10:57:15",1423500
26950,-150,10000,"sd","10:57:15",1418500
26950,-150,200,"sd","10:57:15",1408500
26950,-150,4000,"sd","10:57:15",1408300
26950,-150,500,"sd","10:57:15",1404300
26950,-150,200,"sd","10:57:15",1403800
26950,-150,200,"sd","10:57:15",1403600
26950,-150,600,"sd","10:57:15",1403400
26950,-150,100,"sd","10:57:15",1402800
26950,-150,200,"sd","10:57:15",1402700
26950,-150,7800,"sd","10:57:15",1402500
26950,-150,10000,"sd","10:54:49",1394700
26950,-150,2200,"sd","10:53:56",1384700
26950,-150,5000,"sd","10:53:40",1382500
26950,-150,5000,"sd","10:52:22",1377500
26950,-150,1600,"sd","10:52:22",1372500
26950,-150,400,"sd","10:51:53",1370900
26950,-150,400,"sd","10:51:53",1370500
26950,-150,200,"sd","10:51:53",1370100
26950,-150,4000,"sd","10:51:01",1369900
26950,-150,8000,"sd","10:50:03",1365900
27000,-100,1000,"bu","10:49:54",1357900
26950,-150,1000,"sd","10:49:00",1356900
26950,-150,1800,"sd","10:47:21",1355900
26950,-150,200,"sd","10:47:21",1354100
27000,-100,5000,"bu","10:47:15",1353900
27000,-100,100,"sd","10:47:04",1348900
27000,-100,2000,"sd","10:47:04",1348800
27000,-100,200,"sd","10:47:04",1346800
27000,-100,300,"sd","10:47:04",1346600
27000,-100,1000,"sd","10:47:04",1346300
27000,-100,1000,"sd","10:46:35",1345300
27000,-100,700,"sd","10:46:33",1344300
27000,-100,3300,"sd","10:46:31",1343600
27000,-100,3000,"sd","10:46:31",1340300
27000,-100,100,"sd","10:46:31",1337300
27000,-100,2000,"sd","10:46:31",1337200
27000,-100,500,"sd","10:46:31",1335200
27000,-100,700,"sd","10:46:31",1334700
27000,-100,100,"sd","10:46:31",1334000
27000,-100,2500,"sd","10:46:31",1333900
27000,-100,1000,"sd","10:46:29",1331400
27000,-100,10000,"sd","10:46:20",1330400
27000,-100,6500,"sd","10:46:17",1320400
27000,-100,100,"sd","10:46:17",1313900
27000,-100,100,"sd","10:46:17",1313800
27000,-100,200,"sd","10:46:17",1313700
27000,-100,100,"sd","10:46:17",1313500
27000,-100,2900,"sd","10:45:58",1313400
27000,-100,1000,"sd","10:45:58",1310500
27000,-100,1000,"sd","10:45:58",1309500
27000,-100,100,"sd","10:45:58",1308500
27000,-100,500,"sd","10:45:58",1308400
27000,-100,200,"sd","10:45:58",1307900
27000,-100,200,"sd","10:45:58",1307700
27000,-100,1000,"sd","10:45:58",1307500
27000,-100,800,"sd","10:45:58",1306500
27000,-100,100,"sd","10:45:28",1305700
27000,-100,300,"sd","10:44:51",1305600
27050,-50,1000,"bu","10:43:31",1305300
27000,-100,3000,"sd","10:43:30",1304300
27050,-50,2000,"bu","10:43:29",1301300
27050,-50,100,"bu","10:43:17",1299300
27000,-100,600,"sd","10:43:15",1299200
27000,-100,200,"sd","10:42:58",1298600
27000,-100,100,"sd","10:42:40",1298400
27000,-100,500,"sd","10:42:40",1298300
27000,-100,5000,"sd","10:42:40",1297800
27000,-100,5000,"sd","10:42:40",1292800
27000,-100,400,"sd","10:42:40",1287800
27000,-100,100,"sd","10:42:40",1287400
27000,-100,500,"sd","10:42:40",1287300
27000,-100,200,"sd","10:42:40",1286800
27000,-100,1000,"sd","10:42:40",1286600
27000,-100,5000,"sd","10:42:40",1285600
27000,-100,100,"sd","10:42:40",1280600
27000,-100,500,"sd","10:42:40",1280500
27000,-100,500,"sd","10:42:40",1280000
27000,-100,100,"sd","10:42:40",1279500
27000,-100,200,"sd","10:42:40",1279400
27000,-100,1000,"sd","10:42:40",1279200
27000,-100,1000,"sd","10:42:40",1278200
27000,-100,500,"sd","10:42:40",1277200
27000,-100,500,"sd","10:42:40",1276700
27000,-100,500,"sd","10:42:40",1276200
27000,-100,2300,"sd","10:42:40",1275700
27000,-100,500,"sd","10:42:23",1273400
27000,-100,300,"sd","10:42:23",1272900
27000,-100,500,"sd","10:42:23",1272600
27000,-100,300,"sd","10:42:23",1272100
27000,-100,300,"sd","10:42:23",1271800
27000,-100,1700,"sd","10:42:23",1271500
27000,-100,300,"sd","10:41:34",1269800
27000,-100,100,"sd","10:41:34",1269500
27000,-100,1100,"sd","10:41:34",1269400
27000,-100,2500,"sd","10:40:53",1268300
27000,-100,200,"sd","10:40:12",1265800
27050,-50,100,"bu","10:40:11",1265600
27050,-50,200,"bu","10:39:56",1265500
27050,-50,800,"bu","10:39:56",1265300
27050,-50,200,"bu","10:39:55",1264500
27050,-50,500,"bu","10:39:55",1264300
27050,-50,4000,"bu","10:39:55",1263800
27050,-50,300,"bu","10:39:55",1259800
27050,-50,100,"bu","10:38:55",1259500
27050,-50,1000,"bu","10:38:53",1259400
27050,-50,100,"sd","10:38:13",1258400
27050,-50,100,"sd","10:38:13",1258300
27050,-50,20000,"sd","10:38:13",1258200
27050,-50,2000,"sd","10:38:13",1238200
27050,-50,600,"sd","10:38:13",1236200
27050,-50,100,"sd","10:38:13",1235600
27050,-50,200,"sd","10:38:13",1235500
27050,-50,1700,"sd","10:38:13",1235300
27050,-50,500,"sd","10:37:48",1233600
27050,-50,200,"sd","10:37:00",1233100
27050,-50,1600,"sd","10:36:59",1232900
27050,-50,200,"sd","10:36:59",1231300
27050,-50,300,"sd","10:36:59",1231100
27050,-50,200,"sd","10:36:59",1230800
27050,-50,7700,"sd","10:36:59",1230600
27050,-50,500,"sd","10:36:26",1222900
27050,-50,1800,"sd","10:36:00",1222400
27050,-50,3200,"sd","10:36:00",1220600
27050,-50,700,"sd","10:35:59",1217400
27050,-50,400,"sd","10:34:21",1216700
27050,-50,500,"sd","10:33:45",1216300
27050,-50,500,"sd","10:33:33",1215800
27050,-50,600,"sd","10:33:09",1215300
27100,0,3600,"bu","10:32:27",1214700
27100,0,900,"bu","10:32:27",1211100
27100,0,100,"bu","10:32:03",1210200
27100,0,100,"bu","10:31:41",1210100
27100,0,3400,"bu","10:31:41",1210000
27100,0,100,"bu","10:31:40",1206600
27100,0,400,"bu","10:31:37",1206500
27100,0,10000,"bu","10:31:37",1206100
27100,0,4600,"bu","10:31:37",1196100
27100,0,100,"bu","10:31:24",1191500
27050,-50,1000,"sd","10:31:23",1191400
27100,0,500,"bu","10:31:10",1190400
27050,-50,200,"sd","10:30:48",1189900
27050,-50,1600,"sd","10:30:01",1189700
27050,-50,1300,"bu","10:29:58",1188100
27050,-50,700,"bu","10:29:31",1186800
27050,-50,1300,"bu","10:29:31",1186100
27050,-50,200,"bu","10:29:26",1184800
27050,-50,2000,"bu","10:29:25",1184600
27050,-50,500,"bu","10:29:05",1182600
27000,-100,6200,"sd","10:28:50",1182100
27000,-100,1000,"sd","10:28:50",1175900
27000,-100,100,"sd","10:28:50",1174900
27000,-100,2000,"sd","10:28:50",1174800
27000,-100,500,"sd","10:28:50",1172800
27000,-100,400,"sd","10:28:50",1172300
27000,-100,1800,"sd","10:28:50",1171900
27000,-100,5200,"sd","10:28:37",1170100
27000,-100,1000,"sd","10:28:37",1164900
27000,-100,2000,"sd","10:28:37",1163900
27000,-100,500,"sd","10:28:37",1161900
27000,-100,1000,"sd","10:28:37",1161400
27000,-100,100,"sd","10:28:37",1160400
27000,-100,1000,"sd","10:28:37",1160300
27000,-100,3000,"sd","10:28:37",1159300
27000,-100,1000,"sd","10:28:37",1156300
27000,-100,1000,"sd","10:28:37",1155300
27000,-100,1000,"sd","10:28:37",1154300
27000,-100,1000,"sd","10:28:37",1153300
27000,-100,100,"sd","10:28:37",1152300
27000,-100,200,"sd","10:28:37",1152200
27000,-100,100,"sd","10:28:37",1152000
27000,-100,400,"sd","10:28:37",1151900
27000,-100,800,"sd","10:28:37",1151500
27000,-100,1300,"sd","10:28:37",1150700
27000,-100,500,"sd","10:28:37",1149400
27000,-100,1000,"sd","10:28:37",1148900
27000,-100,200,"sd","10:28:37",1147900
27000,-100,200,"sd","10:28:37",1147700
27000,-100,300,"sd","10:28:37",1147500
27000,-100,200,"sd","10:28:37",1147200
27000,-100,10000,"sd","10:28:37",1147000
27000,-100,10000,"sd","10:28:37",1137000
27000,-100,5700,"sd","10:28:37",1127000
27050,-50,5000,"bu","10:27:43",1121300
27050,-50,500,"bu","10:27:35",1116300
27000,-100,4300,"sd","10:27:34",1115800
27000,-100,700,"sd","10:27:34",1111500
27000,-100,500,"sd","10:27:34",1110800
27000,-100,1000,"sd","10:27:34",1110300
27000,-100,200,"sd","10:27:34",1109300
27000,-100,100,"sd","10:27:34",1109100
27000,-100,100,"sd","10:27:34",1109000
27000,-100,1000,"sd","10:27:34",1108900
27000,-100,500,"sd","10:27:34",1107900
27000,-100,100,"sd","10:27:34",1107400
27000,-100,1500,"sd","10:27:34",1107300
27000,-100,1000,"sd","10:27:34",1105800
27000,-100,2000,"sd","10:27:34",1104800
27000,-100,1000,"sd","10:27:34",1102800
27000,-100,100,"sd","10:27:34",1101800
27000,-100,400,"sd","10:27:34",1101700
27000,-100,500,"sd","10:27:34",1101300
27050,-50,2000,"sd","10:27:21",1100800
27050,-50,1000,"sd","10:27:21",1098800
27050,-50,100,"sd","10:27:21",1097800
27050,-50,100,"sd","10:27:21",1097700
27050,-50,5400,"sd","10:27:21",1097600
27050,-50,100,"sd","10:27:21",1092200
27050,-50,4000,"sd","10:27:21",1092100
27050,-50,1000,"sd","10:27:19",1088100
27050,-50,400,"sd","10:27:19",1087100
27050,-50,1000,"sd","10:27:19",1086700
27050,-50,400,"sd","10:27:19",1085700
27050,-50,200,"sd","10:27:19",1085300
27050,-50,3000,"sd","10:27:19",1085100
27050,-50,2000,"sd","10:27:17",1082100
27050,-50,100,"sd","10:27:05",1080100
27050,-50,100,"sd","10:27:02",1080000
27050,-50,3800,"sd","10:27:02",1079900
27050,-50,8000,"sd","10:27:02",1076100
27050,-50,2000,"sd","10:27:02",1068100
27050,-50,30000,"sd","10:27:02",1066100
27050,-50,1000,"sd","10:27:02",1036100
27050,-50,500,"sd","10:27:02",1035100
27050,-50,1000,"sd","10:27:02",1034600
27050,-50,500,"sd","10:27:02",1033600
27050,-50,1000,"sd","10:27:02",1033100
27050,-50,500,"sd","10:27:02",1032100
27050,-50,4800,"sd","10:27:02",1031600
27050,-50,3000,"sd","10:26:57",1026800
27050,-50,2200,"sd","10:26:43",1023800
27050,-50,7800,"sd","10:26:43",1021600
27050,-50,600,"sd","10:26:25",1013800
27050,-50,2000,"sd","10:26:14",1013200
27050,-50,100,"sd","10:25:56",1011200
27100,0,100,"bu","10:25:28",1011100
27100,0,4000,"bu","10:25:08",1011000
27100,0,600,"bu","10:24:58",1007000
27100,0,100,"bu","10:24:32",1006400
27100,0,1800,"bu","10:24:32",1006300
27100,0,8100,"bu","10:24:32",1004500
27050,-50,10000,"sd","10:24:30",996400
27050,-50,200,"sd","10:24:11",986400
27050,-50,100,"sd","10:24:01",986200
27050,-50,100,"sd","10:23:48",986100
27050,-50,5000,"sd","10:23:16",986000
27050,-50,500,"sd","10:22:31",981000
27050,-50,1500,"sd","10:21:55",980500
27050,-50,100,"sd","10:21:36",979000
27050,-50,5000,"sd","10:21:11",978900
27050,-50,3200,"sd","10:20:53",973900
27100,0,1500,"bu","10:20:45",970700
27100,0,400,"bu","10:20:39",969200
27100,0,600,"bu","10:20:39",968800
27050,-50,10000,"sd","10:20:27",968200
27100,0,2000,"bu","10:20:18",958200
27100,0,2000,"bu","10:20:02",956200
27100,0,900,"bu","10:19:48",954200
27100,0,1500,"bu","10:19:32",953300
27100,0,4800,"bu","10:19:31",951800
27100,0,2000,"bu","10:18:58",947000
27050,-50,900,"sd","10:18:47",945000
27100,0,3100,"bu","10:18:30",944100
27100,0,100,"bu","10:17:49",941000
27100,0,100,"bu","10:17:49",940900
27100,0,1800,"bu","10:17:49",940800
27050,-50,2500,"sd","10:17:37",939000
27050,-50,400,"sd","10:17:18",936500
27050,-50,500,"sd","10:17:18",936100
27050,-50,500,"sd","10:17:18",935600
27050,-50,600,"sd","10:17:18",935100
27100,0,100,"bu","10:16:23",934500
27100,0,200,"bu","10:16:05",934400
27100,0,200,"bu","10:15:01",934200
27100,0,100,"bu","10:14:59",934000
27100,0,1000,"bu","10:13:23",933900
27100,0,300,"bu","10:12:53",932900
27100,0,100,"bu","10:12:41",932600
27050,-50,500,"sd","10:11:59",932500
27050,-50,200,"sd","10:11:54",932000
27050,-50,1000,"sd","10:11:42",931800
27100,0,1500,"bu","10:10:32",930800
27100,0,100,"bu","10:10:29",929300
27100,0,600,"bu","10:09:49",929200
27100,0,400,"bu","10:09:49",928600
27100,0,300,"bu","10:09:10",928200
27100,0,600,"bu","10:09:10",927900
27100,0,1500,"bu","10:09:05",927300
27100,0,1000,"bu","10:09:05",925800
27100,0,3000,"bu","10:09:05",924800
27100,0,900,"bu","10:09:05",921800
27100,0,3600,"bu","10:09:05",920900
27100,0,600,"bu","10:09:04",917300
27100,0,500,"sd","10:07:44",916700
27100,0,300,"sd","10:07:44",916200
27100,0,500,"sd","10:07:38",915900
27100,0,500,"sd","10:07:38",915400
27100,0,500,"sd","10:07:37",914900
27100,0,1500,"sd","10:07:37",914400
27100,0,100,"bu","10:06:34",912900
27100,0,100,"bu","10:06:34",912800
27100,0,300,"bu","10:06:34",912700
27100,0,200,"bu","10:06:26",912400
27100,0,1000,"bu","10:06:20",912200
27100,0,8000,"bu","10:05:55",911200
27100,0,1000,"bu","10:05:25",903200
27100,0,1000,"sd","10:05:10",902200
27100,0,1000,"sd","10:05:10",901200
27100,0,7500,"sd","10:05:10",900200
27100,0,500,"sd","10:05:01",892700
27100,0,500,"bu","10:04:48",892200
27100,0,1500,"bu","10:04:48",891700
27050,-50,100,"sd","10:04:25",890200
27100,0,1700,"bu","10:04:24",890100
27100,0,10000,"bu","10:04:17",888400
27100,0,2000,"sd","10:04:10",878400
27100,0,4800,"sd","10:04:10",876400
27150,50,2500,"bu","10:04:02",871600
27150,50,1000,"bu","10:04:02",869100
27150,50,100,"bu","10:04:02",868100
27150,50,300,"bu","10:04:02",868000
27150,50,200,"bu","10:04:02",867700
27150,50,100,"bu","10:04:02",867500
27150,50,1200,"bu","10:04:02",867400
27150,50,1500,"bu","10:04:02",866200
27150,50,200,"bu","10:04:02",864700
27150,50,2000,"bu","10:04:02",864500
27150,50,900,"bu","10:04:02",862500
27100,0,1200,"sd","10:03:52",861600
27100,0,100,"sd","10:03:52",860400
27100,0,1000,"sd","10:03:47",860300
27100,0,1000,"sd","10:03:35",859300
27100,0,1000,"sd","10:03:23",858300
27100,0,10000,"sd","10:03:21",857300
27100,0,1000,"sd","10:03:13",847300
27100,0,5900,"sd","10:03:10",846300
27100,0,4100,"sd","10:03:10",840400
27100,0,1500,"sd","10:02:59",836300
27100,0,4000,"sd","10:02:53",834800
27100,0,1000,"sd","10:02:46",830800
27100,0,11200,"sd","10:02:35",829800
27100,0,400,"sd","10:02:28",818600
27100,0,800,"sd","10:02:23",818200
27100,0,1000,"sd","10:02:20",817400
27100,0,1500,"bu","10:02:19",816400
27100,0,1500,"bu","10:02:19",814900
27100,0,20000,"bu","10:02:19",813400
27100,0,10100,"bu","10:02:19",793400
27050,-50,2000,"sd","10:02:17",783300
27050,-50,100,"sd","10:01:58",781300
27100,0,9900,"sd","10:01:31",781200
27100,0,100,"sd","10:01:28",771300
27100,0,100,"sd","10:01:28",771200
27100,0,100,"sd","10:01:28",771100
27100,0,100,"sd","10:01:27",771000
27100,0,10000,"sd","10:01:27",770900
27100,0,400,"sd","10:01:27",760900
27100,0,3000,"sd","10:01:27",760500
27100,0,2000,"sd","10:01:27",757500
27100,0,400,"sd","10:01:27",755500
27100,0,5000,"sd","10:01:27",755100
27100,0,1100,"sd","10:01:27",750100
27100,0,1000,"sd","10:01:27",749000
27100,0,2000,"sd","10:01:27",748000
27100,0,2600,"sd","10:01:27",746000
27100,0,2100,"sd","10:01:27",743400
27150,50,1000,"bu","09:59:58",741300
27150,50,100,"bu","09:59:50",740300
27150,50,200,"bu","09:59:50",740200
27150,50,1700,"bu","09:59:50",740000
27150,50,300,"bu","09:58:54",738300
27150,50,2200,"bu","09:58:54",738000
27150,50,200,"bu","09:58:43",735800
27100,0,1500,"sd","09:58:35",735600
27150,50,100,"bu","09:58:35",734100
27150,50,100,"bu","09:58:16",734000
27150,50,2400,"bu","09:58:12",733900
27150,50,100,"bu","09:58:12",731500
27150,50,200,"bu","09:58:12",731400
27150,50,1000,"bu","09:58:12",731200
27150,50,5000,"bu","09:58:12",730200
27150,50,300,"bu","09:58:12",725200
27150,50,100,"sd","09:56:44",724900
27150,50,1000,"sd","09:56:44",724800
27150,50,200,"sd","09:56:44",723800
27150,50,3400,"sd","09:56:44",723600
27150,50,1000,"sd","09:56:39",720200
27150,50,500,"sd","09:56:18",719200
27150,50,2000,"sd","09:56:01",718700
27150,50,3100,"sd","09:55:46",716700
27150,50,6900,"sd","09:55:46",713600
27150,50,100,"sd","09:55:31",706700
27150,50,500,"bu","09:54:59",706600
27150,50,1000,"sd","09:54:49",706100
27150,50,500,"sd","09:54:49",705100
27150,50,100,"sd","09:54:34",704600
27150,50,200,"bu","09:54:32",704500
27150,50,1000,"sd","09:54:29",704300
27150,50,2000,"sd","09:54:21",703300
27150,50,2800,"sd","09:54:21",701300
27150,50,200,"sd","09:54:21",698500
27150,50,200,"sd","09:54:13",698300
27150,50,100,"bu","09:54:00",698100
27150,50,100,"bu","09:54:00",698000
27150,50,2000,"bu","09:54:00",697900
27150,50,1000,"bu","09:54:00",695900
27150,50,300,"bu","09:54:00",694900
27150,50,2600,"bu","09:54:00",694600
27150,50,3500,"bu","09:54:00",692000
27150,50,500,"bu","09:53:58",688500
27150,50,1000,"bu","09:53:58",688000
27150,50,3000,"bu","09:53:26",687000
27150,50,100,"bu","09:53:24",684000
27150,50,2000,"bu","09:53:23",683900
27150,50,9900,"bu","09:53:12",681900
27150,50,500,"bu","09:53:12",672000
27150,50,2200,"bu","09:53:12",671500
27150,50,100,"bu","09:53:12",669300
27150,50,15000,"bu","09:53:12",669200
27150,50,2100,"bu","09:53:11",654200
27150,50,200,"bu","09:53:11",652100
27150,50,100,"bu","09:53:05",651900
27150,50,400,"bu","09:53:05",651800
27150,50,200,"bu","09:53:01",651400
27150,50,4400,"bu","09:52:30",651200
27150,50,300,"bu","09:52:30",646500
27150,50,300,"bu","09:52:30",646800
27100,0,1000,"sd","09:52:00",646200
27100,0,1000,"sd","09:51:53",645200
27100,0,500,"sd","09:51:53",644200
27100,0,3500,"sd","09:51:53",643700
27100,0,100,"sd","09:50:50",640200
27100,0,1400,"sd","09:50:48",640100
27100,0,100,"sd","09:50:48",638700
27100,0,300,"sd","09:50:41",638600
27100,0,200,"sd","09:50:41",638300
27100,0,300,"sd","09:50:08",638100
27100,0,1000,"sd","09:49:51",637800
27100,0,4000,"sd","09:49:44",636800
27100,0,10000,"sd","09:49:38",632800
27100,0,4500,"bu","09:49:36",622800
27100,0,2500,"bu","09:49:32",618300
27100,0,1500,"bu","09:49:32",615800
27100,0,1000,"bu","09:49:32",614300
27100,0,500,"sd","09:49:15",613300
27100,0,9500,"sd","09:49:15",612800
27100,0,300,"sd","09:49:05",603300
27100,0,300,"bu","09:49:00",603000
27100,0,1900,"bu","09:49:00",602700
27100,0,8000,"bu","09:49:00",600800
27100,0,1000,"bu","09:48:34",592800
27100,0,1000,"bu","09:48:24",591800
27100,0,500,"bu","09:48:13",590800
27100,0,100,"bu","09:48:13",590300
27100,0,200,"bu","09:47:50",590200
27100,0,1200,"sd","09:47:45",590000
27100,0,3000,"sd","09:47:45",588800
27100,0,700,"sd","09:47:10",585800
27100,0,1100,"bu","09:46:52",585100
27100,0,200,"bu","09:46:52",584000
27100,0,1100,"bu","09:46:49",583800
27100,0,700,"bu","09:46:44",582700
27100,0,100,"bu","09:46:44",582000
27100,0,100,"bu","09:46:44",581900
27100,0,100,"bu","09:46:26",581800
27100,0,100,"bu","09:46:20",581700
27100,0,500,"bu","09:46:20",581600
27100,0,3000,"bu","09:46:20",581100
27100,0,100,"bu","09:46:20",578100
27100,0,100,"bu","09:46:20",578000
27100,0,200,"bu","09:46:20",577900
27100,0,500,"bu","09:46:07",577700
27100,0,300,"bu","09:46:05",577200
27100,0,500,"bu","09:46:05",576900
27100,0,200,"bu","09:46:05",576400
27100,0,200,"bu","09:45:16",576200
27050,-50,2000,"sd","09:44:59",576000
27100,0,1000,"bu","09:44:53",574000
27100,0,100,"bu","09:44:42",573000
27050,-50,3500,"sd","09:44:32",572900
27050,-50,100,"sd","09:44:32",569400
27050,-50,400,"sd","09:44:32",569300
27050,-50,1000,"sd","09:44:32",568900
27100,0,100,"bu","09:44:29",567900
27100,0,200,"bu","09:44:13",567800
27100,0,600,"bu","09:44:08",567600
27100,0,100,"bu","09:44:08",567000
27100,0,500,"bu","09:44:08",566900
27100,0,500,"bu","09:44:08",566400
27100,0,300,"bu","09:44:08",565900
27100,0,300,"bu","09:44:08",565600
27100,0,200,"bu","09:44:08",565300
27100,0,500,"bu","09:44:08",565100
27100,0,100,"bu","09:43:46",564600
27100,0,400,"bu","09:43:13",564500
27100,0,1000,"bu","09:43:13",564100
27100,0,1100,"bu","09:43:13",563100
27050,-50,300,"bu","09:43:13",562000
27050,-50,200,"bu","09:43:13",561700
27050,-50,300,"bu","09:43:09",561500
27050,-50,700,"bu","09:43:09",561200
27050,-50,100,"bu","09:43:05",560500
27050,-50,1000,"bu","09:43:03",560400
