"price","change","match_qtty","side","time","total_vol"
38500,500,100,"bu","14:59:26",288300
38500,500,200,"bu","14:57:39",288200
38500,500,800,"bu","14:57:01",288000
38500,500,200,"bu","14:49:51",287200
38500,500,500,"bu","14:48:50",287000
38400,400,300,"sd","14:46:45",286500
38400,400,500,"sd","14:38:22",286200
38400,400,3000,"sd","14:38:15",285700
38500,500,100,"bu","14:36:13",282700
38500,500,100,"bu","14:34:54",282600
38500,500,100,"bu","14:33:54",282500
38500,500,1000,"bu","14:32:21",282400
38400,400,400,"sd","14:29:22",281400
38400,400,200,"unknown","14:27:21",281000
38400,400,100,"sd","14:26:12",280800
38400,400,1900,"bu","14:26:06",280700
38400,400,100,"bu","14:25:56",278800
38400,400,200,"bu","14:25:45",278700
38400,400,100,"bu","14:25:12",278500
38400,400,200,"bu","14:24:31",278400
38400,400,1000,"bu","14:23:20",278200
38400,400,8700,"bu","14:22:37",277200
38400,400,400,"bu","14:21:03",268500
38400,400,1700,"sd","14:20:13",268100
38500,500,1000,"bu","14:19:58",266400
38400,400,5000,"sd","14:19:56",265400
38500,500,3000,"bu","14:19:33",260400
38500,500,2000,"bu","14:18:46",257400
38500,500,7000,"bu","14:18:21",255400
38500,500,1000,"bu","14:17:48",248400
38400,400,200,"sd","14:17:42",247400
38400,400,200,"sd","14:17:33",247200
38500,500,1000,"bu","14:17:32",247000
38400,400,1200,"sd","14:17:25",246000
38500,500,100,"bu","14:16:26",244800
38400,400,100,"sd","14:12:13",244700
38400,400,1000,"sd","14:12:02",244600
38400,400,200,"sd","14:11:57",243600
38400,400,400,"sd","14:11:51",243400
38400,400,200,"sd","14:10:53",243000
38400,400,200,"sd","14:09:46",242800
38500,500,300,"bu","14:06:58",242600
38500,500,500,"bu","14:02:34",242300
38400,400,300,"sd","14:00:20",241800
38400,400,200,"sd","14:00:16",241500
38400,400,100,"sd","13:58:22",241300
38400,400,700,"sd","13:58:18",241200
38400,400,200,"bu","13:55:07",240500
38400,400,200,"sd","13:52:54",240300
38400,400,300,"sd","13:51:51",240100
38400,400,100,"sd","13:51:14",239800
38400,400,200,"sd","13:51:09",239700
38500,500,100,"bu","13:50:14",239500
38400,400,100,"sd","13:50:13",239400
38400,400,1100,"sd","13:50:09",239300
38400,400,300,"bu","13:43:19",238200
38400,400,100,"bu","13:40:58",237900
38400,400,2000,"bu","13:39:18",237800
38400,400,900,"bu","13:36:36",235800
38300,300,200,"sd","13:36:31",234900
38400,400,100,"bu","13:31:58",234700
38400,400,100,"bu","13:29:20",234600
38400,400,4700,"sd","13:28:56",234500
38400,400,200,"sd","13:23:36",229800
38400,400,100,"sd","13:23:12",229600
38400,400,300,"sd","13:23:09",229500
38400,400,800,"sd","13:23:02",229200
38400,400,4900,"sd","13:22:54",228400
38300,300,200,"sd","13:21:51",223500
38300,300,200,"sd","13:21:41",223300
38400,400,100,"bu","13:20:46",223100
38200,200,100,"sd","13:18:22",223000
38200,200,1000,"sd","13:18:15",222900
38300,300,100,"bu","13:17:59",221900
38300,300,1000,"bu","13:17:37",221800
38300,300,1000,"bu","13:17:29",220800
38300,300,400,"bu","13:17:07",219800
38300,300,100,"bu","13:15:55",219400
38300,300,500,"bu","13:15:04",219300
38300,300,1000,"bu","13:14:39",218800
38300,300,500,"bu","13:13:51",217800
38300,300,1200,"bu","13:13:17",217300
38300,300,300,"bu","13:12:48",216100
38300,300,100,"bu","13:12:05",215800
38200,200,100,"sd","13:11:56",215700
38300,300,100,"bu","13:11:09",215600
38300,300,1000,"bu","13:10:49",215500
38300,300,500,"bu","13:10:34",214500
38300,300,2000,"bu","13:10:17",214000
38200,200,200,"sd","13:09:54",212000
38300,300,1500,"sd","13:09:38",211800
38300,300,200,"unknown","13:07:51",210300
38300,300,1300,"unknown","13:07:09",210100
38300,300,500,"bu","13:06:32",208800
38300,300,10000,"sd","13:06:28",208300
38500,500,1000,"bu","13:04:07",198300
38500,500,2000,"bu","13:03:52",197300
38500,500,1000,"bu","13:03:09",195300
38500,500,2100,"bu","13:02:57",194300
38500,500,1000,"bu","13:02:09",192200
38500,500,4000,"bu","13:01:19",191200
38700,700,10000,"bu","13:01:13",187200
38700,700,20000,"bu","13:00:41",177200
38500,500,2000,"bu","13:00:22",157200
38400,400,200,"bu","13:00:09",155200
38500,500,300,"bu","13:00:04",155000
38400,400,500,"bu","13:00:03",154700
38400,400,300,"sd","13:00:02",154200
38400,400,4100,"sd","13:00:01",153900
38500,500,2000,"bu","11:29:28",149800
38500,500,100,"bu","11:29:19",147800
38400,400,100,"sd","11:28:42",147700
38400,400,1100,"sd","11:28:36",147600
38500,500,600,"bu","11:23:40",146500
38500,500,500,"sd","11:23:32",145900
38500,500,3200,"sd","11:23:27",145400
38600,600,100,"bu","11:23:17",142200
38500,500,2000,"sd","11:23:12",142100
38500,500,100,"sd","11:22:38",140100
38500,500,100,"sd","11:22:34",140000
38500,500,100,"sd","11:22:11",139900
38500,500,200,"sd","11:21:26",139800
38500,500,100,"sd","11:20:42",139600
38500,500,1000,"sd","11:20:40",139500
38500,500,100,"sd","11:18:22",138500
38500,500,700,"sd","11:18:12",138400
38500,500,4000,"sd","11:18:05",137700
38500,500,500,"sd","11:15:43",133700
38500,500,3000,"sd","11:15:36",133200
38500,500,100,"sd","11:15:12",130200
38500,500,1000,"sd","11:15:06",130100
38600,600,100,"bu","11:14:16",129100
38500,500,2000,"sd","11:13:49",129000
38500,500,1100,"sd","11:13:44",127000
38500,500,900,"sd","11:13:34",125900
38500,500,400,"sd","11:08:12",125000
38600,600,1000,"bu","11:01:35",124600
38600,600,1000,"bu","10:59:22",123600
38600,600,200,"bu","10:58:42",122600
38600,600,100,"bu","10:55:24",122400
38600,600,800,"bu","10:53:51",122300
38600,600,500,"bu","10:49:34",121500
38600,600,100,"bu","10:46:05",121000
38600,600,1000,"bu","10:40:09",120900
38600,600,100,"bu","10:37:38",119900
38600,600,400,"bu","10:37:24",119800
38600,600,500,"bu","10:35:13",119400
38500,500,1000,"sd","10:29:22",118900
38600,600,10000,"bu","10:27:59",117900
38500,500,300,"sd","10:27:50",107900
38500,500,500,"sd","10:26:10",107600
38600,600,300,"bu","10:25:36",107100
38600,600,900,"bu","10:22:19",106800
38500,500,1000,"sd","10:19:52",105900
38600,600,100,"bu","10:17:40",104900
38600,600,100,"bu","10:14:24",104800
38600,600,100,"bu","10:10:39",104700
38600,600,1800,"bu","10:10:27",104600
38600,600,1200,"bu","10:10:17",102800
38600,600,100,"bu","10:09:34",101600
38600,600,100,"bu","10:09:13",101500
38600,600,100,"bu","10:07:13",101400
38500,500,1400,"sd","10:07:11",101300
38700,700,300,"bu","10:03:21",99900
38700,700,300,"bu","10:03:01",99600
38600,600,800,"bu","10:02:17",99300
38600,600,400,"bu","10:01:05",98500
38600,600,5000,"sd","10:00:38",98100
38600,600,400,"sd","10:00:37",93100
38600,600,100,"sd","09:59:56",92700
38600,600,200,"sd","09:59:52",92600
38600,600,100,"sd","09:59:19",92400
38600,600,1000,"sd","09:57:53",92300
38600,600,3100,"bu","09:57:11",91300
38600,600,100,"unknown","09:53:55",88200
38600,600,1000,"bu","09:53:47",88100
38600,600,500,"bu","09:53:45",87100
38600,600,500,"bu","09:53:16",86600
38600,600,8900,"bu","09:51:09",86100
38600,600,800,"bu","09:48:39",77200
38600,600,200,"bu","09:48:35",76400
38700,700,100,"bu","09:48:20",76200
38600,600,2800,"sd","09:46:45",76100
38600,600,1000,"bu","09:46:37",73300
38600,600,200,"bu","09:46:03",72300
38600,600,200,"bu","09:45:29",72100
38600,600,900,"bu","09:39:47",71900
38600,600,200,"bu","09:38:59",71000
38600,600,100,"bu","09:38:23",70800
38600,600,2200,"bu","09:37:47",70700
38600,600,1000,"bu","09:36:03",68500
38600,600,100,"bu","09:34:22",67500
38600,600,1000,"bu","09:34:11",67400
38600,600,100,"bu","09:32:58",66400
38600,600,1000,"bu","09:32:45",66300
38600,600,100,"bu","09:30:20",65300
38600,600,1000,"sd","09:30:18",65200
38700,700,100,"bu","09:29:40",64200
38700,700,1000,"bu","09:28:47",64100
38600,600,300,"sd","09:28:44",63100
38600,600,500,"sd","09:28:09",62800
38600,600,500,"sd","09:27:46",62300
38600,600,2000,"sd","09:27:36",61800
38600,600,1000,"sd","09:27:31",59800
38600,600,100,"sd","09:27:28",58800
38600,600,400,"sd","09:26:41",58700
38600,600,300,"sd","09:26:25",58300
38600,600,100,"sd","09:24:35",58000
38600,600,500,"sd","09:24:11",57900
38600,600,900,"sd","09:24:02",57400
38600,600,500,"sd","09:23:47",56500
38600,600,100,"sd","09:22:37",56000
38600,600,100,"sd","09:22:15",55900
38600,600,100,"sd","09:22:10",55800
38600,600,2000,"sd","09:21:50",55700
38700,700,2000,"bu","09:20:36",53700
38600,600,600,"bu","09:19:48",51700
38600,600,500,"bu","09:19:32",51100
38600,600,1000,"sd","09:19:29",50600
38700,700,600,"bu","09:17:39",49600
38700,700,1400,"bu","09:17:26",49000
38600,600,2400,"bu","09:15:37",47600
38600,600,100,"bu","09:15:29",45200
38600,600,600,"bu","09:15:18",45100
38500,500,500,"sd","09:15:17",44500
38600,600,3000,"bu","09:14:44",44000
38500,500,400,"sd","09:14:25",41000
38600,600,800,"bu","09:14:16",40600
38600,600,3200,"bu","09:13:10",39800
38700,700,1000,"sd","09:11:50",36600
38700,700,1000,"sd","09:11:01",35600
38700,700,1000,"sd","09:10:29",34600
38800,800,300,"bu","09:09:12",33600
38700,700,200,"sd","09:08:57",33300
38800,800,500,"bu","09:08:37",33100
38900,900,200,"bu","09:08:01",32600
38900,900,4300,"bu","09:06:35",32400
38800,800,500,"sd","09:06:09",28100
38800,800,600,"sd","09:06:01",27600
38800,800,1000,"sd","09:05:55",27000
38800,800,100,"sd","09:05:13",26000
38800,800,200,"sd","09:04:44",25900
38800,800,400,"sd","09:04:38",25700
38800,800,600,"sd","09:04:34",25300
38800,800,1700,"sd","09:04:25",24700
38800,800,300,"sd","09:04:24",23000
38800,800,5000,"bu","09:04:20",22700
38800,800,2000,"bu","09:04:13",17700
38800,800,100,"bu","09:03:53",15700
38800,800,1100,"bu","09:03:47",15600
38800,800,1000,"bu","09:03:34",14500
38800,800,2000,"bu","09:03:24",13500
38600,600,700,"bu","09:02:50",11500
38600,600,900,"bu","09:02:29",10800
38600,600,500,"bu","09:01:58",9900
38600,600,2000,"bu","09:01:46",9400
38600,600,1900,"bu","09:00:44",7400
38600,600,100,"sd","09:00:36",5500
38600,600,1500,"sd","09:00:15",5400
38600,600,1500,"sd","09:00:13",3900
38200,200,2400,"bu","09:00:12",2400
