"price","change","match_qtty","side","time","total_vol"
14600,-150,2000,"sd","14:28:08",136800
14600,-150,900,"sd","14:25:36",134800
14600,-150,100,"sd","14:25:36",133900
14600,-150,2000,"sd","14:25:36",133800
14600,-150,100,"sd","14:25:36",131800
14600,-150,200,"sd","14:25:36",131700
14650,-100,3200,"sd","14:22:42",131500
14650,-100,1400,"sd","14:18:53",128300
14700,-50,400,"sd","14:13:46",126900
14700,-50,200,"bu","14:11:59",126500
14700,-50,5000,"bu","14:11:59",126300
14650,-100,200,"sd","14:05:22",121300
14650,-100,200,"sd","13:46:45",121100
14650,-100,5000,"bu","13:40:11",120900
14600,-150,1500,"sd","13:37:07",115900
14600,-150,1500,"sd","13:29:45",114400
14600,-150,100,"sd","13:20:23",112900
14600,-150,1300,"sd","13:20:17",112800
14600,-150,200,"sd","13:20:17",111500
14600,-150,100,"sd","13:20:17",111300
14600,-150,500,"sd","13:20:17",111200
14600,-150,400,"sd","13:20:17",110700
14650,-100,5000,"bu","13:20:13",110300
14600,-150,600,"sd","13:20:10",105300
14600,-150,4400,"sd","13:20:10",104700
14600,-150,600,"sd","13:19:58",100300
14650,-100,300,"sd","13:17:37",99700
14650,-100,6900,"sd","13:17:37",99400
14650,-100,300,"sd","13:17:37",92500
14700,-50,100,"bu","13:05:39",92200
14700,-50,4900,"bu","13:03:52",92100
14700,-50,100,"bu","13:03:52",87200
14700,-50,1000,"bu","13:00:34",87100
14700,-50,200,"sd","10:59:45",86100
14700,-50,200,"sd","10:59:45",85900
14700,-50,200,"sd","10:59:45",85700
14700,-50,400,"sd","10:59:45",85500
14700,-50,100,"bu","10:45:05",85100
14700,-50,200,"sd","10:42:06",85000
14700,-50,1000,"sd","10:42:06",84800
14700,-50,3700,"sd","10:42:06",83800
14700,-50,100,"sd","10:40:49",80100
14800,50,100,"sd","10:31:21",80000
14800,50,400,"sd","10:30:24",79900
14800,50,500,"sd","10:30:24",79500
14800,50,600,"sd","10:30:24",79000
14800,50,500,"sd","10:30:24",78400
14800,50,600,"sd","10:30:15",77900
14800,50,300,"sd","10:30:15",77300
14800,50,3700,"sd","10:30:15",77000
14800,50,400,"sd","10:30:15",73300
14800,50,700,"sd","10:30:06",72900
14800,50,100,"sd","10:30:06",72200
14800,50,1700,"sd","10:30:06",72100
14800,50,1000,"sd","10:26:05",70400
14800,50,1000,"sd","10:21:38",69400
14800,50,6300,"sd","10:18:36",68400
14800,50,3700,"sd","10:18:36",62100
14850,100,100,"bu","10:05:33",58400
14850,100,4000,"bu","09:59:35",58300
14850,100,300,"bu","09:59:27",54300
14850,100,100,"bu","09:58:28",54000
14850,100,1000,"bu","09:52:31",53900
14850,100,100,"bu","09:48:38",52900
14850,100,1900,"bu","09:39:49",52800
14850,100,100,"bu","09:39:49",50900
14850,100,900,"bu","09:39:49",50800
14850,100,2100,"bu","09:33:50",49900
14850,100,100,"bu","09:32:22",47800
14800,50,300,"sd","09:32:01",47700
14850,100,1900,"sd","09:29:45",47400
14850,100,900,"sd","09:27:29",45500
14850,100,100,"bu","09:27:17",44600
14850,100,900,"sd","09:27:16",44500
14850,100,4000,"sd","09:26:56",43600
14850,100,100,"sd","09:26:54",39600
14850,100,700,"sd","09:24:04",39500
14850,100,200,"bu","09:24:02",38800
14850,100,200,"bu","09:24:02",38600
14850,100,100,"bu","09:24:02",38400
14850,100,4900,"sd","09:23:04",38300
14850,100,5000,"sd","09:22:58",33400
14850,100,100,"bu","09:22:07",28400
14850,100,4900,"bu","09:21:43",28300
14850,100,100,"bu","09:21:43",23400
14850,100,100,"sd","09:20:25",23300
14850,100,600,"sd","09:20:16",23200
14850,100,4000,"sd","09:20:10",22600
14850,100,100,"sd","09:18:32",18600
14850,100,200,"sd","09:17:57",18500
14850,100,5000,"bu","09:17:06",18300
14850,100,2000,"sd","09:16:12",13300
14850,100,3000,"bu","09:16:01",11300
14900,150,1900,"bu","09:15:21",8300
14900,150,100,"bu","09:15:21",6400
14900,150,200,"bu","09:15:21",6300
14900,150,500,"bu","09:15:21",6100
14850,100,200,"bu","09:15:21",5600
14850,100,5000,"bu","09:15:21",5400
14850,100,100,"bu","09:15:21",400
14850,100,300,"bu","09:15:02",300
