"price","change","match_qtty","side","time","total_vol"
12700,500,14000,"bu","14:45:00",135900
12500,300,500,"bu","14:28:57",121900
12500,300,400,"bu","14:28:41",121400
12500,300,600,"bu","14:28:41",121000
12450,250,100,"sd","14:27:44",120400
12500,300,400,"bu","14:27:28",120300
12500,300,1300,"bu","14:27:25",119900
12500,300,500,"bu","14:27:25",118600
12500,300,100,"bu","14:27:25",118100
12500,300,1100,"bu","14:27:25",118000
12500,300,900,"bu","14:27:25",116900
12500,300,100,"bu","14:27:25",116000
12500,300,200,"bu","14:27:25",115900
12500,300,100,"bu","14:27:25",115700
12500,300,200,"bu","14:27:25",115600
12500,300,500,"bu","14:26:36",115400
12500,300,200,"bu","14:26:36",114900
12500,300,500,"bu","14:25:02",114700
12500,300,100,"bu","14:24:55",114200
12450,250,500,"sd","14:22:09",114100
12450,250,100,"bu","14:21:29",113600
12450,250,200,"bu","14:21:29",113500
12450,250,800,"bu","14:20:27",113300
12450,250,400,"bu","14:20:27",112500
12450,250,800,"bu","14:20:27",112100
12400,200,600,"sd","14:20:24",111300
12400,200,100,"sd","14:19:23",110700
12400,200,200,"sd","14:18:16",110600
12450,250,500,"bu","14:17:19",110400
12450,250,200,"bu","14:17:19",109900
12450,250,100,"bu","14:17:19",109700
12450,250,400,"bu","14:17:18",109600
12400,200,300,"sd","14:14:53",109200
12400,200,100,"sd","14:13:16",108900
12400,200,300,"sd","14:12:24",108800
12450,250,1000,"bu","14:12:18",108500
12400,200,2100,"bu","14:09:54",107500
12400,200,500,"bu","14:09:43",105400
12400,200,100,"sd","14:09:21",104900
12400,200,900,"sd","14:09:21",104800
12450,250,500,"bu","14:08:15",103900
12350,150,2400,"sd","14:04:02",103400
12400,200,600,"sd","14:04:02",101000
12400,200,1200,"sd","14:03:54",100400
12400,200,200,"bu","14:03:54",99200
12400,200,2000,"bu","14:03:50",99000
12350,150,100,"sd","14:03:33",97000
12400,200,500,"bu","14:03:21",96900
12400,200,1300,"sd","14:02:41",96400
12400,200,300,"sd","14:02:40",95100
12400,200,400,"bu","14:02:26",94800
12400,200,500,"sd","14:01:54",94400
12400,200,2600,"sd","14:01:54",93900
12400,200,400,"sd","14:01:12",91300
12400,200,400,"sd","14:01:12",90900
12400,200,100,"sd","13:54:02",90500
12400,200,900,"sd","13:52:57",90400
12400,200,400,"sd","13:50:12",89500
12450,250,100,"bu","13:49:36",89100
12400,200,200,"sd","13:49:21",89000
12400,200,1400,"sd","13:49:21",88800
12350,150,300,"sd","13:45:08",87400
12350,150,700,"sd","13:45:08",87100
12400,200,1000,"bu","13:45:06",86400
12350,150,200,"sd","13:44:36",85400
12350,150,100,"sd","13:42:56",85200
12400,200,1000,"sd","13:41:20",85100
12400,200,2000,"sd","13:41:20",84100
12400,200,1600,"sd","13:41:20",82100
12400,200,200,"sd","13:39:02",80500
12400,200,1000,"bu","13:36:51",80300
12400,200,200,"bu","13:36:51",79300
12400,200,300,"bu","13:36:51",79100
12400,200,200,"bu","13:36:51",78800
12400,200,1000,"bu","13:36:51",78600
12400,200,500,"bu","13:36:50",77600
12400,200,500,"bu","13:36:38",77100
12400,200,2000,"bu","13:36:23",76600
12400,200,1000,"bu","13:34:39",74600
12400,200,1000,"bu","13:33:46",73600
12350,150,200,"bu","13:31:52",72600
12350,150,600,"bu","13:31:52",72400
12350,150,200,"bu","13:31:52",71800
12300,100,100,"sd","13:29:48",71600
12250,50,300,"sd","13:18:32",71500
12300,100,200,"sd","13:18:32",71200
12350,150,300,"bu","13:17:45",71000
12350,150,500,"sd","13:10:51",70700
12350,150,3000,"sd","13:10:43",70200
12350,150,5000,"sd","13:09:14",67200
12400,200,300,"bu","13:06:20",62200
12400,200,1000,"bu","13:05:45",61900
12350,150,1000,"bu","13:05:21",60900
12350,150,1000,"bu","13:04:20",59900
12300,100,100,"sd","13:03:58",58900
12300,100,3000,"bu","13:01:36",58800
12300,100,300,"bu","13:01:36",55800
12300,100,4600,"bu","13:01:36",55500
12300,100,200,"bu","13:00:38",50900
12250,50,100,"sd","13:00:19",50700
12300,100,200,"bu","11:29:06",50600
12300,100,400,"bu","11:29:06",50400
12300,100,1500,"sd","11:23:08",50000
12300,100,100,"sd","11:23:08",48500
12300,100,3000,"sd","11:23:08",48400
12300,100,1000,"sd","11:22:32",45400
12300,100,1000,"sd","11:17:28",44400
12350,150,200,"unknown","11:16:08",43400
12250,50,100,"sd","11:08:44",43200
12400,200,100,"bu","11:08:30",43100
12300,100,200,"bu","11:08:11",43000
12300,100,200,"bu","11:05:17",42800
12300,100,100,"sd","11:01:54",42600
12300,100,500,"sd","11:01:38",42500
12300,100,100,"bu","10:57:18",42000
12300,100,500,"bu","10:56:53",41900
12300,100,3000,"sd","10:55:49",41400
12300,100,1000,"sd","10:55:49",38400
12300,100,400,"sd","10:55:49",37400
12350,150,1000,"bu","10:47:52",37000
12300,100,100,"bu","10:46:14",36000
12300,100,1000,"bu","10:45:10",35900
12300,100,700,"bu","10:45:10",34900
12300,100,300,"bu","10:44:09",34200
12300,100,500,"bu","10:42:50",33900
12300,100,2500,"sd","10:41:32",33400
12400,200,2000,"bu","10:41:23",30900
12300,100,2500,"sd","10:39:59",28900
12300,100,700,"sd","10:39:58",26400
12300,100,200,"bu","10:37:00",25700
12300,100,1000,"bu","10:37:00",25500
12300,100,3000,"bu","10:37:00",24500
12300,100,100,"bu","10:37:00",21500
12250,50,300,"sd","10:35:00",21400
12250,50,100,"sd","10:33:53",21100
12300,100,100,"bu","10:24:04",21000
12250,50,100,"sd","10:18:23",20900
12250,50,100,"sd","10:18:23",20800
12250,50,100,"sd","10:18:08",20700
12250,50,200,"sd","10:06:52",20600
12250,50,600,"bu","10:06:25",20400
12200,0,1700,"sd","10:03:26",19800
12200,0,500,"sd","10:03:26",18100
12200,0,300,"sd","10:03:26",17600
12200,0,200,"sd","10:02:01",17300
12200,0,100,"sd","10:02:01",17100
12200,0,700,"sd","10:02:01",17000
12200,0,100,"sd","10:01:18",16300
12200,0,200,"sd","10:01:09",16200
12200,0,200,"sd","10:01:09",16000
12200,0,800,"sd","09:58:54",15800
12200,0,200,"sd","09:58:54",15000
12200,0,200,"sd","09:53:56",14800
12200,0,1000,"sd","09:53:56",14600
12200,0,1800,"sd","09:53:56",13600
12200,0,100,"sd","09:53:51",11800
12200,0,100,"sd","09:52:23",11700
12200,0,2500,"sd","09:46:28",11600
12200,0,100,"sd","09:46:28",9100
12200,0,200,"sd","09:46:28",9000
12250,50,200,"sd","09:46:28",8800
12250,50,100,"sd","09:43:58",8600
12250,50,100,"sd","09:43:49",8500
12250,50,600,"sd","09:41:18",8400
12250,50,500,"sd","09:41:18",7800
12250,50,600,"sd","09:41:18",7300
12250,50,2400,"sd","09:32:18",6700
12350,150,500,"bu","09:27:14",4300
12350,150,1200,"bu","09:24:46",3800
12300,100,100,"bu","09:24:46",2600
12450,250,2500,"bu","09:15:01",2500
