"price","change","match_qtty","side","time","total_vol"
38400,350,131600,"unknown","14:45:00",2744200
38150,100,100,"bu","14:29:56",2612600
38150,100,3100,"bu","14:29:56",2612500
38150,100,7300,"bu","14:29:56",2609400
38150,100,2000,"bu","14:29:46",2602100
38150,100,700,"bu","14:29:45",2600100
38150,100,1500,"bu","14:29:45",2599400
38150,100,500,"bu","14:29:29",2597900
38150,100,100,"bu","14:29:27",2597400
38150,100,1100,"sd","14:29:23",2597300
38150,100,200,"sd","14:29:23",2596200
38150,100,300,"sd","14:29:23",2596000
38150,100,1000,"sd","14:29:23",2595700
38150,100,300,"sd","14:29:23",2594700
38200,150,200,"bu","14:29:13",2594400
38150,100,200,"sd","14:29:13",2594200
38200,150,400,"bu","14:29:11",2594000
38200,150,4500,"bu","14:29:06",2593600
38200,150,500,"bu","14:29:06",2589100
38200,150,200,"bu","14:29:00",2588600
38200,150,100,"bu","14:29:00",2588400
38200,150,100,"bu","14:29:00",2588300
38200,150,100,"bu","14:29:00",2588200
38200,150,300,"bu","14:29:00",2588100
38150,100,100,"sd","14:28:34",2587800
38100,50,200,"sd","14:28:19",2587700
38150,100,500,"sd","14:28:19",2587500
38150,100,300,"sd","14:28:19",2587000
38150,100,100,"sd","14:28:19",2586700
38100,50,300,"sd","14:27:38",2586600
38100,50,100,"sd","14:27:38",2586300
38200,150,2600,"bu","14:27:38",2586200
38150,100,100,"unknown","14:27:38",2583600
38150,100,300,"unknown","14:27:38",2583500
38150,100,200,"sd","14:27:36",2583200
38150,100,8300,"sd","14:27:32",2583000
38150,100,200,"sd","14:27:32",2574700
38150,100,100,"sd","14:27:32",2574500
38150,100,1000,"sd","14:27:32",2574400
38150,100,200,"sd","14:27:32",2573400
38150,100,200,"sd","14:27:32",2573200
38200,150,100,"bu","14:27:32",2573000
38200,150,100,"bu","14:27:22",2572900
38200,150,100,"bu","14:27:22",2572800
38200,150,1000,"bu","14:27:22",2572700
38200,150,700,"bu","14:27:22",2571700
38200,150,7000,"bu","14:27:22",2571000
38200,150,100,"bu","14:27:22",2564000
38150,100,300,"sd","14:27:22",2563900
38200,150,200,"bu","14:27:10",2563600
38150,100,300,"sd","14:27:09",2563400
38200,150,100,"bu","14:27:08",2563100
38150,100,500,"sd","14:27:08",2563000
38150,100,200,"bu","14:27:06",2562500
38150,100,100,"bu","14:27:06",2562300
38150,100,400,"bu","14:27:06",2562200
38150,100,1000,"bu","14:26:59",2561800
38100,50,1200,"sd","14:26:57",2560800
38100,50,2000,"sd","14:26:57",2559600
38100,50,100,"sd","14:26:57",2557600
38100,50,300,"sd","14:26:57",2557500
38100,50,1500,"sd","14:26:57",2557200
38100,50,4900,"sd","14:26:57",2555700
38150,100,1800,"bu","14:26:56",2550800
38100,50,100,"sd","14:26:46",2549000
38150,100,800,"bu","14:26:42",2548900
38150,100,200,"bu","14:26:42",2548100
38100,50,400,"sd","14:26:39",2547900
38150,100,300,"bu","14:26:39",2547500
38150,100,300,"bu","14:26:39",2547200
38150,100,400,"bu","14:26:39",2546900
38150,100,100,"bu","14:26:36",2546500
38150,100,100,"bu","14:26:36",2546400
38150,100,2000,"bu","14:26:35",2546300
38150,100,800,"bu","14:26:35",2544300
38150,100,300,"bu","14:26:35",2543500
38150,100,100,"bu","14:26:27",2543200
38150,100,200,"bu","14:26:18",2543100
38100,50,100,"sd","14:26:10",2542900
38100,50,300,"sd","14:26:10",2542800
38150,100,100,"bu","14:26:06",2542500
38100,50,100,"unknown","14:25:55",2542400
38100,50,100,"sd","14:25:41",2542300
38100,50,100,"sd","14:25:41",2542200
38100,50,200,"sd","14:25:41",2542100
38100,50,100,"bu","14:25:24",2541900
38050,0,500,"sd","14:25:23",2541800
38050,0,500,"sd","14:25:23",2541300
38050,0,100,"sd","14:25:23",2540800
38050,0,200,"sd","14:25:23",2540700
38100,50,400,"unknown","14:25:23",2540500
38050,0,100,"sd","14:25:23",2540100
38050,0,200,"sd","14:25:23",2540000
38100,50,100,"sd","14:25:21",2539800
38100,50,300,"sd","14:25:12",2539700
38150,100,1000,"bu","14:25:09",2539400
38150,100,100,"bu","14:24:57",2538400
38150,100,400,"bu","14:24:53",2538300
38150,100,500,"bu","14:24:53",2537900
38150,100,300,"bu","14:24:53",2537400
38050,0,100,"sd","14:24:52",2537100
38050,0,200,"sd","14:24:52",2537000
38050,0,900,"sd","14:24:52",2536800
38100,50,100,"sd","14:24:52",2535900
38100,50,100,"sd","14:24:52",2535800
38100,50,100,"sd","14:24:52",2535700
38100,50,500,"sd","14:24:52",2535600
38100,50,400,"sd","14:24:42",2535100
38150,100,200,"bu","14:24:40",2534700
38150,100,100,"bu","14:24:35",2534500
38100,50,500,"bu","14:24:33",2534400
38100,50,1200,"bu","14:24:33",2533900
38100,50,500,"bu","14:24:33",2532700
38100,50,400,"bu","14:24:33",2532200
38100,50,100,"bu","14:24:33",2531800
38100,50,500,"bu","14:24:33",2531700
38100,50,500,"bu","14:24:33",2531200
38100,50,400,"bu","14:24:33",2530700
38100,50,100,"bu","14:24:31",2530300
38100,50,1000,"bu","14:24:26",2530200
38100,50,100,"bu","14:24:26",2529200
38100,50,100,"bu","14:24:26",2529100
38100,50,100,"bu","14:24:26",2529000
38100,50,500,"bu","14:24:26",2528900
38100,50,500,"bu","14:24:26",2528400
38100,50,100,"bu","14:24:26",2527900
38100,50,100,"bu","14:24:26",2527800
38100,50,1000,"bu","14:24:26",2527700
38100,50,25400,"bu","14:24:26",2526700
38100,50,500,"bu","14:24:26",2501300
38100,50,500,"bu","14:24:26",2500800
38100,50,100,"bu","14:24:26",2500300
38100,50,200,"bu","14:24:25",2500200
38050,0,100,"sd","14:24:24",2500000
38050,0,100,"sd","14:24:24",2499900
38050,0,800,"sd","14:24:24",2499800
38100,50,100,"bu","14:24:19",2499000
38050,0,400,"sd","14:24:13",2498900
38050,0,800,"sd","14:24:03",2498500
38050,0,100,"sd","14:24:03",2497700
38050,0,100,"sd","14:24:03",2497600
38050,0,400,"sd","14:23:44",2497500
38050,0,700,"bu","14:23:26",2497100
38050,0,3000,"bu","14:23:26",2496400
38050,0,1000,"bu","14:23:25",2493400
38050,0,900,"bu","14:23:25",2492400
38050,0,1000,"bu","14:23:25",2491500
38050,0,200,"bu","14:23:25",2490500
38050,0,9500,"bu","14:23:25",2490300
38050,0,200,"bu","14:23:25",2480800
38050,0,3000,"bu","14:23:25",2480600
38050,0,300,"bu","14:23:25",2477600
38050,0,600,"bu","14:23:25",2477300
38050,0,500,"bu","14:23:25",2476700
38050,0,2000,"bu","14:23:25",2476200
38050,0,1000,"bu","14:23:25",2474200
38050,0,300,"bu","14:23:25",2473200
38050,0,4800,"bu","14:23:25",2472900
38050,0,500,"bu","14:23:25",2468100
38050,0,200,"bu","14:23:23",2467600
38000,-50,200,"sd","14:23:15",2467400
38000,-50,200,"sd","14:23:15",2467200
38050,0,500,"bu","14:23:15",2467000
38050,0,100,"bu","14:22:49",2466500
38000,-50,400,"sd","14:22:45",2466400
38000,-50,100,"sd","14:22:36",2466000
38000,-50,300,"sd","14:22:36",2465900
38050,0,100,"bu","14:22:35",2465600
38000,-50,1000,"sd","14:22:31",2465500
38000,-50,100,"sd","14:22:17",2464500
38000,-50,300,"sd","14:22:17",2464400
38050,0,300,"bu","14:22:05",2464100
38000,-50,400,"sd","14:21:47",2463800
38050,0,100,"bu","14:21:42",2463400
38000,-50,500,"sd","14:21:23",2463300
38000,-50,400,"sd","14:21:18",2462800
38000,-50,1700,"sd","14:20:54",2462400
38000,-50,100,"sd","14:20:54",2460700
38000,-50,200,"sd","14:20:54",2460600
38000,-50,500,"sd","14:20:50",2460400
38000,-50,200,"sd","14:20:50",2459900
38000,-50,100,"sd","14:20:50",2459700
38000,-50,1000,"sd","14:20:50",2459600
38000,-50,2500,"sd","14:20:50",2458600
38000,-50,100,"sd","14:20:50",2456100
38000,-50,500,"sd","14:20:50",2456000
38000,-50,2500,"sd","14:20:50",2455500
38000,-50,300,"sd","14:20:50",2453000
38000,-50,1000,"sd","14:20:50",2452700
38000,-50,100,"sd","14:20:50",2451700
38000,-50,500,"sd","14:20:50",2451600
38000,-50,100,"sd","14:20:50",2451100
38000,-50,300,"sd","14:20:50",2451000
38000,-50,300,"sd","14:20:50",2450700
38000,-50,400,"sd","14:20:48",2450400
38000,-50,100,"sd","14:20:39",2450000
38000,-50,100,"sd","14:20:39",2449900
38000,-50,300,"sd","14:20:39",2449800
38000,-50,2300,"sd","14:20:39",2449500
38000,-50,500,"sd","14:20:39",2447200
38000,-50,1700,"sd","14:20:39",2446700
38000,-50,400,"sd","14:20:19",2445000
38000,-50,200,"sd","14:20:17",2444600
38050,0,500,"bu","14:20:00",2444400
38000,-50,300,"sd","14:19:50",2443900
38000,-50,700,"bu","14:19:40",2443600
38000,-50,1000,"bu","14:19:40",2442900
38000,-50,2300,"bu","14:19:40",2441900
38000,-50,5000,"bu","14:19:40",2439600
38000,-50,1600,"bu","14:19:40",2434600
38000,-50,200,"bu","14:19:40",2433000
38000,-50,1600,"bu","14:19:40",2432800
38000,-50,700,"bu","14:19:38",2431200
38000,-50,2100,"bu","14:19:38",2430500
38000,-50,200,"bu","14:19:37",2428400
38000,-50,1900,"bu","14:19:36",2428200
38000,-50,300,"bu","14:19:32",2426300
38000,-50,200,"bu","14:19:31",2426000
38000,-50,500,"bu","14:19:22",2425800
37950,-100,400,"sd","14:19:22",2425300
38000,-50,4000,"bu","14:19:21",2424900
38000,-50,100,"bu","14:19:15",2420900
38000,-50,100,"bu","14:19:13",2420800
38000,-50,200,"bu","14:19:10",2420700
37950,-100,900,"sd","14:19:05",2420500
37950,-100,100,"sd","14:19:05",2419600
38000,-50,1000,"bu","14:18:59",2419500
37950,-100,200,"sd","14:18:52",2418500
37950,-100,100,"sd","14:18:52",2418300
37950,-100,100,"sd","14:18:52",2418200
38000,-50,300,"bu","14:18:38",2418100
37950,-100,400,"sd","14:18:23",2417800
38000,-50,400,"bu","14:18:17",2417400
38000,-50,200,"bu","14:18:15",2417000
38000,-50,100,"bu","14:18:15",2416800
38000,-50,400,"bu","14:18:14",2416700
38000,-50,500,"bu","14:18:08",2416300
38000,-50,700,"bu","14:17:59",2415800
37950,-100,400,"sd","14:17:53",2415100
38000,-50,100,"bu","14:17:51",2414700
38000,-50,100,"bu","14:17:49",2414600
38000,-50,200,"bu","14:17:48",2414500
38000,-50,800,"bu","14:17:48",2414300
38000,-50,3000,"bu","14:17:34",2413500
38000,-50,1000,"bu","14:17:33",2410500
38000,-50,200,"bu","14:17:28",2409500
37950,-100,400,"sd","14:17:24",2409300
38000,-50,200,"bu","14:17:11",2408900
38000,-50,100,"sd","14:16:58",2408700
38000,-50,100,"sd","14:16:58",2408600
38000,-50,300,"sd","14:16:58",2408500
38000,-50,200,"sd","14:16:58",2408200
38000,-50,500,"sd","14:16:58",2408000
38000,-50,100,"sd","14:16:58",2407500
38000,-50,100,"sd","14:16:58",2407400
38000,-50,200,"sd","14:16:58",2407300
38000,-50,1000,"sd","14:16:58",2407100
38000,-50,200,"sd","14:16:58",2406100
38000,-50,300,"sd","14:16:58",2405900
38000,-50,500,"sd","14:16:58",2405600
38000,-50,2600,"sd","14:16:58",2405100
38000,-50,200,"sd","14:16:58",2402500
38000,-50,100,"sd","14:16:58",2402300
38000,-50,400,"sd","14:16:58",2402200
38000,-50,3000,"sd","14:16:58",2401800
38000,-50,100,"sd","14:16:58",2398800
38000,-50,400,"sd","14:16:58",2398700
38000,-50,3000,"sd","14:16:58",2398300
38000,-50,400,"sd","14:16:58",2395300
38000,-50,10000,"sd","14:16:58",2394900
38000,-50,1000,"sd","14:16:58",2384900
38000,-50,1200,"sd","14:16:58",2383900
38000,-50,100,"sd","14:16:58",2382700
38000,-50,600,"sd","14:16:58",2382600
38000,-50,400,"sd","14:16:58",2382000
38000,-50,100,"sd","14:16:58",2381600
38000,-50,2000,"sd","14:16:58",2381500
38000,-50,100,"sd","14:16:58",2379500
38000,-50,1000,"sd","14:16:58",2379400
38000,-50,1000,"sd","14:16:58",2378400
38000,-50,2500,"sd","14:16:58",2377400
38000,-50,1000,"sd","14:16:58",2374900
38000,-50,500,"sd","14:16:57",2373900
38000,-50,400,"sd","14:16:54",2373400
38000,-50,600,"sd","14:16:25",2373000
38050,0,100,"bu","14:15:58",2372400
38000,-50,500,"sd","14:15:56",2372300
38000,-50,100,"sd","14:15:56",2371800
38050,0,500,"bu","14:15:48",2371700
38050,0,100,"bu","14:15:44",2371200
38050,0,400,"bu","14:15:44",2371100
38050,0,1100,"bu","14:15:27",2370700
38000,-50,600,"sd","14:15:27",2369600
38050,0,300,"sd","14:15:18",2369000
38050,0,100,"sd","14:15:18",2368700
38050,0,100,"sd","14:15:18",2368600
38050,0,4000,"sd","14:15:17",2368500
38050,0,900,"sd","14:15:17",2364500
38050,0,100,"sd","14:15:17",2363600
38050,0,300,"sd","14:15:17",2363500
38050,0,700,"sd","14:15:17",2363200
38050,0,1000,"sd","14:15:12",2362500
38050,0,100,"sd","14:15:07",2361500
38050,0,4800,"sd","14:15:06",2361400
38050,0,600,"sd","14:14:58",2356600
38050,0,100,"sd","14:14:58",2356000
38050,0,100,"sd","14:14:58",2355900
38050,0,300,"sd","14:14:58",2355800
38050,0,100,"sd","14:14:58",2355500
38050,0,200,"sd","14:14:58",2355400
38050,0,100,"sd","14:14:58",2355200
38050,0,600,"sd","14:14:57",2355100
38050,0,100,"sd","14:14:45",2354500
38050,0,4500,"sd","14:14:40",2354400
38050,0,4000,"sd","14:14:40",2349900
38050,0,1000,"sd","14:14:40",2345900
38050,0,300,"sd","14:14:40",2344900
38050,0,100,"sd","14:14:40",2344600
38050,0,1200,"sd","14:14:40",2344500
38050,0,900,"sd","14:14:40",2343300
38050,0,7500,"sd","14:14:40",2342400
38050,0,500,"sd","14:14:40",2334900
38100,50,100,"bu","14:14:39",2334400
38100,50,100,"bu","14:14:29",2334300
38050,0,600,"sd","14:14:29",2334200
38100,50,500,"bu","14:14:23",2333600
38100,50,2000,"bu","14:14:11",2333100
38050,0,1000,"sd","14:14:06",2331100
38100,50,100,"bu","14:14:01",2330100
38050,0,600,"sd","14:14:00",2330000
38050,0,100,"sd","14:13:54",2329400
38100,50,1500,"bu","14:13:33",2329300
38100,50,500,"bu","14:13:33",2327800
38100,50,2100,"bu","14:13:33",2327300
38050,0,600,"sd","14:13:30",2325200
38050,0,1100,"sd","14:13:27",2324600
38050,0,2000,"sd","14:13:27",2323500
38050,0,1000,"sd","14:13:27",2321500
38050,0,6200,"sd","14:13:27",2320500
38050,0,1900,"sd","14:13:27",2314300
38050,0,500,"sd","14:13:27",2312400
38050,0,1000,"sd","14:13:27",2311900
38050,0,200,"sd","14:13:27",2310900
38050,0,500,"sd","14:13:27",2310700
38050,0,100,"sd","14:13:27",2310200
38050,0,200,"sd","14:13:27",2310100
38050,0,300,"sd","14:13:27",2309900
38100,50,200,"bu","14:13:26",2309600
38100,50,300,"bu","14:13:09",2309400
38100,50,300,"bu","14:13:04",2309100
38100,50,500,"bu","14:13:02",2308800
38050,0,200,"sd","14:13:00",2308300
38050,0,400,"sd","14:13:00",2308100
38100,50,800,"bu","14:12:41",2307700
38100,50,300,"bu","14:12:39",2306900
38050,0,600,"sd","14:12:31",2306600
38100,50,500,"bu","14:12:29",2306000
38100,50,500,"bu","14:12:29",2305500
38100,50,500,"bu","14:12:29",2305000
38100,50,500,"bu","14:12:08",2304500
38050,0,500,"sd","14:12:02",2304000
38050,0,100,"sd","14:12:02",2303500
38100,50,100,"bu","14:12:02",2303400
38100,50,100,"bu","14:12:02",2303300
38050,0,900,"sd","14:11:44",2303200
38050,0,700,"sd","14:11:44",2302300
38050,0,400,"sd","14:11:44",2301600
38050,0,100,"sd","14:11:33",2301200
38050,0,500,"sd","14:11:33",2301100
38100,50,2000,"bu","14:11:30",2300600
38100,50,100,"bu","14:11:30",2298600
38100,50,400,"bu","14:11:30",2298500
38100,50,500,"bu","14:11:20",2298100
38100,50,500,"bu","14:11:20",2297600
38100,50,1000,"bu","14:11:13",2297100
38100,50,300,"bu","14:11:06",2296100
38050,0,500,"sd","14:11:03",2295800
38050,0,100,"sd","14:11:03",2295300
38100,50,300,"bu","14:11:02",2295200
38100,50,200,"bu","14:10:54",2294900
38100,50,1100,"bu","14:10:44",2294700
38100,50,100,"bu","14:10:36",2293600
38050,0,500,"sd","14:10:34",2293500
38050,0,100,"sd","14:10:34",2293000
38100,50,100,"bu","14:10:30",2292900
38100,50,1000,"bu","14:10:24",2292800
38100,50,100,"bu","14:10:10",2291800
38050,0,600,"sd","14:10:05",2291700
38100,50,300,"bu","14:10:04",2291100
38100,50,300,"bu","14:10:04",2290800
38100,50,100,"bu","14:10:04",2290500
38100,50,100,"bu","14:10:04",2290400
38100,50,200,"bu","14:10:04",2290300
38050,0,400,"sd","14:09:37",2290100
38050,0,100,"sd","14:09:37",2289700
38050,0,100,"sd","14:09:37",2289600
38050,0,200,"sd","14:09:34",2289500
38050,0,200,"sd","14:09:15",2289300
38050,0,300,"sd","14:09:15",2289100
38050,0,600,"sd","14:09:06",2288800
38100,50,100,"bu","14:09:04",2288200
38050,0,600,"sd","14:08:37",2288100
38050,0,300,"sd","14:08:36",2287500
38100,50,200,"bu","14:08:32",2287200
38100,50,100,"bu","14:08:32",2287000
38100,50,200,"bu","14:08:32",2286900
38100,50,1500,"bu","14:08:32",2286700
38100,50,100,"bu","14:08:32",2285200
38100,50,900,"bu","14:08:32",2285100
38050,0,5000,"bu","14:08:20",2284200
38050,0,3000,"bu","14:08:19",2279200
38050,0,100,"sd","14:08:17",2276200
38050,0,300,"sd","14:08:17",2276100
38050,0,1600,"sd","14:08:17",2275800
38100,50,2000,"bu","14:08:16",2274200
38050,0,3400,"bu","14:08:15",2272200
38050,0,1000,"bu","14:08:12",2268800
38050,0,2700,"bu","14:08:11",2267800
38000,-50,600,"sd","14:08:08",2265100
38050,0,2900,"bu","14:08:03",2264500
38050,0,100,"bu","14:08:03",2261600
38050,0,100,"bu","14:08:00",2261500
38050,0,100,"bu","14:07:58",2261400
38050,0,4700,"bu","14:07:56",2261300
38050,0,100,"bu","14:07:56",2256600
38050,0,200,"bu","14:07:56",2256500
38050,0,300,"bu","14:07:54",2256300
38050,0,300,"bu","14:07:54",2256000
38050,0,200,"bu","14:07:44",2255700
38000,-50,600,"sd","14:07:39",2255500
38050,0,400,"bu","14:07:37",2254900
38050,0,100,"bu","14:07:35",2254500
38050,0,100,"bu","14:07:31",2254400
38050,0,2000,"bu","14:07:30",2254300
38050,0,200,"bu","14:07:28",2252300
38050,0,200,"bu","14:07:24",2252100
38050,0,200,"bu","14:07:24",2251900
38050,0,300,"bu","14:07:20",2251700
38050,0,14700,"bu","14:07:20",2251400
38050,0,100,"bu","14:07:14",2236700
38000,-50,100,"sd","14:07:09",2236600
38000,-50,500,"sd","14:07:09",2236500
38050,0,5000,"bu","14:07:07",2236000
38050,0,200,"bu","14:07:04",2231000
38050,0,10000,"bu","14:07:04",2230800
38050,0,3000,"bu","14:07:04",2220800
38050,0,2500,"bu","14:07:04",2217800
38050,0,100,"bu","14:07:01",2215300
38000,-50,100,"sd","14:06:40",2215200
38000,-50,500,"sd","14:06:40",2215100
38050,0,2400,"bu","14:06:19",2214600
38050,0,100,"bu","14:06:19",2212200
38000,-50,600,"sd","14:06:11",2212100
38050,0,900,"bu","14:06:07",2211500
38050,0,200,"bu","14:06:07",2210600
38050,0,900,"bu","14:06:07",2210400
38050,0,200,"bu","14:05:44",2209500
38000,-50,600,"sd","14:05:42",2209300
38000,-50,100,"sd","14:05:13",2208700
38000,-50,100,"sd","14:05:13",2208600
38000,-50,200,"sd","14:05:13",2208500
38000,-50,200,"sd","14:05:13",2208300
38050,0,1000,"bu","14:05:12",2208100
38050,0,500,"bu","14:04:52",2207100
38000,-50,600,"sd","14:04:48",2206600
38050,0,1000,"bu","14:04:45",2206000
38050,0,6000,"bu","14:04:37",2205000
38050,0,300,"bu","14:04:36",2199000
38050,0,100,"bu","14:04:29",2198700
38050,0,100,"bu","14:04:29",2198600
38050,0,100,"bu","14:04:29",2198500
38050,0,100,"bu","14:04:29",2198400
38000,-50,600,"sd","14:04:14",2198300
38050,0,500,"bu","14:04:14",2197700
38000,-50,600,"bu","14:03:57",2197200
38050,0,3900,"bu","14:03:52",2196600
38000,-50,16100,"bu","14:03:52",2192700
38000,-50,200,"sd","14:03:51",2176600
38000,-50,100,"sd","14:03:51",2176400
38000,-50,500,"sd","14:03:51",2176300
38000,-50,1000,"sd","14:03:51",2175800
38000,-50,500,"sd","14:03:51",2174800
38000,-50,100,"sd","14:03:51",2174300
38000,-50,100,"sd","14:03:51",2174200
38000,-50,100,"sd","14:03:51",2174100
38000,-50,200,"sd","14:03:51",2174000
38000,-50,2800,"sd","14:03:51",2173800
38000,-50,100,"sd","14:03:51",2171000
38000,-50,7000,"sd","14:03:51",2170900
38000,-50,1200,"sd","14:03:51",2163900
38000,-50,3000,"sd","14:03:49",2162700
38000,-50,600,"sd","14:03:45",2159700
38000,-50,2100,"sd","14:03:40",2159100
38000,-50,600,"sd","14:03:40",2157000
38000,-50,600,"sd","14:03:15",2156400
38050,0,600,"bu","14:03:05",2155800
38050,0,400,"bu","14:03:05",2155200
38050,0,100,"bu","14:02:56",2154800
38000,-50,3800,"sd","14:02:53",2154700
38000,-50,1000,"sd","14:02:53",2150900
38000,-50,200,"sd","14:02:53",2149900
38000,-50,600,"sd","14:02:47",2149700
38050,0,100,"bu","14:02:34",2149100
38050,0,100,"bu","14:02:22",2149000
38000,-50,600,"sd","14:02:17",2148900
38050,0,200,"bu","14:02:08",2148300
38050,0,100,"bu","14:02:04",2148100
38050,0,200,"bu","14:01:51",2148000
38000,-50,600,"sd","14:01:48",2147800
38000,-50,500,"sd","14:01:48",2147200
38050,0,5000,"bu","14:01:42",2146700
38050,0,1000,"bu","14:01:42",2141700
38050,0,100,"bu","14:01:37",2140700
38050,0,500,"bu","14:01:36",2140600
38050,0,100,"bu","14:01:33",2140100
38000,-50,900,"sd","14:01:30",2140000
38050,0,200,"bu","14:01:29",2139100
38000,-50,600,"sd","14:01:18",2138900
38050,0,300,"bu","14:01:17",2138300
38050,0,900,"bu","14:01:14",2138000
38050,0,100,"bu","14:01:10",2137100
38050,0,100,"bu","14:00:52",2137000
38000,-50,700,"sd","14:00:49",2136900
38000,-50,300,"sd","14:00:20",2136200
38000,-50,300,"sd","14:00:20",2135900
38000,-50,100,"sd","14:00:20",2135600
38050,0,200,"bu","14:00:16",2135500
38050,0,300,"bu","14:00:08",2135300
38050,0,700,"bu","14:00:08",2135000
38050,0,400,"bu","13:59:52",2134300
38000,-50,700,"sd","13:59:51",2133900
38000,-50,100,"sd","13:59:51",2133200
38050,0,500,"bu","13:59:42",2133100
38050,0,400,"sd","13:59:39",2132600
38000,-50,600,"bu","13:59:32",2132200
38050,0,400,"bu","13:59:31",2131600
38050,0,100,"bu","13:59:23",2131200
37950,-100,400,"sd","13:59:22",2131100
38000,-50,200,"sd","13:59:22",2130700
38000,-50,500,"sd","13:59:22",2130500
38050,0,700,"sd","13:59:21",2130000
38050,0,100,"sd","13:59:16",2129300
38100,50,100,"bu","13:59:16",2129200
38050,0,200,"sd","13:59:03",2129100
38050,0,300,"sd","13:59:03",2128900
38050,0,200,"bu","13:58:54",2128600
38000,-50,4500,"bu","13:58:54",2128400
37950,-100,800,"sd","13:58:52",2123900
38000,-50,500,"bu","13:58:51",2123100
38050,0,400,"bu","13:58:48",2122600
38050,0,300,"bu","13:58:48",2122200
38050,0,100,"bu","13:58:45",2121900
38050,0,100,"bu","13:58:45",2121800
38050,0,800,"bu","13:58:45",2121700
38050,0,1200,"bu","13:58:33",2120900
38050,0,500,"bu","13:58:33",2119700
38050,0,100,"bu","13:58:33",2119200
38050,0,500,"bu","13:58:33",2119100
38050,0,100,"bu","13:58:33",2118600
38050,0,4800,"bu","13:58:33",2118500
38000,-50,600,"bu","13:58:33",2113700
38000,-50,2000,"bu","13:58:33",2113100
37950,-100,200,"bu","13:58:33",2111100
37950,-100,1000,"bu","13:58:30",2110900
37900,-150,700,"sd","13:58:23",2109900
37900,-150,200,"sd","13:58:18",2109200
37900,-150,100,"bu","13:58:04",2109000
37900,-150,1900,"bu","13:58:04",2108900
37900,-150,1000,"bu","13:58:03",2107000
37850,-200,400,"sd","13:58:03",2106000
37850,-200,600,"sd","13:57:54",2105600
37850,-200,200,"sd","13:57:54",2105000
37850,-200,800,"sd","13:57:24",2104800
37900,-150,1000,"bu","13:57:10",2104000
37900,-150,3000,"bu","13:57:06",2103000
37850,-200,100,"sd","13:57:05",2100000
37850,-200,100,"sd","13:57:05",2099900
37850,-200,1200,"sd","13:57:05",2099800
37850,-200,2000,"sd","13:57:05",2098600
37850,-200,500,"sd","13:57:05",2096600
37850,-200,400,"sd","13:57:05",2096100
37850,-200,100,"sd","13:57:05",2095700
37850,-200,300,"sd","13:57:05",2095600
37850,-200,5300,"sd","13:57:05",2095300
37900,-150,100,"bu","13:57:03",2090000
37900,-150,200,"bu","13:57:02",2089900
37900,-150,100,"bu","13:57:00",2089700
37900,-150,500,"bu","13:57:00",2089600
37900,-150,100,"bu","13:56:55",2089100
37850,-200,800,"sd","13:56:55",2089000
37900,-150,100,"bu","13:56:53",2088200
37900,-150,100,"bu","13:56:53",2088100
37900,-150,100,"bu","13:56:29",2088000
37850,-200,800,"sd","13:56:26",2087900
37900,-150,200,"bu","13:56:26",2087100
37900,-150,1000,"bu","13:56:25",2086900
37900,-150,400,"bu","13:56:18",2085900
37900,-150,100,"bu","13:56:15",2085500
37850,-200,1000,"sd","13:56:10",2085400
37900,-150,100,"bu","13:56:01",2084400
37850,-200,600,"sd","13:55:57",2084300
37850,-200,100,"sd","13:55:57",2083700
37850,-200,200,"sd","13:55:55",2083600
37850,-200,2000,"sd","13:55:55",2083400
37850,-200,1500,"sd","13:55:55",2081400
37900,-150,1000,"sd","13:55:55",2079900
37900,-150,1000,"sd","13:55:55",2078900
37900,-150,200,"sd","13:55:54",2077900
37900,-150,300,"sd","13:55:54",2077700
37900,-150,200,"sd","13:55:54",2077400
37900,-150,2000,"sd","13:55:54",2077200
37900,-150,1100,"sd","13:55:54",2075200
37900,-150,100,"sd","13:55:54",2074100
37900,-150,200,"sd","13:55:54",2074000
37900,-150,1000,"sd","13:55:54",2073800
37900,-150,100,"sd","13:55:54",2072800
37900,-150,500,"sd","13:55:54",2072700
37900,-150,8600,"sd","13:55:54",2072200
37950,-100,1500,"bu","13:55:54",2063600
37950,-100,7000,"bu","13:55:50",2062100
37950,-100,200,"bu","13:55:49",2055100
37950,-100,2000,"bu","13:55:39",2054900
37950,-100,1500,"bu","13:55:36",2052900
37900,-150,200,"sd","13:55:28",2051400
37900,-150,100,"sd","13:55:28",2051200
37900,-150,100,"sd","13:55:28",2051100
37900,-150,100,"sd","13:55:28",2051000
37900,-150,300,"sd","13:55:28",2050900
37950,-100,1500,"bu","13:55:24",2050600
37950,-100,200,"bu","13:55:12",2049100
37950,-100,1500,"bu","13:55:11",2048900
38000,-50,100,"sd","13:55:06",2047400
37950,-100,100,"sd","13:55:06",2047300
38000,-50,200,"sd","13:55:06",2047200
37950,-100,500,"sd","13:55:06",2047000
38000,-50,100,"sd","13:55:06",2046500
37950,-100,100,"sd","13:55:06",2046400
38000,-50,100,"sd","13:55:06",2046300
37950,-100,200,"sd","13:55:06",2046200
37950,-100,200,"sd","13:55:06",2046000
37950,-100,100,"sd","13:55:06",2045800
37950,-100,1000,"sd","13:55:06",2045700
37950,-100,700,"sd","13:55:06",2044700
38000,-50,500,"sd","13:55:01",2044000
38000,-50,500,"sd","13:55:01",2043500
38050,0,200,"bu","13:55:00",2043000
38050,0,800,"bu","13:55:00",2042800
38000,-50,800,"sd","13:54:58",2042000
38000,-50,400,"sd","13:54:45",2041200
38000,-50,200,"sd","13:54:45",2040800
37950,-100,300,"sd","13:54:30",2040600
37950,-100,100,"sd","13:54:30",2040300
37950,-100,400,"sd","13:54:30",2040200
38000,-50,1000,"bu","13:54:28",2039800
38000,-50,600,"bu","13:54:28",2038800
38000,-50,100,"bu","13:54:21",2038200
38000,-50,200,"bu","13:54:09",2038100
38000,-50,1500,"bu","13:54:09",2037900
38000,-50,300,"bu","13:54:09",2036400
38000,-50,1500,"bu","13:54:09",2036100
38000,-50,500,"bu","13:54:09",2034600
38000,-50,3000,"bu","13:54:09",2034100
38000,-50,3000,"bu","13:54:09",2031100
37950,-100,800,"sd","13:54:00",2028100
38000,-50,100,"bu","13:54:00",2027300
38000,-50,200,"bu","13:53:57",2027200
38000,-50,1000,"bu","13:53:46",2027000
37950,-100,800,"unknown","13:53:30",2026000
38000,-50,1000,"bu","13:53:25",2025200
38000,-50,200,"bu","13:53:07",2024200
37950,-100,300,"bu","13:53:07",2024000
37950,-100,400,"bu","13:53:01",2023700
38000,-50,100,"bu","13:53:01",2023300
37950,-100,1000,"bu","13:52:55",2023200
37950,-100,100,"bu","13:52:55",2022200
37900,-150,800,"sd","13:52:32",2022100
37900,-150,100,"sd","13:52:32",2021300
37950,-100,200,"bu","13:52:32",2021200
37950,-100,100,"bu","13:52:14",2021000
37900,-150,200,"sd","13:52:11",2020900
37900,-150,300,"sd","13:52:04",2020700
37900,-150,500,"sd","13:52:04",2020400
37950,-100,100,"bu","13:51:40",2019900
37950,-100,100,"sd","13:51:34",2019800
37950,-100,200,"sd","13:51:34",2019700
37950,-100,100,"sd","13:51:26",2019500
38000,-50,500,"bu","13:51:26",2019400
38000,-50,200,"bu","13:51:08",2018900
37950,-100,800,"sd","13:51:04",2018700
38000,-50,200,"bu","13:51:04",2017900
38000,-50,300,"bu","13:51:04",2017700
38000,-50,200,"bu","13:50:58",2017400
38000,-50,1300,"bu","13:50:40",2017200
38000,-50,200,"bu","13:50:40",2015900
38000,-50,800,"bu","13:50:40",2015700
38000,-50,200,"bu","13:50:40",2014900
38000,-50,400,"bu","13:50:40",2014700
38000,-50,100,"bu","13:50:40",2014300
37900,-150,800,"sd","13:50:36",2014200
37900,-150,700,"sd","13:50:21",2013400
38000,-50,200,"bu","13:50:19",2012700
38000,-50,100,"bu","13:50:19",2012500
38000,-50,5000,"bu","13:50:19",2012400
38000,-50,5000,"bu","13:50:19",2007400
38000,-50,1000,"bu","13:50:19",2002400
38000,-50,1500,"bu","13:50:19",2001400
38000,-50,400,"bu","13:50:19",1999900
38000,-50,10000,"bu","13:50:19",1999500
37950,-100,200,"bu","13:50:19",1989500
37950,-100,10000,"bu","13:50:19",1989300
37950,-100,800,"bu","13:50:19",1979300
37950,-100,300,"bu","13:50:19",1978500
37950,-100,5000,"bu","13:50:19",1978200
37950,-100,500,"bu","13:50:19",1973200
37900,-150,900,"sd","13:50:06",1972700
37900,-150,100,"sd","13:50:04",1971800
37900,-150,2000,"sd","13:50:01",1971700
37900,-150,600,"bu","13:49:44",1969700
37900,-150,200,"bu","13:49:44",1969100
37900,-150,500,"bu","13:49:44",1968900
37900,-150,300,"bu","13:49:37",1968400
37850,-200,500,"sd","13:49:36",1968100
37850,-200,300,"sd","13:49:36",1967600
37900,-150,2200,"bu","13:49:23",1967300
37900,-150,200,"bu","13:49:23",1965100
37900,-150,5000,"bu","13:49:23",1964900
37900,-150,3000,"bu","13:49:23",1959900
37900,-150,100,"bu","13:49:23",1956900
37900,-150,9500,"bu","13:49:23",1956800
37850,-200,700,"bu","13:49:13",1947300
37850,-200,100,"sd","13:49:08",1946600
37850,-200,100,"sd","13:49:08",1946500
37800,-250,1000,"sd","13:48:40",1946400
37800,-250,800,"sd","13:48:38",1945400
37800,-250,1300,"sd","13:48:32",1944600
37800,-250,200,"sd","13:48:32",1943300
37800,-250,800,"sd","13:48:32",1943100
37800,-250,200,"sd","13:48:32",1942300
37800,-250,2000,"sd","13:48:32",1942100
37800,-250,6500,"sd","13:48:32",1940100
37850,-200,500,"sd","13:48:32",1933600
37800,-250,2000,"sd","13:48:26",1933100
37800,-250,200,"sd","13:48:10",1931100
37800,-250,900,"sd","13:48:09",1930900
37800,-250,300,"sd","13:47:59",1930000
37800,-250,100,"sd","13:47:52",1929700
37800,-250,100,"sd","13:47:52",1929600
37800,-250,800,"sd","13:47:52",1929500
37800,-250,300,"sd","13:47:52",1928700
37850,-200,800,"sd","13:47:39",1928400
37850,-200,5000,"bu","13:47:37",1927600
37850,-200,1200,"bu","13:47:37",1922600
37800,-250,3000,"bu","13:47:37",1921400
37800,-250,300,"bu","13:47:37",1918400
37800,-250,500,"sd","13:47:31",1918100
37800,-250,100,"sd","13:47:31",1917600
37800,-250,100,"sd","13:47:31",1917500
37800,-250,1000,"sd","13:47:31",1917400
37800,-250,100,"sd","13:47:29",1916400
37800,-250,100,"sd","13:47:29",1916300
37800,-250,100,"sd","13:47:29",1916200
37800,-250,100,"sd","13:47:29",1916100
37800,-250,1000,"sd","13:47:29",1916000
37800,-250,2000,"sd","13:47:29",1915000
37800,-250,100,"sd","13:47:29",1913000
37800,-250,300,"sd","13:47:29",1912900
37800,-250,900,"sd","13:47:29",1912600
37800,-250,200,"sd","13:47:29",1911700
37800,-250,100,"sd","13:47:29",1911500
37800,-250,100,"sd","13:47:23",1911400
37800,-250,100,"sd","13:47:23",1911300
37800,-250,200,"sd","13:47:23",1911200
37800,-250,100,"sd","13:47:23",1911000
37800,-250,100,"sd","13:47:23",1910900
37800,-250,100,"sd","13:47:23",1910800
37800,-250,400,"sd","13:47:23",1910700
37800,-250,100,"sd","13:47:23",1910300
37800,-250,800,"sd","13:47:23",1910200
37800,-250,100,"sd","13:47:23",1909400
37800,-250,200,"sd","13:47:23",1909300
37800,-250,200,"sd","13:47:23",1909100
37800,-250,300,"sd","13:47:10",1908900
37800,-250,100,"sd","13:47:10",1908600
37800,-250,100,"sd","13:47:10",1908500
37800,-250,100,"sd","13:47:10",1908400
37800,-250,300,"sd","13:47:10",1908300
37800,-250,300,"sd","13:47:05",1908000
37800,-250,800,"sd","13:46:41",1907700
37800,-250,300,"sd","13:46:39",1906900
37850,-200,100,"bu","13:46:38",1906600
37850,-200,100,"bu","13:46:36",1906500
37850,-200,100,"sd","13:46:28",1906400
37850,-200,100,"sd","13:46:28",1906300
37850,-200,200,"sd","13:46:28",1906200
37850,-200,100,"sd","13:46:28",1906000
37850,-200,200,"sd","13:46:28",1905900
37850,-200,100,"sd","13:46:28",1905700
37850,-200,100,"sd","13:46:28",1905600
37850,-200,2700,"sd","13:46:28",1905500
37850,-200,800,"sd","13:46:13",1902800
37900,-150,500,"bu","13:46:10",1902000
37900,-150,200,"bu","13:46:10",1901500
37900,-150,100,"bu","13:46:09",1901300
37850,-200,200,"sd","13:46:08",1901200
37900,-150,100,"bu","13:45:48",1901000
37850,-200,900,"sd","13:45:43",1900900
37900,-150,1000,"sd","13:45:41",1900000
37900,-150,3600,"sd","13:45:41",1899000
37900,-150,900,"sd","13:45:36",1895400
37900,-150,400,"sd","13:45:29",1894500
37900,-150,100,"sd","13:45:20",1894100
37900,-150,400,"bu","13:45:20",1894000
37900,-150,100,"sd","13:45:14",1893600
37900,-150,200,"sd","13:45:14",1893500
37900,-150,5000,"sd","13:45:07",1893300
37900,-150,500,"sd","13:45:02",1888300
37850,-200,400,"sd","13:44:54",1887800
37900,-150,1500,"bu","13:44:54",1887400
37900,-150,2000,"bu","13:44:54",1885900
37900,-150,800,"bu","13:44:54",1883900
37900,-150,200,"bu","13:44:45",1883100
37800,-250,200,"sd","13:44:44",1882900
37800,-250,700,"sd","13:44:44",1882700
37800,-250,1300,"sd","13:44:37",1882000
37800,-250,100,"sd","13:44:37",1880700
37800,-250,100,"sd","13:44:37",1880600
37800,-250,6000,"sd","13:44:37",1880500
37800,-250,1000,"sd","13:44:37",1874500
37850,-200,1000,"sd","13:44:37",1873500
37800,-250,100,"sd","13:44:37",1872500
37800,-250,1000,"sd","13:44:37",1872400
37850,-200,200,"sd","13:44:37",1871400
37800,-250,500,"sd","13:44:37",1871200
37850,-200,500,"sd","13:44:37",1870700
37800,-250,2700,"sd","13:44:37",1870200
37850,-200,300,"sd","13:44:37",1867500
37800,-250,300,"sd","13:44:37",1867200
37800,-250,1000,"sd","13:44:37",1866900
37850,-200,1600,"sd","13:44:37",1865900
37800,-250,800,"sd","13:44:37",1864300
37900,-150,100,"sd","13:44:37",1863500
37900,-150,100,"sd","13:44:37",1863400
37850,-200,100,"sd","13:44:37",1863300
37900,-150,1200,"sd","13:44:37",1863200
37900,-150,1800,"sd","13:44:30",1862000
37900,-150,200,"sd","13:44:30",1860200
37900,-150,200,"sd","13:44:24",1860000
37900,-150,800,"sd","13:44:15",1859800
37950,-100,500,"bu","13:44:05",1859000
37900,-150,200,"sd","13:44:03",1858500
37900,-150,100,"sd","13:43:55",1858300
37850,-200,900,"sd","13:43:45",1858200
37950,-100,100,"bu","13:43:28",1857300
37900,-150,300,"bu","13:43:28",1857200
37900,-150,100,"sd","13:43:27",1856900
37900,-150,200,"sd","13:43:27",1856800
37900,-150,100,"sd","13:43:27",1856600
37900,-150,2000,"sd","13:43:27",1856500
37900,-150,1000,"sd","13:43:27",1854500
37900,-150,100,"sd","13:43:27",1853500
37900,-150,1600,"sd","13:43:27",1853400
37900,-150,500,"sd","13:43:27",1851800
37900,-150,500,"sd","13:43:27",1851300
37900,-150,100,"sd","13:43:27",1850800
37900,-150,500,"sd","13:43:27",1850700
37900,-150,400,"sd","13:43:16",1850200
37900,-150,200,"sd","13:43:16",1849800
37900,-150,200,"sd","13:43:16",1849600
37900,-150,200,"sd","13:43:14",1849400
37900,-150,300,"sd","13:43:04",1849200
37900,-150,100,"sd","13:43:04",1848900
37900,-150,400,"sd","13:43:04",1848800
37950,-100,2000,"bu","13:42:52",1848400
37900,-150,600,"sd","13:42:47",1846400
37900,-150,200,"sd","13:42:47",1845800
37900,-150,100,"sd","13:42:47",1845600
37950,-100,500,"sd","13:42:45",1845500
37950,-100,400,"sd","13:42:45",1845000
37950,-100,1000,"sd","13:42:45",1844600
37950,-100,200,"sd","13:42:45",1843600
37950,-100,300,"sd","13:42:45",1843400
37950,-100,600,"sd","13:42:45",1843100
37950,-100,100,"sd","13:42:45",1842500
37950,-100,200,"sd","13:42:45",1842400
37950,-100,100,"sd","13:42:45",1842200
37950,-100,1000,"sd","13:42:45",1842100
37950,-100,1500,"sd","13:42:45",1841100
37950,-100,800,"sd","13:42:18",1839600
38000,-50,300,"bu","13:42:14",1838800
38000,-50,100,"sd","13:42:13",1838500
38000,-50,1000,"sd","13:42:13",1838400
38000,-50,700,"sd","13:42:07",1837400
38000,-50,1000,"sd","13:42:07",1836700
38000,-50,300,"sd","13:42:07",1835700
38000,-50,900,"sd","13:41:49",1835400
38000,-50,800,"sd","13:41:32",1834500
38000,-50,100,"unknown","13:41:23",1833700
38000,-50,100,"unknown","13:41:23",1833600
38000,-50,500,"sd","13:41:19",1833500
38000,-50,200,"sd","13:41:19",1833000
38000,-50,5000,"bu","13:41:10",1832800
38000,-50,4000,"bu","13:41:10",1827800
38000,-50,800,"bu","13:41:10",1823800
38000,-50,200,"bu","13:41:08",1823000
37950,-100,900,"sd","13:40:50",1822800
38000,-50,2000,"bu","13:40:50",1821900
38000,-50,200,"bu","13:40:43",1819900
38000,-50,100,"bu","13:40:42",1819700
38000,-50,100,"bu","13:40:40",1819600
38000,-50,1000,"sd","13:40:29",1819500
38000,-50,100,"sd","13:40:29",1818500
38000,-50,500,"sd","13:40:29",1818400
38000,-50,500,"sd","13:40:21",1817900
38000,-50,400,"sd","13:40:21",1817400
38000,-50,100,"sd","13:40:10",1817000
38000,-50,500,"sd","13:40:08",1816900
38050,0,4200,"bu","13:40:01",1816400
38050,0,300,"bu","13:40:01",1812200
38050,0,3600,"bu","13:40:01",1811900
38000,-50,1300,"bu","13:40:01",1808300
38000,-50,500,"sd","13:40:00",1807000
38000,-50,300,"sd","13:40:00",1806500
38000,-50,1000,"sd","13:40:00",1806200
38000,-50,500,"sd","13:40:00",1805200
38000,-50,300,"sd","13:40:00",1804700
38000,-50,2000,"sd","13:40:00",1804400
38000,-50,100,"sd","13:40:00",1802400
38000,-50,300,"sd","13:40:00",1802300
38000,-50,2000,"sd","13:40:00",1802000
38000,-50,1000,"sd","13:40:00",1800000
38000,-50,200,"sd","13:40:00",1799000
38000,-50,500,"sd","13:40:00",1798800
38000,-50,200,"sd","13:40:00",1798300
38000,-50,3000,"sd","13:40:00",1798100
38000,-50,1800,"sd","13:40:00",1795100
38050,0,1400,"bu","13:40:00",1793300
38050,0,1500,"bu","13:40:00",1791900
38050,0,500,"bu","13:40:00",1790400
38050,0,1600,"bu","13:40:00",1789900
38000,-50,200,"sd","13:39:56",1788300
38000,-50,900,"sd","13:39:51",1788100
38050,0,1300,"bu","13:39:39",1787200
38050,0,500,"bu","13:39:39",1785900
38050,0,100,"bu","13:39:39",1785400
38000,-50,1000,"sd","13:39:22",1785300
38050,0,1000,"bu","13:39:19",1784300
38000,-50,500,"sd","13:39:05",1783300
38050,0,400,"bu","13:38:55",1782800
38050,0,100,"bu","13:38:55",1782400
38000,-50,100,"sd","13:38:53",1782300
38050,0,200,"bu","13:38:53",1782200
38050,0,2900,"bu","13:38:53",1782000
38050,0,100,"bu","13:38:53",1779100
38050,0,500,"bu","13:38:42",1779000
38050,0,200,"bu","13:38:29",1778500
38050,0,1000,"bu","13:38:22",1778300
38050,0,100,"bu","13:38:14",1777300
38050,0,100,"bu","13:38:07",1777200
38000,-50,500,"sd","13:37:43",1777100
38000,-50,1000,"sd","13:37:29",1776600
38000,-50,4000,"sd","13:37:21",1775600
38000,-50,100,"sd","13:37:21",1771600
38000,-50,100,"sd","13:37:21",1771500
38000,-50,100,"sd","13:37:21",1771400
38000,-50,500,"sd","13:37:21",1771300
38000,-50,100,"sd","13:37:21",1770800
38000,-50,100,"sd","13:37:21",1770700
38000,-50,400,"bu","13:36:55",1770600
38000,-50,300,"sd","13:36:55",1770200
38000,-50,1700,"bu","13:36:51",1769900
38000,-50,200,"bu","13:36:45",1768200
38000,-50,100,"bu","13:36:44",1768000
37950,-100,2000,"sd","13:36:42",1767900
38000,-50,2000,"bu","13:36:41",1765900
38000,-50,100,"bu","13:36:39",1763900
38000,-50,100,"bu","13:36:32",1763800
38000,-50,500,"bu","13:36:30",1763700
38000,-50,2500,"bu","13:36:30",1763200
38000,-50,1000,"bu","13:36:30",1760700
38000,-50,200,"bu","13:36:30",1759700
38000,-50,800,"bu","13:36:30",1759500
38000,-50,200,"bu","13:36:29",1758700
38000,-50,1800,"bu","13:36:29",1758500
38000,-50,100,"bu","13:36:27",1756700
38000,-50,600,"bu","13:36:24",1756600
38000,-50,400,"bu","13:36:24",1756000
38000,-50,500,"bu","13:36:22",1755600
38000,-50,100,"bu","13:36:20",1755100
38000,-50,100,"bu","13:36:20",1755000
38000,-50,200,"bu","13:36:12",1754900
38000,-50,100,"bu","13:36:10",1754700
38000,-50,100,"unknown","13:36:06",1754600
38000,-50,200,"bu","13:36:04",1754500
38000,-50,100,"bu","13:36:04",1754300
38000,-50,200,"bu","13:36:04",1754200
38000,-50,200,"bu","13:35:57",1754000
38000,-50,100,"sd","13:35:51",1753800
38000,-50,100,"sd","13:35:51",1753700
38000,-50,100,"sd","13:35:51",1753600
38000,-50,100,"sd","13:35:51",1753500
38000,-50,100,"sd","13:35:51",1753400
38050,0,1800,"bu","13:35:48",1753300
38050,0,200,"bu","13:35:48",1751500
38050,0,300,"bu","13:35:48",1751300
38050,0,100,"bu","13:35:48",1751000
38050,0,500,"bu","13:35:48",1750900
38050,0,2000,"bu","13:35:48",1750400
38050,0,100,"bu","13:35:48",1748400
38000,-50,100,"sd","13:35:45",1748300
38000,-50,500,"sd","13:35:40",1748200
38000,-50,100,"sd","13:35:40",1747700
38000,-50,400,"sd","13:35:40",1747600
38000,-50,100,"sd","13:35:38",1747200
38000,-50,500,"sd","13:35:35",1747100
38000,-50,1500,"sd","13:35:35",1746600
38000,-50,200,"sd","13:35:34",1745100
38000,-50,400,"sd","13:35:32",1744900
38000,-50,2900,"sd","13:35:25",1744500
38000,-50,100,"sd","13:35:25",1741600
38000,-50,100,"sd","13:35:25",1741500
38000,-50,1000,"sd","13:35:25",1741400
38000,-50,900,"sd","13:35:25",1740400
38000,-50,100,"sd","13:35:05",1739500
38000,-50,100,"sd","13:34:55",1739400
38000,-50,1500,"bu","13:34:54",1739300
38000,-50,2000,"bu","13:34:54",1737800
38000,-50,5000,"bu","13:34:54",1735800
38000,-50,400,"bu","13:34:54",1730800
38000,-50,800,"bu","13:34:54",1730400
38000,-50,1000,"bu","13:34:51",1729600
38000,-50,300,"bu","13:34:50",1728600
38000,-50,200,"bu","13:34:47",1728300
38000,-50,200,"bu","13:34:46",1728100
38000,-50,400,"bu","13:34:46",1727900
38000,-50,2000,"bu","13:34:46",1727500
38000,-50,1000,"bu","13:34:46",1725500
38000,-50,100,"bu","13:34:46",1724500
38000,-50,100,"bu","13:34:46",1724400
38000,-50,200,"bu","13:34:46",1724300
38000,-50,100,"bu","13:34:46",1724100
38000,-50,5000,"bu","13:34:46",1724000
38000,-50,100,"bu","13:34:46",1719000
38000,-50,200,"bu","13:34:46",1718900
38000,-50,500,"bu","13:34:46",1718700
38000,-50,100,"bu","13:34:46",1718200
38000,-50,400,"bu","13:34:43",1718100
38000,-50,100,"bu","13:34:43",1717700
37950,-100,200,"sd","13:34:42",1717600
38000,-50,900,"bu","13:34:34",1717400
38000,-50,500,"bu","13:34:34",1716500
38000,-50,200,"bu","13:34:34",1716000
38000,-50,900,"bu","13:34:34",1715800
38000,-50,600,"bu","13:34:34",1714900
37950,-100,1000,"bu","13:34:34",1714300
37950,-100,800,"bu","13:34:34",1713300
37950,-100,2000,"bu","13:34:34",1712500
37950,-100,1000,"bu","13:34:34",1710500
37950,-100,200,"bu","13:34:34",1709500
37950,-100,5000,"bu","13:34:34",1709300
37950,-100,5000,"bu","13:34:34",1704300
37950,-100,200,"bu","13:34:34",1699300
37950,-100,700,"bu","13:34:34",1699100
37950,-100,1000,"bu","13:34:34",1698400
37900,-150,300,"sd","13:34:32",1697400
37900,-150,100,"bu","13:34:26",1697100
37900,-150,100,"bu","13:34:26",1697000
37900,-150,100,"bu","13:34:24",1696900
37900,-150,800,"bu","13:34:23",1696800
37900,-150,1200,"bu","13:34:23",1696000
37900,-150,2000,"bu","13:34:19",1694800
37900,-150,300,"bu","13:34:15",1692800
37900,-150,200,"bu","13:34:15",1692500
37850,-200,100,"sd","13:34:10",1692300
37900,-150,100,"bu","13:34:09",1692200
37900,-150,1000,"bu","13:34:09",1692100
37900,-150,3900,"bu","13:34:09",1691100
37900,-150,2000,"bu","13:34:05",1687200
37900,-150,600,"bu","13:34:04",1685200
37900,-150,200,"bu","13:34:03",1684600
37900,-150,500,"bu","13:33:57",1684400
37900,-150,100,"bu","13:33:56",1683900
37900,-150,100,"bu","13:33:54",1683800
37900,-150,1000,"bu","13:33:51",1683700
37900,-150,100,"bu","13:33:48",1682700
37900,-150,3200,"bu","13:33:47",1682600
37900,-150,3000,"bu","13:33:47",1679400
37900,-150,900,"bu","13:33:39",1676400
37900,-150,300,"bu","13:33:36",1675500
37900,-150,300,"bu","13:33:35",1675200
37900,-150,400,"bu","13:33:34",1674900
37900,-150,500,"bu","13:33:28",1674500
37900,-150,900,"bu","13:33:20",1674000
37850,-200,200,"sd","13:33:18",1673100
37900,-150,2000,"bu","13:33:15",1672900
37850,-200,1000,"sd","13:33:13",1670900
37850,-200,1200,"bu","13:32:43",1669900
37850,-200,100,"bu","13:32:43",1668700
37850,-200,1000,"bu","13:32:41",1668600
37850,-200,2700,"bu","13:32:40",1667600
37850,-200,300,"bu","13:32:40",1664900
37850,-200,500,"bu","13:32:39",1664600
37850,-200,100,"bu","13:32:37",1664100
37850,-200,100,"bu","13:32:36",1664000
37850,-200,1000,"bu","13:32:33",1663900
37850,-200,500,"bu","13:32:33",1662900
37850,-200,500,"bu","13:32:33",1662400
37800,-250,200,"sd","13:32:32",1661900
37850,-200,300,"bu","13:32:31",1661700
37850,-200,300,"bu","13:32:28",1661400
37850,-200,100,"bu","13:32:24",1661100
37850,-200,200,"bu","13:32:17",1661000
37850,-200,600,"bu","13:32:15",1660800
37850,-200,100,"bu","13:32:15",1660200
37850,-200,100,"bu","13:32:14",1660100
37850,-200,500,"bu","13:32:09",1660000
37850,-200,400,"bu","13:32:03",1659500
37850,-200,100,"bu","13:32:03",1659100
37850,-200,200,"bu","13:32:03",1659000
37850,-200,300,"bu","13:32:03",1658800
37800,-250,900,"bu","13:31:39",1658500
37800,-250,100,"bu","13:31:39",1657600
37800,-250,2000,"bu","13:31:38",1657500
37800,-250,1000,"bu","13:31:38",1655500
37800,-250,100,"bu","13:31:34",1654500
37800,-250,100,"bu","13:31:31",1654400
37800,-250,3900,"sd","13:31:31",1654300
37800,-250,100,"sd","13:31:31",1650400
37800,-250,400,"sd","13:31:31",1650300
37800,-250,2000,"sd","13:31:31",1649900
37800,-250,300,"sd","13:31:31",1647900
37800,-250,500,"unknown","13:31:25",1647600
37800,-250,500,"unknown","13:31:25",1647100
37800,-250,100,"unknown","13:31:25",1646600
37800,-250,500,"unknown","13:31:25",1646500
37800,-250,1000,"unknown","13:31:25",1646000
37800,-250,400,"unknown","13:31:25",1645000
37800,-250,1000,"unknown","13:31:25",1644600
37800,-250,700,"unknown","13:31:25",1643600
37800,-250,200,"unknown","13:31:25",1642900
37800,-250,200,"bu","13:31:23",1642700
37800,-250,100,"bu","13:31:21",1642500
37800,-250,100,"bu","13:31:19",1642400
37800,-250,100,"bu","13:31:19",1642300
37800,-250,400,"bu","13:31:19",1642200
37800,-250,100,"bu","13:31:17",1641800
37800,-250,100,"bu","13:31:17",1641700
37800,-250,1000,"bu","13:31:17",1641600
37800,-250,500,"bu","13:31:14",1640600
37800,-250,100,"bu","13:31:12",1640100
37800,-250,500,"bu","13:31:12",1640000
37800,-250,200,"bu","13:31:10",1639500
37800,-250,300,"bu","13:31:09",1639300
37800,-250,100,"bu","13:31:09",1639000
37800,-250,500,"bu","13:31:09",1638900
37800,-250,3000,"bu","13:31:07",1638400
37800,-250,1100,"bu","13:31:06",1635400
37800,-250,200,"bu","13:31:04",1634300
37800,-250,100,"bu","13:31:02",1634100
37800,-250,100,"bu","13:31:01",1634000
37800,-250,100,"bu","13:30:59",1633900
37800,-250,500,"bu","13:30:59",1633800
37800,-250,100,"bu","13:30:57",1633300
37800,-250,3000,"bu","13:30:56",1633200
37800,-250,100,"bu","13:30:56",1630200
37800,-250,100,"bu","13:30:53",1630100
37800,-250,5000,"bu","13:30:51",1630000
37800,-250,1000,"bu","13:30:50",1625000
37800,-250,500,"bu","13:30:49",1624000
37800,-250,200,"bu","13:30:48",1623500
37800,-250,100,"bu","13:30:47",1623300
37800,-250,1700,"bu","13:30:46",1623200
37800,-250,300,"bu","13:30:46",1621500
37800,-250,100,"bu","13:30:46",1621200
37800,-250,100,"bu","13:30:43",1621100
37800,-250,200,"bu","13:30:43",1621000
37800,-250,200,"bu","13:30:37",1620800
37800,-250,100,"bu","13:30:33",1620600
37800,-250,1500,"bu","13:30:33",1620500
37800,-250,1400,"bu","13:30:33",1619000
37800,-250,3100,"bu","13:30:33",1617600
37800,-250,100,"bu","13:30:28",1614500
37800,-250,200,"bu","13:30:21",1614400
37800,-250,1600,"bu","13:30:20",1614200
37800,-250,100,"bu","13:30:20",1612600
37800,-250,500,"bu","13:30:17",1612500
37800,-250,100,"bu","13:30:13",1612000
37750,-300,200,"bu","13:30:06",1611900
37750,-300,3900,"bu","13:30:06",1611700
37750,-300,100,"bu","13:30:05",1607800
37750,-300,100,"bu","13:30:05",1607700
37750,-300,200,"bu","13:30:05",1607600
37750,-300,300,"bu","13:30:03",1607400
37750,-300,200,"bu","13:30:03",1607100
37750,-300,600,"bu","13:30:02",1606900
37750,-300,200,"bu","13:30:02",1606300
37750,-300,200,"bu","13:30:02",1606100
37750,-300,4800,"bu","13:30:01",1605900
37750,-300,6000,"bu","13:30:01",1601100
37750,-300,1000,"bu","13:30:01",1595100
37750,-300,1000,"bu","13:30:00",1594100
37750,-300,200,"bu","13:29:58",1593100
37750,-300,200,"bu","13:29:54",1592900
37750,-300,1900,"bu","13:29:51",1592700
37700,-350,3300,"sd","13:29:51",1590800
37700,-350,2000,"sd","13:29:51",1587500
37700,-350,100,"sd","13:29:51",1585500
37700,-350,300,"sd","13:29:51",1585400
37700,-350,300,"sd","13:29:51",1585100
37700,-350,1000,"sd","13:29:51",1584800
37700,-350,100,"sd","13:29:51",1583800
37700,-350,2900,"sd","13:29:51",1583700
37750,-300,200,"bu","13:29:50",1580800
37750,-300,500,"bu","13:29:42",1580600
37750,-300,100,"bu","13:29:42",1580100
37750,-300,900,"bu","13:29:42",1580000
37750,-300,200,"bu","13:29:40",1579100
37750,-300,3200,"bu","13:29:39",1578900
37700,-350,900,"sd","13:29:38",1575700
37750,-300,1100,"bu","13:29:37",1574800
37700,-350,2000,"sd","13:29:36",1573700
37750,-300,500,"bu","13:29:35",1571700
37750,-300,100,"bu","13:29:33",1571200
37700,-350,800,"sd","13:29:20",1571100
37700,-350,800,"sd","13:29:02",1570300
37750,-300,400,"bu","13:28:58",1569500
37700,-350,2600,"bu","13:28:46",1569100
37700,-350,200,"bu","13:28:45",1566500
37650,-400,800,"sd","13:28:43",1566300
37700,-350,300,"bu","13:28:39",1565500
37700,-350,100,"bu","13:28:37",1565200
37700,-350,1000,"bu","13:28:35",1565100
37700,-350,100,"bu","13:28:32",1564100
37700,-350,1200,"bu","13:28:32",1564000
37700,-350,500,"bu","13:28:25",1562800
37700,-350,100,"bu","13:28:25",1562300
37650,-400,100,"sd","13:28:25",1562200
37650,-400,100,"sd","13:28:25",1562100
37650,-400,600,"sd","13:28:25",1562000
37700,-350,3900,"bu","13:28:21",1561400
37700,-350,1100,"bu","13:28:21",1557500
37700,-350,100,"bu","13:28:17",1556400
37700,-350,7000,"bu","13:28:14",1556300
37700,-350,1100,"bu","13:28:10",1549300
37650,-400,400,"sd","13:28:10",1548200
37650,-400,100,"sd","13:28:10",1547800
37650,-400,100,"sd","13:28:07",1547700
37650,-400,500,"sd","13:28:07",1547600
37650,-400,200,"sd","13:28:07",1547100
37700,-350,100,"bu","13:28:06",1546900
37700,-350,200,"bu","13:28:06",1546800
37700,-350,1300,"bu","13:28:00",1546600
37700,-350,2500,"bu","13:27:53",1545300
37700,-350,100,"bu","13:27:52",1542800
37700,-350,100,"bu","13:27:52",1542700
37700,-350,500,"bu","13:27:50",1542600
37700,-350,100,"bu","13:27:50",1542100
37650,-400,100,"sd","13:27:49",1542000
37650,-400,500,"sd","13:27:49",1541900
37650,-400,100,"sd","13:27:49",1541400
37650,-400,200,"sd","13:27:49",1541300
37700,-350,200,"bu","13:27:47",1541100
37700,-350,100,"bu","13:27:44",1540900
37700,-350,500,"sd","13:27:40",1540800
37700,-350,100,"bu","13:27:38",1540300
37700,-350,500,"bu","13:27:33",1540200
37700,-350,200,"sd","13:27:31",1539700
37700,-350,300,"unknown","13:27:29",1539500
37700,-350,200,"unknown","13:27:28",1539200
37700,-350,1000,"bu","13:27:26",1539000
37650,-400,100,"sd","13:27:25",1538000
37700,-350,5000,"bu","13:27:23",1537900
37700,-350,600,"bu","13:27:18",1532900
37700,-350,500,"bu","13:27:18",1532300
37700,-350,2500,"bu","13:27:18",1531800
37700,-350,1000,"bu","13:27:17",1529300
37700,-350,100,"bu","13:27:14",1528300
37650,-400,800,"sd","13:27:13",1528200
37700,-350,1000,"bu","13:27:12",1527400
37700,-350,2900,"bu","13:27:08",1526400
37650,-400,400,"sd","13:27:07",1523500
37650,-400,100,"sd","13:27:07",1523100
37650,-400,600,"sd","13:27:07",1523000
37650,-400,1000,"sd","13:27:07",1522400
37650,-400,100,"sd","13:27:07",1521400
37650,-400,300,"sd","13:27:07",1521300
37650,-400,500,"sd","13:27:07",1521000
37650,-400,500,"sd","13:27:07",1520500
37650,-400,100,"sd","13:27:07",1520000
37650,-400,200,"sd","13:27:07",1519900
37700,-350,700,"bu","13:27:06",1519700
37650,-400,800,"sd","13:26:54",1519000
37650,-400,100,"sd","13:26:54",1518200
37700,-350,2000,"bu","13:26:49",1518100
37700,-350,300,"bu","13:26:37",1516100
37650,-400,100,"sd","13:26:36",1515800
37650,-400,700,"sd","13:26:36",1515700
37700,-350,600,"bu","13:26:34",1515000
37700,-350,1000,"bu","13:26:30",1514400
37700,-350,1500,"bu","13:26:28",1513400
37700,-350,100,"bu","13:26:27",1511900
37700,-350,2000,"bu","13:26:24",1511800
37700,-350,100,"bu","13:26:22",1509800
37700,-350,100,"bu","13:26:19",1509700
37700,-350,500,"bu","13:26:18",1509600
37650,-400,600,"sd","13:26:18",1509100
37650,-400,300,"sd","13:26:18",1508500
37700,-350,200,"bu","13:26:03",1508200
37700,-350,500,"sd","13:26:03",1508000
37700,-350,100,"sd","13:26:03",1507500
37700,-350,100,"sd","13:26:03",1507400
37700,-350,100,"sd","13:26:03",1507300
37700,-350,100,"sd","13:26:03",1507200
37700,-350,100,"sd","13:26:03",1507100
37700,-350,100,"sd","13:26:03",1507000
37700,-350,100,"sd","13:26:03",1506900
37700,-350,100,"sd","13:26:03",1506800
37700,-350,1000,"sd","13:26:03",1506700
37700,-350,1100,"sd","13:26:03",1505700
37700,-350,800,"sd","13:26:00",1504600
37700,-350,800,"sd","13:25:42",1503800
37700,-350,300,"bu","13:25:36",1503000
37700,-350,2000,"bu","13:25:28",1502700
37700,-350,1000,"bu","13:25:25",1500700
37650,-400,100,"sd","13:25:23",1499700
37650,-400,300,"sd","13:25:23",1499600
37650,-400,200,"sd","13:25:23",1499300
37650,-400,100,"sd","13:25:23",1499100
37650,-400,200,"sd","13:25:23",1499000
37700,-350,3000,"bu","13:25:22",1498800
37700,-350,100,"bu","13:25:16",1495800
37700,-350,400,"bu","13:25:16",1495700
37700,-350,400,"bu","13:25:16",1495300
37700,-350,500,"bu","13:25:16",1494900
37700,-350,2300,"bu","13:25:16",1494400
37700,-350,800,"sd","13:25:05",1492100
37700,-350,1000,"bu","13:25:04",1491300
37700,-350,900,"bu","13:25:04",1490300
37700,-350,300,"bu","13:25:02",1489400
37700,-350,1000,"bu","13:25:02",1489100
37700,-350,100,"bu","13:25:02",1488100
37700,-350,2700,"bu","13:24:57",1488000
37700,-350,2300,"bu","13:24:57",1485300
37700,-350,2700,"bu","13:24:56",1483000
37700,-350,300,"bu","13:24:56",1480300
37700,-350,200,"bu","13:24:55",1480000
37650,-400,100,"sd","13:24:47",1479800
37650,-400,700,"sd","13:24:47",1479700
37700,-350,5000,"bu","13:24:46",1479000
37700,-350,100,"bu","13:24:36",1474000
37700,-350,4400,"bu","13:24:35",1473900
37700,-350,600,"bu","13:24:35",1469500
37650,-400,900,"sd","13:24:29",1468900
37650,-400,800,"sd","13:24:11",1468000
37650,-400,800,"sd","13:23:53",1467200
37700,-350,100,"bu","13:23:46",1466400
37700,-350,1000,"bu","13:23:46",1466300
37700,-350,1100,"bu","13:23:45",1465300
37700,-350,500,"sd","13:23:42",1464200
37700,-350,100,"sd","13:23:42",1463700
37700,-350,2000,"sd","13:23:42",1463600
37700,-350,200,"sd","13:23:42",1461600
37700,-350,500,"sd","13:23:42",1461400
37700,-350,200,"sd","13:23:42",1460900
37700,-350,200,"sd","13:23:42",1460700
37700,-350,5000,"sd","13:23:42",1460500
37700,-350,100,"sd","13:23:42",1455500
37700,-350,100,"sd","13:23:42",1455400
37700,-350,500,"sd","13:23:42",1455300
37700,-350,100,"sd","13:23:42",1454800
37700,-350,300,"sd","13:23:42",1454700
37700,-350,7400,"sd","13:23:42",1454400
37700,-350,900,"sd","13:23:34",1447000
37700,-350,500,"sd","13:23:34",1446100
37700,-350,2500,"sd","13:23:19",1445600
37700,-350,800,"sd","13:23:16",1443100
37750,-300,100,"bu","13:23:10",1442300
37700,-350,800,"sd","13:22:58",1442200
37700,-350,900,"sd","13:22:40",1441400
37700,-350,200,"bu","13:22:37",1440500
37700,-350,2000,"bu","13:22:37",1440300
37700,-350,2500,"bu","13:22:37",1438300
37700,-350,5000,"bu","13:22:29",1435800
37700,-350,100,"bu","13:22:24",1430800
37650,-400,800,"sd","13:22:22",1430700
37700,-350,1000,"sd","13:22:20",1429900
37700,-350,100,"sd","13:22:20",1428900
37700,-350,200,"sd","13:22:20",1428800
37700,-350,300,"sd","13:22:20",1428600
37700,-350,200,"sd","13:22:20",1428300
37700,-350,1000,"sd","13:22:20",1428100
37700,-350,2000,"sd","13:22:20",1427100
37700,-350,500,"sd","13:22:20",1425100
37700,-350,1000,"sd","13:22:20",1424600
37700,-350,300,"sd","13:22:20",1423600
37700,-350,100,"sd","13:22:20",1423300
37700,-350,1000,"sd","13:22:20",1423200
37700,-350,100,"sd","13:22:20",1422200
37700,-350,1000,"sd","13:22:20",1422100
37700,-350,2400,"sd","13:22:20",1421100
37700,-350,1200,"sd","13:22:20",1418700
37700,-350,100,"sd","13:22:17",1417500
37700,-350,100,"sd","13:22:05",1417400
37700,-350,800,"sd","13:22:03",1417300
37750,-300,400,"bu","13:21:57",1416500
37750,-300,100,"bu","13:21:53",1416100
37750,-300,1900,"bu","13:21:53",1416000
37700,-350,900,"sd","13:21:45",1414100
37700,-350,900,"sd","13:21:45",1413200
37700,-350,800,"sd","13:21:27",1412300
37700,-350,200,"sd","13:21:16",1411500
37750,-300,200,"bu","13:21:13",1411300
37700,-350,800,"sd","13:21:09",1411100
37700,-350,7200,"bu","13:20:57",1410300
37650,-400,900,"sd","13:20:51",1403100
37700,-350,2800,"bu","13:20:49",1402200
37700,-350,200,"bu","13:20:49",1399400
37700,-350,100,"bu","13:20:48",1399200
37700,-350,100,"bu","13:20:39",1399100
37700,-350,100,"bu","13:20:39",1399000
37700,-350,200,"bu","13:20:39",1398900
37700,-350,100,"bu","13:20:35",1398700
37700,-350,500,"sd","13:20:33",1398600
37700,-350,600,"bu","13:20:29",1398100
37700,-350,100,"bu","13:20:26",1397500
37700,-350,300,"sd","13:20:25",1397400
37700,-350,1700,"sd","13:20:25",1397100
37700,-350,300,"bu","13:20:21",1395400
37700,-350,300,"bu","13:20:18",1395100
37700,-350,200,"bu","13:20:14",1394800
37700,-350,300,"sd","13:20:11",1394600
37700,-350,100,"bu","13:20:07",1394300
37700,-350,1600,"bu","13:20:05",1394200
37700,-350,300,"bu","13:20:05",1392600
37700,-350,3100,"bu","13:20:05",1392300
37700,-350,100,"bu","13:20:04",1389200
37700,-350,1000,"bu","13:20:02",1389100
37700,-350,100,"bu","13:20:00",1388100
37650,-400,300,"sd","13:20:00",1388000
37650,-400,900,"sd","13:19:56",1387700
37700,-350,5000,"bu","13:19:48",1386800
37700,-350,100,"bu","13:19:40",1381800
37650,-400,800,"sd","13:19:38",1381700
37700,-350,1000,"bu","13:19:34",1380900
37700,-350,100,"bu","13:19:22",1379900
37650,-400,900,"sd","13:19:20",1379800
37650,-400,600,"sd","13:19:14",1378900
37650,-400,500,"sd","13:19:13",1378300
37700,-350,100,"bu","13:19:06",1377800
37700,-350,3500,"bu","13:19:04",1377700
37650,-400,800,"sd","13:19:02",1374200
37700,-350,200,"bu","13:18:46",1373400
37700,-350,4800,"bu","13:18:46",1373200
37700,-350,200,"bu","13:18:43",1368400
37650,-400,800,"sd","13:18:43",1368200
37650,-400,900,"sd","13:18:25",1367400
37700,-350,4000,"sd","13:18:22",1366500
37700,-350,100,"bu","13:18:19",1362500
37700,-350,900,"bu","13:18:19",1362400
37700,-350,100,"bu","13:18:15",1361500
37700,-350,100,"sd","13:18:10",1361400
37700,-350,900,"sd","13:18:10",1361300
37700,-350,800,"sd","13:18:07",1360400
37650,-400,600,"sd","13:17:49",1359600
37700,-350,1800,"bu","13:17:49",1359000
37650,-400,200,"sd","13:17:49",1357200
37700,-350,700,"bu","13:17:49",1357000
37700,-350,800,"bu","13:17:49",1356300
37700,-350,1500,"bu","13:17:41",1355500
37700,-350,100,"sd","13:17:41",1354000
37700,-350,3500,"sd","13:17:39",1353900
37700,-350,1000,"sd","13:17:39",1350400
37700,-350,500,"sd","13:17:39",1349400
37700,-350,300,"sd","13:17:31",1348900
37700,-350,600,"sd","13:17:31",1348600
37700,-350,400,"bu","13:17:21",1348000
37700,-350,400,"bu","13:17:14",1347600
37650,-400,800,"sd","13:17:13",1347200
37700,-350,5000,"bu","13:17:06",1346400
37650,-400,200,"sd","13:16:54",1341400
37650,-400,200,"sd","13:16:54",1341200
37650,-400,100,"sd","13:16:54",1341000
37650,-400,100,"sd","13:16:54",1340900
37650,-400,200,"sd","13:16:54",1340800
37700,-350,500,"bu","13:16:53",1340600
37700,-350,300,"bu","13:16:43",1340100
37650,-400,200,"sd","13:16:36",1339800
37650,-400,700,"sd","13:16:36",1339600
37700,-350,500,"bu","13:16:32",1338900
37700,-350,100,"sd","13:16:29",1338400
37700,-350,2000,"sd","13:16:29",1338300
37700,-350,100,"sd","13:16:29",1336300
37700,-350,700,"sd","13:16:29",1336200
37700,-350,400,"sd","13:16:22",1335500
37700,-350,800,"sd","13:16:18",1335100
37750,-300,500,"bu","13:16:14",1334300
37700,-350,1000,"sd","13:16:13",1333800
37700,-350,800,"sd","13:16:13",1332800
37700,-350,300,"bu","13:16:08",1332000
37700,-350,200,"bu","13:16:01",1331700
37700,-350,100,"bu","13:16:00",1331500
37700,-350,100,"bu","13:16:00",1331400
37700,-350,100,"bu","13:16:00",1331300
37700,-350,500,"bu","13:15:46",1331200
37650,-400,300,"sd","13:15:42",1330700
37650,-400,200,"sd","13:15:42",1330400
37650,-400,100,"sd","13:15:42",1330200
37650,-400,300,"sd","13:15:42",1330100
37650,-400,700,"sd","13:15:23",1329800
37650,-400,100,"sd","13:15:23",1329100
37700,-350,100,"unknown","13:15:20",1329000
37700,-350,100,"bu","13:15:06",1328900
37700,-350,200,"sd","13:15:05",1328800
37700,-350,300,"sd","13:15:05",1328600
37700,-350,100,"sd","13:15:05",1328300
37700,-350,900,"sd","13:14:47",1328200
37700,-350,600,"sd","13:14:43",1327300
37700,-350,400,"sd","13:14:37",1326700
37700,-350,300,"sd","13:14:37",1326300
37700,-350,100,"sd","13:14:37",1326000
37700,-350,400,"sd","13:14:37",1325900
37700,-350,100,"sd","13:14:37",1325500
37700,-350,3700,"sd","13:14:37",1325400
37750,-300,100,"bu","13:14:33",1321700
37700,-350,800,"sd","13:14:29",1321600
37700,-350,500,"sd","13:14:11",1320800
37700,-350,100,"sd","13:14:11",1320300
37700,-350,200,"sd","13:14:11",1320200
37700,-350,300,"sd","13:14:01",1320000
37700,-350,100,"sd","13:14:01",1319700
37700,-350,800,"sd","13:14:01",1319600
37700,-350,900,"sd","13:13:53",1318800
37700,-350,600,"sd","13:13:34",1317900
37700,-350,500,"sd","13:13:34",1317300
37700,-350,200,"sd","13:13:34",1316800
37700,-350,8600,"sd","13:13:34",1316600
37700,-350,100,"sd","13:13:34",1308000
37700,-350,800,"sd","13:13:34",1307900
37700,-350,600,"sd","13:13:31",1307100
37700,-350,100,"sd","13:13:31",1306500
37700,-350,1000,"sd","13:13:31",1306400
37700,-350,300,"sd","13:13:31",1305400
37700,-350,800,"sd","13:13:16",1305100
37700,-350,1200,"sd","13:13:00",1304300
37700,-350,200,"sd","13:13:00",1303100
37700,-350,100,"sd","13:13:00",1302900
37700,-350,100,"sd","13:13:00",1302800
37700,-350,200,"sd","13:13:00",1302700
37700,-350,100,"sd","13:13:00",1302500
37700,-350,1000,"sd","13:13:00",1302400
37700,-350,200,"sd","13:13:00",1301400
37700,-350,100,"sd","13:13:00",1301200
37700,-350,200,"sd","13:13:00",1301100
37700,-350,100,"sd","13:13:00",1300900
37700,-350,100,"sd","13:13:00",1300800
37700,-350,1000,"sd","13:13:00",1300700
37700,-350,500,"sd","13:13:00",1299700
37700,-350,400,"sd","13:13:00",1299200
37700,-350,100,"sd","13:13:00",1298800
37700,-350,500,"sd","13:13:00",1298700
37700,-350,500,"sd","13:13:00",1298200
37700,-350,100,"sd","13:13:00",1297700
37700,-350,1900,"sd","13:13:00",1297600
37700,-350,100,"sd","13:13:00",1295700
37700,-350,100,"sd","13:13:00",1295600
37700,-350,500,"sd","13:13:00",1295500
37700,-350,100,"sd","13:13:00",1295000
37700,-350,10500,"sd","13:13:00",1294900
37700,-350,100,"sd","13:13:00",1284400
37700,-350,900,"sd","13:12:58",1284300
37700,-350,500,"sd","13:12:58",1283400
37750,-300,2300,"bu","13:12:58",1282900
37750,-300,2700,"bu","13:12:58",1280600
37700,-350,100,"sd","13:12:49",1277900
37700,-350,800,"sd","13:12:40",1277800
37750,-300,100,"bu","13:12:39",1277000
37700,-350,900,"sd","13:12:22",1276900
37750,-300,1000,"bu","13:12:14",1276000
37700,-350,800,"sd","13:12:03",1275000
37750,-300,1000,"bu","13:12:02",1274200
37700,-350,800,"sd","13:11:45",1273200
37700,-350,900,"sd","13:11:27",1272400
37750,-300,100,"bu","13:11:24",1271500
37700,-350,800,"sd","13:11:09",1271400
37700,-350,500,"sd","13:11:02",1270600
37700,-350,300,"sd","13:11:02",1270100
37700,-350,900,"sd","13:11:01",1269800
37700,-350,500,"sd","13:10:52",1268900
37700,-350,200,"sd","13:10:52",1268400
37700,-350,300,"sd","13:10:52",1268200
37700,-350,200,"sd","13:10:51",1267900
37700,-350,100,"sd","13:10:51",1267700
37700,-350,500,"sd","13:10:51",1267600
37700,-350,900,"sd","13:10:33",1267100
37700,-350,800,"sd","13:10:14",1266200
37700,-350,2800,"sd","13:10:04",1265400
37700,-350,100,"sd","13:10:04",1262600
37700,-350,300,"sd","13:10:04",1262500
37700,-350,300,"sd","13:10:04",1262200
37700,-350,100,"sd","13:10:04",1261900
37700,-350,200,"sd","13:10:04",1261800
37700,-350,100,"sd","13:10:04",1261600
37700,-350,300,"sd","13:10:04",1261500
37700,-350,600,"sd","13:10:04",1261200
37700,-350,100,"sd","13:10:04",1260600
37700,-350,300,"sd","13:10:04",1260500
37700,-350,1000,"sd","13:10:04",1260200
37700,-350,100,"sd","13:10:04",1259200
37700,-350,500,"sd","13:10:04",1259100
37700,-350,200,"sd","13:10:04",1258600
37750,-300,100,"bu","13:10:02",1258400
37750,-300,3000,"bu","13:10:02",1258300
37750,-300,6900,"bu","13:10:02",1255300
37750,-300,100,"bu","13:10:00",1248400
37700,-350,800,"sd","13:09:56",1248300
37750,-300,100,"bu","13:09:53",1247500
37750,-300,100,"bu","13:09:46",1247400
37700,-350,900,"sd","13:09:38",1247300
37750,-300,100,"bu","13:09:33",1246400
37750,-300,200,"bu","13:09:31",1246300
37750,-300,100,"bu","13:09:31",1246100
37750,-300,100,"bu","13:09:27",1246000
37700,-350,100,"sd","13:09:20",1245900
37700,-350,200,"sd","13:09:20",1245800
37700,-350,500,"sd","13:09:20",1245600
37700,-350,200,"sd","13:09:02",1245100
37700,-350,100,"sd","13:09:02",1244900
37700,-350,500,"sd","13:09:02",1244800
37700,-350,100,"sd","13:09:00",1244300
37750,-300,100,"bu","13:08:43",1244200
37700,-350,100,"sd","13:08:43",1244100
37700,-350,100,"sd","13:08:43",1244000
37700,-350,700,"sd","13:08:43",1243900
37750,-300,100,"bu","13:08:39",1243200
37750,-300,200,"bu","13:08:39",1243100
37750,-300,100,"sd","13:08:25",1242900
37750,-300,200,"sd","13:08:25",1242800
37750,-300,400,"sd","13:08:18",1242600
37750,-300,200,"sd","13:08:18",1242200
37750,-300,400,"sd","13:08:18",1242000
37750,-300,200,"sd","13:08:18",1241600
37750,-300,300,"sd","13:08:07",1241400
37750,-300,500,"sd","13:08:07",1241100
37750,-300,1500,"sd","13:07:52",1240600
37750,-300,1000,"sd","13:07:52",1239100
37750,-300,500,"sd","13:07:52",1238100
37750,-300,800,"sd","13:07:51",1237600
37750,-300,200,"sd","13:07:51",1236800
37750,-300,100,"sd","13:07:51",1236600
37750,-300,1500,"sd","13:07:51",1236500
37750,-300,300,"sd","13:07:51",1235000
37750,-300,200,"sd","13:07:51",1234700
37750,-300,11700,"sd","13:07:51",1234500
37750,-300,900,"sd","13:07:49",1222800
37750,-300,500,"sd","13:07:40",1221900
37750,-300,800,"sd","13:07:31",1221400
37750,-300,800,"sd","13:07:13",1220600
37750,-300,500,"sd","13:07:10",1219800
37750,-300,900,"sd","13:06:54",1219300
37750,-300,3000,"sd","13:06:53",1218400
37800,-250,100,"bu","13:06:49",1215400
37800,-250,300,"bu","13:06:49",1215300
37800,-250,100,"bu","13:06:49",1215000
37750,-300,400,"sd","13:06:37",1214900
37750,-300,500,"sd","13:06:36",1214500
37750,-300,300,"sd","13:06:36",1214000
37750,-300,200,"sd","13:06:32",1213700
37750,-300,100,"sd","13:06:32",1213500
37800,-250,100,"bu","13:06:30",1213400
37750,-300,100,"sd","13:06:19",1213300
37750,-300,500,"sd","13:06:19",1213200
37750,-300,800,"sd","13:06:18",1212700
37750,-300,700,"sd","13:06:00",1211900
37750,-300,100,"sd","13:06:00",1211200
37750,-300,100,"sd","13:06:00",1211100
37750,-300,100,"sd","13:05:42",1211000
37750,-300,300,"sd","13:05:42",1210900
37750,-300,500,"sd","13:05:42",1210600
37800,-250,1000,"bu","13:05:38",1210100
37800,-250,1000,"bu","13:05:34",1209100
37750,-300,300,"sd","13:05:25",1208100
37750,-300,900,"sd","13:05:23",1207800
37750,-300,300,"sd","13:05:13",1206900
37750,-300,200,"sd","13:05:13",1206600
37750,-300,300,"sd","13:05:05",1206400
37750,-300,500,"sd","13:05:05",1206100
37800,-250,100,"bu","13:04:59",1205600
37750,-300,500,"sd","13:04:52",1205500
37750,-300,500,"sd","13:04:52",1205000
37750,-300,500,"sd","13:04:47",1204500
37750,-300,300,"sd","13:04:47",1204000
37750,-300,200,"sd","13:04:29",1203700
37750,-300,700,"sd","13:04:29",1203500
37800,-250,100,"bu","13:04:21",1202800
37750,-300,800,"sd","13:04:11",1202700
37750,-300,500,"sd","13:04:03",1201900
37750,-300,800,"sd","13:03:53",1201400
37750,-300,1200,"bu","13:03:43",1200600
37750,-300,200,"bu","13:03:42",1199400
37750,-300,5000,"bu","13:03:39",1199200
37750,-300,1800,"bu","13:03:39",1194200
37700,-350,900,"sd","13:03:34",1192400
37750,-300,400,"bu","13:03:31",1191500
37750,-300,5000,"bu","13:03:31",1191100
37750,-300,200,"bu","13:03:16",1186100
37700,-350,800,"sd","13:03:16",1185900
37750,-300,300,"bu","13:03:04",1185100
37700,-350,1000,"sd","13:03:00",1184800
37700,-350,800,"sd","13:02:58",1183800
37750,-300,100,"bu","13:02:49",1183000
37700,-350,800,"sd","13:02:40",1182900
37700,-350,100,"sd","13:02:40",1182100
37750,-300,100,"bu","13:02:32",1182000
37700,-350,100,"sd","13:02:26",1181900
37700,-350,200,"sd","13:02:22",1181800
37700,-350,200,"sd","13:02:22",1181600
37700,-350,100,"sd","13:02:22",1181400
37700,-350,100,"sd","13:02:22",1181300
37700,-350,100,"sd","13:02:22",1181200
37700,-350,200,"sd","13:02:22",1181100
37750,-300,100,"bu","13:02:15",1180900
37750,-300,300,"bu","13:02:14",1180800
37750,-300,100,"bu","13:02:12",1180500
37700,-350,100,"sd","13:02:10",1180400
37700,-350,700,"sd","13:02:08",1180300
37700,-350,100,"sd","13:02:08",1179600
37700,-350,100,"sd","13:02:08",1179500
37700,-350,100,"sd","13:02:08",1179400
37700,-350,1000,"sd","13:02:03",1179300
37700,-350,500,"sd","13:02:00",1178300
37700,-350,1000,"sd","13:02:00",1177800
37700,-350,100,"sd","13:02:00",1176800
37700,-350,100,"sd","13:02:00",1176700
37700,-350,100,"sd","13:02:00",1176600
37700,-350,300,"sd","13:02:00",1176500
37700,-350,200,"sd","13:01:45",1176200
37700,-350,100,"sd","13:01:45",1176000
37700,-350,300,"sd","13:01:45",1175900
37700,-350,200,"sd","13:01:45",1175600
37700,-350,100,"sd","13:01:45",1175400
37700,-350,100,"sd","13:01:45",1175300
37750,-300,100,"bu","13:01:37",1175200
37750,-300,100,"bu","13:01:34",1175100
37700,-350,1000,"sd","13:01:27",1175000
37750,-300,100,"sd","13:01:17",1174000
37750,-300,1200,"sd","13:01:17",1173900
37750,-300,200,"sd","13:01:17",1172700
37750,-300,200,"sd","13:01:17",1172500
37750,-300,1000,"sd","13:01:09",1172300
37800,-250,300,"bu","13:01:04",1171300
37800,-250,200,"bu","13:01:04",1171000
37800,-250,200,"bu","13:00:56",1170800
37750,-300,1000,"sd","13:00:51",1170600
37800,-250,300,"bu","13:00:41",1169600
37700,-350,400,"sd","13:00:37",1169300
37750,-300,800,"unknown","13:00:37",1168900
37750,-300,200,"unknown","13:00:37",1168100
37750,-300,900,"unknown","13:00:37",1167900
37750,-300,16000,"unknown","13:00:37",1167000
37750,-300,100,"unknown","13:00:37",1151000
37750,-300,1000,"unknown","13:00:36",1150900
37750,-300,100,"unknown","13:00:36",1149900
37750,-300,600,"bu","13:00:36",1149800
37750,-300,1200,"bu","13:00:36",1149200
37750,-300,400,"bu","13:00:36",1148000
37750,-300,1300,"bu","13:00:36",1147600
37800,-250,300,"bu","13:00:35",1146300
37700,-350,200,"sd","13:00:35",1146000
37700,-350,1000,"sd","13:00:34",1145800
37800,-250,1800,"bu","13:00:31",1144800
37800,-250,200,"bu","13:00:31",1143000
37800,-250,700,"bu","13:00:28",1142800
37800,-250,100,"bu","13:00:27",1142100
37800,-250,1100,"bu","13:00:26",1142000
37800,-250,100,"bu","13:00:20",1140900
37750,-300,100,"sd","13:00:20",1140800
37800,-250,100,"bu","13:00:18",1140700
37800,-250,800,"bu","13:00:17",1140600
37750,-300,200,"sd","13:00:16",1139800
37750,-300,100,"sd","13:00:14",1139600
37800,-250,200,"bu","13:00:12",1139500
37750,-300,1000,"sd","13:00:11",1139300
37800,-250,300,"bu","13:00:09",1138300
37800,-250,300,"bu","13:00:06",1138000
37750,-300,100,"sd","13:00:05",1137700
37750,-300,400,"sd","13:00:04",1137600
37750,-300,500,"sd","13:00:04",1137200
37750,-300,700,"sd","13:00:04",1136700
37800,-250,100,"bu","13:00:02",1136000
37750,-300,1000,"sd","13:00:02",1135900
37800,-250,500,"bu","13:00:02",1134900
37800,-250,100,"bu","13:00:01",1134400
37750,-300,2200,"sd","13:00:01",1134300
37800,-250,500,"bu","13:00:01",1132100
37750,-300,100,"sd","13:00:01",1131600
37800,-250,100,"bu","11:29:25",1131500
37800,-250,5000,"bu","11:29:25",1131400
37800,-250,5000,"bu","11:29:17",1126400
37800,-250,500,"bu","11:28:46",1121400
37750,-300,100,"sd","11:28:31",1120900
37750,-300,100,"sd","11:28:31",1120800
37750,-300,100,"sd","11:28:31",1120700
37750,-300,500,"sd","11:28:31",1120600
37750,-300,500,"sd","11:27:59",1120100
37750,-300,200,"bu","11:27:41",1119600
37750,-300,1900,"bu","11:27:39",1119400
37700,-350,1600,"sd","11:27:38",1117500
37750,-300,500,"bu","11:27:26",1115900
37750,-300,100,"bu","11:27:26",1115400
37750,-300,200,"bu","11:27:22",1115300
37750,-300,500,"sd","11:27:21",1115100
37750,-300,200,"sd","11:27:21",1114600
37750,-300,800,"bu","11:27:18",1114400
37750,-300,100,"bu","11:27:12",1113600
37750,-300,500,"bu","11:27:12",1113500
37750,-300,100,"sd","11:27:05",1113000
37750,-300,700,"bu","11:27:00",1112900
37700,-350,1600,"sd","11:26:48",1112200
37750,-300,100,"sd","11:26:43",1110600
37750,-300,500,"sd","11:26:43",1110500
37750,-300,200,"sd","11:26:43",1110000
37750,-300,1000,"sd","11:26:43",1109800
37750,-300,2000,"sd","11:26:43",1108800
37750,-300,100,"sd","11:26:42",1106800
37750,-300,100,"sd","11:26:42",1106700
37750,-300,100,"sd","11:26:42",1106600
37750,-300,100,"sd","11:26:42",1106500
37750,-300,500,"sd","11:26:42",1106400
37750,-300,15500,"sd","11:26:42",1105900
37750,-300,200,"sd","11:26:42",1090400
37750,-300,100,"sd","11:26:42",1090200
37750,-300,500,"sd","11:26:42",1090100
37750,-300,1000,"sd","11:26:42",1089600
37750,-300,1000,"sd","11:26:42",1088600
37750,-300,200,"sd","11:26:42",1087600
37750,-300,200,"sd","11:26:42",1087400
37750,-300,100,"sd","11:26:42",1087200
37750,-300,500,"sd","11:26:42",1087100
37750,-300,200,"sd","11:26:42",1086600
37750,-300,5100,"sd","11:26:42",1086400
37750,-300,1500,"sd","11:26:31",1081300
37750,-300,1600,"sd","11:26:15",1079800
37750,-300,1600,"sd","11:25:58",1078200
37750,-300,200,"sd","11:25:41",1076600
37750,-300,100,"sd","11:25:41",1076400
37750,-300,300,"sd","11:25:41",1076300
37750,-300,200,"sd","11:25:41",1076000
37800,-250,1000,"bu","11:25:30",1075800
37750,-300,900,"sd","11:25:24",1074800
37800,-250,100,"bu","11:25:14",1073900
37750,-300,400,"sd","11:25:08",1073800
37750,-300,400,"sd","11:25:08",1073400
37750,-300,900,"sd","11:24:51",1073000
37800,-250,100,"bu","11:24:44",1072100
37800,-250,1000,"bu","11:24:44",1072000
37800,-250,200,"bu","11:24:44",1071000
37800,-250,100,"sd","11:24:34",1070800
37800,-250,100,"sd","11:24:34",1070700
37800,-250,600,"sd","11:24:34",1070600
37800,-250,400,"sd","11:24:18",1070000
37800,-250,200,"sd","11:24:18",1069600
37800,-250,200,"sd","11:24:18",1069400
37800,-250,800,"sd","11:24:01",1069200
37800,-250,100,"sd","11:24:01",1068400
37850,-200,100,"bu","11:23:45",1068300
37800,-250,200,"sd","11:23:44",1068200
37800,-250,100,"sd","11:23:44",1068000
37800,-250,500,"sd","11:23:44",1067900
37800,-250,900,"sd","11:23:28",1067400
37850,-200,100,"bu","11:23:23",1066500
37800,-250,400,"sd","11:23:11",1066400
37800,-250,400,"sd","11:23:11",1066000
37800,-250,900,"sd","11:22:54",1065600
37800,-250,500,"sd","11:22:38",1064700
37800,-250,200,"sd","11:22:37",1064200
37800,-250,200,"sd","11:22:37",1064000
37800,-250,400,"sd","11:22:37",1063800
37800,-250,900,"sd","11:22:21",1063400
37800,-250,500,"sd","11:22:04",1062500
37800,-250,300,"sd","11:22:04",1062000
37850,-200,2100,"bu","11:21:59",1061700
37850,-200,4900,"bu","11:21:59",1059600
37850,-200,100,"bu","11:21:53",1054700
37850,-200,200,"bu","11:21:53",1054600
37800,-250,2500,"sd","11:21:50",1054400
37800,-250,900,"sd","11:21:47",1051900
37800,-250,800,"sd","11:21:31",1051000
37800,-250,500,"sd","11:21:25",1050200
37800,-250,100,"bu","11:21:21",1049700
37800,-250,300,"sd","11:21:14",1049600
37800,-250,200,"bu","11:21:08",1049300
37800,-250,200,"sd","11:20:57",1049100
37800,-250,200,"sd","11:20:57",1048900
37800,-250,200,"sd","11:20:57",1048700
37800,-250,200,"sd","11:20:55",1048500
37800,-250,500,"sd","11:20:47",1048300
37800,-250,900,"sd","11:20:41",1047800
37800,-250,200,"bu","11:20:37",1046900
37750,-300,800,"sd","11:20:24",1046700
37800,-250,200,"bu","11:20:22",1045900
37800,-250,500,"bu","11:20:19",1045700
37750,-300,400,"sd","11:20:11",1045200
37750,-300,100,"sd","11:20:11",1044800
37750,-300,900,"sd","11:20:07",1044700
37750,-300,800,"sd","11:19:50",1043800
37750,-300,200,"sd","11:19:34",1043000
37750,-300,100,"sd","11:19:34",1042800
37750,-300,200,"sd","11:19:34",1042700
37750,-300,200,"sd","11:19:34",1042500
37750,-300,200,"sd","11:19:34",1042300
37750,-300,800,"sd","11:19:18",1042100
37750,-300,300,"sd","11:19:00",1041300
37750,-300,300,"sd","11:19:00",1041000
37750,-300,100,"sd","11:19:00",1040700
37750,-300,100,"sd","11:19:00",1040600
37750,-300,100,"sd","11:19:00",1040500
37750,-300,400,"sd","11:18:44",1040400
37750,-300,400,"sd","11:18:44",1040000
37800,-250,200,"sd","11:18:27",1039600
37800,-250,100,"bu","11:18:23",1039400
37800,-250,100,"bu","11:18:23",1039300
37800,-250,500,"bu","11:18:23",1039200
37800,-250,1000,"bu","11:18:23",1038700
37800,-250,5000,"bu","11:18:23",1037700
37800,-250,3100,"bu","11:18:23",1032700
37800,-250,1000,"bu","11:18:14",1029600
37750,-300,600,"sd","11:18:10",1028600
37750,-300,100,"sd","11:18:10",1028000
37750,-300,100,"sd","11:18:10",1027900
37750,-300,900,"sd","11:17:54",1027800
37750,-300,500,"sd","11:17:43",1026900
37750,-300,100,"sd","11:17:38",1026400
37750,-300,200,"sd","11:17:38",1026300
37800,-250,1000,"bu","11:17:31",1026100
37750,-300,300,"bu","11:17:25",1025100
37700,-350,800,"sd","11:17:20",1024800
37750,-300,200,"bu","11:17:07",1024000
37750,-300,200,"sd","11:17:04",1023800
37750,-300,100,"sd","11:17:04",1023600
37750,-300,100,"sd","11:17:04",1023500
37750,-300,100,"sd","11:16:47",1023400
37750,-300,500,"sd","11:16:47",1023300
37750,-300,200,"sd","11:16:47",1022800
37750,-300,300,"sd","11:16:30",1022600
37750,-300,600,"sd","11:16:30",1022300
37750,-300,800,"sd","11:16:13",1021700
37750,-300,900,"sd","11:15:57",1020900
37750,-300,1000,"sd","11:15:54",1020000
37750,-300,800,"sd","11:15:40",1019000
37750,-300,900,"sd","11:15:23",1018200
37750,-300,100,"sd","11:15:08",1017300
37750,-300,700,"sd","11:15:08",1017200
37750,-300,800,"sd","11:14:50",1016500
37750,-300,100,"sd","11:14:50",1015700
37750,-300,200,"sd","11:14:33",1015600
37750,-300,600,"sd","11:14:33",1015400
37750,-300,900,"sd","11:14:17",1014800
37800,-250,100,"bu","11:14:02",1013900
37750,-300,800,"sd","11:14:00",1013800
37750,-300,700,"sd","11:13:43",1013000
37750,-300,100,"sd","11:13:43",1012300
37750,-300,100,"sd","11:13:43",1012200
37750,-300,800,"sd","11:13:26",1012100
37750,-300,200,"sd","11:13:10",1011300
37750,-300,700,"sd","11:13:10",1011100
37750,-300,800,"sd","11:12:53",1010400
37750,-300,500,"bu","11:12:37",1009600
37700,-350,900,"sd","11:12:36",1009100
37750,-300,300,"sd","11:12:20",1008200
37800,-250,600,"bu","11:12:15",1007900
37750,-300,200,"bu","11:12:09",1007300
37750,-300,400,"bu","11:12:07",1007100
37750,-300,300,"sd","11:12:03",1006700
37750,-300,700,"sd","11:11:53",1006400
37700,-350,800,"sd","11:11:46",1005700
37750,-300,100,"bu","11:11:35",1004900
37750,-300,100,"sd","11:11:30",1004800
37750,-300,800,"sd","11:11:14",1004700
37750,-300,100,"sd","11:11:02",1003900
37700,-350,800,"sd","11:10:56",1003800
37750,-300,100,"bu","11:10:40",1003000
37700,-350,900,"sd","11:10:39",1002900
37700,-350,800,"sd","11:10:23",1002000
37750,-300,100,"bu","11:10:16",1001200
37750,-300,500,"sd","11:10:07",1001100
37750,-300,200,"sd","11:10:07",1000600
37750,-300,800,"sd","11:09:49",1000400
37800,-250,1000,"bu","11:09:46",999600
37750,-300,1000,"sd","11:09:44",998600
37750,-300,200,"sd","11:09:44",997600
37750,-300,100,"sd","11:09:44",997400
37750,-300,1200,"sd","11:09:44",997300
37750,-300,5200,"sd","11:09:44",996100
37750,-300,100,"sd","11:09:44",990900
37750,-300,2200,"sd","11:09:44",990800
37750,-300,1100,"sd","11:09:36",988600
37750,-300,900,"sd","11:09:33",987500
37750,-300,800,"sd","11:09:17",986600
37750,-300,100,"sd","11:09:01",985800
37750,-300,900,"sd","11:09:00",985700
37750,-300,200,"sd","11:08:43",984800
37750,-300,100,"sd","11:08:43",984600
37750,-300,500,"sd","11:08:43",984500
37750,-300,1000,"sd","11:08:30",984000
37750,-300,100,"sd","11:08:26",983000
37750,-300,800,"sd","11:08:26",982900
37750,-300,800,"sd","11:08:09",982100
37800,-250,3000,"bu","11:08:08",981300
37750,-300,900,"sd","11:07:53",978300
37750,-300,100,"sd","11:07:52",977400
37800,-250,100,"bu","11:07:47",977300
37750,-300,800,"sd","11:07:37",977200
37750,-300,900,"sd","11:07:20",976400
37750,-300,500,"sd","11:07:02",975500
37750,-300,300,"sd","11:07:02",975000
37750,-300,200,"sd","11:06:47",974700
37750,-300,200,"sd","11:06:47",974500
37750,-300,500,"sd","11:06:47",974300
37800,-250,100,"bu","11:06:45",973800
37800,-250,200,"bu","11:06:45",973700
37750,-300,500,"sd","11:06:29",973500
37750,-300,100,"sd","11:06:29",973000
37750,-300,200,"sd","11:06:29",972900
37750,-300,100,"sd","11:06:12",972700
37750,-300,300,"sd","11:06:12",972600
37750,-300,400,"sd","11:06:12",972300
37750,-300,100,"sd","11:06:12",971900
37750,-300,1100,"sd","11:06:02",971800
37750,-300,800,"sd","11:05:56",970700
37750,-300,900,"sd","11:05:39",969900
37800,-250,100,"sd","11:05:22",969000
37800,-250,500,"sd","11:05:22",968900
37800,-250,100,"sd","11:05:21",968400
37800,-250,2000,"sd","11:05:06",968300
37800,-250,100,"sd","11:05:06",966300
37800,-250,200,"sd","11:05:06",966200
37800,-250,100,"sd","11:05:06",966000
37800,-250,3000,"sd","11:05:06",965900
37800,-250,100,"sd","11:05:06",962900
37800,-250,5000,"sd","11:05:06",962800
37800,-250,200,"sd","11:05:06",957800
37800,-250,100,"sd","11:05:06",957600
37800,-250,200,"sd","11:05:06",957500
37800,-250,1600,"sd","11:05:06",957300
37800,-250,2000,"sd","11:05:06",955700
37800,-250,200,"sd","11:05:06",953700
37800,-250,500,"sd","11:05:06",953500
37800,-250,100,"sd","11:05:06",953000
37800,-250,900,"sd","11:05:06",952900
37800,-250,200,"sd","11:05:06",952000
37800,-250,200,"sd","11:05:06",951800
37800,-250,300,"sd","11:05:06",951600
37850,-200,200,"bu","11:05:03",951300
37800,-250,800,"sd","11:04:49",951100
37800,-250,900,"sd","11:04:32",950300
37800,-250,100,"sd","11:04:20",949400
37800,-250,800,"sd","11:04:15",949300
37800,-250,800,"sd","11:03:59",948500
37850,-200,500,"sd","11:03:43",947700
37850,-200,100,"sd","11:03:43",947200
37850,-200,100,"sd","11:03:43",947100
37850,-200,500,"sd","11:03:43",947000
37850,-200,100,"sd","11:03:43",946500
37850,-200,100,"sd","11:03:43",946400
37850,-200,100,"sd","11:03:43",946300
37850,-200,200,"sd","11:03:43",946200
37850,-200,100,"sd","11:03:43",946000
37850,-200,900,"sd","11:03:42",945900
37850,-200,800,"sd","11:03:25",945000
37850,-200,2000,"sd","11:03:15",944200
37850,-200,500,"sd","11:03:13",942200
37850,-200,700,"sd","11:03:09",941700
37850,-200,200,"sd","11:03:09",941000
37850,-200,300,"sd","11:02:52",940800
37850,-200,100,"sd","11:02:52",940500
37850,-200,400,"sd","11:02:52",940400
37850,-200,300,"sd","11:02:35",940000
37850,-200,500,"sd","11:02:35",939700
37850,-200,100,"sd","11:02:35",939200
37850,-200,300,"sd","11:02:22",939100
37850,-200,700,"sd","11:02:19",938800
37850,-200,100,"sd","11:02:19",938100
37850,-200,900,"sd","11:02:02",938000
37850,-200,800,"sd","11:01:45",937100
37900,-150,200,"sd","11:01:44",936300
37900,-150,500,"sd","11:01:44",936100
37900,-150,100,"sd","11:01:44",935600
37900,-150,300,"sd","11:01:44",935500
37900,-150,1100,"sd","11:01:44",935200
37900,-150,300,"sd","11:01:39",934100
37900,-150,5000,"sd","11:01:35",933800
37900,-150,900,"sd","11:01:28",928800
37900,-150,5000,"sd","11:01:26",927900
37900,-150,1100,"sd","11:01:18",922900
37900,-150,800,"sd","11:01:12",921800
37950,-100,500,"bu","11:01:09",921000
37950,-100,200,"bu","11:01:07",920500
37900,-150,5000,"sd","11:01:06",920300
37900,-150,800,"sd","11:00:55",915300
37900,-150,100,"sd","11:00:55",914500
37950,-100,600,"bu","11:00:46",914400
37900,-150,900,"sd","11:00:38",913800
37900,-150,100,"sd","11:00:22",912900
37900,-150,100,"sd","11:00:22",912800
37900,-150,200,"sd","11:00:22",912700
37900,-150,500,"sd","11:00:22",912500
37950,-100,2700,"bu","11:00:22",912000
37950,-100,300,"bu","11:00:22",909300
37950,-100,100,"bu","11:00:16",909000
37900,-150,1000,"sd","11:00:05",908900
37950,-100,200,"bu","10:59:30",907900
37950,-100,400,"bu","10:59:02",907700
37950,-100,4000,"bu","10:59:02",907300
37950,-100,500,"bu","10:59:02",903300
37950,-100,1100,"bu","10:59:02",902800
37950,-100,100,"bu","10:58:33",901700
37950,-100,100,"bu","10:58:30",901600
37900,-150,500,"sd","10:58:28",901500
37950,-100,200,"bu","10:57:58",901000
37900,-150,800,"sd","10:57:52",900800
37950,-100,300,"bu","10:57:41",900000
37950,-100,100,"bu","10:57:34",899700
37900,-150,200,"sd","10:57:25",899600
37900,-150,200,"sd","10:57:19",899400
37900,-150,300,"sd","10:57:16",899200
37900,-150,600,"sd","10:57:00",898900
37950,-100,100,"bu","10:56:33",898300
37900,-150,100,"bu","10:55:52",898200
37900,-150,800,"bu","10:55:52",898100
37900,-150,300,"bu","10:55:49",897300
37900,-150,100,"bu","10:55:32",897000
37900,-150,3000,"bu","10:55:31",896900
37900,-150,1200,"bu","10:55:25",893900
37900,-150,500,"bu","10:55:24",892700
37900,-150,3000,"bu","10:55:20",892200
37900,-150,1100,"bu","10:55:15",889200
37900,-150,3000,"bu","10:55:15",888100
37900,-150,100,"bu","10:55:15",885100
37900,-150,1500,"bu","10:55:15",885000
37900,-150,100,"bu","10:55:15",883500
37900,-150,500,"bu","10:55:15",883400
37900,-150,200,"bu","10:55:15",882900
37900,-150,100,"bu","10:55:15",882700
37850,-200,100,"sd","10:53:36",882600
37850,-200,1000,"bu","10:53:09",882500
37850,-200,2100,"bu","10:53:09",881500
37850,-200,100,"bu","10:52:54",879400
37850,-200,600,"bu","10:52:47",879300
37850,-200,500,"sd","10:52:28",878700
37850,-200,2000,"sd","10:52:28",878200
37850,-200,400,"sd","10:52:28",876200
37850,-200,200,"sd","10:52:27",875800
37850,-200,100,"sd","10:52:27",875600
37850,-200,100,"sd","10:52:27",875500
37850,-200,500,"sd","10:52:27",875400
37850,-200,400,"sd","10:52:27",874900
37850,-200,500,"sd","10:52:07",874500
37850,-200,2100,"sd","10:51:49",874000
37850,-200,2000,"sd","10:51:49",871900
37850,-200,500,"sd","10:51:49",869900
37850,-200,400,"sd","10:51:49",869400
37900,-150,100,"bu","10:51:48",869000
37900,-150,1900,"bu","10:51:48",868900
37900,-150,200,"bu","10:51:38",867000
37900,-150,100,"bu","10:50:59",866800
37850,-200,100,"sd","10:50:57",866700
37850,-200,100,"sd","10:50:57",866600
37900,-150,300,"bu","10:50:55",866500
37900,-150,200,"sd","10:50:36",866200
37900,-150,200,"sd","10:50:36",866000
37900,-150,100,"sd","10:50:36",865800
37900,-150,500,"sd","10:50:36",865700
37900,-150,500,"sd","10:50:36",865200
37900,-150,800,"sd","10:50:36",864700
37900,-150,200,"sd","10:50:36",863900
37900,-150,800,"sd","10:50:35",863700
37900,-150,3000,"sd","10:50:35",862900
37900,-150,1200,"sd","10:50:35",859900
37900,-150,300,"sd","10:50:34",858700
37900,-150,3500,"sd","10:50:26",858400
37900,-150,1500,"sd","10:50:26",854900
37950,-100,300,"bu","10:50:07",853400
37950,-100,500,"bu","10:50:01",853100
37950,-100,300,"bu","10:49:57",852600
37950,-100,100,"bu","10:49:55",852300
37950,-100,300,"bu","10:49:42",852200
37950,-100,100,"bu","10:49:35",851900
37950,-100,300,"bu","10:49:21",851800
37950,-100,1100,"sd","10:49:18",851500
37950,-100,1000,"bu","10:49:16",850400
37950,-100,500,"bu","10:49:15",849400
37950,-100,100,"bu","10:49:11",848900
37950,-100,3000,"bu","10:49:10",848800
37950,-100,500,"bu","10:49:01",845800
37950,-100,100,"bu","10:49:00",845300
37950,-100,200,"bu","10:48:54",845200
37950,-100,200,"bu","10:48:46",845000
37950,-100,200,"bu","10:48:45",844800
37950,-100,200,"bu","10:48:44",844600
37950,-100,300,"bu","10:48:27",844400
37950,-100,100,"bu","10:48:22",844100
37950,-100,1000,"bu","10:48:20",844000
37950,-100,100,"bu","10:48:13",843000
37900,-150,1000,"bu","10:47:54",842900
37900,-150,100,"bu","10:47:54",841900
37900,-150,500,"bu","10:47:54",841800
37900,-150,1000,"bu","10:47:54",841300
37900,-150,100,"bu","10:47:54",840300
37900,-150,800,"bu","10:47:54",840200
37900,-150,300,"bu","10:47:18",839400
37900,-150,900,"bu","10:47:10",839100
37900,-150,200,"bu","10:47:10",838200
37900,-150,600,"bu","10:47:10",838000
37900,-150,200,"bu","10:47:10",837400
37850,-200,100,"bu","10:47:10",837200
37850,-200,2200,"bu","10:47:05",837100
37850,-200,1200,"bu","10:47:00",834900
37850,-200,1100,"sd","10:47:00",833700
37850,-200,300,"sd","10:47:00",832600
37850,-200,100,"sd","10:47:00",832300
37850,-200,3700,"sd","10:46:31",832200
37850,-200,100,"bu","10:46:31",828500
37850,-200,1000,"bu","10:46:29",828400
37850,-200,100,"bu","10:46:21",827400
37800,-250,1000,"sd","10:46:12",827300
37850,-200,5000,"bu","10:45:58",826300
37850,-200,200,"bu","10:45:51",821300
37800,-250,1000,"bu","10:45:31",821100
37800,-250,100,"bu","10:45:31",820100
37800,-250,1000,"bu","10:45:31",820000
37800,-250,4000,"bu","10:45:31",819000
37800,-250,2000,"bu","10:45:31",815000
37800,-250,200,"bu","10:45:31",813000
37800,-250,1000,"bu","10:45:31",812800
37800,-250,100,"bu","10:45:31",811800
37800,-250,10000,"bu","10:45:31",811700
37800,-250,1000,"bu","10:45:31",801700
37800,-250,200,"bu","10:45:31",800700
37800,-250,100,"bu","10:45:31",800500
37800,-250,800,"bu","10:45:31",800400
37800,-250,1600,"bu","10:45:31",799600
37800,-250,100,"bu","10:45:30",798000
37800,-250,400,"bu","10:44:49",797900
37800,-250,300,"bu","10:44:46",797500
37750,-300,1000,"sd","10:44:43",797200
37800,-250,100,"bu","10:44:42",796200
37800,-250,100,"bu","10:44:20",796100
37800,-250,300,"bu","10:44:20",796000
37800,-250,100,"bu","10:44:20",795700
37800,-250,500,"bu","10:44:20",795600
37750,-300,1000,"bu","10:43:59",795100
37750,-300,100,"bu","10:43:59",794100
37750,-300,200,"bu","10:43:59",794000
37750,-300,100,"bu","10:43:59",793800
37750,-300,3000,"bu","10:43:59",793700
37750,-300,500,"bu","10:43:59",790700
37750,-300,1000,"bu","10:43:59",790200
37750,-300,2900,"bu","10:43:55",789200
37750,-300,1600,"bu","10:43:55",786300
37750,-300,300,"bu","10:43:49",784700
37750,-300,100,"bu","10:43:46",784400
37750,-300,3000,"bu","10:43:42",784300
37700,-350,1000,"sd","10:42:17",781300
37700,-350,500,"bu","10:42:14",780300
37700,-350,2600,"bu","10:42:14",779800
37700,-350,1000,"bu","10:42:14",777200
37700,-350,300,"bu","10:42:14",776200
37700,-350,1000,"bu","10:42:14",775900
37700,-350,100,"bu","10:42:14",774900
37700,-350,1000,"bu","10:42:14",774800
37700,-350,6000,"bu","10:42:14",773800
37700,-350,300,"bu","10:42:14",767800
37700,-350,400,"bu","10:42:14",767500
37700,-350,4700,"bu","10:42:14",767100
37650,-400,700,"sd","10:42:13",762400
37700,-350,200,"bu","10:42:02",761700
37700,-350,100,"bu","10:41:59",761500
37700,-350,100,"bu","10:41:42",761400
37700,-350,100,"bu","10:41:42",761300
37700,-350,2800,"bu","10:41:39",761200
37700,-350,5000,"bu","10:41:34",758400
37700,-350,500,"bu","10:41:25",753400
37700,-350,4500,"bu","10:41:00",752900
37700,-350,10000,"bu","10:41:00",748400
37700,-350,300,"bu","10:41:00",738400
37700,-350,300,"bu","10:41:00",738100
37700,-350,500,"bu","10:40:58",737800
37700,-350,300,"bu","10:40:46",737300
37700,-350,300,"bu","10:38:27",737000
37650,-400,600,"sd","10:38:16",736700
37650,-400,400,"sd","10:38:16",736100
37650,-400,100,"sd","10:37:58",735700
37650,-400,100,"sd","10:37:58",735600
37650,-400,100,"sd","10:37:58",735500
37650,-400,700,"sd","10:37:58",735400
37700,-350,100,"bu","10:37:58",734700
37650,-400,1000,"sd","10:37:43",734600
37650,-400,100,"bu","10:37:31",733600
37650,-400,200,"bu","10:37:31",733500
37650,-400,300,"bu","10:37:31",733300
37650,-400,400,"bu","10:37:31",733000
37650,-400,200,"bu","10:37:31",732600
37650,-400,100,"bu","10:37:31",732400
37650,-400,100,"bu","10:37:27",732300
37650,-400,500,"bu","10:37:27",732200
37650,-400,2800,"bu","10:37:06",731700
37650,-400,200,"bu","10:37:06",728900
37650,-400,100,"bu","10:36:49",728700
37650,-400,200,"bu","10:36:44",728600
37650,-400,100,"bu","10:36:37",728400
37600,-450,200,"sd","10:36:02",728300
37600,-450,100,"sd","10:36:02",728100
37600,-450,100,"sd","10:36:02",728000
37600,-450,100,"sd","10:36:02",727900
37650,-400,200,"bu","10:35:50",727800
37650,-400,100,"bu","10:35:18",727600
37650,-400,100,"bu","10:34:51",727500
37600,-450,400,"sd","10:34:46",727400
37600,-450,200,"sd","10:34:46",727000
37600,-450,400,"sd","10:34:46",726800
37650,-400,100,"bu","10:34:44",726400
37650,-400,100,"bu","10:34:33",726300
37650,-400,3800,"bu","10:34:25",726200
37650,-400,1000,"bu","10:34:25",722400
37650,-400,200,"bu","10:34:25",721400
37600,-450,400,"sd","10:34:24",721200
37600,-450,500,"sd","10:34:02",720800
37600,-450,300,"sd","10:34:02",720300
37600,-450,1000,"sd","10:34:02",720000
37600,-450,600,"sd","10:34:02",719000
37600,-450,100,"sd","10:34:02",718400
37600,-450,1000,"sd","10:34:02",718300
37600,-450,100,"sd","10:34:02",717300
37600,-450,100,"sd","10:34:02",717200
37600,-450,1300,"sd","10:34:02",717100
37600,-450,100,"sd","10:33:30",715800
37650,-400,800,"bu","10:32:44",715700
37650,-400,1200,"bu","10:32:44",714900
37650,-400,2800,"bu","10:32:15",713700
37650,-400,2200,"bu","10:32:15",710900
37650,-400,200,"bu","10:31:39",708700
37600,-450,100,"sd","10:31:29",708500
37600,-450,700,"sd","10:31:28",708400
37600,-450,100,"sd","10:31:28",707700
37600,-450,200,"sd","10:31:28",707600
37600,-450,100,"sd","10:31:28",707400
37600,-450,400,"sd","10:31:28",707300
37600,-450,200,"sd","10:31:28",706900
37600,-450,1000,"sd","10:31:14",706700
37600,-450,800,"sd","10:30:55",705700
37600,-450,300,"sd","10:30:55",704900
37600,-450,100,"sd","10:30:55",704600
37600,-450,1800,"sd","10:30:55",704500
37600,-450,500,"sd","10:30:26",702700
37600,-450,500,"sd","10:29:49",702200
37600,-450,100,"sd","10:29:19",701700
37600,-450,400,"sd","10:29:19",701600
37600,-450,200,"sd","10:29:17",701200
37600,-450,2100,"bu","10:28:50",701000
37600,-450,300,"bu","10:28:50",698900
37600,-450,100,"bu","10:28:49",698600
37550,-500,400,"sd","10:28:46",698500
37550,-500,100,"sd","10:28:46",698100
37550,-500,500,"sd","10:28:46",698000
37600,-450,600,"bu","10:28:33",697500
37600,-450,500,"bu","10:28:33",696900
37600,-450,500,"sd","10:28:09",696400
37600,-450,500,"sd","10:28:09",695900
37600,-450,1100,"sd","10:27:56",695400
37600,-450,100,"sd","10:27:56",694300
37600,-450,100,"sd","10:27:56",694200
37600,-450,700,"sd","10:27:56",694100
37600,-450,500,"sd","10:27:49",693400
37600,-450,200,"sd","10:27:47",692900
37600,-450,3000,"bu","10:27:46",692700
37600,-450,600,"bu","10:27:46",689700
37600,-450,400,"sd","10:27:43",689100
37600,-450,400,"sd","10:27:32",688700
37600,-450,100,"sd","10:27:22",688300
37600,-450,500,"bu","10:27:16",688200
37600,-450,100,"bu","10:27:16",687700
37600,-450,200,"bu","10:27:08",687600
37600,-450,800,"bu","10:27:08",687400
37600,-450,200,"bu","10:26:52",686600
37600,-450,100,"bu","10:26:42",686400
37550,-500,300,"sd","10:26:38",686300
37600,-450,100,"bu","10:26:27",686000
37550,-500,1200,"sd","10:26:17",685900
37550,-500,1000,"sd","10:26:17",684700
37550,-500,300,"sd","10:26:17",683700
37550,-500,1000,"sd","10:26:17",683400
37550,-500,100,"sd","10:26:17",682400
37550,-500,100,"sd","10:26:17",682300
37550,-500,400,"sd","10:26:17",682200
37550,-500,100,"sd","10:26:17",681800
37550,-500,200,"sd","10:26:17",681700
37600,-450,100,"sd","10:26:17",681500
37600,-450,200,"sd","10:26:12",681400
37600,-450,1500,"sd","10:25:59",681200
37600,-450,100,"sd","10:25:59",679700
37600,-450,200,"sd","10:25:59",679600
37600,-450,100,"sd","10:25:59",679400
37600,-450,500,"sd","10:25:59",679300
37600,-450,1000,"sd","10:25:59",678800
37600,-450,600,"sd","10:25:59",677800
37600,-450,100,"sd","10:25:38",677200
37600,-450,200,"sd","10:25:26",677100
37600,-450,100,"sd","10:25:22",676900
37650,-400,600,"bu","10:24:47",676800
37600,-450,100,"sd","10:24:45",676200
37600,-450,1900,"sd","10:24:45",676100
37600,-450,200,"sd","10:24:31",674200
37600,-450,1000,"sd","10:24:25",674000
37600,-450,500,"sd","10:24:25",673000
37600,-450,500,"sd","10:24:25",672500
37600,-450,100,"sd","10:24:25",672000
37600,-450,900,"sd","10:24:25",671900
37600,-450,500,"sd","10:24:03",671000
37600,-450,500,"sd","10:24:03",670500
37600,-450,200,"sd","10:23:27",670000
37650,-400,100,"bu","10:23:26",669800
37600,-450,300,"sd","10:23:21",669700
37600,-450,1300,"sd","10:23:21",669400
37600,-450,100,"sd","10:23:21",668100
37600,-450,100,"sd","10:23:21",668000
37600,-450,3000,"sd","10:23:21",667900
37600,-450,200,"sd","10:23:21",664900
37650,-400,100,"bu","10:23:02",664700
37650,-400,100,"bu","10:22:56",664600
37650,-400,100,"bu","10:22:54",664500
37650,-400,100,"bu","10:22:41",664400
37650,-400,500,"sd","10:22:35",664300
37650,-400,300,"sd","10:22:35",663800
37650,-400,200,"sd","10:22:26",663500
37650,-400,1000,"sd","10:22:11",663300
37650,-400,1000,"sd","10:22:11",662300
37650,-400,800,"sd","10:21:59",661300
37650,-400,800,"bu","10:21:31",660500
37650,-400,100,"bu","10:21:24",659700
37650,-400,100,"sd","10:20:40",659600
37650,-400,100,"bu","10:20:31",659500
37650,-400,200,"bu","10:20:07",659400
37650,-400,100,"bu","10:19:59",659200
37500,-550,400,"sd","10:19:50",659100
37500,-550,300,"sd","10:19:50",658700
37500,-550,600,"sd","10:19:50",658400
37500,-550,600,"sd","10:19:50",657800
37500,-550,600,"sd","10:19:50",657200
37500,-550,200,"sd","10:19:50",656600
37500,-550,300,"sd","10:19:50",656400
37500,-550,500,"sd","10:19:50",656100
37500,-550,200,"sd","10:19:50",655600
37500,-550,100,"sd","10:19:50",655400
37500,-550,300,"sd","10:19:50",655300
37500,-550,100,"sd","10:19:50",655000
37550,-500,100,"sd","10:19:50",654900
37500,-550,500,"sd","10:19:50",654800
37550,-500,100,"sd","10:19:50",654300
37500,-550,100,"sd","10:19:50",654200
37550,-500,200,"sd","10:19:50",654100
37500,-550,300,"sd","10:19:50",653900
37550,-500,300,"sd","10:19:50",653600
37500,-550,1000,"sd","10:19:50",653300
37550,-500,100,"sd","10:19:50",652300
37500,-550,2000,"sd","10:19:50",652200
37550,-500,300,"sd","10:19:50",650200
37500,-550,3000,"sd","10:19:50",649900
37550,-500,400,"sd","10:19:50",646900
37500,-550,500,"sd","10:19:50",646500
37550,-500,200,"sd","10:19:50",646000
37500,-550,500,"sd","10:19:50",645800
37550,-500,100,"sd","10:19:50",645300
37500,-550,200,"sd","10:19:50",645200
37550,-500,500,"sd","10:19:50",645000
37550,-500,100,"sd","10:19:50",644500
37550,-500,500,"sd","10:19:50",644400
37500,-550,300,"sd","10:19:50",643900
37550,-500,5000,"sd","10:19:50",643600
37500,-550,300,"sd","10:19:50",638600
37550,-500,300,"sd","10:19:50",638300
37500,-550,300,"sd","10:19:50",638000
37550,-500,100,"sd","10:19:50",637700
37500,-550,300,"sd","10:19:50",637600
37550,-500,2000,"sd","10:19:50",637300
37500,-550,400,"sd","10:19:50",635300
37550,-500,3000,"sd","10:19:50",634900
37500,-550,200,"sd","10:19:50",631900
37600,-450,1200,"sd","10:19:50",631700
37550,-500,2100,"sd","10:19:50",630500
37500,-550,1100,"sd","10:19:50",628400
37550,-500,1000,"sd","10:19:50",627300
37600,-450,200,"sd","10:19:50",626300
37550,-500,100,"sd","10:19:50",626100
37600,-450,1000,"sd","10:19:50",626000
37600,-450,100,"sd","10:19:50",625000
37600,-450,100,"sd","10:19:50",624900
37600,-450,10000,"sd","10:19:50",624800
37600,-450,500,"sd","10:19:50",614800
37600,-450,100,"sd","10:19:50",614300
37600,-450,700,"sd","10:19:50",614200
37600,-450,100,"sd","10:19:50",613500
37600,-450,400,"sd","10:19:50",613400
37600,-450,200,"sd","10:19:50",613000
37650,-400,500,"sd","10:19:50",612800
37650,-400,500,"sd","10:19:50",612300
37600,-450,1000,"sd","10:19:50",611800
37600,-450,100,"sd","10:19:50",610800
37650,-400,100,"sd","10:19:50",610700
37600,-450,100,"sd","10:19:50",610600
37650,-400,200,"sd","10:19:50",610500
37600,-450,500,"sd","10:19:50",610300
37600,-450,200,"sd","10:19:50",609800
37600,-450,500,"sd","10:19:50",609600
37700,-350,200,"bu","10:19:45",609100
37650,-400,200,"sd","10:19:29",608900
37650,-400,100,"sd","10:19:29",608700
37650,-400,200,"sd","10:19:29",608600
37700,-350,300,"bu","10:19:28",608400
37700,-350,200,"bu","10:19:28",608100
37650,-400,800,"sd","10:18:56",607900
37650,-400,100,"sd","10:18:56",607100
37650,-400,100,"sd","10:18:56",607000
37700,-350,1800,"bu","10:18:50",606900
37700,-350,500,"bu","10:18:50",605100
37700,-350,600,"bu","10:18:50",604600
37700,-350,100,"bu","10:18:50",604000
37700,-350,200,"bu","10:18:50",603900
37700,-350,2000,"bu","10:18:50",603700
37700,-350,500,"bu","10:18:50",601700
37700,-350,200,"bu","10:18:50",601200
37700,-350,1000,"bu","10:18:50",601000
37700,-350,2700,"bu","10:18:50",600000
37700,-350,100,"bu","10:18:50",597300
37700,-350,5400,"bu","10:18:50",597200
37700,-350,800,"bu","10:17:49",591800
37700,-350,500,"bu","10:17:36",591000
37600,-450,700,"sd","10:17:35",590500
37600,-450,100,"sd","10:17:35",589800
37600,-450,500,"sd","10:17:35",589700
37600,-450,100,"sd","10:17:35",589200
37600,-450,800,"sd","10:17:35",589100
37600,-450,2000,"sd","10:17:35",588300
37600,-450,200,"sd","10:17:35",586300
37600,-450,100,"sd","10:17:35",586100
37600,-450,4000,"sd","10:17:35",586000
37600,-450,700,"sd","10:17:35",582000
37600,-450,300,"sd","10:17:35",581300
37650,-400,400,"sd","10:17:35",581000
37650,-400,100,"sd","10:17:35",580600
37650,-400,200,"sd","10:17:22",580500
37650,-400,200,"sd","10:17:20",580300
37650,-400,100,"sd","10:17:20",580100
37650,-400,100,"sd","10:16:51",580000
37650,-400,200,"sd","10:16:51",579900
37650,-400,100,"sd","10:16:22",579700
37650,-400,100,"sd","10:15:50",579600
37650,-400,100,"sd","10:15:50",579500
37650,-400,500,"sd","10:15:50",579400
37650,-400,400,"sd","10:15:50",578900
37650,-400,600,"sd","10:15:50",578500
37650,-400,1000,"sd","10:15:50",577900
37650,-400,1000,"sd","10:15:50",576900
37650,-400,3000,"sd","10:15:50",575900
37650,-400,1000,"sd","10:15:50",572900
37650,-400,2700,"sd","10:15:50",571900
37650,-400,5000,"sd","10:15:50",569200
37650,-400,1000,"sd","10:15:50",564200
37650,-400,200,"sd","10:15:50",563200
37650,-400,1200,"sd","10:15:50",563000
37650,-400,2000,"sd","10:15:50",561800
37650,-400,200,"sd","10:15:50",559800
37650,-400,100,"sd","10:15:29",559600
37650,-400,1400,"sd","10:15:29",559500
37650,-400,800,"sd","10:15:27",558100
37650,-400,100,"sd","10:15:27",557300
37650,-400,100,"sd","10:15:16",557200
37650,-400,500,"sd","10:15:16",557100
37650,-400,300,"sd","10:15:16",556600
37650,-400,100,"sd","10:15:16",556300
37650,-400,100,"sd","10:15:16",556200
37650,-400,900,"sd","10:15:16",556100
37700,-350,100,"bu","10:14:46",555200
37700,-350,600,"bu","10:14:15",555100
37700,-350,200,"bu","10:13:39",554500
37650,-400,1300,"sd","10:12:07",554300
37700,-350,500,"bu","10:11:51",553000
37650,-400,500,"sd","10:11:34",552500
37700,-350,1900,"bu","10:11:05",552000
37700,-350,100,"bu","10:11:05",550100
37650,-400,200,"sd","10:10:58",550000
37700,-350,100,"bu","10:10:29",549800
37700,-350,200,"bu","10:10:09",549700
37700,-350,100,"bu","10:10:09",549500
37650,-400,1000,"sd","10:09:54",549400
