"price","change","match_qtty","side","time","total_vol"
3200,-200,17200,"unknown","14:15:54",368100
3200,-200,1000,"bu","14:15:11",350900
3200,-200,100,"bu","14:14:26",349900
3200,-200,1000,"bu","14:13:15",349800
3200,-200,5500,"bu","14:12:31",348800
3200,-200,100,"bu","14:12:26",343300
3200,-200,500,"bu","14:12:13",343200
3200,-200,100,"bu","14:11:51",342700
3200,-200,100,"bu","14:11:42",342600
3200,-200,100,"bu","14:10:23",342500
3200,-200,100,"bu","14:08:20",342400
3200,-200,200,"bu","14:08:12",342300
3200,-200,24000,"bu","14:05:10",342100
3200,-200,100,"sd","14:02:53",318100
3200,-200,7900,"sd","13:58:13",318000
3200,-200,100,"bu","13:57:55",310100
3200,-200,100,"bu","13:57:43",310000
3200,-200,300,"bu","13:57:36",309900
3200,-200,5000,"bu","13:57:26",309600
3200,-200,100,"bu","13:57:25",304600
3200,-200,2000,"bu","13:57:22",304500
3200,-200,1000,"bu","13:57:18",302500
3200,-200,200,"bu","13:56:47",301500
3200,-200,500,"bu","13:56:36",301300
3200,-200,1000,"bu","13:55:15",300800
3200,-200,400,"bu","13:55:01",299800
3200,-200,100,"bu","13:54:22",299400
3200,-200,100,"bu","13:54:14",299300
3200,-200,200,"bu","13:54:06",299200
3200,-200,2800,"bu","13:52:25",299000
3200,-200,100,"bu","13:49:15",296200
3200,-200,200,"bu","13:49:14",296100
3200,-200,5000,"bu","13:48:29",295900
3200,-200,42900,"bu","13:47:10",290900
3200,-200,5000,"sd","13:36:45",248000
3200,-200,5000,"bu","13:36:11",243000
3200,-200,12100,"bu","13:32:47",238000
3200,-200,5600,"bu","13:32:44",225900
3200,-200,500,"bu","13:32:43",220300
3200,-200,100,"bu","13:32:22",219800
3200,-200,200,"bu","13:31:50",219700
3200,-200,1000,"bu","13:31:33",219500
3200,-200,1500,"bu","13:31:30",218500
3200,-200,5000,"bu","13:30:58",217000
3200,-200,100,"bu","13:30:24",212000
3200,-200,500,"bu","13:29:55",211900
3200,-200,300,"bu","13:28:55",211400
3200,-200,2000,"bu","13:28:45",211100
3200,-200,300,"bu","13:27:41",209100
3200,-200,100,"bu","13:27:21",208800
3200,-200,500,"bu","13:27:11",208700
3200,-200,200,"bu","13:26:40",208200
3200,-200,300,"bu","13:26:35",208000
3200,-200,1000,"bu","13:26:06",207700
3200,-200,200,"bu","13:25:51",206700
3200,-200,500,"bu","13:25:27",206500
3200,-200,18000,"bu","13:24:55",206000
3300,-100,100,"bu","13:24:00",188000
3300,-100,200,"bu","13:23:20",187900
3300,-100,200,"bu","13:21:52",187700
3300,-100,200,"bu","13:20:46",187500
3300,-100,200,"bu","13:20:17",187300
3300,-100,200,"bu","13:19:35",187100
3300,-100,200,"bu","13:18:26",186900
3300,-100,100,"bu","13:18:00",186700
3200,-200,6000,"sd","13:15:08",186600
3200,-200,9100,"bu","13:14:35",180600
3200,-200,2000,"bu","13:14:27",171500
3200,-200,500,"bu","13:14:06",169500
3200,-200,2000,"bu","13:14:02",169000
3200,-200,500,"bu","13:13:57",167000
3200,-200,800,"bu","13:13:53",166500
3200,-200,100,"bu","13:13:50",165700
3200,-200,600,"bu","13:13:33",165600
3200,-200,3900,"bu","13:13:28",165000
3200,-200,60500,"bu","13:13:04",161100
3300,-100,900,"bu","13:13:00",100600
3300,-100,1100,"bu","13:08:36",99700
3300,-100,300,"bu","13:08:35",98600
3300,-100,500,"bu","13:05:31",98300
3300,-100,200,"bu","13:05:08",97800
3300,-100,100,"bu","13:00:58",97600
3300,-100,55400,"sd","13:00:56",97500
3300,-100,1000,"sd","11:17:41",42100
3300,-100,10000,"sd","11:12:40",41100
3400,0,100,"bu","11:09:20",31100
3400,0,100,"bu","11:08:45",31000
3400,0,100,"bu","11:08:06",30900
3300,-100,12800,"sd","11:06:42",30800
3300,-100,400,"sd","11:06:23",18000
3400,0,100,"bu","10:59:41",17600
3400,0,300,"bu","10:44:37",17500
3300,-100,100,"sd","10:42:44",17200
3400,0,300,"bu","10:40:01",17100
3400,0,300,"bu","10:39:48",16800
3300,-100,200,"sd","10:16:48",16500
3300,-100,2000,"sd","10:15:13",16300
3300,-100,1100,"sd","09:51:59",14300
3300,-100,1700,"sd","09:51:09",13200
3300,-100,5000,"sd","09:48:46",11500
3300,-100,2000,"sd","09:39:43",6500
3300,-100,400,"sd","09:32:12",4500
3300,-100,300,"sd","09:26:40",4100
3300,-100,700,"sd","09:21:12",3800
3400,0,100,"bu","09:00:43",3100
3400,0,3000,"bu","09:00:06",3000
