"price","change","match_qtty","side","time","total_vol"
13150,-250,7300,"sd","14:45:01",509300
13100,-300,300,"sd","14:28:41",502000
13150,-250,100,"sd","14:28:41",501700
13150,-250,600,"sd","14:28:41",501600
13100,-300,900,"sd","14:27:14",501000
13100,-300,100,"sd","14:27:14",500100
13100,-300,200,"sd","14:27:14",500000
13100,-300,500,"sd","14:27:14",499800
13100,-300,100,"sd","14:27:14",499300
13100,-300,300,"sd","14:27:14",499200
13100,-300,600,"sd","14:27:14",498900
13100,-300,1000,"sd","14:27:14",498300
13150,-250,100,"sd","14:27:14",497300
13100,-300,500,"sd","14:27:14",497200
13100,-300,400,"sd","14:27:14",496700
13100,-300,200,"sd","14:27:14",496300
13100,-300,200,"sd","14:27:14",496100
13100,-300,800,"sd","14:27:14",495900
13100,-300,500,"sd","14:27:14",495100
13100,-300,2500,"sd","14:27:14",494600
13100,-300,1000,"sd","14:27:14",492100
13100,-300,100,"sd","14:27:14",491100
13150,-250,300,"bu","14:26:56",491000
13150,-250,400,"bu","14:26:25",490700
13150,-250,100,"bu","14:25:49",490300
13150,-250,200,"bu","14:25:19",490200
13200,-200,2300,"bu","14:23:35",490000
13100,-300,1400,"sd","14:23:13",487700
13100,-300,200,"sd","14:23:13",486300
13100,-300,1300,"sd","14:23:13",486100
13100,-300,100,"sd","14:23:13",484800
13100,-300,200,"sd","14:23:13",484700
13100,-300,300,"sd","14:23:13",484500
13100,-300,100,"sd","14:23:13",484200
13100,-300,100,"sd","14:23:13",484100
13100,-300,100,"sd","14:23:13",484000
13100,-300,100,"sd","14:23:13",483900
13100,-300,100,"sd","14:23:13",483800
13100,-300,1000,"sd","14:23:13",483700
13100,-300,5000,"sd","14:23:13",482700
13100,-300,200,"sd","14:23:13",477700
13100,-300,1000,"sd","14:23:13",477500
13100,-300,300,"sd","14:23:13",476500
13100,-300,200,"sd","14:23:13",476200
13100,-300,100,"sd","14:23:13",476000
13100,-300,400,"sd","14:23:13",475900
13100,-300,100,"sd","14:23:13",475500
13100,-300,200,"sd","14:23:13",475400
13100,-300,1000,"sd","14:23:13",475200
13100,-300,1000,"sd","14:23:13",474200
13100,-300,100,"sd","14:23:13",473200
13100,-300,200,"sd","14:23:13",473100
13100,-300,1000,"sd","14:23:13",472900
13100,-300,2000,"sd","14:23:13",471900
13100,-300,100,"sd","14:23:13",469900
13100,-300,2000,"sd","14:23:13",469800
13100,-300,5000,"sd","14:23:13",467800
13100,-300,100,"sd","14:23:13",462800
13100,-300,100,"sd","14:23:13",462700
13100,-300,500,"sd","14:23:13",462600
13100,-300,3000,"sd","14:23:13",462100
13100,-300,200,"sd","14:23:13",459100
13100,-300,10000,"sd","14:23:13",458900
13100,-300,300,"sd","14:23:13",448900
13100,-300,1000,"sd","14:23:13",448600
13100,-300,400,"sd","14:23:13",447600
13100,-300,500,"sd","14:23:13",447200
13100,-300,300,"sd","14:23:13",446700
13100,-300,100,"sd","14:23:13",446400
13100,-300,100,"sd","14:23:13",446300
13100,-300,100,"sd","14:23:13",446200
13100,-300,200,"sd","14:23:13",446100
13100,-300,1500,"sd","14:23:13",445900
13100,-300,500,"sd","14:23:13",444400
13100,-300,400,"sd","14:23:13",443900
13100,-300,1500,"sd","14:23:13",443500
13150,-250,1000,"bu","14:22:42",442000
13150,-250,1000,"sd","14:22:26",441000
13150,-250,500,"sd","14:22:26",440000
13150,-250,300,"sd","14:22:26",439500
13150,-250,400,"sd","14:22:26",439200
13150,-250,1000,"sd","14:22:26",438800
13150,-250,100,"sd","14:22:26",437800
13150,-250,500,"sd","14:22:23",437700
13150,-250,1000,"sd","14:21:11",437200
13150,-250,500,"sd","14:21:09",436200
13150,-250,3000,"bu","14:20:40",435700
13100,-300,500,"sd","14:18:33",432700
13100,-300,200,"sd","14:18:33",432200
13100,-300,1000,"sd","14:18:33",432000
13100,-300,300,"sd","14:18:33",431000
13100,-300,500,"sd","14:18:33",430700
13100,-300,1000,"sd","14:18:33",430200
13100,-300,2000,"sd","14:18:33",429200
13100,-300,500,"sd","14:18:33",427200
13100,-300,100,"sd","14:18:33",426700
13100,-300,100,"sd","14:18:33",426600
13100,-300,100,"sd","14:18:33",426500
13100,-300,1000,"sd","14:18:33",426400
13100,-300,1400,"sd","14:18:33",425400
13100,-300,100,"sd","14:18:33",424000
13100,-300,300,"sd","14:18:33",423900
13100,-300,900,"sd","14:18:33",423600
13150,-250,2000,"sd","14:16:58",422700
13150,-250,5700,"sd","14:16:58",420700
13150,-250,4300,"bu","14:16:19",415000
13150,-250,600,"bu","14:16:15",410700
13150,-250,100,"bu","14:16:04",410100
13150,-250,300,"bu","14:15:59",410000
13150,-250,2200,"bu","14:15:59",409700
13150,-250,500,"bu","14:15:59",407500
13150,-250,1500,"bu","14:15:47",407000
13150,-250,500,"bu","14:15:47",405500
13150,-250,1000,"bu","14:15:23",405000
13150,-250,1000,"bu","14:15:05",404000
13150,-250,400,"bu","14:14:38",403000
13150,-250,3000,"bu","14:14:19",402600
13100,-300,100,"sd","14:13:58",399600
13150,-250,500,"bu","14:13:57",399500
13150,-250,500,"bu","14:13:14",399000
13150,-250,100,"bu","14:13:02",398500
13150,-250,100,"sd","14:13:01",398400
13150,-250,100,"sd","14:13:01",398300
13150,-250,900,"sd","14:12:57",398200
13150,-250,1000,"sd","14:12:57",397300
13150,-250,800,"sd","14:12:57",396300
13150,-250,1100,"sd","14:12:57",395500
13150,-250,400,"sd","14:10:45",394400
13150,-250,600,"sd","14:10:45",394000
13150,-250,1000,"sd","14:10:45",393400
13150,-250,800,"sd","14:10:45",392400
13150,-250,200,"sd","14:10:45",391600
13150,-250,500,"sd","14:10:45",391400
13150,-250,200,"sd","14:10:45",390900
13150,-250,100,"sd","14:10:45",390700
13150,-250,200,"sd","14:10:45",390600
13150,-250,1000,"sd","14:10:45",390400
13150,-250,100,"sd","14:10:45",389400
13150,-250,100,"sd","14:09:15",389300
13150,-250,100,"sd","14:08:30",389200
13150,-250,200,"sd","14:08:30",389100
13150,-250,1000,"sd","14:08:30",388900
13150,-250,100,"sd","14:08:30",387900
13150,-250,300,"sd","14:08:30",387800
13150,-250,200,"sd","14:08:30",387500
13150,-250,100,"sd","14:08:30",387300
13150,-250,200,"sd","14:08:30",387200
13150,-250,500,"sd","14:08:30",387000
13150,-250,2000,"sd","14:08:30",386500
13150,-250,500,"sd","14:08:30",384500
13150,-250,3000,"sd","14:08:30",384000
13150,-250,200,"sd","14:08:30",381000
13150,-250,100,"sd","14:08:30",380800
13150,-250,400,"sd","14:08:30",380700
13150,-250,9600,"sd","14:08:30",380300
13150,-250,500,"sd","14:08:30",370700
13150,-250,1000,"sd","14:08:30",370200
13200,-200,300,"bu","14:07:52",369200
13200,-200,500,"bu","14:07:04",368900
13200,-200,100,"bu","14:06:17",368400
13200,-200,300,"bu","14:05:19",368300
13200,-200,100,"bu","14:03:11",368000
13200,-200,2000,"bu","14:02:52",367900
13200,-200,100,"bu","14:02:28",365900
13200,-200,900,"bu","14:02:14",365800
13200,-200,100,"bu","14:01:56",364900
13200,-200,100,"bu","14:01:40",364800
13200,-200,200,"bu","14:01:32",364700
13200,-200,1500,"bu","14:01:30",364500
13200,-200,100,"bu","14:01:09",363000
13200,-200,1000,"bu","14:00:57",362900
13200,-200,1800,"bu","14:00:51",361900
13200,-200,1000,"bu","14:00:51",360100
13200,-200,700,"bu","14:00:51",359100
13200,-200,1000,"bu","14:00:47",358400
13200,-200,1000,"bu","14:00:46",357400
13200,-200,1000,"bu","14:00:44",356400
13200,-200,2100,"bu","14:00:34",355400
13200,-200,200,"bu","14:00:26",353300
13200,-200,100,"bu","14:00:24",353100
13200,-200,1000,"bu","14:00:13",353000
13200,-200,900,"bu","14:00:11",352000
13200,-200,1000,"bu","14:00:09",351100
13200,-200,100,"bu","13:59:59",350100
13200,-200,10000,"bu","13:59:46",350000
13200,-200,1000,"bu","13:59:30",340000
13200,-200,400,"bu","13:58:59",339000
13200,-200,200,"bu","13:58:08",338600
13200,-200,10000,"bu","13:57:44",338400
13150,-250,1000,"sd","13:52:52",328400
13150,-250,400,"sd","13:52:52",327400
13150,-250,1000,"sd","13:52:52",327000
13150,-250,300,"sd","13:52:52",326000
13150,-250,800,"sd","13:52:52",325700
13150,-250,200,"sd","13:52:52",324900
13150,-250,1600,"sd","13:52:52",324700
13150,-250,100,"sd","13:52:52",323100
13150,-250,100,"sd","13:52:52",323000
13150,-250,300,"sd","13:52:52",322900
13150,-250,400,"sd","13:52:52",322600
13150,-250,800,"sd","13:52:52",322200
13200,-200,100,"bu","13:52:47",321400
13200,-200,2000,"bu","13:52:22",321300
13150,-250,400,"sd","13:50:58",319300
13150,-250,200,"sd","13:49:23",318900
13150,-250,100,"sd","13:48:23",318700
13150,-250,100,"sd","13:48:23",318600
13150,-250,500,"sd","13:48:23",318500
13150,-250,2000,"sd","13:48:23",318000
13150,-250,300,"sd","13:48:23",316000
13150,-250,700,"sd","13:48:01",315700
13150,-250,1000,"sd","13:48:01",315000
13150,-250,100,"sd","13:48:01",314000
13150,-250,100,"sd","13:48:01",313900
13150,-250,200,"sd","13:48:01",313800
13150,-250,500,"sd","13:48:01",313600
13150,-250,500,"sd","13:48:01",313100
13150,-250,100,"sd","13:48:01",312600
13150,-250,300,"sd","13:48:01",312500
13150,-250,100,"sd","13:48:01",312200
13150,-250,200,"sd","13:47:42",312100
13150,-250,200,"sd","13:47:42",311900
13150,-250,200,"sd","13:47:42",311700
13150,-250,100,"sd","13:47:42",311500
13150,-250,2300,"sd","13:47:42",311400
13150,-250,1300,"sd","13:47:01",309100
13150,-250,200,"sd","13:47:01",307800
13150,-250,200,"sd","13:46:11",307600
13150,-250,300,"sd","13:46:11",307400
13150,-250,300,"sd","13:45:34",307100
13150,-250,1700,"sd","13:45:34",306800
13150,-250,3300,"sd","13:44:37",305100
13150,-250,500,"sd","13:44:37",301800
13150,-250,100,"sd","13:44:37",301300
13150,-250,1000,"sd","13:44:37",301200
13150,-250,100,"sd","13:44:37",300200
13150,-250,100,"sd","13:44:26",300100
13150,-250,100,"sd","13:44:26",300000
13150,-250,1500,"sd","13:44:26",299900
13150,-250,100,"sd","13:44:26",298400
13150,-250,500,"sd","13:44:26",298300
13150,-250,1700,"sd","13:44:26",297800
13150,-250,3300,"sd","13:44:03",296100
13150,-250,200,"sd","13:44:03",292800
13150,-250,500,"sd","13:44:03",292600
13150,-250,1000,"sd","13:44:03",292100
13200,-200,4400,"bu","13:43:33",291100
13200,-200,1000,"bu","13:42:31",286700
13150,-250,1000,"sd","13:41:55",285700
13150,-250,2000,"sd","13:41:55",284700
13150,-250,2000,"sd","13:41:55",282700
13200,-200,500,"bu","13:39:51",280700
13200,-200,200,"bu","13:37:28",280200
13200,-200,3800,"bu","13:37:07",280000
13200,-200,1000,"sd","13:36:45",276200
13200,-200,500,"sd","13:36:45",275200
13200,-200,1000,"sd","13:36:45",274700
13200,-200,200,"sd","13:36:45",273700
13200,-200,4600,"sd","13:36:45",273500
13200,-200,400,"sd","13:36:02",268900
13200,-200,100,"sd","13:36:02",268500
13200,-200,500,"sd","13:35:22",268400
13200,-200,400,"sd","13:34:05",267900
13200,-200,100,"sd","13:34:05",267500
13200,-200,2500,"sd","13:34:05",267400
13200,-200,600,"sd","13:34:05",264900
13200,-200,400,"sd","13:34:05",264300
13200,-200,100,"sd","13:34:05",263900
13200,-200,900,"sd","13:34:05",263800
13250,-150,200,"bu","13:33:21",262900
13200,-200,100,"sd","13:33:14",262700
13200,-200,700,"sd","13:33:14",262600
13200,-200,2000,"sd","13:33:14",261900
13200,-200,500,"sd","13:33:14",259900
13200,-200,1700,"sd","13:33:14",259400
13200,-200,2000,"sd","13:30:01",257700
13200,-200,500,"sd","13:29:34",255700
13250,-150,1000,"bu","13:29:14",255200
13200,-200,1800,"sd","13:28:11",254200
13200,-200,400,"sd","13:28:11",252400
13200,-200,300,"sd","13:28:11",252000
13200,-200,3000,"sd","13:28:11",251700
13200,-200,300,"sd","13:28:11",248700
13200,-200,100,"sd","13:28:11",248400
13200,-200,3000,"sd","13:28:11",248300
13200,-200,200,"sd","13:28:11",245300
13200,-200,500,"sd","13:28:11",245100
13200,-200,2000,"sd","13:28:11",244600
13200,-200,700,"sd","13:28:11",242600
13200,-200,200,"sd","13:28:11",241900
13200,-200,2000,"sd","13:28:11",241700
13200,-200,100,"sd","13:28:11",239700
13200,-200,1000,"sd","13:28:11",239600
13200,-200,200,"sd","13:28:11",238600
13200,-200,1000,"sd","13:28:11",238400
13200,-200,100,"sd","13:28:11",237400
13200,-200,1000,"sd","13:28:11",237300
13200,-200,7900,"sd","13:28:11",236300
13250,-150,2000,"bu","13:28:11",228400
13250,-150,100,"bu","13:26:39",226400
13200,-200,100,"sd","13:23:33",226300
13250,-150,12700,"bu","13:22:53",226200
13250,-150,300,"bu","13:22:53",213500
13200,-200,2000,"sd","13:21:58",213200
13200,-200,100,"sd","13:20:14",211200
13250,-150,2700,"bu","13:18:27",211100
13250,-150,200,"bu","13:18:27",208400
13250,-150,100,"bu","13:18:10",208200
13200,-200,400,"sd","13:16:27",208100
13200,-200,1200,"sd","13:14:51",207700
13200,-200,5000,"sd","13:14:20",206500
13200,-200,3000,"sd","13:13:26",201500
13200,-200,1500,"sd","13:13:02",198500
13200,-200,500,"sd","13:12:53",197000
13200,-200,700,"sd","13:12:09",196500
13250,-150,500,"bu","13:10:23",195800
13200,-200,1400,"sd","13:10:19",195300
13200,-200,1200,"sd","13:09:19",193900
13200,-200,1000,"sd","13:09:19",192700
13200,-200,200,"sd","13:09:19",191700
13200,-200,100,"sd","13:09:19",191500
13200,-200,200,"sd","13:09:19",191400
13200,-200,300,"sd","13:09:19",191200
13250,-150,100,"bu","13:08:55",190900
13250,-150,100,"bu","13:08:22",190800
13250,-150,900,"bu","13:08:16",190700
13250,-150,100,"bu","13:07:59",189800
13250,-150,100,"bu","13:07:59",189700
13250,-150,1900,"bu","13:07:48",189600
13250,-150,700,"bu","13:07:48",187700
13250,-150,1300,"bu","13:07:33",187000
13250,-150,1000,"bu","13:07:33",185700
13250,-150,100,"bu","13:07:33",184700
13250,-150,400,"bu","13:07:33",184600
13250,-150,1000,"bu","13:07:33",184200
13250,-150,400,"bu","13:07:33",183200
13250,-150,1800,"bu","13:07:33",182800
13200,-200,800,"sd","13:06:58",181000
13200,-200,300,"sd","13:04:38",180200
13200,-200,1000,"sd","13:04:38",179900
13200,-200,3700,"sd","13:04:38",178900
13200,-200,1300,"sd","13:02:41",175200
13200,-200,1400,"sd","13:02:41",173900
13200,-200,1000,"sd","13:02:41",172500
13200,-200,200,"sd","13:02:41",171500
13200,-200,100,"sd","13:02:41",171300
13250,-150,1000,"bu","13:02:20",171200
13250,-150,100,"bu","13:00:50",170200
13250,-150,100,"sd","13:00:26",170100
13200,-200,200,"sd","13:00:14",170000
13300,-100,100,"bu","13:00:08",169800
13200,-200,100,"sd","13:00:01",169700
13200,-200,500,"sd","13:00:01",169600
13200,-200,200,"sd","13:00:01",169100
13200,-200,2200,"sd","13:00:01",168900
13200,-200,800,"sd","12:59:59",166700
13200,-200,3600,"sd","11:29:40",165900
13200,-200,3000,"sd","11:29:40",162300
13200,-200,200,"sd","11:29:40",159300
13200,-200,2000,"sd","11:29:40",159100
13200,-200,1200,"sd","11:29:40",157100
13200,-200,1800,"sd","11:22:40",155900
13200,-200,600,"sd","11:22:40",154100
13300,-100,500,"bu","11:22:16",153500
13200,-200,200,"sd","11:20:39",153000
13250,-150,700,"unknown","11:19:16",152800
13250,-150,100,"bu","11:19:12",152100
13250,-150,100,"bu","11:18:17",152000
13250,-150,600,"sd","11:16:16",151900
13250,-150,1500,"sd","11:16:16",151300
13250,-150,1500,"sd","11:15:53",149800
13250,-150,1200,"sd","11:15:53",148300
13250,-150,100,"sd","11:15:53",147100
13250,-150,200,"sd","11:15:53",147000
13300,-100,100,"bu","11:15:52",146800
13300,-100,500,"bu","11:08:40",146700
13250,-150,100,"sd","11:06:28",146200
13250,-150,600,"sd","11:05:07",146100
13250,-150,300,"sd","11:04:55",145500
13250,-150,300,"bu","10:59:04",145200
13250,-150,500,"bu","10:58:44",144900
13250,-150,100,"bu","10:58:36",144400
13250,-150,1000,"bu","10:57:58",144300
13250,-150,1100,"bu","10:57:52",143300
13250,-150,500,"bu","10:57:06",142200
13250,-150,100,"bu","10:57:06",141700
13250,-150,400,"bu","10:57:06",141600
13250,-150,1000,"bu","10:55:26",141200
13250,-150,1200,"bu","10:54:32",140200
13200,-200,100,"sd","10:52:04",139000
13200,-200,100,"sd","10:48:15",138900
13200,-200,100,"sd","10:48:15",138800
13200,-200,300,"sd","10:48:15",138700
13200,-200,200,"sd","10:48:15",138400
13200,-200,100,"sd","10:48:15",138200
13200,-200,1200,"sd","10:48:15",138100
13200,-200,100,"sd","10:47:28",136900
13200,-200,400,"sd","10:47:28",136800
13250,-150,100,"bu","10:47:10",136400
13250,-150,900,"sd","10:45:05",136300
13250,-150,1000,"sd","10:45:05",135400
13250,-150,600,"sd","10:45:05",134400
13250,-150,300,"sd","10:44:33",133800
13250,-150,100,"sd","10:44:10",133500
13250,-150,100,"sd","10:44:10",133400
13250,-150,100,"sd","10:44:10",133300
13250,-150,200,"sd","10:44:10",133200
13300,-100,100,"bu","10:42:23",133000
13300,-100,1000,"bu","10:38:15",132900
13300,-100,400,"bu","10:36:10",131900
13300,-100,100,"bu","10:32:00",131500
13300,-100,500,"bu","10:32:00",131400
13300,-100,3000,"bu","10:32:00",130900
13300,-100,200,"bu","10:32:00",127900
13300,-100,100,"bu","10:32:00",127700
13300,-100,100,"bu","10:32:00",127600
13300,-100,100,"bu","10:32:00",127500
13300,-100,900,"bu","10:32:00",127400
13300,-100,100,"bu","10:29:58",126500
13200,-200,400,"sd","10:27:32",126400
13250,-150,1000,"sd","10:27:32",126000
13250,-150,400,"sd","10:27:32",125000
13250,-150,300,"sd","10:27:32",124600
13200,-200,1200,"sd","10:19:01",124300
13200,-200,200,"sd","10:19:01",123100
13200,-200,1100,"sd","10:19:01",122900
13250,-150,1000,"sd","10:19:01",121800
13250,-150,100,"sd","10:19:01",120800
13250,-150,900,"sd","10:19:01",120700
13250,-150,500,"sd","10:19:01",119800
13250,-150,100,"sd","10:17:42",119300
13300,-100,100,"bu","10:16:07",119200
13300,-100,600,"bu","10:09:44",119100
13250,-150,400,"sd","10:09:30",118500
13250,-150,3100,"sd","10:09:30",118100
13250,-150,1900,"sd","10:09:02",115000
13250,-150,500,"sd","10:09:02",113100
13250,-150,200,"sd","10:09:02",112600
13250,-150,100,"sd","10:09:02",112400
13250,-150,300,"sd","10:09:02",112300
13300,-100,200,"bu","10:08:54",112000
13250,-150,300,"sd","10:08:44",111800
13250,-150,100,"sd","10:08:44",111500
13250,-150,100,"sd","10:08:44",111400
13250,-150,300,"sd","10:08:44",111300
13300,-100,100,"bu","10:05:18",111000
13300,-100,1500,"bu","10:03:05",110900
13300,-100,600,"bu","10:02:13",109400
13300,-100,300,"bu","10:01:49",108800
13300,-100,300,"bu","10:01:03",108500
13250,-150,800,"sd","09:59:44",108200
13250,-150,100,"sd","09:59:44",107400
13250,-150,500,"sd","09:59:44",107300
13250,-150,2000,"sd","09:56:40",106800
13250,-150,6000,"sd","09:56:25",104800
13200,-200,700,"sd","09:55:19",98800
13250,-150,500,"sd","09:54:45",98100
13250,-150,1200,"sd","09:54:45",97600
13250,-150,200,"sd","09:54:45",96400
13250,-150,900,"sd","09:54:45",96200
13250,-150,3200,"sd","09:54:45",95300
13250,-150,300,"sd","09:52:34",92100
13250,-150,700,"sd","09:52:12",91800
13250,-150,1300,"bu","09:51:44",91100
13250,-150,2000,"sd","09:50:38",89800
13200,-200,3200,"sd","09:46:04",87800
13200,-200,4800,"sd","09:46:04",84600
13200,-200,1000,"sd","09:46:04",79800
13200,-200,100,"sd","09:46:04",78800
13200,-200,1000,"sd","09:46:04",78700
13200,-200,300,"sd","09:46:04",77700
13200,-200,3300,"sd","09:46:04",77400
13250,-150,100,"sd","09:46:04",74100
13250,-150,100,"sd","09:46:04",74000
13250,-150,500,"sd","09:46:04",73900
13250,-150,100,"sd","09:46:04",73400
13250,-150,500,"sd","09:46:04",73300
13250,-150,1000,"sd","09:46:04",72800
13250,-150,3000,"sd","09:46:04",71800
13250,-150,1800,"sd","09:46:04",68800
13250,-150,200,"sd","09:45:06",67000
13250,-150,300,"sd","09:41:47",66800
13250,-150,700,"bu","09:41:03",66500
13250,-150,2000,"bu","09:41:03",65800
13250,-150,1000,"bu","09:40:50",63800
13250,-150,1000,"bu","09:40:39",62800
13200,-200,400,"sd","09:40:27",61800
13200,-200,1300,"bu","09:36:58",61400
13200,-200,100,"bu","09:36:34",60100
13200,-200,100,"bu","09:35:59",60000
13200,-200,100,"bu","09:35:52",59900
13200,-200,1000,"bu","09:35:33",59800
13200,-200,100,"bu","09:35:25",58800
13200,-200,500,"bu","09:35:07",58700
13200,-200,1000,"bu","09:34:46",58200
13200,-200,3000,"bu","09:34:42",57200
13200,-200,100,"bu","09:34:37",54200
13200,-200,100,"bu","09:34:29",54100
13200,-200,100,"bu","09:34:01",54000
13200,-200,1000,"bu","09:34:00",53900
13150,-250,500,"sd","09:32:29",52900
13150,-250,500,"sd","09:32:29",52400
13150,-250,1000,"sd","09:32:29",51900
13200,-200,2000,"bu","09:30:37",50900
13200,-200,100,"bu","09:29:57",48900
13200,-200,100,"bu","09:29:37",48800
13200,-200,2000,"bu","09:29:22",48700
13200,-200,500,"sd","09:29:22",46700
13200,-200,300,"sd","09:29:22",46200
13200,-200,500,"sd","09:29:22",45900
13200,-200,200,"sd","09:29:22",45400
13200,-200,500,"sd","09:29:21",45200
13200,-200,700,"sd","09:29:21",44700
13200,-200,2000,"sd","09:29:21",44000
13200,-200,500,"sd","09:29:21",42000
13200,-200,1000,"sd","09:29:21",41500
13200,-200,10000,"sd","09:29:21",40500
13200,-200,1000,"sd","09:29:21",30500
13200,-200,400,"sd","09:29:21",29500
13200,-200,500,"sd","09:29:21",29100
13200,-200,1000,"sd","09:29:21",28600
13200,-200,2000,"sd","09:29:21",27600
13200,-200,500,"sd","09:29:21",25600
13200,-200,400,"sd","09:29:21",25100
13250,-150,200,"sd","09:28:09",24700
13250,-150,800,"sd","09:28:09",24500
13250,-150,200,"sd","09:25:38",23700
13250,-150,100,"sd","09:25:38",23500
13300,-100,300,"bu","09:22:31",23400
13300,-100,200,"bu","09:22:31",23100
13300,-100,100,"bu","09:20:49",22900
13350,-50,600,"bu","09:20:30",22800
13200,-200,600,"sd","09:20:07",22200
13200,-200,500,"sd","09:20:07",21600
13250,-150,300,"bu","09:19:12",21100
13250,-150,100,"bu","09:18:27",20800
13250,-150,1000,"bu","09:18:06",20700
13250,-150,1000,"bu","09:17:57",19700
13250,-150,1000,"sd","09:17:45",18700
13250,-150,500,"sd","09:17:45",17700
13250,-150,500,"sd","09:16:50",17200
13250,-150,8500,"sd","09:16:50",16700
13250,-150,1000,"bu","09:16:05",8200
13250,-150,500,"bu","09:15:43",7200
13250,-150,1000,"bu","09:15:43",6700
13250,-150,1000,"bu","09:15:13",5700
13250,-150,600,"sd","09:15:05",4700
13250,-150,300,"sd","09:15:02",4100
13250,-150,3800,"sd","09:15:00",3800
