"price","change","match_qtty","side","time","total_vol"
73100,300,153900,"unknown","14:45:02",2083900
73100,300,100,"sd","14:29:47",1930000
73200,400,1600,"bu","14:29:37",1929900
73200,400,500,"bu","14:29:37",1928300
73200,400,2900,"bu","14:29:37",1927800
73200,400,900,"bu","14:29:32",1924900
73200,400,1200,"bu","14:29:20",1924000
73200,400,200,"bu","14:29:20",1922800
73200,400,100,"bu","14:29:20",1922600
73000,200,1100,"bu","14:29:20",1922500
73000,200,300,"bu","14:29:20",1921400
73000,200,200,"sd","14:29:16",1921100
73000,200,500,"sd","14:29:16",1920900
73000,200,100,"sd","14:29:16",1920400
73000,200,100,"sd","14:29:16",1920300
73000,200,500,"sd","14:29:16",1920200
73000,200,300,"sd","14:29:16",1919700
73000,200,1000,"sd","14:29:16",1919400
73000,200,400,"sd","14:29:16",1918400
73000,200,500,"sd","14:29:16",1918000
73200,400,200,"bu","14:29:04",1917500
73200,400,100,"bu","14:29:04",1917300
73200,400,300,"bu","14:29:04",1917200
73200,400,100,"bu","14:29:04",1916900
73200,400,200,"bu","14:29:04",1916800
73200,400,2800,"bu","14:28:53",1916600
73100,300,200,"bu","14:28:53",1913800
73200,400,1400,"bu","14:28:41",1913600
73100,300,500,"bu","14:28:41",1912200
73100,300,300,"bu","14:28:41",1911700
73200,400,400,"bu","14:28:35",1911400
73100,300,1000,"bu","14:28:35",1911000
73100,300,100,"bu","14:28:35",1910000
73100,300,400,"bu","14:28:35",1909900
73100,300,2600,"bu","14:28:19",1909500
73200,400,400,"bu","14:28:04",1906900
73200,400,1000,"bu","14:28:04",1906500
73200,400,1100,"bu","14:28:04",1905500
73100,300,100,"bu","14:28:04",1904400
73100,300,400,"bu","14:27:52",1904300
73000,200,100,"bu","14:27:31",1903900
73000,200,500,"bu","14:27:27",1903800
73000,200,100,"sd","14:26:59",1903300
73000,200,100,"sd","14:26:59",1903200
73000,200,200,"sd","14:26:59",1903100
73200,400,900,"bu","14:26:54",1902900
73100,300,1000,"bu","14:26:54",1902000
73100,300,100,"bu","14:26:54",1901000
73000,200,3300,"sd","14:26:22",1900900
73000,200,1000,"sd","14:26:22",1897600
73000,200,5600,"sd","14:26:22",1896600
73000,200,100,"sd","14:26:22",1891000
73200,400,2300,"bu","14:25:39",1890900
73100,300,500,"bu","14:25:39",1888600
73100,300,300,"bu","14:25:39",1888100
73100,300,200,"bu","14:25:31",1887800
73100,300,100,"bu","14:25:31",1887600
73000,200,100,"sd","14:25:24",1887500
73100,300,100,"bu","14:25:19",1887400
73100,300,100,"bu","14:25:17",1887300
73100,300,2800,"bu","14:25:17",1887200
73000,200,100,"sd","14:24:48",1884400
73000,200,2500,"sd","14:24:48",1884300
73000,200,2000,"sd","14:24:48",1881800
73000,200,5000,"sd","14:24:48",1879800
73000,200,100,"sd","14:24:48",1874800
73000,200,2900,"sd","14:24:48",1874700
73100,300,200,"bu","14:24:46",1871800
73100,300,3000,"bu","14:24:36",1871600
73100,300,1400,"bu","14:24:23",1868600
73100,300,1800,"bu","14:24:23",1867200
73100,300,3000,"bu","14:24:11",1865400
73100,300,100,"bu","14:23:59",1862400
73100,300,100,"bu","14:23:51",1862300
73100,300,100,"bu","14:23:51",1862200
73000,200,100,"sd","14:23:51",1862100
73000,200,5000,"sd","14:23:51",1862000
73000,200,3000,"sd","14:23:51",1857000
73000,200,100,"sd","14:23:51",1854000
73000,200,1800,"sd","14:23:51",1853900
73200,400,3000,"bu","14:23:26",1852100
73000,200,200,"sd","14:23:18",1849100
73000,200,500,"sd","14:23:18",1848900
73000,200,800,"sd","14:23:18",1848400
73200,400,2500,"bu","14:23:18",1847600
73200,400,200,"bu","14:23:06",1845100
73200,400,2700,"bu","14:23:06",1844900
73200,400,3100,"bu","14:22:54",1842200
73200,400,1400,"bu","14:22:44",1839100
73200,400,300,"bu","14:22:44",1837700
73200,400,1500,"bu","14:22:44",1837400
73000,200,3400,"sd","14:22:37",1835900
73000,200,100,"sd","14:22:37",1832500
73000,200,1000,"sd","14:22:37",1832400
73000,200,500,"sd","14:22:37",1831400
73200,400,3200,"bu","14:22:32",1830900
73200,400,2500,"bu","14:22:21",1827700
73200,400,100,"bu","14:22:21",1825200
73200,400,500,"bu","14:22:21",1825100
73100,300,200,"bu","14:22:21",1824600
73100,300,100,"sd","14:22:10",1824400
73200,400,500,"bu","14:22:10",1824300
73200,400,2200,"bu","14:22:10",1823800
73200,400,2700,"bu","14:22:01",1821600
73200,400,2700,"bu","14:21:48",1818900
73200,400,2100,"bu","14:21:36",1816200
73100,300,800,"bu","14:21:36",1814100
73100,300,2200,"bu","14:21:25",1813300
73100,300,100,"bu","14:21:25",1811100
73100,300,900,"bu","14:21:25",1811000
73100,300,200,"bu","14:21:15",1810100
73100,300,100,"bu","14:21:15",1809900
73100,300,500,"bu","14:21:15",1809800
73100,300,600,"bu","14:21:15",1809300
73200,400,300,"bu","14:21:15",1808700
73200,400,1000,"bu","14:21:15",1808400
73100,300,400,"bu","14:21:13",1807400
73100,300,600,"bu","14:21:13",1807000
73100,300,1600,"bu","14:21:07",1806400
73100,300,1600,"bu","14:21:07",1804800
73100,300,3000,"bu","14:20:57",1803200
73100,300,400,"bu","14:20:45",1800200
73100,300,1000,"bu","14:20:45",1799800
73100,300,800,"bu","14:20:45",1798800
73100,300,500,"bu","14:20:45",1798000
73100,300,200,"bu","14:20:45",1797500
73100,300,400,"bu","14:20:43",1797300
73100,300,1700,"bu","14:20:32",1796900
73100,300,300,"bu","14:20:20",1795200
73100,300,100,"bu","14:20:20",1794900
73100,300,1700,"bu","14:20:20",1794800
73000,200,1000,"bu","14:20:20",1793100
73100,300,100,"bu","14:20:16",1792100
73100,300,1200,"bu","14:20:07",1792000
73100,300,100,"bu","14:20:07",1790800
73100,300,100,"bu","14:20:07",1790700
73100,300,500,"bu","14:20:06",1790600
73100,300,1300,"bu","14:20:06",1790100
73100,300,2500,"bu","14:19:53",1788800
73000,200,100,"bu","14:19:53",1786300
73100,300,2100,"bu","14:19:43",1786200
73000,200,500,"bu","14:19:43",1784100
73000,200,2700,"bu","14:19:32",1783600
73000,200,300,"bu","14:19:32",1780900
73100,300,100,"bu","14:19:20",1780600
73000,200,2900,"bu","14:19:20",1780500
73000,200,500,"sd","14:19:16",1777600
73000,200,100,"sd","14:19:16",1777100
73100,300,2900,"bu","14:19:11",1777000
73100,300,1100,"bu","14:19:00",1774100
73100,300,1500,"bu","14:19:00",1773000
73000,200,200,"bu","14:18:53",1771500
73000,200,100,"bu","14:18:53",1771300
73000,200,1800,"bu","14:18:53",1771200
73000,200,200,"bu","14:18:51",1769400
73000,200,2600,"bu","14:18:49",1769200
73000,200,400,"bu","14:18:47",1766600
73000,200,1300,"bu","14:18:41",1766200
73000,200,3100,"bu","14:18:37",1764900
73000,200,400,"bu","14:18:36",1761800
73000,200,1000,"bu","14:18:35",1761400
73000,200,500,"bu","14:18:30",1760400
73000,200,3200,"bu","14:18:27",1759900
73000,200,500,"bu","14:18:19",1756700
72900,100,700,"sd","14:18:19",1756200
72900,100,200,"sd","14:18:19",1755500
73000,200,100,"sd","14:17:57",1755300
72900,100,100,"sd","14:17:49",1755200
72900,100,100,"sd","14:17:37",1755100
72900,100,100,"sd","14:17:37",1755000
72900,100,100,"sd","14:17:37",1754900
72900,100,100,"sd","14:17:37",1754800
72900,100,100,"sd","14:17:37",1754700
72900,100,1000,"sd","14:17:37",1754600
72900,100,5000,"sd","14:17:37",1753600
72900,100,2000,"sd","14:17:37",1748600
72900,100,1100,"sd","14:17:37",1746600
72900,100,500,"sd","14:17:37",1745500
72900,100,200,"sd","14:17:37",1745000
72900,100,700,"sd","14:17:37",1744800
72900,100,500,"sd","14:17:37",1744100
72900,100,500,"sd","14:17:37",1743600
72900,100,200,"sd","14:17:37",1743100
73000,200,500,"sd","14:17:28",1742900
73000,200,100,"sd","14:17:28",1742400
73000,200,500,"sd","14:17:28",1742300
73000,200,300,"sd","14:17:28",1741800
73000,200,300,"sd","14:17:28",1741500
73000,200,300,"sd","14:17:28",1741200
73000,200,700,"sd","14:17:23",1740900
73100,300,1500,"sd","14:16:56",1740200
73100,300,4500,"sd","14:16:56",1738700
73100,300,300,"sd","14:16:56",1734200
73100,300,200,"sd","14:16:56",1733900
73100,300,5000,"sd","14:16:56",1733700
73100,300,100,"sd","14:16:50",1728700
73100,300,5000,"sd","14:16:49",1728600
73100,300,10000,"sd","14:16:45",1723600
73100,300,700,"sd","14:16:34",1713600
73100,300,700,"sd","14:16:33",1712900
73200,400,2000,"bu","14:16:04",1712200
73200,400,700,"bu","14:16:03",1710200
73200,400,3800,"bu","14:15:59",1709500
73200,400,2000,"bu","14:15:53",1705700
73100,300,100,"bu","14:15:25",1703700
73100,300,700,"bu","14:15:25",1703600
73100,300,100,"bu","14:15:25",1702900
73100,300,500,"bu","14:15:25",1702800
73100,300,2000,"bu","14:15:25",1702300
73100,300,800,"bu","14:15:25",1700300
73100,300,1000,"bu","14:15:25",1699500
73100,300,900,"bu","14:15:25",1698500
73100,300,400,"bu","14:15:25",1697600
73100,300,600,"bu","14:15:10",1697200
73100,300,1400,"bu","14:15:10",1696600
73000,200,800,"sd","14:14:59",1695200
73100,300,600,"bu","14:14:54",1694400
73100,300,1200,"bu","14:14:54",1693800
73000,200,500,"sd","14:14:25",1692600
73100,300,500,"bu","14:14:14",1692100
73000,200,1000,"bu","14:14:12",1691600
73000,200,700,"bu","14:14:12",1690600
73000,200,500,"sd","14:13:58",1689900
73000,200,200,"sd","14:13:58",1689400
73000,200,100,"sd","14:13:58",1689200
73000,200,100,"sd","14:13:41",1689100
73000,200,100,"sd","14:13:41",1689000
73000,200,1700,"sd","14:13:41",1688900
73000,200,100,"sd","14:13:41",1687200
73000,200,500,"sd","14:13:31",1687100
73000,200,1000,"sd","14:13:31",1686600
73000,200,100,"sd","14:13:31",1685600
73000,200,1300,"sd","14:13:31",1685500
73000,200,200,"sd","14:13:31",1684200
73000,200,200,"sd","14:13:31",1684000
73000,200,30000,"sd","14:13:31",1683800
73000,200,1700,"sd","14:13:31",1653800
73000,200,300,"sd","14:13:14",1652100
73000,200,100,"sd","14:13:14",1651800
73000,200,100,"sd","14:13:14",1651700
73000,200,200,"sd","14:13:14",1651600
73100,300,300,"bu","14:13:05",1651400
73100,300,1700,"bu","14:13:05",1651100
73100,300,500,"bu","14:12:57",1649400
73100,300,100,"sd","14:12:37",1648900
73100,300,7700,"sd","14:12:37",1648800
73100,300,2300,"sd","14:12:21",1641100
73100,300,2000,"sd","14:12:21",1638800
73100,300,400,"sd","14:12:21",1636800
73100,300,200,"sd","14:12:21",1636400
73100,300,100,"sd","14:12:21",1636200
73200,400,500,"bu","14:12:20",1636100
73200,400,900,"bu","14:12:20",1635600
73200,400,400,"bu","14:11:48",1634700
73200,400,1000,"bu","14:11:48",1634300
73100,300,300,"sd","14:11:43",1633300
73100,300,400,"sd","14:11:38",1633000
73200,400,1000,"bu","14:11:31",1632600
73200,400,200,"bu","14:11:31",1631600
73200,400,200,"bu","14:11:31",1631400
73200,400,1400,"bu","14:10:39",1631200
73100,300,100,"sd","14:10:31",1629800
73100,300,100,"sd","14:10:31",1629700
73200,400,400,"bu","14:10:25",1629600
73200,400,800,"bu","14:10:25",1629200
73200,400,800,"bu","14:10:25",1628400
73200,400,600,"bu","14:10:25",1627600
73200,400,400,"bu","14:10:19",1627000
73200,400,1000,"bu","14:10:19",1626600
73200,400,1000,"bu","14:10:15",1625600
73200,400,1300,"bu","14:10:15",1624600
73200,400,1400,"bu","14:10:13",1623300
73200,400,300,"bu","14:09:43",1621900
73200,400,200,"bu","14:09:43",1621600
73200,400,500,"bu","14:09:43",1621400
73200,400,400,"bu","14:09:43",1620900
73100,300,100,"sd","14:09:26",1620500
73100,300,900,"sd","14:09:26",1620400
73100,300,500,"sd","14:09:15",1619500
73100,300,500,"sd","14:09:15",1619000
73100,300,500,"bu","14:09:08",1618500
73200,400,1600,"bu","14:08:57",1618000
73200,400,300,"bu","14:08:57",1616400
73100,300,800,"bu","14:08:57",1616100
73100,300,800,"bu","14:08:49",1615300
73100,300,600,"bu","14:08:49",1614500
73000,200,200,"sd","14:08:40",1613900
73000,200,100,"sd","14:08:40",1613700
73000,200,500,"sd","14:08:40",1613600
73000,200,600,"sd","14:08:40",1613100
73100,300,1400,"bu","14:08:29",1612500
73000,200,500,"sd","14:08:06",1611100
73100,300,600,"bu","14:08:01",1610600
73100,300,1400,"bu","14:08:01",1610000
73000,200,100,"sd","14:07:56",1608600
73100,300,1000,"bu","14:07:47",1608500
73100,300,2000,"bu","14:07:47",1607500
73100,300,200,"bu","14:07:47",1605500
73100,300,100,"bu","14:07:47",1605300
73100,300,700,"bu","14:07:47",1605200
73100,300,2500,"bu","14:07:47",1604500
73100,300,200,"bu","14:07:47",1602000
73100,300,100,"bu","14:07:47",1601800
73100,300,200,"bu","14:07:47",1601700
73100,300,200,"bu","14:07:47",1601500
73100,300,400,"bu","14:07:47",1601300
73100,300,1100,"bu","14:07:47",1600900
73100,300,100,"bu","14:07:47",1599800
73100,300,1200,"bu","14:07:47",1599700
73100,300,500,"bu","14:07:46",1598500
73100,300,100,"bu","14:07:31",1598000
73100,300,100,"bu","14:07:28",1597900
73100,300,2600,"bu","14:07:18",1597800
73100,300,900,"bu","14:06:45",1595200
73100,300,1400,"bu","14:06:35",1594300
73100,300,3200,"bu","14:06:30",1592900
73000,200,800,"sd","14:06:29",1589700
73100,300,2900,"bu","14:06:18",1588900
73100,300,1000,"bu","14:06:10",1586000
73100,300,3200,"bu","14:06:06",1585000
73000,200,600,"sd","14:05:40",1581800
73000,200,1000,"sd","14:05:21",1581200
73000,200,100,"sd","14:05:17",1580200
73000,200,100,"sd","14:04:48",1580100
73000,200,800,"sd","14:04:43",1580000
73000,200,1100,"sd","14:04:35",1579200
73000,200,500,"sd","14:03:20",1578100
73000,200,3000,"sd","14:03:15",1577600
73000,200,800,"sd","14:03:05",1574600
73100,300,400,"bu","14:02:51",1573800
73000,200,100,"sd","14:02:47",1573400
73100,300,100,"bu","14:02:44",1573300
73100,300,100,"bu","14:02:39",1573200
73100,300,100,"bu","14:02:19",1573100
73100,300,100,"bu","14:02:04",1573000
73100,300,1700,"bu","14:01:52",1572900
73000,200,700,"sd","14:01:25",1571200
73000,200,100,"sd","14:00:31",1570500
73000,200,100,"sd","14:00:22",1570400
73000,200,500,"sd","14:00:18",1570300
73000,200,5000,"sd","14:00:13",1569800
73000,200,800,"sd","13:59:43",1564800
73100,300,400,"bu","13:59:08",1564000
73100,300,100,"bu","13:59:08",1563600
73100,300,100,"bu","13:59:08",1563500
73100,300,200,"bu","13:59:08",1563400
73100,300,700,"bu","13:59:08",1563200
73100,300,2700,"bu","13:59:08",1562500
73100,300,100,"bu","13:59:08",1559800
73100,300,2000,"bu","13:59:08",1559700
73100,300,1000,"bu","13:59:08",1557700
73000,200,100,"sd","13:58:46",1556700
73000,200,100,"sd","13:58:34",1556600
73000,200,1700,"sd","13:58:14",1556500
73000,200,400,"sd","13:58:07",1554800
73100,300,500,"bu","13:57:51",1554400
73100,300,1000,"bu","13:57:05",1553900
73000,200,200,"sd","13:56:46",1552900
73000,200,100,"sd","13:56:43",1552700
73000,200,2500,"sd","13:56:27",1552600
73000,200,200,"bu","13:56:08",1550100
73000,200,200,"bu","13:56:08",1549900
73000,200,1100,"bu","13:56:08",1549700
73000,200,100,"bu","13:56:08",1548600
73000,200,800,"bu","13:56:08",1548500
73000,200,100,"bu","13:56:08",1547700
73000,200,3000,"bu","13:56:08",1547600
73000,200,200,"bu","13:56:08",1544600
73000,200,100,"bu","13:56:08",1544400
73000,200,600,"bu","13:56:08",1544300
73000,200,100,"bu","13:56:08",1543700
73000,200,200,"bu","13:56:08",1543600
73000,200,100,"bu","13:56:08",1543400
73000,200,4200,"bu","13:56:08",1543300
73000,200,100,"bu","13:56:08",1539100
73000,200,700,"bu","13:56:08",1539000
73000,200,100,"bu","13:56:08",1538300
72900,100,500,"sd","13:55:55",1538200
72900,100,300,"sd","13:55:50",1537700
72900,100,200,"sd","13:55:50",1537400
72900,100,100,"sd","13:55:33",1537200
72900,100,800,"sd","13:54:33",1537100
73000,200,5800,"bu","13:54:29",1536300
73000,200,500,"bu","13:54:29",1530500
73000,200,3700,"bu","13:54:29",1530000
72900,100,800,"sd","13:52:52",1526300
73000,200,300,"bu","13:52:24",1525500
73000,200,500,"bu","13:52:24",1525200
73000,200,2800,"bu","13:52:08",1524700
72900,100,400,"sd","13:51:33",1521900
72900,100,500,"sd","13:51:33",1521500
72900,100,100,"sd","13:51:33",1521000
72900,100,100,"sd","13:51:21",1520900
72900,100,400,"sd","13:51:21",1520800
72900,100,600,"sd","13:51:13",1520400
72900,100,200,"sd","13:51:13",1519800
72900,100,100,"sd","13:50:48",1519600
73000,200,300,"bu","13:50:25",1519500
73000,200,100,"bu","13:49:36",1519200
72900,100,200,"sd","13:49:35",1519100
72900,100,300,"sd","13:49:35",1518900
72900,100,700,"sd","13:49:28",1518600
72900,100,100,"sd","13:49:18",1517900
72900,100,200,"sd","13:49:09",1517800
72900,100,200,"sd","13:48:44",1517600
72900,100,100,"sd","13:48:44",1517400
72900,100,200,"sd","13:48:44",1517300
72900,100,100,"sd","13:48:38",1517100
72900,100,200,"sd","13:48:38",1517000
72900,100,100,"sd","13:48:38",1516800
72900,100,100,"sd","13:48:38",1516700
72900,100,1000,"sd","13:48:38",1516600
72900,100,200,"sd","13:48:38",1515600
72900,100,100,"sd","13:48:38",1515400
72900,100,200,"sd","13:48:38",1515300
72900,100,100,"sd","13:48:09",1515100
73000,200,800,"bu","13:47:51",1515000
72900,100,300,"sd","13:47:47",1514200
72900,100,500,"sd","13:47:47",1513900
72900,100,2500,"sd","13:47:46",1513400
72900,100,100,"sd","13:47:46",1510900
72900,100,200,"sd","13:47:46",1510800
72900,100,300,"sd","13:47:46",1510600
72900,100,100,"sd","13:47:46",1510300
72900,100,200,"sd","13:47:46",1510200
72900,100,500,"sd","13:47:46",1510000
72900,100,200,"sd","13:47:46",1509500
72900,100,800,"sd","13:47:46",1509300
72900,100,2600,"sd","13:47:46",1508500
72900,100,300,"sd","13:47:33",1505900
72900,100,100,"sd","13:46:48",1505600
72900,100,200,"sd","13:46:25",1505500
72900,100,800,"sd","13:46:07",1505300
72900,100,1000,"sd","13:45:21",1504500
73000,200,100,"bu","13:45:05",1503500
72900,100,700,"sd","13:44:22",1503400
72900,100,300,"sd","13:44:14",1502700
72900,100,1000,"sd","13:44:14",1502400
72900,100,100,"sd","13:44:14",1501400
72900,100,1600,"sd","13:44:14",1501300
72900,100,1400,"sd","13:44:05",1499700
72900,100,500,"sd","13:44:05",1498300
72900,100,100,"sd","13:44:05",1497800
73000,200,200,"bu","13:43:31",1497700
73000,200,200,"sd","13:43:20",1497500
73000,200,200,"sd","13:43:00",1497300
73000,200,2000,"sd","13:43:00",1497100
73000,200,500,"sd","13:43:00",1495100
73000,200,200,"sd","13:43:00",1494600
73000,200,2000,"sd","13:43:00",1494400
73000,200,100,"sd","13:43:00",1492400
73000,200,100,"sd","13:42:45",1492300
73000,200,100,"sd","13:42:43",1492200
73000,200,100,"sd","13:42:43",1492100
73000,200,100,"sd","13:42:43",1492000
73000,200,100,"sd","13:42:43",1491900
73000,200,400,"sd","13:42:43",1491800
73000,200,600,"sd","13:42:36",1491400
73000,200,100,"sd","13:42:14",1490800
73000,200,1900,"sd","13:42:12",1490700
73000,200,300,"sd","13:42:12",1488800
73000,200,100,"sd","13:42:12",1488500
73000,200,2000,"sd","13:42:12",1488400
73000,200,500,"sd","13:42:12",1486400
73000,200,300,"sd","13:42:12",1485900
73000,200,100,"sd","13:42:12",1485600
73000,200,7000,"sd","13:42:12",1485500
73000,200,200,"sd","13:42:12",1478500
73000,200,1000,"sd","13:42:12",1478300
73000,200,800,"sd","13:42:12",1477300
73000,200,300,"sd","13:42:12",1476500
73000,200,100,"sd","13:42:12",1476200
73000,200,400,"sd","13:42:12",1476100
73000,200,100,"sd","13:41:55",1475700
73000,200,100,"sd","13:41:40",1475600
73000,200,100,"sd","13:41:40",1475500
73000,200,100,"sd","13:41:40",1475400
73000,200,200,"sd","13:41:40",1475300
73000,200,200,"sd","13:41:40",1475100
73000,200,200,"sd","13:41:40",1474900
73000,200,500,"sd","13:41:40",1474700
73000,200,100,"sd","13:41:40",1474200
73000,200,4500,"sd","13:41:40",1474100
73100,300,200,"bu","13:40:37",1469600
73000,200,500,"sd","13:40:20",1469400
73000,200,700,"sd","13:39:20",1468900
73100,300,300,"bu","13:39:12",1468200
73100,300,500,"bu","13:39:12",1467900
73100,300,100,"bu","13:39:12",1467400
73100,300,1000,"bu","13:38:59",1467300
73100,300,800,"bu","13:38:59",1466300
73100,300,300,"bu","13:38:59",1465500
73100,300,200,"bu","13:38:13",1465200
73000,200,800,"sd","13:37:38",1465000
73100,300,100,"sd","13:37:24",1464200
73100,300,200,"sd","13:37:24",1464100
73100,300,800,"sd","13:37:15",1463900
73100,300,500,"sd","13:37:15",1463100
73100,300,100,"sd","13:37:15",1462600
73100,300,100,"sd","13:37:15",1462500
73100,300,1000,"sd","13:37:15",1462400
73100,300,200,"sd","13:37:15",1461400
73100,300,100,"sd","13:37:15",1461200
73100,300,1200,"sd","13:37:15",1461100
73100,300,100,"sd","13:36:35",1459900
73100,300,700,"sd","13:36:27",1459800
73100,300,9300,"sd","13:36:27",1459100
73100,300,700,"sd","13:35:53",1449800
73100,300,100,"sd","13:35:53",1449100
73100,300,100,"sd","13:35:28",1449000
73100,300,100,"sd","13:34:14",1448900
73100,300,800,"sd","13:34:12",1448800
73100,300,400,"sd","13:33:27",1448000
73100,300,700,"sd","13:32:33",1447600
73200,400,700,"bu","13:30:51",1446900
73200,400,100,"bu","13:30:51",1446200
73200,400,3000,"bu","13:30:51",1446100
73200,400,3000,"bu","13:30:51",1443100
73200,400,1500,"bu","13:30:51",1440100
73200,400,1700,"bu","13:30:51",1438600
73100,300,800,"sd","13:30:50",1436900
73200,400,300,"bu","13:29:48",1436100
73200,400,100,"bu","13:29:47",1435800
73100,300,1300,"sd","13:29:46",1435700
73200,400,100,"sd","13:29:21",1434400
73200,400,100,"sd","13:29:14",1434300
73200,400,200,"sd","13:29:14",1434200
73200,400,100,"sd","13:29:11",1434000
73200,400,700,"sd","13:29:11",1433900
73200,400,100,"sd","13:28:42",1433200
73200,400,100,"sd","13:28:32",1433100
73200,400,100,"sd","13:28:19",1433000
73200,400,100,"sd","13:28:19",1432900
73200,400,4800,"sd","13:28:19",1432800
73200,400,1400,"sd","13:27:52",1428000
73200,400,1000,"sd","13:27:48",1426600
73200,400,2000,"sd","13:27:40",1425600
73200,400,700,"sd","13:27:28",1423600
73300,500,100,"bu","13:27:18",1422900
73300,500,400,"bu","13:27:14",1422800
73300,500,100,"bu","13:26:47",1422400
73200,400,200,"sd","13:26:45",1422300
73200,400,1400,"sd","13:26:38",1422100
73200,400,1000,"sd","13:26:25",1420700
73200,400,100,"sd","13:25:58",1419700
73200,400,800,"sd","13:25:42",1419600
73300,500,1200,"bu","13:25:19",1418800
73300,500,300,"bu","13:25:19",1417600
73300,500,500,"bu","13:25:19",1417300
73200,400,600,"sd","13:25:17",1416800
73300,500,100,"bu","13:25:05",1416200
73300,500,500,"bu","13:24:56",1416100
73300,500,4000,"bu","13:24:44",1415600
73300,500,400,"bu","13:24:25",1411600
73200,400,800,"sd","13:24:06",1411200
73300,500,200,"bu","13:23:50",1410400
73200,400,100,"bu","13:23:24",1410200
73200,400,200,"bu","13:23:24",1410100
73200,400,200,"bu","13:23:24",1409900
73200,400,700,"bu","13:23:24",1409700
73200,400,300,"sd","13:22:23",1409000
73200,400,700,"sd","13:22:21",1408700
73200,400,700,"sd","13:22:14",1408000
73200,400,200,"sd","13:22:14",1407300
73200,400,100,"sd","13:22:14",1407100
73200,400,1000,"sd","13:22:14",1407000
73200,400,100,"sd","13:22:14",1406000
73200,400,100,"sd","13:22:14",1405900
73200,400,1000,"sd","13:22:14",1405800
73200,400,200,"sd","13:22:14",1404800
73200,400,500,"sd","13:22:14",1404600
73200,400,9700,"sd","13:22:14",1404100
73200,400,100,"sd","13:21:36",1394400
73300,500,100,"bu","13:21:28",1394300
73200,400,1400,"sd","13:21:12",1394200
73200,400,100,"sd","13:20:29",1392800
73300,500,200,"bu","13:19:54",1392700
73200,400,1400,"sd","13:19:50",1392500
73300,500,100,"bu","13:19:16",1391100
73300,500,3900,"bu","13:18:55",1391000
73300,500,10000,"bu","13:18:55",1387100
73300,500,100,"bu","13:18:55",1377100
73300,500,300,"bu","13:18:55",1377000
73300,500,300,"bu","13:18:55",1376700
73300,500,2000,"bu","13:18:55",1376400
73300,500,100,"bu","13:18:55",1374400
73300,500,2000,"bu","13:18:55",1374300
73300,500,5800,"bu","13:18:55",1372300
73300,500,3000,"bu","13:18:55",1366500
73300,500,100,"bu","13:18:55",1363500
73300,500,2400,"bu","13:18:55",1363400
73200,400,600,"sd","13:18:40",1361000
73200,400,200,"sd","13:18:06",1360400
73300,500,100,"bu","13:18:06",1360200
73300,500,100,"bu","13:18:06",1360100
73200,400,1400,"sd","13:18:02",1360000
73200,400,200,"sd","13:17:39",1358600
73200,400,500,"sd","13:17:28",1358400
73200,400,800,"bu","13:17:13",1357900
73200,400,3600,"bu","13:17:13",1357100
73100,300,800,"sd","13:17:13",1353500
73100,300,700,"sd","13:16:59",1352700
73200,400,200,"bu","13:16:59",1352000
73100,300,500,"sd","13:16:54",1351800
73100,300,100,"sd","13:16:47",1351300
73200,400,1000,"sd","13:16:41",1351200
73200,400,1500,"sd","13:16:38",1350200
73200,400,3000,"sd","13:16:37",1348700
73200,400,3000,"sd","13:16:37",1345700
73200,400,3000,"sd","13:16:29",1342700
73200,400,800,"bu","13:16:08",1339700
73200,400,500,"bu","13:16:08",1338900
73200,400,200,"bu","13:16:08",1338400
73200,400,4500,"bu","13:16:08",1338200
73100,300,2800,"sd","13:16:01",1333700
73100,300,100,"sd","13:15:58",1330900
73100,300,700,"sd","13:15:36",1330800
73100,300,100,"sd","13:14:48",1330100
73100,300,1900,"sd","13:14:48",1330000
73100,300,800,"sd","13:14:38",1328100
73100,300,200,"sd","13:14:38",1327300
73100,300,1500,"sd","13:14:38",1327100
73100,300,600,"sd","13:14:31",1325600
73100,300,400,"sd","13:14:31",1325000
73100,300,500,"sd","13:14:20",1324600
73100,300,1500,"sd","13:14:20",1324100
73100,300,200,"sd","13:14:20",1322600
73100,300,100,"sd","13:14:20",1322400
73100,300,500,"sd","13:14:20",1322300
73100,300,100,"sd","13:14:20",1321800
73100,300,200,"sd","13:14:20",1321700
73100,300,300,"sd","13:14:20",1321500
73100,300,1600,"sd","13:14:20",1321200
73200,400,800,"sd","13:14:09",1319600
73200,400,200,"sd","13:13:57",1318800
73200,400,100,"sd","13:13:57",1318600
73200,400,200,"sd","13:13:57",1318500
73200,400,800,"sd","13:13:54",1318300
73200,400,2000,"sd","13:13:52",1317500
73200,400,2200,"sd","13:13:37",1315500
73200,400,200,"sd","13:13:37",1313300
73200,400,200,"sd","13:13:37",1313100
73200,400,200,"sd","13:13:37",1312900
73200,400,100,"sd","13:13:37",1312700
73200,400,2000,"sd","13:13:37",1312600
73200,400,100,"sd","13:13:37",1310600
73200,400,300,"sd","13:13:37",1310500
73200,400,2300,"sd","13:13:37",1310200
73200,400,800,"sd","13:12:41",1307900
73300,500,100,"bu","13:12:35",1307100
73200,400,1000,"sd","13:12:01",1307000
73200,400,300,"sd","13:12:01",1306000
73200,400,5000,"sd","13:12:01",1305700
73200,400,500,"sd","13:12:01",1300700
73200,400,8200,"sd","13:12:01",1300200
73200,400,1800,"sd","13:11:35",1292000
73200,400,1200,"sd","13:11:35",1290200
73200,400,200,"sd","13:11:17",1289000
73200,400,100,"sd","13:10:23",1288800
73200,400,100,"sd","13:10:18",1288700
73300,500,200,"unknown","13:09:35",1288600
73300,500,100,"sd","13:09:35",1288400
73300,500,200,"sd","13:09:35",1288300
73300,500,3000,"sd","13:09:30",1288100
73300,500,1000,"sd","13:09:27",1285100
73300,500,500,"sd","13:09:26",1284100
73300,500,1500,"sd","13:09:06",1283600
73300,500,500,"sd","13:08:59",1282100
73300,500,2000,"sd","13:08:52",1281600
73300,500,800,"sd","13:08:48",1279600
73300,500,500,"bu","13:08:47",1278800
73300,500,500,"bu","13:08:47",1278300
73300,500,100,"bu","13:08:47",1277800
73300,500,300,"bu","13:08:47",1277700
73300,500,100,"bu","13:08:47",1277400
73300,500,700,"bu","13:08:47",1277300
73300,500,300,"bu","13:08:47",1276600
73200,400,200,"sd","13:08:37",1276300
73300,500,1800,"bu","13:08:22",1276100
73300,500,1700,"bu","13:08:13",1274300
73300,500,900,"bu","13:08:13",1272600
73300,500,100,"bu","13:08:13",1271700
73300,500,500,"bu","13:08:13",1271600
73300,500,100,"bu","13:08:13",1271100
73300,500,500,"bu","13:08:13",1271000
73300,500,5000,"bu","13:08:13",1270500
73300,500,100,"bu","13:08:13",1265500
73300,500,500,"bu","13:08:13",1265400
73300,500,600,"bu","13:08:13",1264900
73300,500,400,"bu","13:07:41",1264300
73300,500,300,"bu","13:07:41",1263900
73300,500,300,"bu","13:07:41",1263600
73300,500,500,"bu","13:07:38",1263300
73300,500,1000,"bu","13:07:37",1262800
73300,500,200,"bu","13:07:37",1261800
73200,400,300,"sd","13:07:26",1261600
73300,500,200,"bu","13:07:19",1261300
73300,500,300,"bu","13:07:18",1261100
73300,500,300,"bu","13:07:18",1260800
73300,500,1000,"bu","13:07:18",1260500
73300,500,400,"bu","13:07:18",1259500
73300,500,400,"bu","13:07:08",1259100
73200,400,800,"sd","13:07:05",1258700
73300,500,500,"bu","13:06:07",1257900
73200,400,200,"sd","13:06:01",1257400
73200,400,100,"sd","13:05:59",1257200
73300,500,100,"bu","13:05:38",1257100
73200,400,1000,"sd","13:05:28",1257000
73200,400,800,"sd","13:05:27",1256000
73200,400,1000,"sd","13:05:27",1255200
73200,400,200,"sd","13:05:27",1254200
73300,500,500,"sd","13:04:20",1254000
73300,500,100,"sd","13:04:20",1253500
73300,500,1000,"sd","13:04:04",1253400
73300,500,1000,"sd","13:04:01",1252400
73300,500,200,"sd","13:03:54",1251400
73300,500,200,"sd","13:03:36",1251200
73300,500,100,"bu","13:03:28",1251000
73300,500,100,"bu","13:03:28",1250900
73300,500,200,"bu","13:03:28",1250800
73300,500,100,"bu","13:03:28",1250600
73300,500,800,"bu","13:03:28",1250500
73300,500,500,"bu","13:03:28",1249700
73300,500,100,"bu","13:03:28",1249200
73300,500,500,"bu","13:03:28",1249100
73300,500,100,"bu","13:03:28",1248600
73300,500,600,"bu","13:03:23",1248500
73300,500,200,"bu","13:03:18",1247900
73300,500,100,"bu","13:03:18",1247700
73300,500,200,"bu","13:03:18",1247600
73300,500,100,"bu","13:03:18",1247400
73300,500,400,"bu","13:03:18",1247300
73300,500,100,"bu","13:03:18",1246900
73300,500,100,"bu","13:03:18",1246800
73300,500,100,"bu","13:03:18",1246700
73300,500,100,"bu","13:03:18",1246600
73300,500,500,"bu","13:03:18",1246500
73300,500,500,"bu","13:02:58",1246000
73300,500,500,"bu","13:02:58",1245500
73300,500,5000,"bu","13:02:58",1245000
73300,500,300,"bu","13:02:58",1240000
73300,500,200,"bu","13:02:58",1239700
73300,500,100,"bu","13:02:58",1239500
73300,500,400,"bu","13:02:47",1239400
73300,500,600,"bu","13:02:47",1239000
73300,500,1000,"bu","13:02:47",1238400
73200,400,300,"sd","13:01:57",1237400
73200,400,100,"sd","13:01:57",1237100
73200,400,400,"sd","13:01:57",1237000
73300,500,200,"bu","13:01:30",1236600
73300,500,300,"bu","13:00:40",1236400
73200,400,100,"sd","13:00:38",1236100
73200,400,700,"sd","13:00:38",1236000
73300,500,300,"bu","13:00:17",1235300
73200,400,100,"sd","13:00:02",1235000
73200,400,100,"sd","13:00:02",1234900
73300,500,200,"bu","13:00:01",1234800
73300,500,100,"bu","13:00:01",1234600
73200,400,500,"sd","12:59:59",1234500
73300,500,100,"bu","12:59:59",1234000
73300,500,800,"bu","12:59:59",1233900
73300,500,1600,"bu","12:59:59",1233100
73300,500,300,"bu","12:59:59",1231500
73300,500,200,"bu","11:29:29",1231200
73300,500,100,"bu","11:28:47",1231000
73200,400,600,"sd","11:28:01",1230900
73200,400,200,"sd","11:28:01",1230300
73200,400,200,"sd","11:28:01",1230100
73200,400,200,"sd","11:28:01",1229900
73200,400,100,"sd","11:28:01",1229700
73200,400,100,"sd","11:28:01",1229600
73200,400,100,"sd","11:28:01",1229500
73200,400,400,"sd","11:28:01",1229400
73200,400,200,"sd","11:28:01",1229000
73200,400,300,"sd","11:28:01",1228800
73200,400,100,"sd","11:28:01",1228500
73200,400,200,"sd","11:28:01",1228400
73200,400,300,"sd","11:28:01",1228200
73300,500,600,"bu","11:28:00",1227900
73300,500,400,"bu","11:28:00",1227300
73300,500,100,"bu","11:27:44",1226900
73300,500,100,"bu","11:27:42",1226800
73300,500,2000,"bu","11:27:31",1226700
73300,500,1000,"bu","11:27:06",1224700
73300,500,1000,"bu","11:26:20",1223700
73300,500,400,"bu","11:26:12",1222700
73300,500,200,"bu","11:26:12",1222300
73300,500,300,"bu","11:26:11",1222100
73300,500,100,"bu","11:26:11",1221800
73300,500,400,"bu","11:26:05",1221700
73300,500,300,"bu","11:25:56",1221300
73300,500,100,"bu","11:25:56",1221000
73300,500,1400,"bu","11:25:56",1220900
73300,500,100,"bu","11:25:32",1219500
73300,500,1000,"bu","11:25:19",1219400
73200,400,800,"sd","11:25:12",1218400
73300,500,1000,"bu","11:24:24",1217600
73300,500,100,"bu","11:24:18",1216600
73300,500,100,"bu","11:24:16",1216500
73300,500,100,"bu","11:23:42",1216400
73300,500,1000,"bu","11:23:31",1216300
73300,500,200,"bu","11:23:10",1215300
73300,500,100,"sd","11:22:51",1215100
73300,500,900,"bu","11:22:37",1215000
73300,500,4000,"sd","11:22:29",1214100
73300,500,300,"sd","11:22:29",1210100
73300,500,700,"sd","11:22:29",1209800
73300,500,300,"sd","11:22:29",1209100
73300,500,1000,"sd","11:22:29",1208800
73300,500,100,"sd","11:22:29",1207800
73300,500,2700,"sd","11:22:29",1207700
73400,600,100,"bu","11:22:28",1205000
73300,500,100,"sd","11:22:10",1204900
73300,500,1100,"sd","11:22:04",1204800
73300,500,800,"sd","11:21:48",1203700
73400,600,1000,"bu","11:21:43",1202900
73300,500,100,"sd","11:21:34",1201900
73300,500,100,"sd","11:21:31",1201800
73300,500,100,"sd","11:21:28",1201700
73300,500,100,"sd","11:21:10",1201600
73400,600,1000,"bu","11:20:50",1201500
73400,600,100,"bu","11:20:46",1200500
73400,600,1000,"bu","11:20:41",1200400
73300,500,400,"sd","11:20:32",1199400
73300,500,700,"bu","11:20:13",1199000
73300,500,300,"bu","11:20:13",1198300
73200,400,800,"sd","11:20:06",1198000
73300,500,1000,"bu","11:19:56",1197200
73300,500,200,"bu","11:19:50",1196200
73300,500,4200,"sd","11:19:36",1196000
73300,500,900,"sd","11:19:36",1191800
73300,500,1000,"sd","11:19:36",1190900
73300,500,400,"sd","11:19:36",1189900
73400,600,500,"bu","11:19:02",1189500
73400,600,500,"bu","11:19:02",1189000
73300,500,100,"sd","11:18:54",1188500
73400,600,4000,"bu","11:18:36",1188400
73400,600,500,"bu","11:18:35",1184400
73300,500,500,"sd","11:18:26",1183900
73300,500,300,"sd","11:18:26",1183400
73400,600,100,"bu","11:18:12",1183100
73400,600,400,"bu","11:18:12",1183000
73300,500,600,"sd","11:18:09",1182600
73300,500,100,"sd","11:18:08",1182000
73300,500,100,"bu","11:17:50",1181900
73300,500,1000,"bu","11:17:38",1181800
73300,500,900,"sd","11:17:14",1180800
73300,500,100,"bu","11:17:14",1179900
73200,400,700,"sd","11:16:40",1179800
73300,500,2100,"bu","11:16:38",1179100
73300,500,1000,"bu","11:16:33",1177000
73300,500,500,"sd","11:16:24",1176000
73300,500,200,"sd","11:16:24",1175500
73300,500,1200,"sd","11:16:24",1175300
73400,600,1000,"bu","11:16:21",1174100
73300,500,100,"sd","11:15:59",1173100
73300,500,100,"sd","11:15:59",1173000
73300,500,300,"sd","11:15:59",1172900
73300,500,200,"sd","11:15:59",1172600
73300,500,2300,"sd","11:15:59",1172400
73300,500,2000,"sd","11:15:39",1170100
73400,600,2800,"bu","11:15:35",1168100
73300,500,4700,"sd","11:15:34",1165300
73300,500,300,"sd","11:15:34",1160600
73300,500,200,"sd","11:15:29",1160300
73300,500,100,"sd","11:15:29",1160100
73300,500,200,"sd","11:15:29",1160000
73400,600,1000,"bu","11:15:27",1159800
73300,500,100,"sd","11:15:19",1158800
73300,500,800,"sd","11:15:02",1158700
73300,500,1000,"sd","11:14:53",1157900
73400,600,500,"bu","11:14:50",1156900
73400,600,1000,"bu","11:14:33",1156400
73400,600,100,"bu","11:14:22",1155400
73400,600,1000,"bu","11:14:08",1155300
73300,500,4600,"sd","11:14:04",1154300
73300,500,1000,"sd","11:14:04",1149700
73300,500,1000,"sd","11:14:04",1148700
73300,500,800,"sd","11:14:04",1147700
73300,500,1500,"sd","11:14:04",1146900
73300,500,1100,"sd","11:14:04",1145400
73400,600,200,"bu","11:13:39",1144300
73400,600,800,"bu","11:13:39",1144100
73400,600,100,"bu","11:13:10",1143300
73400,600,100,"bu","11:12:46",1143200
73400,600,900,"bu","11:12:46",1143100
73400,600,1000,"bu","11:11:52",1142200
73400,600,200,"sd","11:11:46",1141200
73400,600,500,"sd","11:11:46",1141000
73400,600,100,"sd","11:11:46",1140500
73400,600,2300,"sd","11:11:46",1140400
73400,600,700,"sd","11:11:37",1138100
73500,700,200,"bu","11:11:03",1137400
73500,700,1000,"bu","11:10:58",1137200
73400,600,700,"sd","11:10:40",1136200
73400,600,100,"bu","11:10:38",1135500
73400,600,800,"bu","11:10:38",1135400
73400,600,100,"bu","11:10:38",1134600
73400,600,1000,"bu","11:10:38",1134500
73400,600,100,"bu","11:10:38",1133500
73400,600,200,"bu","11:10:38",1133400
73400,600,300,"bu","11:10:38",1133200
73400,600,13700,"bu","11:10:38",1132900
73300,500,200,"sd","11:10:36",1119200
73400,600,100,"bu","11:10:34",1119000
73400,600,300,"bu","11:10:34",1118900
73400,600,100,"bu","11:10:19",1118600
73400,600,800,"bu","11:10:04",1118500
73400,600,200,"bu","11:10:04",1117700
73400,600,200,"bu","11:09:10",1117500
73400,600,300,"bu","11:09:10",1117300
73400,600,100,"bu","11:09:10",1117000
73400,600,400,"bu","11:09:10",1116900
73400,600,100,"bu","11:08:47",1116500
73400,600,200,"bu","11:08:33",1116400
73400,600,300,"sd","11:08:21",1116200
73400,600,700,"bu","11:08:17",1115900
73400,600,100,"sd","11:08:15",1115200
73400,600,200,"sd","11:08:11",1115100
73400,600,700,"sd","11:08:08",1114900
73400,600,300,"sd","11:08:08",1114200
73400,600,100,"sd","11:08:04",1113900
73400,600,100,"sd","11:07:53",1113800
73400,600,1000,"sd","11:07:51",1113700
73400,600,100,"sd","11:07:50",1112700
73400,600,600,"bu","11:07:45",1112600
73400,600,300,"bu","11:07:41",1112000
73400,600,100,"sd","11:07:39",1111700
73400,600,400,"bu","11:07:36",1111600
73400,600,100,"bu","11:07:27",1111200
73400,600,1000,"bu","11:07:23",1111100
73400,600,1000,"bu","11:07:21",1110100
73500,700,200,"bu","11:07:03",1109100
73500,700,2200,"bu","11:06:54",1108900
73400,600,200,"bu","11:06:54",1106700
73400,600,800,"bu","11:06:54",1106500
73400,600,100,"bu","11:06:54",1105700
73400,600,5000,"bu","11:06:54",1105600
73400,600,1000,"bu","11:06:54",1100600
73400,600,700,"bu","11:06:54",1099600
73400,600,100,"bu","11:06:41",1098900
73400,600,100,"bu","11:06:34",1098800
73400,600,100,"bu","11:06:29",1098700
73400,600,900,"bu","11:06:28",1098600
73400,600,100,"sd","11:05:44",1097700
73400,600,900,"bu","11:05:35",1097600
73400,600,300,"bu","11:05:30",1096700
73300,500,700,"sd","11:05:29",1096400
73400,600,100,"bu","11:05:23",1095700
73300,500,100,"sd","11:05:19",1095600
73400,600,500,"sd","11:05:16",1095500
73400,600,100,"sd","11:05:16",1095000
73400,600,3200,"sd","11:05:15",1094900
73400,600,1400,"sd","11:05:15",1091700
73400,600,500,"sd","11:05:15",1090300
73400,600,3000,"sd","11:05:15",1089800
73500,700,1000,"bu","11:05:08",1086800
73500,700,300,"bu","11:05:08",1085800
73500,700,700,"bu","11:05:08",1085500
73400,600,100,"sd","11:05:02",1084800
73500,700,300,"bu","11:04:45",1084700
73500,700,100,"bu","11:04:45",1084400
73500,700,200,"bu","11:04:45",1084300
73400,600,500,"sd","11:04:41",1084100
73500,700,1000,"bu","11:04:41",1083600
73500,700,500,"bu","11:04:34",1082600
73500,700,1000,"bu","11:04:15",1082100
73500,700,1000,"bu","11:04:15",1081100
73500,700,1000,"bu","11:04:15",1080100
73400,600,200,"bu","11:04:01",1079100
73400,600,100,"bu","11:04:01",1078900
73400,600,800,"bu","11:04:01",1078800
73400,600,1000,"bu","11:04:01",1078000
73400,600,1500,"bu","11:04:01",1077000
73400,600,100,"bu","11:04:01",1075500
73400,600,500,"bu","11:04:01",1075400
73400,600,1000,"bu","11:04:01",1074900
73400,600,100,"bu","11:04:01",1073900
73400,600,1000,"bu","11:04:01",1073800
73400,600,100,"bu","11:04:01",1072800
73400,600,1000,"bu","11:03:53",1072700
73400,600,100,"bu","11:03:50",1071700
73400,600,1000,"bu","11:03:48",1071600
73400,600,5000,"bu","11:03:48",1070600
73400,600,100,"bu","11:03:31",1065600
73300,500,100,"sd","11:03:26",1065500
73300,500,500,"sd","11:03:21",1065400
73300,500,200,"sd","11:03:16",1064900
73400,600,1000,"bu","11:03:15",1064700
73300,500,800,"sd","11:03:07",1063700
73400,600,1700,"bu","11:03:00",1062900
73400,600,900,"bu","11:03:00",1061200
73400,600,100,"bu","11:02:54",1060300
73400,600,100,"bu","11:02:54",1060200
73400,600,800,"bu","11:02:54",1060100
73300,500,600,"bu","11:02:36",1059300
73300,500,100,"bu","11:02:36",1058700
73300,500,600,"bu","11:02:36",1058600
73300,500,100,"bu","11:02:31",1058000
73300,500,100,"bu","11:02:31",1057900
73300,500,200,"bu","11:02:31",1057800
73300,500,900,"bu","11:02:31",1057600
73300,500,3000,"bu","11:02:21",1056700
73300,500,1300,"bu","11:02:20",1053700
73300,500,1000,"bu","11:02:17",1052400
73300,500,300,"bu","11:02:12",1051400
73300,500,100,"bu","11:02:09",1051100
73300,500,100,"bu","11:02:02",1051000
73300,500,100,"bu","11:02:01",1050900
73300,500,1000,"bu","11:02:00",1050800
73300,500,100,"bu","11:01:53",1049800
73300,500,3000,"bu","11:01:31",1049700
73200,400,800,"sd","11:01:28",1046700
73200,400,1000,"sd","11:01:26",1045900
73300,500,1000,"bu","11:01:21",1044900
73200,400,300,"sd","11:01:03",1043900
73200,400,100,"sd","11:00:29",1043600
73200,400,200,"sd","10:59:54",1043500
73200,400,300,"sd","10:59:54",1043300
73300,500,5000,"sd","10:59:42",1043000
73300,500,600,"sd","10:59:42",1038000
73300,500,1000,"sd","10:59:41",1037400
73300,500,600,"sd","10:59:41",1036400
73300,500,100,"sd","10:59:41",1035800
73300,500,600,"sd","10:59:41",1035700
73300,500,100,"sd","10:59:41",1035100
73300,500,500,"sd","10:59:41",1035000
73300,500,1000,"sd","10:59:41",1034500
73300,500,500,"sd","10:59:41",1033500
73300,500,500,"sd","10:59:30",1033000
73300,500,100,"sd","10:59:26",1032500
73300,500,900,"sd","10:59:20",1032400
73300,500,100,"sd","10:59:20",1031500
73300,500,500,"sd","10:59:04",1031400
73300,500,500,"sd","10:58:52",1030900
73300,500,500,"sd","10:58:52",1030400
73400,600,500,"bu","10:58:52",1029900
73300,500,200,"sd","10:58:36",1029400
73400,600,1700,"bu","10:58:25",1029200
73400,600,2300,"bu","10:58:25",1027500
73400,600,1700,"bu","10:58:19",1025200
73400,600,500,"bu","10:58:17",1023500
73300,500,300,"sd","10:58:01",1023000
73300,500,300,"sd","10:58:01",1022700
73400,600,1300,"sd","10:58:01",1022400
73400,600,100,"sd","10:58:01",1021100
73400,600,300,"bu","10:57:59",1021000
73400,600,600,"bu","10:57:59",1020700
73400,600,400,"bu","10:57:51",1020100
73400,600,100,"bu","10:57:51",1019700
73400,600,900,"sd","10:57:47",1019600
73400,600,500,"sd","10:57:45",1018700
73400,600,100,"bu","10:57:38",1018200
73400,600,2900,"bu","10:57:33",1018100
73400,600,1000,"bu","10:57:33",1015200
73400,600,500,"bu","10:57:33",1014200
73400,600,600,"bu","10:57:33",1013700
73400,600,100,"bu","10:57:30",1013100
73400,600,500,"bu","10:57:25",1013000
73400,600,200,"sd","10:57:07",1012500
73400,600,500,"sd","10:57:07",1012300
73400,600,100,"sd","10:57:07",1011800
73400,600,1000,"sd","10:57:07",1011700
73400,600,1300,"sd","10:57:07",1010700
73400,600,200,"sd","10:57:07",1009400
73400,600,600,"sd","10:57:07",1009200
73500,700,300,"bu","10:57:04",1008600
73500,700,700,"bu","10:57:04",1008300
73400,600,1000,"sd","10:57:04",1007600
73400,600,200,"sd","10:57:01",1006600
73500,700,1000,"bu","10:56:45",1006400
73400,600,800,"sd","10:56:42",1005400
73400,600,1000,"sd","10:56:42",1004600
73400,600,1900,"sd","10:56:42",1003600
73500,700,100,"bu","10:56:23",1001700
73500,700,100,"bu","10:56:23",1001600
73400,600,200,"sd","10:56:20",1001500
73500,700,400,"sd","10:56:13",1001300
73500,700,200,"bu","10:56:02",1000900
73500,700,100,"bu","10:56:02",1000700
73500,700,100,"bu","10:56:02",1000600
73500,700,100,"bu","10:56:02",1000500
73500,700,100,"bu","10:56:02",1000400
73400,600,500,"bu","10:55:59",1000300
73400,600,3400,"bu","10:55:59",999800
73400,600,1000,"bu","10:55:59",996400
73400,600,1000,"bu","10:55:59",995400
73400,600,1000,"bu","10:55:51",994400
73400,600,300,"bu","10:55:49",993400
73400,600,500,"bu","10:55:37",993100
73400,600,1000,"sd","10:55:37",992600
73400,600,1000,"sd","10:55:37",991600
73400,600,1000,"sd","10:55:37",990600
73400,600,1000,"sd","10:55:37",989600
73400,600,800,"sd","10:55:37",988600
73500,700,100,"bu","10:55:36",987800
73500,700,100,"bu","10:55:33",987700
73500,700,100,"bu","10:55:33",987600
73500,700,1000,"bu","10:55:33",987500
73500,700,2000,"bu","10:55:33",986500
73500,700,100,"bu","10:55:33",984500
73500,700,100,"bu","10:55:33",984400
73500,700,1000,"bu","10:55:33",984300
73500,700,1000,"bu","10:55:33",983300
73500,700,200,"bu","10:55:33",982300
73500,700,400,"bu","10:55:33",982100
73400,600,100,"sd","10:55:31",981700
73400,600,100,"bu","10:55:25",981600
73500,700,500,"bu","10:55:16",981500
73500,700,500,"bu","10:55:16",981000
73500,700,1100,"bu","10:55:16",980500
73500,700,100,"bu","10:55:16",979400
73500,700,100,"bu","10:55:16",979300
73500,700,10000,"bu","10:55:16",979200
73500,700,1500,"bu","10:55:16",969200
73500,700,100,"bu","10:55:16",967700
73500,700,100,"bu","10:55:16",967600
73500,700,1000,"bu","10:55:16",967500
73500,700,300,"bu","10:55:16",966500
73500,700,100,"bu","10:55:16",966200
73500,700,1000,"bu","10:55:16",966100
73500,700,10000,"bu","10:55:16",965100
73500,700,100,"bu","10:55:16",955100
73500,700,2000,"bu","10:55:16",955000
73500,700,700,"bu","10:55:16",953000
73500,700,10000,"bu","10:55:16",952300
73500,700,500,"bu","10:55:16",942300
73500,700,2000,"bu","10:55:16",941800
73500,700,200,"bu","10:55:16",939800
73500,700,100,"bu","10:55:16",939600
73500,700,100,"bu","10:55:16",939500
73500,700,100,"bu","10:55:16",939400
73500,700,100,"bu","10:55:16",939300
73500,700,100,"bu","10:55:16",939200
73500,700,100,"bu","10:55:16",939100
73500,700,1700,"bu","10:55:16",939000
73400,600,100,"bu","10:55:16",937300
73500,700,100,"bu","10:55:16",937200
73400,600,100,"bu","10:55:16",937100
73500,700,300,"bu","10:55:16",932000
73400,600,5000,"bu","10:55:16",937000
73400,600,200,"bu","10:55:16",931700
73400,600,1000,"bu","10:55:13",931500
73400,600,800,"bu","10:55:13",930500
73400,600,1000,"bu","10:55:13",929700
73400,600,200,"bu","10:55:13",928700
73400,600,100,"bu","10:55:13",928500
73400,600,1900,"bu","10:55:13",928400
73300,500,1800,"bu","10:55:01",926500
73300,500,300,"bu","10:54:56",924700
73300,500,100,"sd","10:54:56",924400
73300,500,1700,"sd","10:54:56",924300
73300,500,1000,"sd","10:54:56",922600
73300,500,100,"sd","10:54:56",921600
73400,600,3100,"bu","10:54:45",921500
73400,600,2800,"bu","10:54:45",918400
73400,600,1200,"bu","10:54:41",915600
73400,600,100,"bu","10:54:41",914400
73400,600,100,"bu","10:54:41",914300
73400,600,500,"bu","10:54:41",914200
73400,600,100,"bu","10:54:41",913700
73300,500,200,"sd","10:54:40",913600
73300,500,500,"sd","10:54:36",913400
73300,500,1000,"sd","10:54:28",912900
73300,500,200,"bu","10:54:28",911900
73300,500,100,"bu","10:54:28",911700
73300,500,200,"bu","10:54:28",911600
73300,500,200,"bu","10:54:28",911400
73300,500,100,"bu","10:54:28",911200
73300,500,100,"bu","10:54:28",911100
73300,500,400,"bu","10:54:28",911000
73300,500,8800,"bu","10:54:28",910600
73300,500,100,"bu","10:54:28",901800
73300,500,300,"bu","10:54:28",901700
73300,500,6100,"bu","10:54:28",901400
73300,500,600,"bu","10:54:28",895300
73300,500,200,"bu","10:54:20",894700
73300,500,1200,"bu","10:54:18",894500
73300,500,1900,"bu","10:54:17",893300
73300,500,200,"bu","10:54:17",891400
73300,500,1000,"bu","10:54:17",891200
73300,500,200,"bu","10:54:17",890200
73300,500,3000,"bu","10:54:17",890000
73200,400,3000,"sd","10:54:15",887000
73200,400,100,"sd","10:54:10",884000
73200,400,1500,"sd","10:53:59",883900
73200,400,100,"sd","10:53:37",882400
73200,400,800,"bu","10:53:36",882300
73200,400,500,"bu","10:53:36",881500
73200,400,100,"bu","10:53:36",881000
73200,400,1000,"bu","10:53:36",880900
73200,400,1000,"bu","10:53:36",879900
73200,400,100,"bu","10:53:36",878900
73200,400,100,"bu","10:53:36",878800
73200,400,1400,"bu","10:53:36",878700
73200,400,100,"bu","10:53:36",877300
73200,400,700,"bu","10:53:34",877200
73200,400,500,"bu","10:53:34",876500
73200,400,3000,"bu","10:53:33",876000
73200,400,100,"bu","10:53:30",873000
73200,400,500,"bu","10:53:29",872900
73200,400,100,"bu","10:53:26",872400
73200,400,600,"bu","10:53:24",872300
73200,400,100,"bu","10:53:22",871700
73200,400,500,"bu","10:53:21",871600
73200,400,200,"bu","10:52:52",871100
73200,400,400,"bu","10:52:46",870900
73200,400,1800,"bu","10:52:44",870500
73200,400,200,"bu","10:52:44",868700
73100,300,100,"bu","10:52:29",868500
73100,300,200,"bu","10:52:29",868400
73100,300,200,"bu","10:52:29",868200
73100,300,2000,"bu","10:52:29",868000
73100,300,100,"bu","10:52:29",866000
73100,300,5000,"bu","10:52:29",865900
73100,300,1000,"bu","10:52:29",860900
73100,300,6300,"bu","10:52:29",859900
73100,300,100,"bu","10:52:28",853600
73100,300,600,"bu","10:52:26",853500
73100,300,3000,"bu","10:52:24",852900
73000,200,400,"sd","10:52:21",849900
73000,200,700,"bu","10:52:09",849500
73000,200,300,"bu","10:52:09",848800
73000,200,800,"bu","10:52:09",848500
73000,200,100,"bu","10:52:09",847700
73000,200,200,"bu","10:52:09",847600
73000,200,1200,"bu","10:52:09",847400
73000,200,600,"bu","10:52:08",846200
73000,200,500,"bu","10:52:06",845600
73000,200,100,"bu","10:52:06",845100
73000,200,2000,"bu","10:52:06",845000
73000,200,400,"bu","10:52:06",843000
73000,200,100,"bu","10:52:04",842600
73000,200,400,"bu","10:52:02",842500
73000,200,300,"bu","10:52:02",842100
73000,200,700,"bu","10:52:01",841800
73000,200,200,"bu","10:52:01",841100
73000,200,1100,"bu","10:52:01",840900
73000,200,1400,"bu","10:52:01",839800
73000,200,400,"bu","10:52:00",838400
73000,200,2000,"bu","10:51:58",838000
73000,200,1200,"bu","10:51:57",836000
73000,200,4300,"bu","10:51:57",834800
73000,200,4500,"bu","10:51:57",830500
73000,200,400,"bu","10:51:56",826000
73000,200,100,"bu","10:51:54",825600
73000,200,300,"bu","10:51:54",825500
73000,200,1600,"bu","10:51:54",825200
73000,200,1400,"bu","10:51:52",823600
73000,200,100,"bu","10:51:52",822200
73000,200,8500,"bu","10:51:52",822100
73000,200,500,"bu","10:51:51",813600
73000,200,100,"bu","10:51:51",813100
73000,200,600,"bu","10:51:51",813000
73000,200,10000,"bu","10:51:51",812400
73000,200,10000,"bu","10:51:51",802400
73000,200,100,"bu","10:51:51",792400
73000,200,500,"bu","10:51:51",792300
73000,200,700,"bu","10:51:51",791800
73000,200,100,"bu","10:51:51",791100
73000,200,100,"bu","10:51:51",791000
73000,200,10000,"bu","10:51:51",790900
73000,200,1500,"bu","10:51:51",780900
73000,200,10000,"bu","10:51:51",779400
73000,200,2000,"bu","10:51:51",769400
73000,200,100,"bu","10:51:51",767400
73000,200,200,"bu","10:51:51",767300
73000,200,1000,"bu","10:51:51",767100
73000,200,100,"bu","10:51:51",766100
73000,200,300,"bu","10:51:51",766000
73000,200,200,"bu","10:51:51",765700
73000,200,2000,"bu","10:51:51",765500
73000,200,100,"bu","10:51:44",763500
73000,200,200,"bu","10:51:44",763400
73000,200,1500,"bu","10:51:42",763200
73000,200,100,"bu","10:51:37",761700
73000,200,200,"bu","10:51:20",761600
73000,200,200,"bu","10:51:18",761400
72900,100,800,"sd","10:51:18",761200
73000,200,200,"bu","10:50:52",760400
73000,200,600,"bu","10:50:50",760200
73000,200,200,"bu","10:50:50",759600
73000,200,200,"bu","10:50:50",759400
73000,200,200,"bu","10:50:22",759200
73000,200,1000,"bu","10:50:20",759000
73000,200,100,"bu","10:50:02",758000
73000,200,800,"bu","10:50:00",757900
73000,200,2700,"bu","10:49:59",757100
73000,200,500,"bu","10:49:59",754400
73000,200,100,"bu","10:49:59",753900
73000,200,500,"bu","10:49:59",753800
73000,200,600,"bu","10:49:59",753300
72900,100,200,"sd","10:49:33",752700
72900,100,600,"sd","10:49:33",752500
73000,200,100,"bu","10:48:37",751900
73000,200,200,"bu","10:48:32",751800
72900,100,700,"sd","10:48:31",751600
72900,100,1000,"sd","10:48:31",750900
72900,100,300,"sd","10:48:31",749900
73000,200,100,"bu","10:48:08",749600
73000,200,100,"bu","10:48:07",749500
72900,100,500,"sd","10:47:54",749400
72900,100,400,"bu","10:47:38",748900
72900,100,1000,"sd","10:47:30",748500
72900,100,2700,"sd","10:47:30",747500
72900,100,900,"sd","10:47:30",744800
72900,100,100,"sd","10:47:24",743900
72900,100,1000,"sd","10:47:24",743800
72900,100,2200,"sd","10:47:24",742800
72900,100,400,"sd","10:47:24",740600
72900,100,800,"sd","10:47:24",740200
72900,100,100,"sd","10:47:02",739400
72900,100,100,"sd","10:45:32",739300
72900,100,1000,"sd","10:45:32",739200
72900,100,100,"sd","10:45:32",738200
72900,100,800,"sd","10:45:32",738100
72900,100,200,"bu","10:45:03",737300
72900,100,1000,"bu","10:45:03",737100
72900,100,1000,"bu","10:45:03",736100
72900,100,1000,"bu","10:45:03",735100
72900,100,200,"sd","10:44:56",734100
72900,100,200,"sd","10:44:56",733900
72900,100,400,"sd","10:44:56",733700
72900,100,100,"bu","10:44:34",733300
72900,100,600,"bu","10:44:33",733200
72900,100,100,"bu","10:44:32",732600
72900,100,100,"bu","10:44:32",732500
72900,100,200,"bu","10:44:32",732400
72900,100,200,"bu","10:44:17",732200
72900,100,100,"bu","10:44:13",732000
72900,100,300,"bu","10:44:08",731900
72900,100,200,"bu","10:44:08",731600
72900,100,500,"bu","10:44:08",731400
72900,100,100,"bu","10:43:59",730900
72900,100,200,"bu","10:43:52",730800
72900,100,100,"bu","10:43:52",730600
72900,100,400,"bu","10:43:52",730500
72900,100,300,"bu","10:43:52",730100
72900,100,200,"bu","10:43:52",729800
72900,100,300,"bu","10:43:52",729600
72900,100,300,"bu","10:43:52",729300
72900,100,100,"bu","10:43:52",729000
72900,100,1000,"bu","10:43:52",728900
72900,100,100,"bu","10:43:52",727900
72900,100,1000,"bu","10:43:41",727800
72900,100,100,"bu","10:43:33",726800
72800,0,700,"sd","10:42:47",726700
72800,0,1100,"sd","10:41:56",726000
72800,0,800,"sd","10:41:06",724900
72800,0,500,"sd","10:40:05",724100
72800,0,800,"sd","10:39:24",723600
72900,100,2600,"bu","10:39:19",722800
72900,100,2500,"bu","10:39:19",720200
72900,100,500,"bu","10:39:19",717700
72900,100,100,"bu","10:39:19",717200
72900,100,100,"bu","10:39:19",717100
72900,100,100,"bu","10:39:19",717000
72900,100,200,"bu","10:39:19",716900
72800,0,10000,"sd","10:39:11",716700
72900,100,1000,"bu","10:38:33",706700
72800,0,2900,"sd","10:38:25",705700
72800,0,100,"sd","10:38:25",702800
72800,0,100,"sd","10:38:25",702700
72800,0,200,"sd","10:38:25",702600
72800,0,1000,"sd","10:38:25",702400
72800,0,1000,"sd","10:38:25",701400
72800,0,700,"sd","10:38:25",700400
72900,100,3800,"bu","10:37:44",699700
72900,100,2000,"bu","10:37:44",695900
72900,100,200,"bu","10:37:44",693900
72900,100,10000,"bu","10:37:44",693700
72900,100,100,"bu","10:37:44",683700
72900,100,10000,"bu","10:37:44",683600
72900,100,3900,"bu","10:37:44",673600
72800,0,700,"sd","10:37:41",669700
72800,0,100,"bu","10:37:19",669000
72800,0,2600,"bu","10:37:15",668900
72800,0,400,"sd","10:37:11",666300
72800,0,100,"bu","10:37:07",665900
72800,0,1500,"bu","10:37:07",665800
72800,0,1000,"bu","10:37:07",664300
72800,0,100,"sd","10:36:51",663300
72800,0,1000,"sd","10:36:51",663200
72800,0,1000,"sd","10:36:51",662200
72800,0,1000,"sd","10:36:51",661200
72800,0,1000,"sd","10:36:51",660200
72800,0,800,"sd","10:36:51",659200
72800,0,2500,"sd","10:36:51",658400
72800,0,100,"sd","10:36:51",655900
72900,100,1000,"bu","10:36:13",655800
72800,0,400,"bu","10:35:52",654800
72800,0,100,"sd","10:35:42",654400
72800,0,900,"sd","10:35:42",654300
72800,0,1000,"sd","10:35:42",653400
72800,0,200,"sd","10:35:42",652400
72800,0,2000,"sd","10:35:42",652200
72800,0,1000,"sd","10:35:42",650200
72800,0,4400,"sd","10:35:42",649200
72800,0,100,"sd","10:35:39",644800
72900,100,100,"bu","10:35:28",644700
72900,100,1000,"bu","10:35:22",644600
72800,0,200,"sd","10:35:22",643600
72900,100,500,"bu","10:35:05",643400
72900,100,1000,"bu","10:34:31",642900
72900,100,500,"bu","10:33:55",641900
72900,100,1000,"bu","10:33:40",641400
72800,0,300,"bu","10:33:39",640400
72800,0,100,"bu","10:33:30",640100
72800,0,200,"bu","10:33:22",640000
72800,0,200,"bu","10:33:01",639800
72800,0,1000,"bu","10:33:01",639600
72800,0,100,"bu","10:33:01",638600
72800,0,4500,"bu","10:33:01",638500
72800,0,800,"bu","10:33:01",634000
72800,0,500,"bu","10:33:01",633200
72800,0,100,"bu","10:33:01",632700
72800,0,10000,"bu","10:33:01",632600
72800,0,2800,"bu","10:33:01",622600
72700,-100,500,"sd","10:32:51",619800
72700,-100,300,"sd","10:32:50",619300
72800,0,1000,"bu","10:32:49",619000
72800,0,100,"bu","10:32:36",618000
72700,-100,800,"sd","10:32:35",617900
72800,0,1000,"bu","10:31:58",617100
72800,0,100,"bu","10:31:17",616100
72800,0,1000,"bu","10:31:07",616000
72700,-100,700,"sd","10:30:56",615000
72800,0,1000,"bu","10:30:51",614300
72800,0,100,"bu","10:30:36",613300
72800,0,900,"bu","10:30:20",613200
72800,0,2100,"bu","10:30:20",612300
72800,0,100,"bu","10:30:18",610200
72800,0,800,"bu","10:30:05",610100
72800,0,9200,"bu","10:30:05",609300
72800,0,1000,"bu","10:29:20",600100
72800,0,1000,"bu","10:29:20",599100
72800,0,100,"bu","10:29:20",598100
72800,0,100,"sd","10:29:20",598000
72800,0,1000,"sd","10:29:20",597900
72800,0,1400,"sd","10:29:20",596900
72800,0,1200,"sd","10:29:20",595500
72800,0,800,"sd","10:29:11",594300
72800,0,100,"sd","10:28:56",593500
72800,0,100,"sd","10:28:13",593400
72800,0,200,"sd","10:28:13",593300
72800,0,800,"sd","10:28:13",593100
72800,0,100,"sd","10:28:13",592300
72800,0,200,"sd","10:28:13",592200
72800,0,100,"sd","10:28:08",592000
72800,0,100,"sd","10:27:35",591900
72800,0,600,"sd","10:27:33",591800
72800,0,100,"sd","10:27:33",591200
72800,0,100,"sd","10:27:33",591100
72900,100,1000,"bu","10:27:32",591000
72900,100,100,"bu","10:27:32",590000
72900,100,1000,"bu","10:27:32",589900
72900,100,2900,"bu","10:27:32",588900
72800,0,400,"sd","10:26:52",586000
72800,0,1000,"sd","10:26:52",585600
72800,0,100,"sd","10:26:25",584600
72800,0,2000,"sd","10:26:25",584500
72800,0,500,"sd","10:26:25",582500
72800,0,400,"sd","10:26:25",582000
72800,0,2000,"sd","10:26:25",581600
72800,0,3000,"sd","10:26:25",579600
72800,0,100,"sd","10:26:25",576600
72800,0,100,"sd","10:26:25",576500
72800,0,500,"sd","10:26:25",576400
72800,0,1300,"sd","10:26:25",575900
72800,0,2800,"sd","10:26:25",574600
72900,100,1000,"bu","10:26:08",571800
72900,100,1000,"bu","10:25:53",570800
72800,0,500,"sd","10:25:42",569800
72900,100,1000,"bu","10:25:06",569300
72900,100,1000,"bu","10:24:35",568300
72800,0,400,"sd","10:24:28",567300
72800,0,200,"sd","10:24:28",566900
72800,0,2200,"sd","10:24:28",566700
72900,100,1000,"bu","10:24:28",564500
72900,100,1000,"bu","10:24:19",563500
72800,0,800,"sd","10:24:15",562500
72800,0,2800,"sd","10:24:01",561700
72900,100,1000,"bu","10:23:34",558900
72800,0,1000,"bu","10:23:32",557900
72800,0,2000,"bu","10:23:32",556900
72800,0,100,"bu","10:23:32",554900
72800,0,200,"bu","10:23:32",554800
72800,0,900,"bu","10:23:32",554600
72800,0,1000,"bu","10:22:46",553700
72800,0,100,"sd","10:22:45",552700
72800,0,100,"bu","10:22:33",552600
72800,0,600,"bu","10:22:32",552500
72800,0,600,"bu","10:22:32",551900
72700,-100,2800,"sd","10:22:30",551300
72800,0,700,"bu","10:22:26",548500
72700,-100,800,"sd","10:22:24",547800
72800,0,100,"bu","10:22:20",547000
72700,-100,2200,"sd","10:22:13",546900
72700,-100,500,"sd","10:22:13",544700
72700,-100,100,"sd","10:22:13",544200
72700,-100,1000,"sd","10:22:11",544100
72700,-100,100,"sd","10:22:11",543100
72700,-100,100,"sd","10:22:11",543000
72700,-100,1600,"sd","10:22:11",542900
72800,0,300,"bu","10:22:06",541300
72800,0,300,"bu","10:22:04",541000
72800,0,200,"bu","10:22:04",540700
72800,0,200,"bu","10:22:04",540500
72800,0,1000,"bu","10:22:01",540300
72800,0,1000,"bu","10:21:56",539300
72800,0,100,"bu","10:21:50",538300
72800,0,200,"sd","10:21:47",538200
72800,0,100,"sd","10:21:47",538000
72800,0,400,"bu","10:21:39",537900
72700,-100,2100,"sd","10:21:39",537500
72800,0,500,"bu","10:21:33",535400
72800,0,200,"sd","10:21:32",534900
72800,0,100,"bu","10:21:22",534700
72800,0,100,"bu","10:21:17",534600
72800,0,100,"sd","10:21:16",534500
72800,0,200,"sd","10:21:16",534400
72800,0,1000,"sd","10:21:16",534200
72800,0,400,"sd","10:21:16",533200
72800,0,900,"sd","10:21:16",532800
72900,100,1000,"bu","10:21:13",531900
72800,0,2100,"sd","10:20:56",530900
72800,0,700,"sd","10:20:56",528800
72800,0,300,"sd","10:20:52",528100
72800,0,1000,"sd","10:20:52",527800
72800,0,1000,"sd","10:20:52",526800
72800,0,1000,"sd","10:20:52",525800
72800,0,900,"sd","10:20:52",524800
72800,0,2800,"sd","10:20:46",523900
72800,0,2800,"sd","10:20:42",521100
72900,100,1000,"bu","10:20:27",518300
72800,0,2800,"sd","10:20:26",517300
72800,0,100,"sd","10:20:13",514500
72800,0,4200,"sd","10:20:03",514400
72800,0,2800,"sd","10:19:53",510200
72900,100,1000,"bu","10:19:40",507400
72800,0,2800,"sd","10:19:37",506400
72800,0,500,"sd","10:19:13",503600
72800,0,300,"sd","10:19:12",503100
72800,0,1000,"sd","10:19:12",502800
72800,0,500,"sd","10:19:12",501800
72800,0,1000,"sd","10:19:12",501300
72900,100,7100,"bu","10:19:11",500300
72900,100,1000,"bu","10:19:11",493200
72900,100,1000,"bu","10:19:11",492200
72900,100,4200,"bu","10:19:11",491200
72900,100,100,"bu","10:19:11",487000
72900,100,300,"bu","10:19:11",486900
72800,0,100,"sd","10:18:52",486600
72800,0,500,"sd","10:18:51",486500
72800,0,100,"sd","10:18:50",486000
72800,0,2800,"sd","10:18:50",485900
72700,-100,300,"sd","10:18:28",483100
72700,-100,300,"sd","10:18:27",482800
72800,0,1400,"sd","10:18:27",482500
72800,0,100,"bu","10:18:26",481100
72800,0,300,"bu","10:18:26",481000
72800,0,100,"bu","10:18:26",480700
72800,0,300,"bu","10:18:26",480600
72800,0,800,"bu","10:18:26",480300
72800,0,300,"bu","10:18:26",479500
72800,0,400,"bu","10:18:26",479200
72800,0,200,"bu","10:18:26",478800
72800,0,100,"bu","10:18:26",478600
72800,0,100,"bu","10:18:26",478500
72800,0,1300,"bu","10:18:26",478400
72800,0,700,"bu","10:18:26",477100
72800,0,100,"bu","10:18:26",476400
72800,0,3500,"bu","10:18:26",476300
72800,0,600,"bu","10:18:24",472800
72700,-100,400,"sd","10:18:16",472200
72700,-100,2200,"sd","10:18:15",471800
72700,-100,700,"sd","10:18:14",469600
72800,0,400,"bu","10:18:13",468900
72800,0,100,"bu","10:18:13",468500
72800,0,2100,"bu","10:18:13",468400
72800,0,500,"bu","10:18:13",466300
72800,0,2000,"bu","10:18:13",465800
72800,0,500,"bu","10:18:13",463800
72800,0,100,"bu","10:18:13",463300
72800,0,1000,"bu","10:18:13",463200
72800,0,500,"bu","10:18:13",462200
72800,0,1000,"bu","10:18:13",461700
72800,0,100,"bu","10:18:13",460700
72800,0,100,"bu","10:18:13",460600
72800,0,100,"bu","10:18:13",460500
72800,0,500,"bu","10:18:13",460400
72800,0,1000,"bu","10:18:13",459900
72800,0,3400,"bu","10:18:13",458900
72700,-100,300,"sd","10:18:09",455500
72700,-100,1900,"sd","10:18:08",455200
72700,-100,9500,"sd","10:18:07",453300
72700,-100,100,"sd","10:17:58",443800
72700,-100,500,"sd","10:17:57",443700
72700,-100,2800,"sd","10:17:55",443200
72700,-100,100,"sd","10:17:23",440400
72700,-100,800,"sd","10:17:22",440300
72700,-100,100,"sd","10:17:21",439500
72700,-100,800,"sd","10:17:20",439400
72700,-100,4200,"sd","10:17:19",438600
72700,-100,100,"sd","10:17:00",434400
72800,0,400,"bu","10:16:59",434300
72700,-100,100,"sd","10:16:59",433900
72800,0,500,"bu","10:16:58",433800
72700,-100,100,"sd","10:16:53",433300
72700,-100,500,"sd","10:16:52",433200
72700,-100,500,"sd","10:16:51",432700
72700,-100,1000,"sd","10:16:51",432200
72700,-100,300,"sd","10:16:51",431200
72700,-100,1000,"sd","10:16:51",430900
72700,-100,100,"sd","10:16:47",429900
72700,-100,100,"sd","10:16:45",429800
72700,-100,500,"sd","10:16:44",429700
72700,-100,200,"sd","10:16:41",429200
72700,-100,1400,"sd","10:16:40",429000
72800,0,100,"bu","10:16:29",427600
72700,-100,100,"sd","10:15:51",427500
72700,-100,200,"sd","10:15:42",427400
72700,-100,800,"sd","10:15:41",427200
72700,-100,600,"sd","10:15:41",426400
72700,-100,400,"sd","10:15:31",425800
72600,-200,100,"sd","10:15:20",425400
72600,-200,600,"sd","10:15:19",425300
72600,-200,200,"sd","10:15:19",424700
72600,-200,4200,"sd","10:15:17",424500
72600,-200,100,"sd","10:15:15",420300
72800,0,100,"bu","10:15:13",420200
72800,0,400,"bu","10:15:13",420100
72600,-200,100,"sd","10:15:07",419700
72700,-100,100,"sd","10:15:07",419600
72800,0,100,"bu","10:15:06",419500
72800,0,900,"bu","10:15:06",419400
72600,-200,200,"sd","10:14:41",418500
72700,-100,1000,"sd","10:14:40",418300
72700,-100,100,"sd","10:14:40",417300
72700,-100,900,"sd","10:14:38",417200
72600,-200,400,"sd","10:14:35",416300
72600,-200,200,"sd","10:14:34",415900
72600,-200,100,"sd","10:14:34",415700
72600,-200,100,"sd","10:14:34",415600
72600,-200,500,"sd","10:14:34",415500
72600,-200,1100,"sd","10:14:34",415000
72700,-100,1000,"bu","10:14:33",413900
72700,-100,100,"sd","10:14:33",412900
72700,-100,500,"sd","10:14:33",412800
72700,-100,3000,"sd","10:14:33",412300
72700,-100,100,"sd","10:14:33",409300
72700,-100,1100,"sd","10:14:33",409200
72700,-100,1000,"sd","10:14:33",408100
72700,-100,800,"sd","10:14:33",407100
72700,-100,600,"sd","10:14:33",406300
72700,-100,1700,"sd","10:14:33",405700
72800,0,100,"bu","10:14:32",404000
72800,0,1900,"bu","10:14:32",403900
72700,-100,500,"sd","10:14:32",402000
72700,-100,500,"sd","10:14:32",401500
72700,-100,1000,"sd","10:14:32",401000
72700,-100,300,"sd","10:14:25",400000
72700,-100,600,"sd","10:14:24",399700
72700,-100,200,"sd","10:14:24",399100
72700,-100,300,"sd","10:14:24",398900
72700,-100,700,"sd","10:14:24",398600
72700,-100,200,"sd","10:14:21",397900
72800,0,1000,"bu","10:14:20",397700
72700,-100,200,"sd","10:13:35",396700
72800,0,1000,"bu","10:13:34",396500
72700,-100,100,"sd","10:13:06",395500
72700,-100,800,"bu","10:13:05",395400
72700,-100,100,"bu","10:13:05",394600
72600,-200,400,"sd","10:13:04",394500
72600,-200,2100,"sd","10:13:03",394100
72700,-100,900,"bu","10:13:02",392000
72700,-100,500,"bu","10:13:02",391100
72700,-100,800,"bu","10:13:02",390600
72700,-100,700,"bu","10:13:02",389800
72700,-100,100,"bu","10:13:02",389100
72700,-100,5000,"bu","10:13:02",389000
72700,-100,500,"bu","10:13:02",384000
72700,-100,200,"bu","10:13:02",383500
72700,-100,1300,"bu","10:13:02",383300
72600,-200,300,"sd","10:12:49",382000
72700,-100,700,"bu","10:12:48",381700
72700,-100,300,"bu","10:12:48",381000
72600,-200,500,"sd","10:12:48",380700
72600,-200,1000,"sd","10:12:47",380200
72700,-100,1700,"bu","10:12:46",379200
72600,-200,100,"sd","10:12:34",377500
72600,-200,200,"sd","10:12:26",377400
72700,-100,1000,"bu","10:12:25",377200
72600,-200,100,"sd","10:12:14",376200
72600,-200,800,"sd","10:12:13",376100
72600,-200,200,"sd","10:12:03",375300
72700,-100,1000,"bu","10:12:02",375100
72700,-100,200,"bu","10:11:47",374100
72600,-200,100,"sd","10:11:40",373900
72700,-100,100,"bu","10:11:36",373800
72600,-200,100,"sd","10:11:26",373700
72600,-200,500,"sd","10:11:25",373600
72700,-100,200,"bu","10:11:21",373100
72700,-100,100,"bu","10:11:05",372900
72600,-200,100,"sd","10:10:33",372800
72600,-200,800,"sd","10:10:32",372700
72700,-100,400,"bu","10:10:27",371900
72700,-100,400,"bu","10:10:21",371500
72600,-200,100,"sd","10:10:13",371100
72600,-200,600,"sd","10:10:12",371000
72700,-100,3300,"bu","10:10:11",370400
72600,-200,100,"sd","10:08:52",367100
72600,-200,700,"sd","10:08:51",367000
72600,-200,100,"sd","10:08:35",366300
72600,-200,500,"sd","10:08:34",366200
72600,-200,400,"sd","10:07:53",365700
72600,-200,2000,"sd","10:07:53",365300
72600,-200,100,"sd","10:07:44",363300
72600,-200,100,"sd","10:07:09",363200
72600,-200,800,"sd","10:07:08",363100
72600,-200,400,"sd","10:05:44",362300
72700,-100,300,"bu","10:05:44",361900
72700,-100,100,"bu","10:05:44",361600
72700,-100,100,"bu","10:05:44",361500
72700,-100,700,"bu","10:05:44",361400
72700,-100,800,"bu","10:05:44",360700
72600,-200,100,"sd","10:05:31",359900
72600,-200,500,"sd","10:05:30",359800
72600,-200,100,"sd","10:05:29",359300
72600,-200,800,"sd","10:05:27",359200
72700,-100,400,"bu","10:05:27",358400
72700,-100,100,"bu","10:05:05",358000
72600,-200,200,"sd","10:02:04",357900
72700,-100,1200,"bu","10:02:03",357700
72600,-200,400,"sd","10:01:55",356500
72700,-100,2000,"bu","10:01:54",356100
72700,-100,100,"bu","10:01:45",354100
72600,-200,400,"sd","10:00:59",354000
72600,-200,2100,"sd","10:00:58",353600
72700,-100,10000,"bu","10:00:57",351500
72600,-200,200,"sd","10:00:44",341500
72700,-100,1000,"bu","10:00:43",341300
72600,-200,400,"sd","09:59:56",340300
72600,-200,2000,"sd","09:59:55",339900
72600,-200,100,"sd","09:59:24",337900
72600,-200,600,"sd","09:59:23",337800
72600,-200,2200,"sd","09:59:22",337200
72700,-100,100,"sd","09:59:22",335000
72700,-100,100,"sd","09:59:22",334900
72700,-100,600,"sd","09:59:22",334800
72600,-200,100,"sd","09:59:08",334200
72800,0,500,"bu","09:59:07",334100
72700,-100,100,"bu","09:58:58",333600
72700,-100,100,"sd","09:58:29",333500
72700,-100,100,"bu","09:58:28",333400
72700,-100,100,"bu","09:58:28",333300
72700,-100,700,"bu","09:58:28",333200
72700,-100,200,"bu","09:58:22",332500
72700,-100,100,"bu","09:58:20",332300
72700,-100,600,"bu","09:57:49",332200
72700,-100,300,"bu","09:57:35",331600
72700,-100,200,"bu","09:57:35",331300
72700,-100,400,"bu","09:57:31",331100
72700,-100,100,"bu","09:57:25",330700
72700,-100,300,"bu","09:57:07",330600
72700,-100,300,"bu","09:57:07",330300
72700,-100,200,"bu","09:57:07",330000
72700,-100,400,"bu","09:57:07",329800
72700,-100,600,"bu","09:57:07",329400
72700,-100,200,"bu","09:57:07",328800
72700,-100,100,"bu","09:57:07",328600
72700,-100,500,"bu","09:57:07",328500
72700,-100,2000,"bu","09:57:07",328000
72700,-100,2500,"bu","09:57:07",326000
72700,-100,100,"bu","09:57:07",323500
72700,-100,100,"bu","09:57:07",323400
72700,-100,100,"bu","09:57:07",323300
72700,-100,200,"bu","09:57:07",323200
72700,-100,1500,"bu","09:57:07",323000
72700,-100,400,"bu","09:56:57",321500
72700,-100,100,"bu","09:56:26",321100
72700,-100,1300,"bu","09:56:18",321000
72700,-100,3700,"bu","09:56:18",319700
72700,-100,100,"bu","09:56:11",316000
72700,-100,1000,"bu","09:55:34",315900
72700,-100,200,"bu","09:55:23",314900
72700,-100,500,"bu","09:55:23",314700
72700,-100,100,"bu","09:55:23",314200
72700,-100,500,"bu","09:55:23",314100
72700,-100,100,"bu","09:55:23",313600
72700,-100,200,"bu","09:55:23",313500
72700,-100,300,"bu","09:55:23",313300
72700,-100,100,"bu","09:55:23",313000
72700,-100,2000,"bu","09:55:23",312900
72700,-100,100,"bu","09:55:23",310900
72700,-100,200,"bu","09:55:23",310800
72700,-100,700,"bu","09:55:23",310600
72600,-200,100,"sd","09:55:17",309900
72700,-100,200,"bu","09:54:54",309800
72700,-100,500,"bu","09:54:54",309600
72700,-100,300,"bu","09:54:54",309100
72700,-100,100,"bu","09:54:30",308800
72700,-100,200,"bu","09:54:19",308700
72700,-100,200,"bu","09:54:11",308500
72700,-100,100,"bu","09:53:35",308300
72700,-100,200,"bu","09:52:23",308200
72700,-100,100,"bu","09:51:41",308000
72600,-200,400,"sd","09:51:26",307900
72600,-200,2000,"sd","09:51:25",307500
72600,-200,100,"sd","09:51:18",305500
72600,-200,800,"sd","09:51:16",305400
72600,-200,100,"sd","09:51:06",304600
72600,-200,200,"sd","09:50:43",304500
72600,-200,1000,"sd","09:50:42",304300
72600,-200,100,"sd","09:49:36",303300
72600,-200,500,"sd","09:49:35",303200
72600,-200,200,"sd","09:49:25",302700
72600,-200,200,"sd","09:49:25",302500
72600,-200,2100,"sd","09:49:24",302300
72600,-200,2700,"sd","09:49:23",300200
72600,-200,1000,"sd","09:49:23",297500
72600,-200,100,"sd","09:49:23",296500
72600,-200,5000,"sd","09:49:23",296400
72600,-200,500,"sd","09:49:23",291400
72600,-200,500,"sd","09:49:23",290900
72600,-200,200,"sd","09:49:23",290400
72700,-100,500,"bu","09:49:12",290200
72700,-100,500,"bu","09:48:43",289700
72600,-200,100,"sd","09:48:40",289200
72600,-200,200,"sd","09:48:39",289100
72600,-200,400,"sd","09:48:39",288900
72600,-200,3000,"sd","09:48:38",288500
72700,-100,1000,"bu","09:48:17",285500
72600,-200,200,"sd","09:47:44",284500
72600,-200,1000,"sd","09:47:42",284300
72600,-200,300,"sd","09:47:37",283300
72600,-200,100,"sd","09:46:31",283000
72600,-200,100,"sd","09:46:31",282900
72700,-100,100,"bu","09:46:28",282800
72600,-200,200,"sd","09:46:27",282700
72600,-200,100,"bu","09:46:03",282500
72600,-200,200,"bu","09:46:03",282400
72600,-200,200,"bu","09:46:00",282200
72600,-200,100,"bu","09:46:00",282000
72600,-200,200,"bu","09:46:00",281900
72600,-200,800,"bu","09:45:55",281700
72600,-200,1200,"bu","09:45:55",280900
72600,-200,200,"bu","09:45:54",279700
72600,-200,100,"bu","09:45:51",279500
72600,-200,100,"bu","09:45:51",279400
72600,-200,100,"bu","09:45:50",279300
72600,-200,200,"bu","09:45:50",279200
72600,-200,200,"bu","09:45:50",279000
72600,-200,200,"bu","09:45:49",278800
72600,-200,200,"bu","09:45:47",278600
72600,-200,1500,"bu","09:45:47",278400
72600,-200,200,"bu","09:45:47",276900
72600,-200,100,"bu","09:45:46",276700
72600,-200,100,"bu","09:45:46",276600
72600,-200,100,"bu","09:45:46",276500
72600,-200,2000,"bu","09:45:46",276400
72600,-200,500,"bu","09:45:46",274400
72600,-200,500,"bu","09:45:46",273900
72600,-200,100,"bu","09:45:46",273400
72600,-200,500,"bu","09:45:09",273300
72600,-200,500,"bu","09:45:08",272800
72600,-200,900,"bu","09:45:07",272300
72600,-200,100,"bu","09:45:07",271400
72600,-200,1900,"bu","09:45:04",271300
72600,-200,100,"bu","09:45:04",269400
72600,-200,400,"bu","09:45:04",269300
72600,-200,600,"bu","09:45:04",268900
72600,-200,200,"bu","09:45:04",268300
72600,-200,100,"bu","09:45:04",268100
72600,-200,100,"bu","09:45:04",268000
72600,-200,1400,"bu","09:45:04",267900
72600,-200,100,"bu","09:45:04",266500
72600,-200,5000,"bu","09:45:04",266400
72600,-200,100,"bu","09:45:04",261400
72600,-200,100,"bu","09:45:03",261300
72600,-200,100,"bu","09:45:03",261200
72500,-300,200,"sd","09:44:58",261100
72600,-200,1000,"bu","09:44:56",260900
72600,-200,900,"bu","09:44:50",259900
72600,-200,500,"bu","09:44:47",259000
72600,-200,500,"bu","09:44:32",258500
72600,-200,300,"bu","09:44:18",258000
72600,-200,200,"bu","09:43:44",257700
72600,-200,100,"bu","09:43:42",257500
72600,-200,400,"bu","09:43:35",257400
72600,-200,400,"bu","09:43:29",257000
72600,-200,500,"bu","09:43:21",256600
72600,-200,1000,"bu","09:43:20",256100
72600,-200,1000,"bu","09:43:20",255100
72600,-200,100,"bu","09:43:15",254100
72600,-200,2900,"bu","09:43:12",254000
72600,-200,100,"bu","09:43:12",251100
72600,-200,500,"bu","09:43:05",251000
72600,-200,100,"bu","09:43:05",250500
72600,-200,1400,"bu","09:43:01",250400
72600,-200,200,"bu","09:43:01",249000
72600,-200,2600,"bu","09:43:01",248800
72600,-200,100,"bu","09:43:01",246200
72600,-200,100,"bu","09:43:01",246100
72600,-200,100,"bu","09:43:01",246000
72600,-200,100,"bu","09:43:01",245900
72600,-200,100,"bu","09:43:01",245800
72600,-200,300,"bu","09:43:01",245700
72600,-200,600,"bu","09:42:54",245400
72600,-200,100,"bu","09:42:50",244800
72600,-200,1000,"bu","09:42:48",244700
72600,-200,100,"bu","09:42:47",243700
72600,-200,400,"bu","09:42:47",243600
72600,-200,2600,"bu","09:42:43",243200
72600,-200,400,"bu","09:42:43",240600
72500,-300,100,"sd","09:42:42",240200
72500,-300,600,"sd","09:42:42",240100
72500,-300,2800,"sd","09:42:41",239500
72500,-300,200,"sd","09:42:41",236700
72600,-200,500,"bu","09:42:37",236500
72600,-200,200,"bu","09:42:36",236000
72600,-200,900,"bu","09:42:29",235800
72600,-200,100,"bu","09:42:29",234900
72600,-200,200,"bu","09:42:29",234800
72600,-200,100,"bu","09:42:29",234600
72600,-200,100,"bu","09:42:29",234500
72600,-200,100,"bu","09:42:29",234400
72600,-200,400,"bu","09:42:29",234300
72600,-200,200,"bu","09:42:29",233900
72600,-200,600,"bu","09:42:29",233700
72600,-200,2000,"bu","09:42:29",233100
72600,-200,1000,"bu","09:42:29",231100
72600,-200,8000,"bu","09:42:29",230100
72600,-200,500,"bu","09:42:17",222100
72600,-200,200,"bu","09:42:07",221600
72600,-200,200,"bu","09:41:56",221400
72600,-200,600,"bu","09:41:55",221200
72600,-200,100,"bu","09:41:41",220600
72600,-200,200,"bu","09:41:38",220500
72600,-200,400,"bu","09:41:30",220300
72600,-200,100,"bu","09:41:22",219900
72600,-200,600,"bu","09:41:10",219800
72600,-200,200,"bu","09:40:33",219200
72600,-200,100,"bu","09:40:30",219000
72600,-200,100,"bu","09:40:21",218900
72600,-200,100,"bu","09:40:21",218800
72600,-200,500,"bu","09:40:15",218700
72600,-200,200,"bu","09:40:02",218200
72600,-200,800,"bu","09:39:46",218000
72500,-300,100,"sd","09:39:44",217200
72600,-200,100,"bu","09:39:35",217100
72600,-200,100,"bu","09:39:19",217000
72600,-200,100,"bu","09:38:55",216900
72600,-200,100,"bu","09:38:53",216800
72500,-300,200,"sd","09:38:48",216700
72500,-300,100,"sd","09:38:47",216500
72500,-300,1600,"sd","09:38:46",216400
72600,-200,100,"bu","09:38:43",214800
72600,-200,100,"bu","09:38:40",214700
72600,-200,100,"bu","09:38:32",214600
72600,-200,300,"bu","09:38:27",214500
72600,-200,600,"bu","09:38:16",214200
72600,-200,200,"bu","09:38:15",213600
72500,-300,100,"sd","09:38:11",213400
72600,-200,200,"bu","09:38:04",213300
72600,-200,100,"bu","09:37:43",213100
72600,-200,100,"bu","09:37:42",213000
72600,-200,100,"bu","09:37:38",212900
72600,-200,500,"bu","09:37:34",212800
72600,-200,100,"bu","09:37:28",212300
72600,-200,1000,"bu","09:37:19",212200
72600,-200,200,"bu","09:37:14",211200
72600,-200,800,"bu","09:36:52",211000
72500,-300,100,"sd","09:36:46",210200
72500,-300,100,"sd","09:36:11",210100
72500,-300,500,"sd","09:36:11",210000
72600,-200,200,"bu","09:35:24",209500
72500,-300,400,"sd","09:35:07",209300
72500,-300,2200,"sd","09:35:06",208900
72500,-300,10500,"bu","09:35:05",206700
72500,-300,300,"bu","09:35:05",196200
72500,-300,100,"bu","09:35:04",195900
72500,-300,200,"sd","09:35:03",195800
72500,-300,200,"sd","09:35:03",195600
72500,-300,4000,"sd","09:35:02",195400
72500,-300,100,"sd","09:34:56",191400
72500,-300,500,"bu","09:34:55",191300
72500,-300,200,"bu","09:34:55",190800
72500,-300,100,"sd","09:34:55",190600
72500,-300,1000,"sd","09:34:55",190500
72500,-300,500,"sd","09:34:55",189500
72500,-300,500,"sd","09:34:55",189000
72500,-300,100,"sd","09:34:55",188500
72500,-300,100,"sd","09:34:55",188400
72500,-300,300,"sd","09:34:55",188300
72500,-300,200,"sd","09:34:55",188000
72500,-300,100,"sd","09:34:42",187800
72600,-200,100,"bu","09:34:35",187700
72600,-200,500,"bu","09:34:31",187600
72500,-300,200,"sd","09:34:30",187100
72500,-300,1300,"sd","09:34:29",186900
72500,-300,100,"sd","09:34:28",185600
72500,-300,100,"sd","09:34:28",185500
72500,-300,1000,"sd","09:34:28",185400
72500,-300,600,"sd","09:34:28",184400
72500,-300,3200,"sd","09:34:28",183800
72500,-300,1000,"sd","09:34:28",180600
72500,-300,200,"sd","09:34:28",179600
72500,-300,100,"sd","09:34:28",179400
72500,-300,400,"sd","09:34:27",179300
72500,-300,100,"sd","09:34:27",178900
72500,-300,500,"sd","09:34:27",178800
72500,-300,5000,"sd","09:34:27",178300
72500,-300,800,"sd","09:34:27",173300
72500,-300,300,"sd","09:34:27",172500
72500,-300,1000,"sd","09:34:27",172200
72500,-300,2800,"sd","09:34:27",171200
72500,-300,100,"sd","09:34:27",168400
72500,-300,10000,"sd","09:34:27",168300
72500,-300,100,"sd","09:34:27",158300
72500,-300,100,"sd","09:34:27",158200
72500,-300,2800,"sd","09:34:27",158100
72500,-300,500,"sd","09:34:27",155300
72500,-300,100,"sd","09:34:27",154800
72500,-300,2500,"sd","09:34:27",154700
72500,-300,100,"sd","09:34:27",152200
72500,-300,200,"sd","09:34:27",152100
72500,-300,2600,"sd","09:34:27",151900
72600,-200,1400,"bu","09:34:21",149300
72600,-200,600,"bu","09:34:21",147900
72600,-200,1000,"bu","09:34:04",147300
72600,-200,200,"bu","09:33:44",146300
72600,-200,300,"bu","09:33:36",146100
72500,-300,400,"sd","09:33:29",145800
72500,-300,100,"sd","09:33:27",145400
72500,-300,500,"sd","09:33:27",145300
72500,-300,400,"sd","09:33:27",144800
72500,-300,1000,"sd","09:33:27",144400
72500,-300,400,"sd","09:33:24",143400
72500,-300,1200,"sd","09:33:24",143000
72500,-300,800,"sd","09:33:24",141800
72600,-200,100,"bu","09:33:13",141000
72500,-300,100,"sd","09:32:48",140900
72500,-300,100,"sd","09:32:47",140800
72500,-300,500,"sd","09:32:47",140700
72500,-300,300,"sd","09:32:47",140200
72600,-200,3700,"bu","09:32:39",139900
72600,-200,1300,"bu","09:32:39",136200
72500,-300,100,"sd","09:32:28",134900
72500,-300,100,"sd","09:32:28",134800
72500,-300,100,"sd","09:32:28",134700
72500,-300,100,"sd","09:32:28",134600
72500,-300,200,"sd","09:32:23",134500
72500,-300,100,"sd","09:32:23",134300
72500,-300,100,"sd","09:32:23",134200
72500,-300,200,"sd","09:32:22",134100
72500,-300,100,"sd","09:32:22",133900
72500,-300,1800,"sd","09:32:22",133800
72500,-300,8200,"sd","09:32:21",132000
72500,-300,200,"sd","09:32:21",123800
72500,-300,100,"sd","09:32:21",123600
72500,-300,500,"sd","09:32:21",123500
72500,-300,500,"sd","09:32:21",123000
72500,-300,100,"sd","09:32:21",122500
72500,-300,200,"sd","09:32:21",122400
72500,-300,200,"sd","09:32:21",122200
72500,-300,700,"sd","09:32:19",122000
72500,-300,100,"sd","09:32:19",121300
72500,-300,100,"sd","09:32:19",121200
72500,-300,3000,"sd","09:32:19",121100
72500,-300,100,"sd","09:32:19",118100
72500,-300,100,"sd","09:32:19",118000
72500,-300,900,"sd","09:32:19",117900
72500,-300,100,"sd","09:32:07",117000
72500,-300,200,"sd","09:32:07",116900
72500,-300,300,"sd","09:32:07",116700
72500,-300,700,"sd","09:32:07",116400
72500,-300,300,"sd","09:32:06",115700
72500,-300,200,"sd","09:32:06",115400
72500,-300,100,"sd","09:32:06",115200
72500,-300,500,"sd","09:32:06",115100
72500,-300,100,"sd","09:32:06",114600
72500,-300,500,"sd","09:32:06",114500
72500,-300,3900,"sd","09:32:06",114000
72500,-300,1100,"sd","09:32:06",110100
72500,-300,100,"sd","09:32:06",109000
72500,-300,400,"sd","09:32:06",108900
72500,-300,100,"sd","09:32:06",108500
72500,-300,100,"sd","09:32:06",108400
72500,-300,200,"sd","09:32:06",108300
72500,-300,200,"sd","09:32:06",108100
72500,-300,100,"sd","09:32:06",107900
72500,-300,100,"sd","09:32:06",107800
72600,-200,500,"bu","09:32:05",107700
72500,-300,200,"sd","09:32:02",107200
72500,-300,100,"sd","09:31:54",107000
72500,-300,200,"sd","09:31:54",106900
72500,-300,100,"sd","09:31:54",106700
72500,-300,700,"sd","09:31:53",106600
72500,-300,300,"sd","09:31:53",105900
72500,-300,300,"sd","09:31:53",105600
72500,-300,100,"sd","09:31:53",105300
72500,-300,100,"sd","09:31:53",105200
72600,-200,2800,"sd","09:31:36",105100
72600,-200,100,"sd","09:31:36",102300
72600,-200,10200,"sd","09:31:36",102200
72600,-200,100,"sd","09:31:36",92000
72600,-200,500,"sd","09:31:36",91900
72600,-200,500,"sd","09:31:36",91400
72600,-200,300,"sd","09:31:36",90900
72600,-200,100,"sd","09:31:36",90600
72600,-200,500,"sd","09:31:36",90500
72600,-200,100,"sd","09:31:36",90000
72600,-200,500,"sd","09:31:36",89900
72600,-200,500,"sd","09:31:36",89400
72600,-200,100,"sd","09:31:36",88900
72600,-200,100,"sd","09:31:36",88800
72600,-200,200,"sd","09:31:36",88700
72600,-200,100,"sd","09:31:36",88500
72600,-200,100,"sd","09:31:36",88400
72600,-200,100,"sd","09:31:36",88300
72600,-200,100,"sd","09:31:36",88200
72600,-200,200,"sd","09:31:36",88100
72600,-200,100,"sd","09:31:36",87900
72600,-200,5000,"sd","09:31:36",87800
72600,-200,100,"sd","09:31:36",82800
72600,-200,100,"sd","09:31:36",82700
72600,-200,100,"sd","09:31:36",82600
72600,-200,100,"sd","09:31:36",82500
72600,-200,100,"sd","09:31:36",82400
72600,-200,100,"sd","09:31:36",82300
72600,-200,5000,"sd","09:31:36",82200
72600,-200,300,"sd","09:31:36",77200
72600,-200,100,"sd","09:31:22",76900
72600,-200,100,"sd","09:31:22",76800
72600,-200,1200,"sd","09:31:22",76700
72600,-200,1700,"sd","09:31:21",75500
72600,-200,4300,"sd","09:31:21",73800
72700,-100,500,"bu","09:30:44",69500
72700,-100,1000,"bu","09:30:31",69000
72600,-200,100,"sd","09:30:26",68000
72600,-200,600,"sd","09:30:25",67900
72600,-200,1000,"sd","09:30:24",67300
72600,-200,100,"sd","09:30:24",66300
72600,-200,300,"sd","09:30:24",66200
72600,-200,500,"sd","09:30:24",65900
72600,-200,300,"sd","09:30:24",65400
72600,-200,800,"sd","09:30:24",65100
72600,-200,200,"sd","09:30:23",64300
72600,-200,1000,"sd","09:30:21",64100
72600,-200,200,"sd","09:29:59",63100
72600,-200,100,"sd","09:29:58",62900
72600,-200,500,"sd","09:29:56",62800
72600,-200,2500,"sd","09:29:56",62300
72600,-200,200,"sd","09:29:55",59800
72600,-200,1000,"sd","09:29:55",59600
72600,-200,100,"sd","09:29:04",58600
72600,-200,200,"sd","09:29:03",58500
72700,-100,200,"bu","09:29:00",58300
72600,-200,100,"sd","09:28:54",58100
72600,-200,500,"sd","09:28:53",58000
72600,-200,100,"sd","09:28:43",57500
72600,-200,200,"sd","09:28:35",57400
72600,-200,1300,"sd","09:28:33",57200
72600,-200,100,"sd","09:28:33",55900
72600,-200,200,"sd","09:28:32",55800
72600,-200,200,"sd","09:28:32",55600
72600,-200,200,"sd","09:28:32",55400
72600,-200,1000,"sd","09:28:32",55200
72700,-100,100,"bu","09:28:28",54200
72700,-100,100,"bu","09:28:13",54100
72700,-100,100,"bu","09:27:45",54000
72700,-100,200,"bu","09:27:40",53900
72700,-100,500,"bu","09:27:33",53700
72700,-100,1000,"bu","09:27:20",53200
72700,-100,100,"bu","09:27:17",52200
72600,-200,100,"sd","09:27:02",52100
72700,-100,100,"bu","09:26:58",52000
72700,-100,2600,"bu","09:26:33",51900
72700,-100,1000,"bu","09:26:33",49300
72700,-100,1400,"bu","09:26:33",48300
72700,-100,600,"bu","09:26:27",46900
72700,-100,400,"bu","09:26:27",46300
72600,-200,100,"sd","09:26:27",45900
72600,-200,500,"sd","09:26:26",45800
72600,-200,100,"sd","09:25:59",45300
72600,-200,100,"sd","09:25:59",45200
72600,-200,200,"sd","09:25:59",45100
72700,-100,1000,"unknown","09:25:54",44900
72700,-100,1000,"bu","09:25:54",43900
72700,-100,200,"bu","09:25:54",42900
72600,-200,300,"sd","09:25:16",42700
72700,-100,100,"bu","09:24:58",42400
72800,0,100,"bu","09:24:50",42300
72800,0,200,"bu","09:24:31",42200
72800,0,1000,"bu","09:23:44",42000
72800,0,500,"bu","09:23:28",41000
72600,-200,200,"sd","09:23:12",40500
72600,-200,300,"sd","09:23:11",40300
72600,-200,100,"sd","09:23:11",40000
72600,-200,100,"sd","09:23:11",39900
72600,-200,100,"sd","09:23:11",39800
72600,-200,300,"sd","09:23:11",39700
72600,-200,100,"sd","09:23:11",39400
72800,0,1300,"bu","09:21:40",39300
72800,0,700,"bu","09:21:29",38000
72800,0,100,"bu","09:21:28",37300
72800,0,500,"bu","09:20:52",37200
72600,-200,100,"sd","09:20:24",36700
72600,-200,100,"sd","09:20:22",36600
72600,-200,100,"sd","09:20:22",36500
72600,-200,300,"sd","09:20:22",36400
72800,0,300,"bu","09:20:02",36100
72800,0,1900,"bu","09:19:48",35800
72700,-100,100,"unknown","09:19:48",33900
72600,-200,100,"sd","09:19:48",33800
72600,-200,100,"sd","09:19:46",33700
72600,-200,300,"sd","09:19:46",33600
72600,-200,100,"sd","09:19:46",33300
72600,-200,100,"sd","09:19:46",33200
72600,-200,100,"sd","09:19:46",32900
72600,-200,200,"sd","09:19:46",33100
72700,-100,200,"sd","09:19:46",32800
72700,-100,1000,"sd","09:19:46",32600
72700,-100,500,"sd","09:19:46",31600
72700,-100,100,"sd","09:19:46",31100
72700,-100,100,"sd","09:19:46",31000
72700,-100,100,"sd","09:19:46",30900
72700,-100,100,"sd","09:19:46",30800
72700,-100,100,"sd","09:19:46",30700
72800,0,400,"bu","09:19:45",30600
72800,0,300,"bu","09:19:31",30200
72800,0,300,"bu","09:18:59",29900
72800,0,3700,"bu","09:18:57",29600
72800,0,300,"sd","09:18:48",25900
72800,0,100,"sd","09:18:23",25600
72800,0,100,"sd","09:18:23",25500
72800,0,500,"sd","09:18:23",25400
72800,0,200,"sd","09:18:23",24900
72800,0,300,"sd","09:18:23",24700
72800,0,200,"sd","09:18:22",24400
72800,0,100,"sd","09:18:22",24200
72800,0,1000,"sd","09:18:22",24100
72800,0,100,"sd","09:18:22",23100
72800,0,200,"sd","09:18:22",23000
72800,0,2000,"sd","09:18:22",22800
72800,0,500,"sd","09:18:22",20800
72800,0,100,"sd","09:18:22",20300
72800,0,100,"sd","09:18:22",20200
72800,0,400,"sd","09:18:22",20100
72800,0,300,"sd","09:18:22",19700
72800,0,200,"sd","09:18:02",19400
72800,0,100,"sd","09:18:02",19200
72900,100,100,"bu","09:17:28",19100
72900,100,100,"bu","09:17:23",19000
72900,100,500,"bu","09:17:22",18900
72900,100,100,"bu","09:16:52",18400
72800,0,100,"sd","09:15:03",18300
72800,0,600,"sd","09:15:03",18200
72800,0,800,"sd","09:15:02",17600
72800,0,100,"sd","09:15:02",16800
72800,0,100,"sd","09:15:02",16700
72800,0,100,"sd","09:15:02",16600
72800,0,200,"sd","09:15:02",16500
72800,0,1700,"sd","09:15:02",16300
72800,0,14600,"sd","09:15:01",14600
