"price","change","match_qtty","side","time","total_vol"
6130,-30,100,"unknown","14:45:00",47900
6060,-100,8400,"bu","14:20:59",47800
6060,-100,500,"bu","14:20:45",39400
6060,-100,100,"sd","14:15:48",38900
6060,-100,1000,"sd","14:15:48",38800
6060,-100,10000,"bu","14:07:41",37800
6050,-110,100,"sd","14:07:16",27800
6060,-100,1600,"sd","14:05:56",27700
6060,-100,400,"sd","14:05:56",26100
6060,-100,300,"sd","14:04:26",25700
6060,-100,100,"sd","14:01:31",25400
6060,-100,200,"sd","14:00:30",25300
6060,-100,300,"sd","14:00:30",25100
6060,-100,300,"sd","13:58:54",24800
6060,-100,100,"sd","13:58:54",24500
6060,-100,100,"sd","13:58:13",24400
6060,-100,800,"sd","13:58:13",24300
6060,-100,100,"sd","13:58:13",23500
6060,-100,700,"sd","13:56:47",23400
6060,-100,300,"sd","13:56:47",22700
6130,-30,400,"bu","13:55:56",22400
6130,-30,200,"bu","13:44:35",22000
6130,-30,100,"unknown","13:27:26",21800
6130,-30,1900,"unknown","13:27:26",21700
6130,-30,100,"sd","13:24:17",19800
6130,-30,500,"sd","13:24:17",19700
6120,-40,500,"sd","13:24:17",19200
6130,-30,500,"bu","13:18:24",18700
6060,-100,200,"sd","13:14:24",18200
6060,-100,400,"sd","13:14:24",18000
6060,-100,300,"sd","13:14:24",17600
6060,-100,200,"sd","13:13:21",17300
6060,-100,500,"sd","13:13:21",17100
6060,-100,300,"sd","13:13:21",16600
6060,-100,100,"sd","13:10:38",16300
6070,-90,100,"unknown","13:10:38",16200
6070,-90,500,"bu","13:00:52",16100
6070,-90,500,"bu","13:00:37",15600
6070,-90,7000,"bu","13:00:34",15100
6150,-10,200,"bu","13:00:19",8100
6150,-10,200,"bu","13:00:15",7900
6140,-20,200,"unknown","13:00:11",7700
6140,-20,100,"unknown","13:00:11",7500
6070,-90,400,"sd","11:04:13",7400
6070,-90,600,"sd","10:58:15",7000
6090,-70,300,"sd","10:58:15",6400
6090,-70,100,"sd","10:58:15",6100
6090,-70,200,"sd","10:50:14",6000
6100,-60,500,"bu","10:44:47",5800
6080,-80,100,"sd","10:36:29",5300
6060,-100,600,"sd","10:19:41",5200
6070,-90,100,"sd","10:19:41",4600
6070,-90,100,"sd","10:19:41",4500
6070,-90,100,"sd","10:19:41",4400
6070,-90,100,"sd","10:19:41",4300
6070,-90,400,"sd","10:19:41",4200
6090,-70,300,"sd","10:19:41",3600
6090,-70,100,"sd","10:19:41",3800
6090,-70,100,"sd","10:19:41",3700
6100,-60,200,"sd","10:19:41",2900
6100,-60,300,"sd","10:19:41",3300
6100,-60,100,"sd","10:19:41",3000
6110,-50,100,"sd","10:19:41",2700
6110,-50,200,"sd","10:19:41",2500
6110,-50,100,"sd","10:19:41",2600
6130,-30,200,"sd","10:19:41",2300
6130,-30,800,"sd","10:19:41",2100
6130,-30,100,"sd","10:19:41",1300
6160,0,100,"sd","10:00:32",1200
6160,0,500,"sd","10:00:32",1100
6160,0,300,"sd","10:00:32",600
6170,10,100,"unknown","09:45:27",300
6160,0,100,"sd","09:31:10",200
6160,0,100,"sd","09:27:49",100
