"price","change","match_qtty","side","time","total_vol"
27000,-100,66400,"bu","14:45:00",1595900
26450,-650,1300,"sd","14:29:28",1529500
26500,-600,100,"sd","14:29:20",1528200
26500,-600,1000,"sd","14:29:20",1528100
26500,-600,100,"sd","14:29:20",1527100
26550,-550,500,"sd","14:29:20",1527000
26500,-600,200,"sd","14:29:20",1526500
26550,-550,100,"sd","14:29:20",1526300
26500,-600,3700,"sd","14:29:20",1526200
26550,-550,5000,"sd","14:29:20",1522500
26550,-550,100,"sd","14:29:20",1517500
26550,-550,100,"sd","14:29:20",1517400
26600,-500,1000,"sd","14:29:20",1517300
26600,-500,1000,"bu","14:29:10",1516300
26600,-500,3000,"sd","14:29:07",1515300
26650,-450,2800,"sd","14:29:07",1512300
26650,-450,200,"bu","14:29:01",1509500
26650,-450,400,"bu","14:29:00",1509300
26650,-450,400,"sd","14:28:57",1508900
26650,-450,500,"bu","14:28:36",1508500
26650,-450,100,"bu","14:28:31",1508000
26650,-450,100,"bu","14:28:31",1507900
26650,-450,300,"bu","14:28:24",1507800
26650,-450,200,"bu","14:28:24",1507500
26650,-450,100,"bu","14:28:14",1507300
26650,-450,100,"bu","14:28:10",1507200
26650,-450,200,"bu","14:27:58",1507100
26650,-450,1200,"bu","14:27:57",1506900
26650,-450,200,"bu","14:27:45",1505700
26650,-450,100,"sd","14:27:45",1505500
26650,-450,500,"sd","14:27:45",1505400
26700,-400,200,"bu","14:27:36",1504900
26700,-400,100,"sd","14:27:35",1504700
26700,-400,200,"sd","14:27:35",1504600
26700,-400,500,"sd","14:27:35",1504400
26750,-350,500,"bu","14:27:31",1503900
26800,-300,400,"bu","14:27:19",1503400
26750,-350,100,"bu","14:27:19",1503000
26700,-400,100,"bu","14:27:11",1502900
26700,-400,400,"bu","14:27:11",1502800
26700,-400,500,"bu","14:27:01",1502400
26700,-400,4100,"bu","14:26:56",1501900
26700,-400,100,"bu","14:26:56",1497800
26700,-400,500,"bu","14:26:56",1497700
26700,-400,2300,"bu","14:26:56",1497200
26700,-400,500,"bu","14:26:42",1494900
26700,-400,1800,"bu","14:26:42",1494400
26700,-400,2500,"bu","14:26:40",1492600
26700,-400,400,"bu","14:26:38",1490100
26700,-400,200,"bu","14:26:24",1489700
26650,-450,500,"sd","14:26:18",1489500
26700,-400,100,"bu","14:26:17",1489000
26600,-500,100,"sd","14:26:06",1488900
26600,-500,100,"sd","14:26:01",1488800
26600,-500,100,"sd","14:25:57",1488700
26600,-500,100,"sd","14:25:40",1488600
26600,-500,500,"sd","14:25:40",1488500
26600,-500,500,"sd","14:25:40",1488000
26600,-500,500,"sd","14:25:40",1487500
26600,-500,100,"sd","14:25:40",1487000
26550,-550,100,"sd","14:25:38",1486900
26600,-500,100,"bu","14:25:37",1486800
26550,-550,100,"bu","14:25:35",1486700
26550,-550,500,"bu","14:25:35",1486600
26550,-550,200,"bu","14:25:21",1486100
26600,-500,300,"bu","14:25:14",1485900
26550,-550,100,"bu","14:25:14",1485600
26600,-500,300,"bu","14:25:08",1485500
26500,-600,2100,"sd","14:24:44",1485200
26500,-600,1000,"bu","14:24:40",1483100
26500,-600,100,"bu","14:24:40",1482100
26500,-600,100,"bu","14:24:40",1482000
26450,-650,5000,"sd","14:24:40",1481900
26450,-650,11000,"sd","14:24:39",1476900
26450,-650,5500,"sd","14:24:39",1465900
26450,-650,1200,"sd","14:24:39",1460400
26450,-650,3900,"bu","14:24:31",1459200
26450,-650,200,"bu","14:24:28",1455300
26400,-700,100,"sd","14:24:05",1455100
26450,-650,500,"bu","14:23:51",1455000
26450,-650,400,"bu","14:23:49",1454500
26450,-650,500,"bu","14:23:43",1454100
26400,-700,200,"sd","14:23:43",1453600
26400,-700,500,"bu","14:23:32",1453400
26350,-750,1500,"bu","14:23:32",1452900
26350,-750,100,"bu","14:23:29",1451400
26300,-800,10000,"bu","14:23:22",1451300
26300,-800,100,"bu","14:23:22",1441300
26300,-800,5000,"bu","14:23:22",1441200
26250,-850,5000,"bu","14:23:22",1436200
26150,-950,200,"bu","14:23:22",1431200
26150,-950,1000,"bu","14:23:22",1431000
26150,-950,5000,"bu","14:23:22",1430000
26100,-1000,1800,"bu","14:23:22",1425000
26100,-1000,100,"bu","14:23:22",1423200
26100,-1000,1000,"bu","14:23:08",1423100
26100,-1000,200,"bu","14:23:08",1422100
26100,-1000,500,"bu","14:23:08",1421900
26100,-1000,200,"bu","14:23:08",1421400
26100,-1000,1100,"bu","14:23:08",1421200
26050,-1050,2000,"sd","14:23:01",1420100
26050,-1050,100,"sd","14:23:01",1418100
26050,-1050,1000,"bu","14:22:54",1418000
26050,-1050,900,"bu","14:22:54",1417000
25950,-1150,400,"bu","14:22:54",1416100
25950,-1150,3600,"bu","14:22:54",1415700
25950,-1150,2000,"bu","14:22:53",1412100
25950,-1150,200,"bu","14:22:50",1410100
25950,-1150,700,"bu","14:22:49",1409900
25950,-1150,800,"bu","14:22:49",1409200
25950,-1150,500,"bu","14:22:49",1408400
25950,-1150,100,"bu","14:22:45",1407900
25950,-1150,100,"bu","14:22:39",1407800
25900,-1200,200,"sd","14:22:39",1407700
25950,-1150,1000,"bu","14:22:39",1407500
25900,-1200,200,"sd","14:22:39",1406500
25900,-1200,100,"sd","14:22:39",1406300
25950,-1150,200,"bu","14:22:36",1406200
25950,-1150,100,"bu","14:22:26",1406000
25950,-1150,200,"bu","14:22:25",1405900
25950,-1150,200,"sd","14:22:25",1405700
25950,-1150,300,"sd","14:22:25",1405500
25950,-1150,400,"unknown","14:22:23",1405200
25950,-1150,5900,"sd","14:22:20",1404800
25950,-1150,600,"sd","14:22:20",1398900
25950,-1150,500,"sd","14:22:20",1398300
25950,-1150,500,"sd","14:22:20",1397800
26000,-1100,2000,"sd","14:22:20",1397300
26000,-1100,100,"sd","14:22:20",1395300
26000,-1100,100,"bu","14:22:11",1395200
26000,-1100,500,"bu","14:22:04",1395100
26000,-1100,500,"bu","14:21:57",1394600
26000,-1100,800,"sd","14:21:55",1394100
26000,-1100,7200,"sd","14:21:55",1393300
26000,-1100,200,"sd","14:21:55",1386100
26000,-1100,300,"sd","14:21:55",1385900
26000,-1100,500,"sd","14:21:55",1385600
26000,-1100,200,"sd","14:21:55",1385100
26000,-1100,100,"sd","14:21:55",1384900
26000,-1100,2900,"sd","14:21:55",1384800
26000,-1100,700,"sd","14:21:55",1381900
26050,-1050,100,"bu","14:21:52",1381200
26050,-1050,500,"bu","14:21:49",1381100
26000,-1100,2500,"sd","14:21:48",1380600
26050,-1050,200,"bu","14:21:40",1378100
26000,-1100,400,"sd","14:21:36",1377900
26000,-1100,2000,"sd","14:21:30",1377500
26050,-1050,100,"bu","14:21:19",1375500
26000,-1100,700,"sd","14:21:15",1375400
26000,-1100,500,"sd","14:21:05",1374700
26000,-1100,1000,"sd","14:21:00",1374200
26000,-1100,100,"sd","14:20:53",1373200
25900,-1200,1800,"sd","14:20:39",1373100
25900,-1200,1000,"sd","14:20:39",1371300
25900,-1200,700,"sd","14:20:39",1370300
25900,-1200,500,"sd","14:20:39",1369600
25900,-1200,300,"sd","14:20:39",1369100
25900,-1200,1900,"sd","14:20:39",1368800
25950,-1150,500,"sd","14:20:39",1366900
26000,-1100,3300,"bu","14:20:39",1366400
26000,-1100,500,"bu","14:20:38",1363100
26000,-1100,6200,"bu","14:20:38",1362600
26000,-1100,100,"bu","14:20:35",1356400
26000,-1100,100,"bu","14:20:30",1356300
26000,-1100,100,"bu","14:20:29",1356200
26000,-1100,500,"sd","14:20:26",1356100
26000,-1100,500,"bu","14:20:14",1355600
26000,-1100,400,"bu","14:20:12",1355100
26000,-1100,300,"bu","14:20:04",1354700
26000,-1100,2000,"bu","14:19:50",1354400
25900,-1200,3100,"sd","14:19:47",1352400
25900,-1200,300,"sd","14:19:47",1349300
25900,-1200,100,"sd","14:19:47",1349000
25900,-1200,200,"sd","14:19:47",1348900
25900,-1200,1300,"sd","14:19:47",1348700
26000,-1100,1800,"sd","14:19:46",1347400
26000,-1100,100,"sd","14:19:43",1345600
26000,-1100,200,"bu","14:19:37",1345500
26000,-1100,1000,"bu","14:19:37",1345300
26000,-1100,300,"bu","14:19:37",1344300
26000,-1100,1000,"bu","14:19:37",1344000
26000,-1100,200,"bu","14:19:37",1343000
26000,-1100,400,"bu","14:19:37",1342800
25900,-1200,300,"sd","14:19:13",1342400
25950,-1150,400,"unknown","14:19:13",1342100
25900,-1200,400,"sd","14:19:10",1341700
25900,-1200,100,"sd","14:19:10",1341300
25900,-1200,100,"sd","14:19:10",1341200
25900,-1200,2000,"sd","14:19:10",1341100
25900,-1200,400,"sd","14:19:10",1339100
25900,-1200,100,"sd","14:19:08",1338700
25900,-1200,300,"sd","14:19:08",1338600
25950,-1150,500,"sd","14:19:08",1338300
25900,-1200,200,"sd","14:18:56",1337800
25900,-1200,300,"sd","14:18:56",1337600
25900,-1200,500,"sd","14:18:56",1337300
25900,-1200,500,"sd","14:18:49",1336800
25900,-1200,1000,"sd","14:18:48",1336300
25900,-1200,3000,"sd","14:18:43",1335300
25900,-1200,1000,"sd","14:18:43",1332300
25900,-1200,100,"sd","14:18:43",1331300
25900,-1200,100,"sd","14:18:43",1331200
25900,-1200,700,"sd","14:18:43",1331100
25900,-1200,100,"sd","14:18:43",1330400
25900,-1200,1000,"sd","14:18:41",1330300
25900,-1200,300,"sd","14:18:40",1329300
25900,-1200,500,"sd","14:18:16",1329000
25900,-1200,1400,"sd","14:18:16",1328500
25900,-1200,700,"sd","14:18:08",1327100
25900,-1200,200,"sd","14:18:08",1326400
26000,-1100,100,"bu","14:18:07",1326200
26000,-1100,100,"bu","14:18:07",1326100
25900,-1200,200,"sd","14:18:05",1326000
25900,-1200,100,"sd","14:18:05",1325800
25900,-1200,100,"sd","14:18:05",1325700
25900,-1200,100,"sd","14:18:05",1325600
25900,-1200,200,"sd","14:18:00",1325500
25900,-1200,600,"sd","14:18:00",1325300
25900,-1200,900,"sd","14:17:56",1324700
25900,-1200,3500,"sd","14:17:52",1323800
25900,-1200,1000,"sd","14:17:52",1320300
25900,-1200,500,"sd","14:17:52",1319300
25900,-1200,1000,"sd","14:17:48",1318800
25900,-1200,1500,"sd","14:17:36",1317800
26050,-1050,200,"bu","14:17:20",1316300
25900,-1200,2000,"sd","14:17:18",1316100
25800,-1300,200,"sd","14:17:10",1314100
25800,-1300,100,"sd","14:17:10",1313900
25800,-1300,100,"sd","14:17:10",1313800
25800,-1300,200,"sd","14:17:10",1313700
25900,-1200,100,"sd","14:17:10",1313500
25900,-1200,1000,"sd","14:17:10",1313400
26000,-1100,5000,"sd","14:17:10",1312400
26000,-1100,1000,"sd","14:17:10",1307400
26000,-1100,300,"sd","14:17:10",1306400
26000,-1100,1000,"sd","14:17:06",1306100
26000,-1100,100,"bu","14:17:04",1305100
26000,-1100,2000,"bu","14:17:04",1305000
26000,-1100,200,"bu","14:17:04",1303000
26000,-1100,1400,"bu","14:17:04",1302800
26000,-1100,100,"bu","14:16:57",1301400
25950,-1150,100,"bu","14:16:57",1301300
25800,-1300,300,"sd","14:16:52",1301200
25800,-1300,100,"sd","14:16:52",1300900
25800,-1300,100,"sd","14:16:52",1300800
25850,-1250,500,"sd","14:16:52",1300700
25850,-1250,800,"sd","14:16:52",1300200
25850,-1250,100,"sd","14:16:52",1299400
25850,-1250,500,"sd","14:16:52",1299300
25850,-1250,100,"sd","14:16:52",1298800
25900,-1200,100,"sd","14:16:52",1298700
25900,-1200,100,"sd","14:16:52",1298600
25900,-1200,300,"sd","14:16:52",1298500
25900,-1200,500,"sd","14:16:52",1298200
25900,-1200,100,"sd","14:16:52",1297700
25900,-1200,500,"sd","14:16:52",1297600
25900,-1200,100,"sd","14:16:52",1297100
25900,-1200,1000,"sd","14:16:52",1297000
25900,-1200,100,"sd","14:16:52",1296000
25900,-1200,100,"sd","14:16:52",1295900
25900,-1200,1000,"sd","14:16:52",1295800
25900,-1200,100,"sd","14:16:52",1294800
25900,-1200,1000,"sd","14:16:52",1294700
25900,-1200,1000,"sd","14:16:52",1293700
25950,-1150,100,"sd","14:16:52",1292700
25900,-1200,100,"sd","14:16:52",1292600
25900,-1200,1000,"sd","14:16:52",1292500
25900,-1200,300,"sd","14:16:52",1291500
26000,-1100,1000,"bu","14:16:52",1291200
26000,-1100,1000,"bu","14:16:52",1290200
25950,-1150,900,"sd","14:16:43",1289200
25950,-1150,300,"sd","14:16:43",1288300
25950,-1150,100,"sd","14:16:43",1288000
25950,-1150,100,"sd","14:16:43",1287900
25950,-1150,100,"sd","14:16:43",1287800
25950,-1150,1000,"sd","14:16:43",1287700
25950,-1150,1000,"sd","14:16:43",1286700
25950,-1150,400,"sd","14:16:43",1285700
26000,-1100,700,"bu","14:16:42",1285300
26000,-1100,300,"bu","14:16:35",1284600
26000,-1100,200,"bu","14:16:35",1284300
26000,-1100,200,"bu","14:16:34",1284100
26000,-1100,100,"bu","14:16:28",1283900
26000,-1100,200,"bu","14:16:25",1283800
26000,-1100,200,"sd","14:16:23",1283600
26000,-1100,100,"sd","14:16:23",1283400
26000,-1100,100,"sd","14:16:23",1283300
26000,-1100,300,"sd","14:16:23",1283200
26000,-1100,500,"sd","14:16:23",1282900
26000,-1100,300,"sd","14:16:23",1282400
26000,-1100,500,"sd","14:16:23",1282100
26000,-1100,2000,"sd","14:16:23",1281600
26000,-1100,5000,"sd","14:16:23",1279600
26000,-1100,200,"sd","14:16:23",1274600
26000,-1100,100,"sd","14:16:23",1274400
26000,-1100,200,"sd","14:16:23",1274300
26000,-1100,100,"sd","14:16:23",1274100
26000,-1100,2000,"sd","14:16:23",1274000
26000,-1100,1000,"sd","14:16:23",1272000
26000,-1100,1000,"sd","14:16:23",1271000
26000,-1100,600,"sd","14:16:23",1270000
26000,-1100,100,"sd","14:16:23",1269400
26000,-1100,400,"sd","14:16:20",1269300
26000,-1100,500,"sd","14:16:20",1268900
26000,-1100,1000,"sd","14:16:20",1268400
26000,-1100,200,"sd","14:16:20",1267400
26000,-1100,300,"sd","14:16:20",1267200
26000,-1100,1000,"sd","14:16:20",1266900
26000,-1100,100,"sd","14:16:20",1265900
26000,-1100,900,"sd","14:16:19",1265800
26000,-1100,300,"sd","14:16:19",1264900
26000,-1100,300,"sd","14:16:19",1264600
26000,-1100,500,"sd","14:16:19",1264300
26000,-1100,100,"sd","14:16:19",1263800
26000,-1100,100,"sd","14:16:19",1263700
26000,-1100,200,"sd","14:16:19",1263600
26000,-1100,100,"sd","14:16:19",1263400
26000,-1100,200,"sd","14:16:19",1263300
26000,-1100,100,"sd","14:16:19",1263100
26000,-1100,200,"sd","14:16:19",1263000
26000,-1100,2000,"sd","14:16:19",1262800
26000,-1100,1500,"sd","14:16:18",1260800
26000,-1100,1000,"sd","14:16:17",1259300
26000,-1100,1000,"sd","14:16:11",1258300
26000,-1100,9200,"sd","14:16:10",1257300
26000,-1100,1100,"sd","14:16:06",1248100
26050,-1050,100,"sd","14:16:06",1247000
26050,-1050,200,"bu","14:16:02",1246900
26000,-1100,3600,"sd","14:16:00",1246700
26050,-1050,300,"bu","14:15:52",1243100
26050,-1050,700,"bu","14:15:52",1242800
26050,-1050,500,"bu","14:15:51",1242100
26000,-1100,400,"sd","14:15:50",1241600
26000,-1100,200,"sd","14:15:43",1241200
26000,-1100,100,"sd","14:15:43",1241000
26000,-1100,1000,"sd","14:15:43",1240900
26000,-1100,100,"sd","14:15:43",1239900
26000,-1100,100,"sd","14:15:43",1239800
26050,-1050,1000,"bu","14:15:41",1239700
26050,-1050,500,"bu","14:15:36",1238700
26000,-1100,1000,"sd","14:15:28",1238200
26000,-1100,400,"sd","14:15:28",1237200
26000,-1100,100,"sd","14:15:25",1236800
26000,-1100,2000,"sd","14:15:25",1236700
26000,-1100,200,"sd","14:15:25",1234700
26000,-1100,1000,"sd","14:15:25",1234500
26000,-1100,100,"sd","14:15:25",1233500
26000,-1100,100,"sd","14:15:25",1233400
26050,-1050,800,"bu","14:15:18",1233300
26050,-1050,4000,"bu","14:15:15",1232500
26050,-1050,200,"bu","14:15:11",1228500
26000,-1100,300,"sd","14:15:10",1228300
26000,-1100,100,"sd","14:15:10",1228000
26000,-1100,200,"sd","14:15:10",1227900
26000,-1100,500,"sd","14:15:10",1227700
26000,-1100,200,"sd","14:15:10",1227200
26000,-1100,800,"sd","14:15:10",1227000
26000,-1100,200,"sd","14:15:09",1226200
26000,-1100,500,"sd","14:15:09",1226000
26000,-1100,1000,"sd","14:15:09",1225500
26000,-1100,300,"sd","14:15:09",1224500
26000,-1100,1000,"sd","14:15:09",1224200
26000,-1100,300,"sd","14:15:09",1223200
26000,-1100,400,"sd","14:15:09",1222900
26000,-1100,1000,"sd","14:15:09",1222500
26000,-1100,100,"sd","14:15:09",1221500
26000,-1100,100,"sd","14:15:09",1221400
26000,-1100,100,"sd","14:15:08",1221300
26050,-1050,100,"bu","14:15:07",1221200
26000,-1100,100,"sd","14:15:06",1221100
26000,-1100,500,"sd","14:15:06",1221000
26000,-1100,500,"sd","14:15:06",1220500
26000,-1100,500,"sd","14:15:06",1220000
26000,-1100,10000,"sd","14:15:06",1219500
26000,-1100,1000,"sd","14:15:06",1209500
26000,-1100,1300,"sd","14:15:06",1208500
26000,-1100,100,"sd","14:15:06",1207200
26000,-1100,3700,"sd","14:15:03",1207100
26000,-1100,500,"sd","14:15:03",1203400
26000,-1100,100,"sd","14:15:03",1202900
26000,-1100,100,"sd","14:15:03",1202800
26000,-1100,100,"sd","14:15:03",1202700
26000,-1100,300,"sd","14:15:03",1202600
26000,-1100,500,"sd","14:15:03",1202300
26000,-1100,500,"sd","14:15:03",1201800
26000,-1100,100,"sd","14:15:03",1201300
26000,-1100,400,"sd","14:15:03",1201200
26000,-1100,100,"sd","14:15:03",1200800
26000,-1100,1000,"sd","14:15:03",1200700
26000,-1100,100,"sd","14:15:03",1199700
26000,-1100,2500,"sd","14:15:03",1199600
26050,-1050,100,"bu","14:14:59",1197100
26050,-1050,2100,"sd","14:14:58",1197000
26050,-1050,100,"sd","14:14:47",1194900
26050,-1050,900,"sd","14:14:47",1194800
26050,-1050,100,"sd","14:14:47",1193900
26050,-1050,400,"sd","14:14:47",1193800
26050,-1050,1000,"sd","14:14:47",1193400
26050,-1050,100,"sd","14:14:47",1192400
26050,-1050,100,"sd","14:14:47",1192300
26050,-1050,7900,"sd","14:14:47",1192200
26050,-1050,200,"sd","14:14:47",1184300
26050,-1050,200,"sd","14:14:47",1184100
26050,-1050,2000,"sd","14:14:47",1183900
26050,-1050,200,"sd","14:14:47",1181900
26050,-1050,100,"sd","14:14:47",1181700
26050,-1050,1100,"sd","14:14:47",1181600
26050,-1050,900,"sd","14:14:47",1180500
26050,-1050,1100,"sd","14:14:47",1179600
26100,-1000,1000,"sd","14:14:47",1178500
26050,-1050,500,"sd","14:14:47",1177500
26050,-1050,1000,"sd","14:14:47",1177000
26100,-1000,100,"sd","14:14:47",1176000
26050,-1050,300,"sd","14:14:47",1175900
26050,-1050,700,"sd","14:14:47",1175600
26100,-1000,400,"sd","14:14:44",1174900
26100,-1000,100,"sd","14:14:44",1174500
26100,-1000,100,"sd","14:14:44",1174400
26100,-1000,900,"sd","14:14:41",1174300
26100,-1000,100,"sd","14:14:41",1173400
26100,-1000,1000,"sd","14:14:40",1173300
26100,-1000,300,"sd","14:14:30",1172300
26100,-1000,2600,"sd","14:14:27",1172000
26100,-1000,100,"sd","14:14:27",1169400
26100,-1000,2000,"sd","14:14:27",1169300
26100,-1000,300,"sd","14:14:27",1167300
26100,-1000,100,"sd","14:14:23",1167000
26100,-1000,600,"sd","14:14:17",1166900
26100,-1000,200,"sd","14:14:17",1166300
26100,-1000,700,"sd","14:14:17",1166100
26100,-1000,100,"sd","14:14:17",1165400
26100,-1000,400,"sd","14:14:17",1165300
26100,-1000,100,"sd","14:14:06",1164900
26100,-1000,100,"sd","14:14:06",1164800
26100,-1000,300,"sd","14:14:06",1164700
26100,-1000,500,"sd","14:14:06",1164400
26100,-1000,100,"sd","14:14:00",1163900
26100,-1000,1500,"sd","14:13:03",1163800
26100,-1000,100,"sd","14:13:03",1162300
26100,-1000,1000,"sd","14:13:03",1162200
26100,-1000,4200,"sd","14:13:03",1161200
26100,-1000,700,"sd","14:13:02",1157000
26100,-1000,1000,"sd","14:13:02",1156300
26100,-1000,100,"sd","14:13:02",1155300
26100,-1000,100,"sd","14:13:02",1155200
26100,-1000,5000,"sd","14:13:02",1155100
26100,-1000,1000,"sd","14:13:02",1150100
26100,-1000,100,"sd","14:13:02",1149100
26100,-1000,200,"sd","14:13:02",1149000
26150,-950,100,"bu","14:12:56",1148800
26150,-950,1000,"sd","14:12:54",1148700
26150,-950,100,"sd","14:12:54",1147700
26200,-900,100,"sd","14:12:54",1147600
26200,-900,300,"sd","14:12:54",1147500
26200,-900,100,"sd","14:12:54",1147200
26200,-900,100,"sd","14:12:54",1147100
26200,-900,100,"sd","14:12:54",1147000
26200,-900,1000,"sd","14:12:54",1146900
26300,-800,100,"bu","14:12:52",1145900
26300,-800,100,"bu","14:12:52",1145800
26300,-800,100,"bu","14:12:34",1145700
26300,-800,700,"bu","14:12:27",1145600
26300,-800,300,"bu","14:11:54",1144900
26300,-800,500,"bu","14:11:47",1144600
26300,-800,200,"bu","14:11:47",1144100
26300,-800,1000,"bu","14:11:47",1143900
26300,-800,2000,"bu","14:11:47",1142900
26300,-800,1300,"bu","14:11:47",1140900
26300,-800,700,"bu","14:11:02",1139600
26300,-800,500,"bu","14:10:57",1138900
26200,-900,1900,"sd","14:10:36",1138400
26200,-900,2600,"sd","14:10:36",1136500
26200,-900,400,"sd","14:10:35",1133900
26200,-900,100,"sd","14:10:35",1133500
26200,-900,2700,"sd","14:10:35",1133400
26200,-900,500,"sd","14:10:35",1130700
26200,-900,1000,"sd","14:10:35",1130200
26200,-900,200,"sd","14:10:35",1129200
26200,-900,300,"sd","14:10:35",1129000
26200,-900,300,"sd","14:10:35",1128700
26300,-800,100,"bu","14:10:30",1128400
26300,-800,500,"bu","14:10:05",1128300
26200,-900,600,"sd","14:09:55",1127800
26200,-900,100,"sd","14:09:55",1127200
26200,-900,200,"sd","14:09:55",1127100
26200,-900,500,"sd","14:09:55",1126900
26200,-900,100,"sd","14:09:55",1126400
26250,-850,500,"sd","14:09:55",1126300
26300,-800,1900,"bu","14:09:54",1125800
26300,-800,100,"bu","14:09:54",1123900
26300,-800,500,"bu","14:09:41",1123800
26300,-800,700,"bu","14:09:37",1123300
26300,-800,100,"bu","14:09:30",1122600
26200,-900,100,"sd","14:09:09",1122500
26200,-900,100,"sd","14:09:09",1122400
26200,-900,300,"sd","14:09:09",1122300
26200,-900,500,"sd","14:09:09",1122000
26200,-900,100,"sd","14:09:09",1121500
26200,-900,700,"sd","14:09:09",1121400
26200,-900,200,"sd","14:09:09",1120700
26200,-900,200,"sd","14:09:04",1120500
26200,-900,600,"sd","14:08:45",1120300
26200,-900,200,"sd","14:08:45",1119700
26200,-900,100,"sd","14:08:45",1119500
26200,-900,100,"sd","14:08:45",1119400
26200,-900,100,"sd","14:08:04",1119300
26200,-900,2900,"sd","14:08:04",1119200
26300,-800,3000,"bu","14:07:47",1116300
26200,-900,13600,"sd","14:07:40",1113300
26200,-900,1400,"sd","14:07:40",1099700
26200,-900,13100,"sd","14:07:40",1098300
26200,-900,200,"sd","14:07:40",1085200
26200,-900,100,"sd","14:07:40",1085000
26200,-900,800,"sd","14:07:40",1084900
26250,-850,100,"sd","14:07:40",1084100
26250,-850,100,"sd","14:07:40",1084000
26250,-850,600,"sd","14:07:40",1083900
26300,-800,100,"bu","14:07:37",1083300
26300,-800,500,"bu","14:07:30",1083200
26250,-850,1900,"bu","14:07:20",1082700
26250,-850,7500,"bu","14:07:20",1080800
26200,-900,300,"sd","14:07:10",1073300
26200,-900,1700,"bu","14:06:49",1073000
26200,-900,100,"sd","14:06:42",1071300
26200,-900,100,"sd","14:06:42",1071200
26200,-900,100,"sd","14:06:42",1071100
26250,-850,19300,"bu","14:06:12",1071000
26250,-850,700,"bu","14:06:12",1051700
26200,-900,1000,"sd","14:06:10",1051000
26200,-900,700,"sd","14:06:09",1050000
26200,-900,600,"bu","14:06:07",1049300
26200,-900,200,"bu","14:06:07",1048700
26200,-900,100,"bu","14:05:51",1048500
26100,-1000,100,"bu","14:05:43",1048400
26100,-1000,100,"bu","14:05:43",1048300
26100,-1000,100,"bu","14:05:43",1048200
26100,-1000,400,"bu","14:05:33",1048100
26100,-1000,300,"bu","14:05:33",1047700
26100,-1000,1500,"bu","14:05:33",1047400
26100,-1000,500,"bu","14:05:33",1045900
26100,-1000,300,"bu","14:05:33",1045400
26050,-1050,600,"sd","14:05:29",1045100
26050,-1050,400,"sd","14:05:22",1044500
26050,-1050,200,"bu","14:05:10",1044100
26050,-1050,100,"bu","14:05:09",1043900
26050,-1050,1000,"bu","14:05:04",1043800
26050,-1050,200,"sd","14:05:01",1042800
26050,-1050,300,"sd","14:04:54",1042600
26050,-1050,1700,"sd","14:04:54",1042300
26050,-1050,500,"sd","14:04:51",1040600
26050,-1050,300,"bu","14:04:50",1040100
26050,-1050,100,"bu","14:04:50",1039800
26050,-1050,100,"bu","14:04:44",1039700
26050,-1050,100,"bu","14:04:41",1039600
26000,-1100,500,"sd","14:04:39",1039500
26000,-1100,100,"sd","14:04:39",1039000
26000,-1100,100,"sd","14:04:39",1038900
26000,-1100,100,"sd","14:04:39",1038800
26000,-1100,1200,"sd","14:04:39",1038700
26050,-1050,100,"bu","14:04:35",1037500
26000,-1100,300,"sd","14:04:31",1037400
26000,-1100,100,"sd","14:04:31",1037100
26000,-1100,100,"sd","14:04:31",1037000
26050,-1050,900,"bu","14:04:30",1036900
26050,-1050,100,"bu","14:04:30",1036000
26050,-1050,500,"bu","14:04:22",1035900
26050,-1050,500,"bu","14:04:18",1035400
26050,-1050,1500,"bu","14:04:18",1034900
26050,-1050,500,"bu","14:04:17",1033400
26050,-1050,100,"bu","14:04:10",1032900
26050,-1050,100,"bu","14:04:05",1032800
26000,-1100,500,"sd","14:03:58",1032700
26000,-1100,100,"sd","14:03:57",1032200
26000,-1100,400,"sd","14:03:57",1032100
26000,-1100,200,"sd","14:03:57",1031700
26000,-1100,200,"sd","14:03:57",1031500
26000,-1100,100,"sd","14:03:57",1031300
26050,-1050,700,"bu","14:03:56",1031200
26050,-1050,1000,"bu","14:03:43",1030500
26050,-1050,700,"bu","14:03:40",1029500
26050,-1050,1100,"bu","14:03:40",1028800
26050,-1050,200,"bu","14:03:40",1027700
26050,-1050,200,"bu","14:03:31",1027500
26050,-1050,500,"sd","14:03:24",1027300
26050,-1050,300,"sd","14:03:24",1026800
26050,-1050,700,"sd","14:03:09",1026500
26050,-1050,700,"sd","14:03:09",1025800
26050,-1050,100,"sd","14:03:09",1025100
26050,-1050,500,"sd","14:03:09",1025000
26050,-1050,1500,"sd","14:03:05",1024500
26050,-1050,1500,"sd","14:02:58",1023000
26050,-1050,1500,"sd","14:02:56",1021500
26050,-1050,100,"sd","14:02:56",1020000
26050,-1050,200,"sd","14:02:56",1019900
26050,-1050,200,"sd","14:02:56",1019700
26050,-1050,2000,"sd","14:02:56",1019500
26050,-1050,1000,"sd","14:02:47",1017500
26050,-1050,100,"sd","14:02:47",1016500
26050,-1050,900,"sd","14:02:47",1016400
26100,-1000,1000,"bu","14:02:47",1015500
26100,-1000,400,"bu","14:02:29",1014500
26100,-1000,100,"bu","14:02:18",1014100
26050,-1050,600,"sd","14:02:15",1014000
26050,-1050,400,"sd","14:02:15",1013400
26050,-1050,800,"sd","14:02:07",1013000
26050,-1050,300,"sd","14:02:06",1012200
26050,-1050,200,"sd","14:02:06",1011900
26050,-1050,1000,"sd","14:02:06",1011700
26050,-1050,100,"sd","14:02:03",1010700
26050,-1050,900,"sd","14:01:58",1010600
26050,-1050,4100,"sd","14:01:58",1009700
26100,-1000,200,"bu","14:01:48",1005600
26050,-1050,400,"sd","14:01:42",1005400
26050,-1050,500,"sd","14:01:33",1005000
26050,-1050,500,"sd","14:01:33",1004500
26100,-1000,100,"sd","14:01:19",1004000
26100,-1000,100,"sd","14:01:19",1003900
26100,-1000,100,"sd","14:01:19",1003800
26200,-900,200,"sd","14:01:19",1003700
26100,-1000,200,"sd","14:01:11",1003500
26100,-1000,100,"sd","14:01:11",1003300
26100,-1000,500,"sd","14:01:11",1003200
26150,-950,100,"unknown","14:01:11",1002700
26100,-1000,400,"sd","14:01:11",1002600
26100,-1000,1000,"sd","14:01:11",1002200
26100,-1000,100,"sd","14:01:11",1001200
26100,-1000,100,"sd","14:01:11",1001100
26100,-1000,2400,"sd","14:01:06",1001000
26150,-950,300,"sd","14:01:06",998600
26200,-900,700,"sd","14:01:06",998300
26200,-900,100,"sd","14:01:06",997600
26200,-900,500,"sd","14:00:52",997500
26250,-850,200,"bu","14:00:50",997000
26200,-900,100,"sd","14:00:25",996800
26200,-900,100,"sd","14:00:25",996700
26200,-900,400,"sd","14:00:25",996600
26200,-900,500,"sd","14:00:21",996200
26200,-900,400,"sd","14:00:15",995700
26200,-900,100,"sd","14:00:15",995300
26250,-850,200,"bu","14:00:04",995200
26100,-1000,500,"sd","14:00:03",995000
26250,-850,100,"bu","13:59:58",994500
26100,-1000,600,"sd","13:59:57",994400
26150,-950,100,"sd","13:59:57",993800
26200,-900,100,"sd","13:59:57",993700
26200,-900,500,"sd","13:59:57",993600
26200,-900,100,"sd","13:59:57",993100
26200,-900,100,"sd","13:59:57",993000
26200,-900,300,"sd","13:59:57",992900
26200,-900,100,"sd","13:59:57",992600
26200,-900,4000,"sd","13:59:57",992500
26200,-900,200,"sd","13:59:57",988500
26200,-900,1500,"sd","13:59:57",988300
26200,-900,400,"sd","13:59:57",984800
26200,-900,2000,"sd","13:59:57",986800
26250,-850,700,"sd","13:59:50",984400
26250,-850,2000,"sd","13:59:50",983700
26250,-850,500,"sd","13:59:50",981700
26250,-850,300,"sd","13:59:50",981200
26250,-850,100,"sd","13:59:50",980900
26250,-850,700,"sd","13:59:50",980800
26250,-850,100,"sd","13:59:40",980100
26250,-850,200,"sd","13:59:39",980000
26300,-800,200,"sd","13:59:33",979800
26300,-800,1000,"sd","13:59:33",979600
26300,-800,200,"sd","13:59:33",978600
26300,-800,500,"sd","13:59:33",978400
26300,-800,200,"sd","13:59:33",977900
26300,-800,100,"sd","13:59:28",977700
26300,-800,300,"sd","13:59:28",977600
26300,-800,500,"sd","13:59:13",977300
26400,-700,200,"bu","13:59:07",976800
26400,-700,200,"bu","13:58:27",976600
26300,-800,2000,"sd","13:58:22",976400
26300,-800,200,"sd","13:58:22",974400
26300,-800,1000,"sd","13:58:22",974200
26300,-800,100,"sd","13:58:22",973200
26300,-800,100,"sd","13:58:22",973100
26300,-800,200,"sd","13:58:22",973000
26300,-800,1000,"sd","13:58:22",972800
26300,-800,1000,"sd","13:58:22",971800
26300,-800,100,"sd","13:58:22",970800
26300,-800,100,"sd","13:58:22",970700
26300,-800,500,"sd","13:58:22",970600
26300,-800,100,"sd","13:58:22",970100
26300,-800,200,"sd","13:58:22",970000
26300,-800,100,"sd","13:58:22",969800
26300,-800,100,"sd","13:58:22",969700
26300,-800,3100,"sd","13:58:22",969600
26300,-800,100,"sd","13:58:22",966500
26300,-800,1100,"sd","13:58:18",966400
26350,-750,1000,"sd","13:58:18",965300
26350,-750,100,"sd","13:58:18",964300
26350,-750,1000,"sd","13:58:18",964200
26350,-750,500,"sd","13:58:18",963200
26350,-750,5500,"sd","13:58:18",962700
26400,-700,800,"sd","13:58:18",957200
26350,-750,4500,"sd","13:58:14",956400
26350,-750,700,"sd","13:58:14",951900
26400,-700,100,"sd","13:58:14",951200
26350,-750,300,"sd","13:58:14",951100
26400,-700,1100,"sd","13:58:14",950800
26400,-700,1000,"sd","13:58:14",949700
26400,-700,2300,"sd","13:58:14",948700
26400,-700,1700,"sd","13:57:48",946400
26400,-700,1000,"sd","13:57:37",944700
26400,-700,1000,"sd","13:57:37",943700
26400,-700,1000,"sd","13:57:37",942700
26400,-700,1000,"sd","13:57:37",941700
26400,-700,100,"sd","13:57:37",940700
26400,-700,5900,"sd","13:57:37",940600
26400,-700,4100,"sd","13:57:34",934700
26400,-700,5000,"sd","13:57:34",930600
26400,-700,900,"sd","13:57:34",925600
26400,-700,9100,"sd","13:57:34",924700
26400,-700,700,"sd","13:57:34",915600
26400,-700,100,"sd","13:57:34",914900
26400,-700,100,"sd","13:57:34",914800
26450,-650,700,"bu","13:56:50",914700
26450,-650,1500,"sd","13:56:39",914000
26450,-650,100,"sd","13:56:39",912500
26450,-650,800,"sd","13:56:39",912400
26450,-650,700,"sd","13:56:39",911600
26450,-650,700,"sd","13:56:39",910900
26450,-650,3600,"sd","13:54:44",910200
26450,-650,400,"sd","13:54:44",906600
26450,-650,2200,"sd","13:54:44",906200
26450,-650,1000,"sd","13:54:44",904000
26450,-650,800,"sd","13:54:44",903000
26450,-650,200,"sd","13:54:38",902200
26450,-650,200,"sd","13:54:38",902000
26500,-600,500,"sd","13:54:38",901800
26500,-600,100,"sd","13:54:38",901300
26500,-600,100,"sd","13:54:38",901200
26500,-600,900,"sd","13:54:38",901100
26500,-600,100,"bu","13:53:56",900200
26500,-600,400,"bu","13:53:48",900100
26500,-600,100,"bu","13:53:48",899700
26500,-600,400,"bu","13:53:48",899600
26500,-600,1000,"bu","13:53:31",899200
26500,-600,200,"bu","13:53:26",898200
26500,-600,100,"bu","13:53:20",898000
26500,-600,100,"bu","13:52:54",897900
26500,-600,500,"bu","13:52:40",897800
26500,-600,200,"bu","13:52:40",897300
26500,-600,300,"bu","13:52:40",897100
26500,-600,200,"bu","13:52:37",896800
26500,-600,700,"bu","13:52:35",896600
26500,-600,500,"bu","13:52:13",895900
26500,-600,500,"bu","13:51:56",895400
26450,-650,2300,"sd","13:51:43",894900
26450,-650,200,"sd","13:51:43",892600
26450,-650,2300,"sd","13:51:43",892400
26450,-650,200,"sd","13:51:43",890100
26500,-600,100,"bu","13:51:41",889900
26500,-600,200,"sd","13:51:41",889800
26500,-600,100,"bu","13:51:24",889600
26500,-600,600,"bu","13:51:24",889500
26450,-650,100,"sd","13:51:18",888900
26450,-650,200,"sd","13:51:10",888800
26500,-600,400,"bu","13:51:09",888600
26500,-600,400,"bu","13:51:09",888200
26500,-600,100,"bu","13:51:07",887800
26500,-600,100,"bu","13:50:33",887700
26500,-600,100,"bu","13:50:33",887600
26500,-600,900,"bu","13:50:10",887500
26500,-600,1100,"bu","13:50:10",886600
26500,-600,1000,"bu","13:50:02",885500
26500,-600,3300,"bu","13:50:02",884500
26500,-600,700,"bu","13:50:02",881200
26400,-700,600,"bu","13:48:58",880500
26400,-700,400,"bu","13:48:49",879900
26400,-700,100,"bu","13:48:49",879500
26400,-700,1000,"bu","13:48:46",879400
26400,-700,400,"bu","13:48:46",878400
26400,-700,100,"bu","13:48:26",878000
26400,-700,200,"bu","13:48:25",877900
26350,-750,600,"bu","13:48:11",877700
26350,-750,1900,"sd","13:48:05",877100
26350,-750,100,"sd","13:47:52",875200
26350,-750,200,"sd","13:47:52",875100
26350,-750,500,"sd","13:47:35",874900
26300,-800,800,"sd","13:47:15",874400
26300,-800,100,"sd","13:47:15",873600
26350,-750,100,"sd","13:47:15",873500
26350,-750,100,"bu","13:46:54",873400
26350,-750,500,"bu","13:46:54",873300
26350,-750,500,"sd","13:46:40",872800
26350,-750,500,"sd","13:46:40",872300
26350,-750,100,"sd","13:46:40",871800
26350,-750,1000,"sd","13:46:40",871700
26350,-750,500,"sd","13:46:40",870700
26350,-750,200,"sd","13:46:40",870200
26350,-750,300,"sd","13:46:40",870000
26350,-750,400,"sd","13:46:40",869700
26350,-750,900,"sd","13:46:38",869300
26400,-700,100,"bu","13:46:33",868400
26350,-750,700,"sd","13:46:12",868300
26350,-750,3000,"sd","13:46:12",867600
26350,-750,200,"sd","13:46:12",864600
26350,-750,100,"sd","13:46:12",864400
26400,-700,100,"sd","13:46:12",864300
26400,-700,500,"sd","13:46:12",864200
26400,-700,500,"sd","13:46:12",863700
26400,-700,100,"sd","13:46:12",863200
26400,-700,500,"sd","13:46:12",863100
26400,-700,200,"sd","13:45:42",862600
26400,-700,400,"sd","13:45:42",862400
26400,-700,100,"sd","13:45:42",862000
26400,-700,100,"sd","13:45:42",861900
26400,-700,300,"sd","13:45:42",861800
26400,-700,100,"sd","13:45:42",861500
26400,-700,100,"sd","13:45:42",861400
26400,-700,5000,"sd","13:45:42",861300
26400,-700,6900,"sd","13:45:42",856300
26400,-700,3100,"sd","13:45:36",849400
26400,-700,200,"sd","13:45:36",846300
26400,-700,100,"sd","13:45:36",846100
26400,-700,500,"sd","13:45:36",846000
26400,-700,100,"sd","13:45:36",845500
26400,-700,1000,"sd","13:45:36",845400
26400,-700,5000,"sd","13:45:36",844400
26400,-700,3500,"sd","13:45:32",839400
26400,-700,1500,"sd","13:45:00",835900
26400,-700,1000,"sd","13:45:00",834400
26400,-700,100,"sd","13:45:00",833400
26400,-700,200,"sd","13:45:00",833300
26400,-700,400,"sd","13:45:00",833100
26400,-700,100,"sd","13:45:00",832700
26400,-700,100,"sd","13:44:59",832600
26400,-700,200,"sd","13:44:59",832500
26400,-700,1000,"sd","13:44:59",832300
26400,-700,400,"sd","13:44:59",831300
26400,-700,100,"sd","13:44:58",830900
26450,-650,200,"sd","13:44:58",830800
26450,-650,100,"sd","13:44:43",830600
26450,-650,100,"sd","13:44:43",830500
26450,-650,200,"sd","13:44:43",830400
26450,-650,300,"sd","13:44:31",830200
26450,-650,300,"sd","13:44:31",829900
26450,-650,200,"sd","13:44:16",829600
26500,-600,700,"bu","13:44:04",829400
26500,-600,100,"bu","13:43:28",828700
26450,-650,100,"sd","13:43:22",828600
26450,-650,800,"sd","13:43:22",828500
26450,-650,100,"sd","13:43:22",827700
26450,-650,2000,"sd","13:43:22",827600
26450,-650,100,"sd","13:43:22",825600
26450,-650,100,"sd","13:43:22",825500
26450,-650,1900,"sd","13:43:19",825400
26450,-650,400,"sd","13:43:19",823500
26450,-650,200,"sd","13:43:19",823100
26450,-650,800,"sd","13:43:19",822900
26450,-650,700,"sd","13:43:19",822100
26450,-650,200,"sd","13:43:19",821400
26450,-650,100,"sd","13:43:19",821200
26450,-650,100,"sd","13:43:19",821100
26450,-650,600,"sd","13:43:19",821000
26450,-650,100,"sd","13:42:48",820400
26450,-650,200,"sd","13:42:41",820300
26450,-650,100,"sd","13:42:31",820100
26450,-650,1000,"sd","13:41:44",820000
26450,-650,2000,"sd","13:41:31",819000
26450,-650,500,"sd","13:41:19",817000
26450,-650,700,"sd","13:41:17",816500
26450,-650,4800,"sd","13:41:01",815800
26450,-650,2000,"sd","13:41:01",811000
26450,-650,1100,"sd","13:41:01",809000
26450,-650,500,"sd","13:41:01",807900
26450,-650,800,"sd","13:41:01",807400
26450,-650,800,"sd","13:41:01",806600
26500,-600,500,"bu","13:40:53",805800
26500,-600,200,"bu","13:40:51",805300
26500,-600,1000,"bu","13:40:23",805100
26500,-600,700,"bu","13:39:48",804100
26500,-600,100,"bu","13:39:16",803400
26500,-600,700,"sd","13:38:50",803300
26500,-600,100,"sd","13:38:50",802600
26500,-600,200,"sd","13:38:50",802500
26500,-600,100,"sd","13:38:29",802300
26500,-600,200,"sd","13:37:31",802200
26500,-600,700,"sd","13:37:31",802000
26500,-600,300,"sd","13:37:31",801300
26500,-600,200,"sd","13:37:26",801000
26500,-600,300,"sd","13:37:26",800800
26500,-600,1000,"sd","13:37:19",800500
26500,-600,1000,"sd","13:36:31",799500
26500,-600,2200,"sd","13:36:09",798500
26500,-600,200,"sd","13:36:09",796300
26500,-600,600,"sd","13:36:08",796100
26500,-600,2000,"sd","13:36:08",795500
26500,-600,8000,"sd","13:35:51",793500
26500,-600,2000,"sd","13:35:51",785500
26500,-600,8000,"sd","13:35:42",783500
26500,-600,2000,"sd","13:35:42",775500
26550,-550,300,"bu","13:35:36",773500
26550,-550,100,"bu","13:35:36",773200
26550,-550,100,"bu","13:35:36",773100
26550,-550,700,"bu","13:35:33",773000
26550,-550,2000,"bu","13:34:37",772300
26450,-650,100,"sd","13:34:31",770300
26500,-600,100,"sd","13:34:31",770200
26450,-650,100,"sd","13:34:09",770100
26450,-650,100,"sd","13:34:09",770000
26450,-650,700,"sd","13:33:24",769900
26450,-650,300,"sd","13:33:24",769200
26450,-650,1000,"sd","13:33:24",768900
26450,-650,1000,"sd","13:33:24",767900
26500,-600,2000,"sd","13:33:24",766900
26450,-650,1500,"sd","13:33:12",764900
26450,-650,4500,"sd","13:32:27",763400
26450,-650,3000,"sd","13:32:27",758900
26450,-650,200,"sd","13:32:27",755900
26450,-650,200,"sd","13:32:27",755700
26450,-650,1600,"sd","13:32:27",755500
26450,-650,400,"sd","13:32:27",753900
26500,-600,100,"sd","13:32:27",753500
26500,-600,200,"sd","13:31:28",753400
26500,-600,700,"sd","13:31:28",753200
26500,-600,1000,"sd","13:31:28",752500
26500,-600,100,"sd","13:31:28",751500
26500,-600,9900,"bu","13:31:11",751400
26500,-600,100,"sd","13:30:48",741500
26500,-600,600,"sd","13:30:43",741400
26500,-600,1000,"sd","13:30:43",740800
26500,-600,200,"sd","13:30:43",739800
26500,-600,1000,"sd","13:30:43",739600
26500,-600,100,"sd","13:30:43",738600
26500,-600,100,"sd","13:30:43",738500
26500,-600,700,"sd","13:30:43",738400
26500,-600,200,"sd","13:30:43",737700
26500,-600,800,"sd","13:30:43",737500
26500,-600,5000,"sd","13:30:43",736700
26500,-600,300,"sd","13:30:43",731700
26550,-550,1900,"bu","13:30:42",731400
26550,-550,500,"sd","13:30:36",729500
26550,-550,9100,"sd","13:30:36",729000
26550,-550,500,"sd","13:30:12",719900
26550,-550,400,"sd","13:30:02",719400
26550,-550,600,"sd","13:30:02",719000
26600,-500,700,"bu","13:29:52",718400
26600,-500,200,"bu","13:29:52",717700
26600,-500,300,"bu","13:29:07",717500
26550,-550,300,"bu","13:28:57",717200
26550,-550,1000,"bu","13:28:57",716900
26550,-550,3000,"bu","13:28:57",715900
26550,-550,100,"bu","13:28:57",712900
26500,-600,700,"sd","13:27:20",712800
26500,-600,200,"sd","13:27:20",712100
26500,-600,100,"sd","13:27:20",711900
26500,-600,500,"sd","13:27:11",711800
26500,-600,500,"sd","13:27:11",711300
26500,-600,200,"sd","13:27:04",710800
26500,-600,500,"sd","13:27:04",710600
26500,-600,500,"sd","13:27:04",710100
26500,-600,700,"sd","13:27:04",709600
26500,-600,500,"sd","13:27:04",708900
26500,-600,100,"sd","13:27:04",708400
26500,-600,200,"sd","13:27:04",708300
26500,-600,300,"sd","13:26:41",708100
26500,-600,100,"sd","13:26:41",707800
26500,-600,1000,"sd","13:26:41",707700
26500,-600,100,"sd","13:26:41",706700
26550,-550,500,"bu","13:26:35",706600
26550,-550,1000,"bu","13:25:56",706100
26500,-600,100,"sd","13:25:12",705100
26500,-600,2000,"sd","13:25:12",705000
26500,-600,100,"sd","13:25:12",703000
26500,-600,200,"sd","13:25:12",702900
26500,-600,2600,"sd","13:25:12",702700
26500,-600,500,"sd","13:24:33",700100
26550,-550,300,"bu","13:24:18",699600
26550,-550,400,"bu","13:24:18",699300
26550,-550,200,"bu","13:24:18",698900
26500,-600,1100,"sd","13:23:37",698700
26550,-550,2300,"bu","13:23:28",697600
26500,-600,2200,"sd","13:22:37",695300
26500,-600,200,"sd","13:22:36",693100
26500,-600,2600,"sd","13:22:36",692900
26500,-600,500,"sd","13:22:21",690300
26500,-600,100,"sd","13:22:21",689800
26500,-600,100,"sd","13:22:21",689700
26500,-600,200,"sd","13:22:21",689600
26500,-600,1000,"sd","13:22:21",689400
26500,-600,800,"sd","13:22:21",688400
26500,-600,400,"sd","13:21:22",687600
26550,-550,600,"sd","13:21:22",687200
26550,-550,100,"bu","13:21:21",686600
26550,-550,100,"bu","13:21:18",686500
26550,-550,100,"bu","13:21:11",686400
26550,-550,20000,"bu","13:21:04",686300
26500,-600,900,"sd","13:20:39",666300
26500,-600,1400,"bu","13:20:31",665400
26500,-600,200,"sd","13:20:29",664000
26500,-600,100,"sd","13:20:29",663800
26500,-600,1300,"sd","13:20:29",663700
26500,-600,500,"bu","13:20:21",662400
26500,-600,200,"bu","13:20:18",661900
26500,-600,1000,"bu","13:20:17",661700
26500,-600,500,"bu","13:19:56",660700
26500,-600,200,"bu","13:19:56",660200
26500,-600,1000,"bu","13:19:50",660000
26500,-600,300,"bu","13:19:50",659000
26500,-600,200,"bu","13:19:40",658700
26500,-600,100,"bu","13:19:35",658500
26400,-700,200,"sd","13:18:38",658400
26400,-700,800,"sd","13:18:38",658200
26400,-700,200,"sd","13:18:38",657400
26400,-700,100,"sd","13:18:38",657200
26400,-700,500,"sd","13:18:38",657100
26400,-700,1000,"sd","13:18:38",656600
26400,-700,2200,"sd","13:18:38",655600
26400,-700,100,"sd","13:18:33",653400
26500,-600,1000,"bu","13:18:32",653300
26400,-700,2700,"sd","13:18:30",652300
26400,-700,100,"sd","13:18:30",649600
26400,-700,100,"sd","13:18:30",649500
26450,-650,400,"sd","13:18:30",649400
26450,-650,1000,"sd","13:18:30",649000
26450,-650,500,"sd","13:18:30",648000
26450,-650,200,"sd","13:18:30",647500
26550,-550,200,"bu","13:18:24",647300
26450,-650,2200,"sd","13:18:18",647100
26450,-650,200,"sd","13:18:18",644900
26450,-650,2400,"sd","13:18:17",644700
26450,-650,200,"sd","13:18:17",642300
26450,-650,2800,"sd","13:18:15",642100
26450,-650,300,"sd","13:18:15",639300
26500,-600,5800,"sd","13:18:15",639000
26450,-650,200,"sd","13:18:15",633200
26500,-600,100,"sd","13:18:15",633000
26500,-600,800,"sd","13:18:15",632900
26500,-600,200,"sd","13:18:10",632100
26500,-600,100,"sd","13:18:10",631900
26500,-600,1000,"sd","13:18:10",631800
26500,-600,400,"sd","13:18:10",630800
26500,-600,100,"sd","13:18:10",630400
26500,-600,200,"sd","13:18:10",630300
26500,-600,800,"sd","13:18:06",630100
26550,-550,500,"sd","13:18:06",629300
26550,-550,900,"sd","13:18:06",628800
26600,-500,1500,"sd","13:18:06",627900
26600,-500,300,"sd","13:18:06",626400
26650,-450,1000,"sd","13:18:06",626100
26800,-300,500,"bu","13:17:37",625100
26800,-300,800,"bu","13:17:06",624600
26800,-300,100,"bu","13:17:00",623800
26700,-400,100,"bu","13:17:00",623700
26650,-450,100,"bu","13:16:37",623600
26550,-550,100,"sd","13:16:37",623500
26600,-500,300,"bu","13:16:19",623400
26450,-650,100,"sd","13:15:31",623100
26450,-650,500,"sd","13:15:31",623000
26450,-650,2200,"sd","13:15:31",622500
26450,-650,100,"sd","13:15:31",620300
26450,-650,500,"sd","13:15:31",620200
26500,-600,100,"sd","13:15:28",619700
26500,-600,500,"sd","13:15:27",619600
26500,-600,10000,"sd","13:15:27",619100
26500,-600,100,"sd","13:15:27",609100
26500,-600,100,"sd","13:15:27",609000
26500,-600,200,"sd","13:15:27",608900
26500,-600,1000,"sd","13:15:27",608700
26500,-600,800,"sd","13:15:27",607700
26500,-600,1000,"sd","13:15:27",606900
26550,-550,1200,"sd","13:15:23",605900
26550,-550,2200,"sd","13:15:14",604700
26550,-550,200,"sd","13:15:14",602500
26550,-550,1400,"sd","13:15:14",602300
26550,-550,100,"sd","13:15:14",600900
26550,-550,100,"sd","13:15:14",600800
26550,-550,1000,"sd","13:15:14",600700
26550,-550,700,"sd","13:15:09",599700
26600,-500,200,"bu","13:15:07",599000
26600,-500,300,"bu","13:15:00",598800
26600,-500,500,"sd","13:14:59",598500
26600,-500,400,"sd","13:14:59",598000
26600,-500,200,"sd","13:14:59",597600
26600,-500,300,"sd","13:14:19",597400
26600,-500,200,"sd","13:14:19",597100
26600,-500,100,"sd","13:14:19",596900
26600,-500,200,"sd","13:14:19",596800
26600,-500,300,"sd","13:13:55",596600
26600,-500,100,"sd","13:13:55",596300
26600,-500,1800,"sd","13:13:55",596200
26600,-500,200,"sd","13:13:55",594400
26600,-500,2600,"sd","13:13:55",594200
26600,-500,1000,"sd","13:13:48",591600
26600,-500,1500,"sd","13:13:36",590600
26650,-450,100,"sd","13:13:36",589100
26650,-450,100,"sd","13:13:36",589000
26650,-450,300,"bu","13:13:32",588900
26650,-450,200,"bu","13:13:24",588600
26650,-450,300,"bu","13:13:24",588400
26600,-500,800,"sd","13:13:16",588100
26600,-500,200,"sd","13:13:16",587300
26600,-500,3000,"sd","13:13:16",587100
26650,-450,400,"bu","13:13:10",584100
26650,-450,100,"bu","13:13:02",583700
26650,-450,100,"bu","13:12:38",583600
26600,-500,100,"sd","13:11:35",583500
26600,-500,1000,"sd","13:11:33",583400
26600,-500,900,"sd","13:11:13",582400
26600,-500,100,"sd","13:11:13",581500
26600,-500,100,"bu","13:10:37",581400
26600,-500,900,"bu","13:10:30",581300
26600,-500,100,"bu","13:10:30",580400
26600,-500,500,"bu","13:10:19",580300
26600,-500,500,"bu","13:10:19",579800
26600,-500,200,"bu","13:10:15",579300
26550,-550,300,"bu","13:10:15",579100
26550,-550,1400,"sd","13:10:12",578800
26550,-550,200,"sd","13:10:12",577400
26550,-550,100,"sd","13:10:12",577200
26600,-500,200,"bu","13:10:03",577100
26600,-500,100,"bu","13:09:53",576900
26600,-500,100,"bu","13:09:53",576800
26600,-500,400,"bu","13:09:28",576700
26600,-500,600,"bu","13:09:28",576300
26600,-500,2400,"bu","13:08:56",575700
26500,-600,100,"sd","13:08:36",573300
26500,-600,2100,"sd","13:08:36",573200
26500,-600,200,"sd","13:08:35",571100
26500,-600,2600,"sd","13:08:35",570900
26500,-600,100,"bu","13:08:31",568300
26500,-600,200,"bu","13:08:28",568200
26500,-600,700,"bu","13:08:10",568000
26500,-600,200,"bu","13:08:10",567300
26500,-600,100,"bu","13:08:10",567100
26400,-700,5000,"sd","13:07:57",567000
26400,-700,14900,"sd","13:07:57",562000
26400,-700,500,"sd","13:07:57",547100
26400,-700,500,"sd","13:07:57",546600
26400,-700,100,"sd","13:07:57",546100
26400,-700,3000,"sd","13:07:57",546000
26400,-700,200,"sd","13:07:57",543000
26450,-650,300,"sd","13:07:57",542800
26450,-650,3000,"sd","13:07:57",542500
26450,-650,100,"sd","13:07:57",539500
26450,-650,100,"sd","13:07:57",539400
26450,-650,100,"sd","13:07:57",539300
26500,-600,200,"sd","13:07:56",539200
26500,-600,100,"sd","13:07:53",539000
26500,-600,300,"sd","13:07:52",538900
26500,-600,100,"sd","13:07:52",538600
26500,-600,2000,"sd","13:07:52",538500
26500,-600,100,"sd","13:07:52",536500
26500,-600,100,"sd","13:07:52",536400
26500,-600,400,"sd","13:07:52",536300
26500,-600,100,"sd","13:07:40",535900
26500,-600,500,"sd","13:07:30",535800
26500,-600,500,"sd","13:07:30",535300
26500,-600,1000,"sd","13:07:29",534800
26500,-600,500,"sd","13:07:29",533800
26500,-600,100,"sd","13:07:29",533300
26500,-600,400,"sd","13:07:29",533200
26500,-600,100,"sd","13:07:23",532800
26500,-600,500,"sd","13:06:57",532700
26500,-600,100,"sd","13:06:57",532200
26500,-600,400,"bu","13:06:47",532100
26500,-600,200,"bu","13:06:06",531700
26500,-600,1500,"sd","13:06:04",531500
26500,-600,500,"sd","13:06:04",530000
26500,-600,500,"sd","13:06:04",529500
26500,-600,100,"sd","13:05:54",529000
26500,-600,300,"sd","13:05:54",528900
26500,-600,300,"sd","13:05:54",528600
26600,-500,3000,"sd","13:05:49",528300
26600,-500,500,"sd","13:05:49",525300
26600,-500,9500,"sd","13:05:49",524800
26600,-500,500,"sd","13:05:40",515300
26600,-500,500,"sd","13:05:40",514800
26600,-500,100,"sd","13:05:28",514300
26600,-500,100,"sd","13:05:27",514200
26600,-500,100,"sd","13:05:06",514100
26600,-500,200,"sd","13:05:01",514000
26600,-500,500,"sd","13:05:01",513800
26600,-500,300,"sd","13:05:01",513300
26650,-450,3000,"bu","13:04:46",513000
26650,-450,100,"sd","13:04:45",510000
26700,-400,1000,"sd","13:04:45",509900
26700,-400,2000,"sd","13:04:45",508900
26700,-400,900,"sd","13:04:45",506900
26700,-400,100,"sd","13:04:31",506000
26700,-400,600,"bu","13:04:13",505900
26600,-500,500,"sd","13:04:06",505300
26600,-500,200,"sd","13:03:42",504800
26600,-500,200,"sd","13:03:31",504600
26600,-500,800,"bu","13:03:20",504400
26500,-600,300,"sd","13:03:07",503600
26500,-600,400,"bu","13:02:40",503300
26500,-600,500,"bu","13:02:35",502900
26500,-600,100,"sd","13:02:13",502400
26500,-600,500,"sd","13:02:13",502300
26500,-600,200,"sd","13:02:13",501800
26500,-600,1800,"sd","13:02:13",501600
26500,-600,300,"sd","13:02:13",499800
26500,-600,100,"sd","13:02:13",499500
26500,-600,100,"sd","13:02:13",499400
26500,-600,200,"sd","13:02:12",499300
26500,-600,100,"sd","13:02:12",499100
26500,-600,100,"sd","13:02:12",499000
26500,-600,500,"sd","13:02:12",498900
26500,-600,100,"sd","13:02:12",498400
26500,-600,400,"sd","13:02:11",498300
26550,-550,100,"sd","13:02:11",497900
26600,-500,100,"sd","13:02:08",497800
26600,-500,400,"sd","13:02:08",497700
26600,-500,1000,"sd","13:02:08",497300
26600,-500,200,"sd","13:02:08",496300
26600,-500,1000,"sd","13:02:08",496100
26600,-500,100,"sd","13:02:08",495100
26650,-450,300,"sd","13:02:08",495000
26650,-450,100,"sd","13:02:08",494700
26700,-400,100,"sd","13:02:04",494600
26700,-400,300,"sd","13:02:04",494500
26700,-400,1200,"sd","13:01:53",494200
26700,-400,100,"sd","13:01:53",493000
26700,-400,200,"sd","13:01:53",492900
26700,-400,500,"sd","13:01:53",492700
26700,-400,2000,"sd","13:01:53",492200
26750,-350,4700,"sd","13:01:48",490200
26750,-350,200,"sd","13:01:48",485500
26750,-350,1000,"sd","13:01:48",485200
26750,-350,100,"sd","13:01:48",485300
26800,-300,500,"sd","13:01:44",484200
26800,-300,100,"sd","13:01:44",483700
26800,-300,200,"sd","13:01:44",483600
26800,-300,400,"sd","13:01:44",483400
26800,-300,100,"sd","13:01:39",483000
26800,-300,1000,"sd","13:01:39",482900
26800,-300,100,"sd","13:01:39",481900
26800,-300,700,"sd","13:01:39",481800
26800,-300,2100,"sd","13:01:39",481100
26850,-250,3400,"bu","13:01:34",479000
26850,-250,1600,"bu","13:01:34",475600
26800,-300,100,"sd","13:01:25",474000
26800,-300,2200,"sd","13:01:10",473900
26800,-300,100,"sd","13:01:10",471700
26800,-300,500,"sd","13:01:10",471600
26800,-300,100,"sd","13:01:10",471100
26800,-300,2100,"sd","13:01:10",471000
26800,-300,900,"sd","13:01:09",468900
26800,-300,100,"sd","13:01:09",468000
26800,-300,100,"sd","13:01:09",467900
26800,-300,300,"sd","13:01:09",467800
26800,-300,100,"sd","13:01:09",467500
26800,-300,100,"sd","13:01:09",467400
26800,-300,100,"sd","13:01:09",467300
26850,-250,100,"bu","13:00:54",467200
26850,-250,200,"sd","13:00:46",467100
26850,-250,200,"sd","13:00:46",466900
26850,-250,800,"sd","13:00:46",466700
26850,-250,4200,"sd","13:00:22",465900
26900,-200,100,"unknown","13:00:22",461700
26900,-200,500,"unknown","13:00:22",461600
26900,-200,4000,"unknown","13:00:22",461100
26900,-200,500,"unknown","13:00:21",457100
26900,-200,200,"unknown","13:00:21",456600
26900,-200,1100,"unknown","13:00:21",456400
26900,-200,5000,"unknown","13:00:20",455300
26900,-200,100,"unknown","13:00:19",450300
27000,-100,6000,"bu","13:00:19",450200
26950,-150,3700,"unknown","13:00:19",444200
26950,-150,1300,"sd","13:00:12",440500
26950,-150,100,"sd","13:00:11",439200
27000,-100,2000,"bu","13:00:11",439100
26950,-150,100,"sd","13:00:10",437100
27000,-100,1000,"bu","13:00:09",437000
27000,-100,200,"bu","13:00:09",436000
27000,-100,5000,"bu","13:00:08",435800
27000,-100,500,"bu","13:00:08",430800
27000,-100,2000,"bu","13:00:08",430300
27000,-100,4500,"bu","13:00:07",428300
27000,-100,100,"unknown","13:00:06",423800
27000,-100,1500,"sd","13:00:06",423700
27000,-100,200,"sd","13:00:06",422200
27000,-100,500,"sd","13:00:05",422000
27000,-100,300,"sd","13:00:05",421500
27000,-100,200,"sd","13:00:04",421200
27000,-100,100,"sd","13:00:04",421000
27000,-100,700,"sd","13:00:04",420900
27000,-100,1000,"sd","13:00:03",420200
27000,-100,2000,"sd","13:00:02",419200
27000,-100,500,"sd","13:00:01",417200
27000,-100,1500,"sd","13:00:00",416700
27000,-100,8200,"sd","11:29:55",415200
27000,-100,200,"sd","11:29:55",407000
27000,-100,800,"sd","11:29:55",406800
27000,-100,100,"sd","11:29:55",406000
27000,-100,700,"sd","11:29:55",405900
27000,-100,100,"sd","11:29:20",405200
27050,-50,4000,"sd","11:28:57",405100
27050,-50,100,"sd","11:28:42",401100
27050,-50,900,"sd","11:28:42",401000
27050,-50,3100,"sd","11:28:42",400100
27050,-50,200,"sd","11:27:47",397000
27050,-50,1000,"bu","11:27:22",396800
27050,-50,700,"bu","11:27:22",395800
27000,-100,200,"sd","11:26:43",395100
27000,-100,100,"sd","11:26:43",394900
27000,-100,100,"sd","11:26:43",394800
27000,-100,900,"sd","11:26:43",394700
27000,-100,1100,"sd","11:26:08",393800
27000,-100,200,"sd","11:26:08",392700
27000,-100,500,"sd","11:26:08",392500
27000,-100,6000,"sd","11:26:08",392000
27000,-100,200,"sd","11:26:08",386000
27050,-50,300,"sd","11:24:11",385800
27050,-50,200,"sd","11:24:11",385500
27050,-50,5000,"sd","11:24:11",385300
27050,-50,1000,"sd","11:24:11",380300
27050,-50,2800,"sd","11:24:11",379300
27050,-50,1500,"sd","11:24:06",376500
27100,0,1000,"bu","11:21:04",375000
27050,-50,700,"sd","11:19:26",374000
27050,-50,1000,"bu","11:19:13",373300
27050,-50,100,"bu","11:18:30",372300
27050,-50,200,"sd","11:18:30",372200
27050,-50,2000,"sd","11:18:26",372000
27050,-50,2000,"sd","11:18:22",370000
27100,0,500,"bu","11:17:10",368000
27100,0,500,"bu","11:16:38",367500
27100,0,1000,"bu","11:16:38",367000
27100,0,1000,"bu","11:16:38",366000
27100,0,1000,"bu","11:16:38",365000
27100,0,1000,"bu","11:16:38",364000
27100,0,1000,"bu","11:16:38",363000
27100,0,1000,"bu","11:16:38",362000
27100,0,1000,"bu","11:16:38",361000
27100,0,1000,"bu","11:16:38",360000
27100,0,1000,"bu","11:16:38",359000
27100,0,1700,"bu","11:16:38",358000
27100,0,800,"bu","11:16:38",356300
27050,-50,1000,"bu","11:15:00",355500
27050,-50,1000,"bu","11:15:00",354500
27050,-50,500,"bu","11:15:00",353500
27050,-50,500,"bu","11:15:00",353000
27050,-50,800,"bu","11:15:00",352500
27050,-50,500,"bu","11:14:21",351700
27050,-50,500,"bu","11:14:21",351200
27050,-50,200,"sd","11:10:23",350700
27050,-50,800,"bu","11:10:07",350500
27000,-100,2500,"sd","11:09:41",349700
27050,-50,200,"sd","11:09:27",347200
27050,-50,500,"sd","11:07:55",347000
27050,-50,2000,"sd","11:07:33",346500
27050,-50,500,"bu","11:07:27",344500
27050,-50,1000,"bu","11:07:27",344000
27050,-50,1000,"sd","11:06:07",343000
27050,-50,100,"sd","11:06:07",342000
27050,-50,4100,"sd","11:06:07",341900
27050,-50,500,"sd","11:06:07",337800
27050,-50,1000,"sd","11:05:49",337300
27050,-50,400,"sd","11:05:49",336300
27050,-50,100,"sd","11:05:14",335900
27050,-50,500,"sd","11:05:14",335800
27050,-50,100,"sd","11:05:14",335300
27050,-50,1000,"sd","11:05:14",335200
27050,-50,500,"sd","11:05:14",334200
27050,-50,100,"sd","11:05:14",333700
27050,-50,500,"sd","11:05:14",333600
27050,-50,1500,"sd","11:05:14",333100
27050,-50,2000,"sd","11:05:13",331600
27050,-50,2000,"sd","11:05:09",329600
27100,0,200,"bu","11:04:39",327600
27100,0,100,"sd","11:04:30",327400
27100,0,100,"sd","11:04:30",327300
27100,0,100,"sd","11:04:30",327200
27100,0,1000,"sd","11:04:23",327100
27100,0,1000,"sd","11:03:53",326100
27100,0,1000,"sd","11:03:33",325100
27100,0,1000,"sd","11:02:43",324100
27100,0,1000,"bu","11:01:48",323100
27100,0,200,"bu","11:01:42",322100
27100,0,300,"bu","11:01:36",321900
27100,0,4700,"bu","11:01:36",321600
27100,0,300,"bu","11:01:13",316900
27100,0,200,"bu","11:01:13",316600
27100,0,500,"bu","11:00:58",316400
27100,0,200,"bu","11:00:12",315900
27100,0,100,"bu","10:59:46",315700
27100,0,1000,"bu","10:59:21",315600
27100,0,1000,"sd","10:59:09",314600
27100,0,500,"sd","10:59:09",313600
27100,0,1500,"sd","10:59:09",313100
27100,0,200,"sd","10:59:09",311600
27100,0,200,"sd","10:59:09",311400
27100,0,2000,"sd","10:59:09",311200
27100,0,100,"sd","10:59:09",309200
27100,0,1000,"sd","10:59:09",309100
27100,0,1500,"sd","10:59:09",308100
27150,50,500,"bu","10:58:05",306600
27150,50,100,"bu","10:55:54",306100
27100,0,2500,"sd","10:55:38",306000
27100,0,100,"sd","10:55:38",303500
27100,0,200,"sd","10:55:38",303400
27100,0,2000,"sd","10:55:13",303200
27100,0,1800,"sd","10:55:09",301200
27100,0,200,"sd","10:55:09",299400
27150,50,100,"bu","10:55:03",299200
27150,50,200,"bu","10:54:59",299100
27150,50,100,"bu","10:54:24",298900
27150,50,400,"bu","10:54:24",298800
27150,50,100,"bu","10:53:50",298400
27150,50,500,"bu","10:53:35",298300
27150,50,100,"sd","10:53:20",297800
27150,50,500,"sd","10:53:20",297700
27150,50,200,"sd","10:53:20",297200
27150,50,5000,"sd","10:53:20",297000
27200,100,100,"bu","10:50:50",292000
27150,50,200,"sd","10:50:39",291900
27150,50,500,"sd","10:50:29",291700
27150,50,3000,"sd","10:49:44",291200
27150,50,2000,"sd","10:49:28",288200
27200,100,100,"bu","10:48:02",286200
27200,100,600,"bu","10:47:58",286100
27200,100,400,"bu","10:47:58",285500
27150,50,100,"sd","10:47:27",285100
27200,100,400,"bu","10:46:43",285000
27200,100,600,"bu","10:46:43",284600
27200,100,100,"bu","10:45:07",284000
27200,100,1900,"bu","10:45:07",283900
27200,100,600,"bu","10:45:07",282000
27200,100,500,"bu","10:45:07",281400
27200,100,600,"bu","10:45:07",280900
27200,100,1100,"bu","10:45:07",280300
27200,100,200,"bu","10:45:07",279200
27200,100,500,"bu","10:43:12",279000
27200,100,400,"bu","10:41:32",278500
27200,100,100,"bu","10:41:32",278100
27150,50,100,"bu","10:39:20",278000
27150,50,100,"bu","10:39:20",277900
27150,50,1000,"bu","10:38:56",277800
27150,50,400,"bu","10:38:13",276800
27150,50,300,"bu","10:37:59",276400
27100,0,200,"sd","10:37:03",276100
27100,0,100,"sd","10:35:57",275900
27100,0,100,"sd","10:35:57",275800
27100,0,1000,"sd","10:35:57",275700
27100,0,100,"sd","10:35:57",274700
27100,0,500,"sd","10:35:57",274600
27100,0,200,"sd","10:35:57",274100
27100,0,300,"sd","10:35:52",273900
27100,0,200,"sd","10:35:52",273600
27100,0,1000,"sd","10:35:52",273400
27100,0,100,"sd","10:35:52",272400
27100,0,400,"sd","10:35:52",272300
27150,50,1200,"bu","10:35:39",271900
27150,50,2800,"bu","10:35:39",270700
27100,0,300,"sd","10:35:19",267900
27150,50,10600,"bu","10:34:48",267600
27150,50,500,"sd","10:34:48",257000
27150,50,200,"sd","10:34:48",256500
27150,50,900,"sd","10:34:48",256300
27150,50,900,"bu","10:33:31",255400
27150,50,100,"sd","10:33:29",254500
27150,50,100,"sd","10:33:29",254400
27150,50,1000,"sd","10:33:29",254300
27150,50,3900,"sd","10:33:29",253300
27150,50,500,"sd","10:32:18",249400
27150,50,1000,"sd","10:31:36",248900
27150,50,1000,"sd","10:31:28",247900
27150,50,600,"sd","10:31:21",246900
27150,50,500,"sd","10:30:41",246300
27150,50,1000,"sd","10:30:13",245800
27150,50,1000,"sd","10:29:33",244800
27150,50,5000,"sd","10:29:13",243800
27150,50,200,"sd","10:28:08",238800
27150,50,1000,"sd","10:28:00",238600
27150,50,1000,"sd","10:27:56",237600
27150,50,1000,"sd","10:27:41",236600
27150,50,100,"sd","10:27:16",235600
27200,100,1000,"bu","10:27:09",235500
27150,50,500,"sd","10:27:09",234500
27150,50,100,"sd","10:26:10",234000
27150,50,1000,"sd","10:24:16",233900
27150,50,600,"sd","10:24:12",232900
27150,50,400,"sd","10:24:12",232300
27150,50,2000,"sd","10:23:49",231900
27200,100,100,"bu","10:23:20",229900
27150,50,5000,"sd","10:22:34",229800
27150,50,1000,"sd","10:22:20",224800
27150,50,200,"sd","10:22:04",223800
27150,50,1000,"sd","10:21:56",223600
27150,50,400,"sd","10:21:48",222600
27150,50,600,"sd","10:21:48",222200
27200,100,700,"sd","10:21:41",221600
27200,100,100,"sd","10:21:31",220900
27200,100,100,"sd","10:21:19",220800
27200,100,1000,"sd","10:20:57",220700
27200,100,100,"sd","10:20:40",219700
27200,100,100,"sd","10:20:40",219600
27200,100,200,"sd","10:20:40",219500
27200,100,400,"sd","10:20:40",219300
27200,100,5000,"sd","10:20:34",218900
27200,100,200,"sd","10:20:28",213900
27200,100,1500,"sd","10:20:26",213700
27200,100,200,"sd","10:20:07",212200
27200,100,2000,"sd","10:20:01",212000
27200,100,2000,"sd","10:19:55",210000
27200,100,100,"sd","10:19:53",208000
27200,100,500,"sd","10:19:36",207900
27200,100,1000,"sd","10:19:22",207400
27200,100,1000,"sd","10:18:32",206400
27200,100,1000,"sd","10:18:16",205400
27200,100,1000,"sd","10:18:03",204400
27200,100,500,"sd","10:17:52",203400
27200,100,1000,"sd","10:17:33",202900
27200,100,1000,"sd","10:17:11",201900
27200,100,100,"sd","10:16:45",200900
27200,100,1200,"sd","10:16:36",200800
27200,100,300,"sd","10:14:08",199600
27200,100,300,"sd","10:14:08",199300
27200,100,200,"sd","10:13:55",199000
27200,100,800,"sd","10:13:55",198800
27200,100,1000,"sd","10:13:44",198000
27200,100,3000,"sd","10:13:12",197000
27200,100,1000,"sd","10:13:12",194000
27200,100,1000,"sd","10:12:57",193000
27200,100,200,"sd","10:12:39",192000
27200,100,1000,"sd","10:12:36",191800
27200,100,1000,"sd","10:12:29",190800
27200,100,100,"sd","10:11:32",189800
27200,100,5000,"sd","10:11:22",189700
27200,100,3000,"bu","10:10:48",184700
27200,100,500,"bu","10:10:48",181700
27200,100,100,"bu","10:10:48",181200
27200,100,1000,"bu","10:10:48",181100
27200,100,1000,"bu","10:10:48",180100
27200,100,300,"bu","10:10:48",179100
27150,50,200,"sd","10:10:21",178800
27150,50,100,"sd","10:09:18",178600
27150,50,200,"sd","10:08:46",178500
27200,100,700,"bu","10:06:11",178300
27200,100,300,"bu","10:06:11",177600
27200,100,100,"bu","10:05:34",177300
27150,50,600,"sd","10:05:32",177200
27200,100,600,"sd","10:04:24",176600
27250,150,100,"bu","10:04:23",176000
27250,150,900,"bu","10:04:23",175900
27200,100,400,"sd","10:04:18",175000
27200,100,1000,"sd","10:04:18",174600
27200,100,200,"sd","10:04:18",173600
27200,100,100,"sd","10:04:18",173400
27200,100,100,"sd","10:04:18",173300
27200,100,2200,"sd","10:04:18",173200
27200,100,2800,"sd","09:59:44",171000
27200,100,1000,"sd","09:59:44",168200
27200,100,100,"sd","09:59:44",167200
27200,100,1100,"sd","09:59:44",167100
27250,150,1000,"bu","09:58:07",166000
27250,150,100,"bu","09:57:38",165000
27250,150,1900,"bu","09:57:38",164900
27250,150,100,"bu","09:57:32",163000
27200,100,700,"unknown","09:56:39",162900
27200,100,200,"unknown","09:56:39",162200
27200,100,100,"bu","09:56:34",162000
27200,100,1200,"bu","09:56:28",161900
27200,100,400,"bu","09:56:28",160700
27200,100,100,"bu","09:56:17",160300
27200,100,400,"bu","09:56:17",160200
27150,50,500,"bu","09:55:59",159800
27150,50,2000,"bu","09:55:59",159300
27150,50,100,"bu","09:55:59",157300
27100,0,500,"bu","09:55:07",157200
27100,0,200,"bu","09:55:07",156700
27100,0,600,"bu","09:55:07",156500
27100,0,400,"bu","09:54:29",155900
27100,0,100,"bu","09:54:29",155500
27100,0,100,"bu","09:53:52",155400
27100,0,100,"bu","09:53:47",155300
27100,0,200,"bu","09:53:33",155200
27100,0,300,"bu","09:53:33",155000
27100,0,500,"bu","09:53:08",154700
27100,0,1000,"bu","09:52:57",154200
27100,0,100,"bu","09:51:32",153200
27100,0,100,"bu","09:50:55",153100
27050,-50,300,"sd","09:50:00",153000
27050,-50,2000,"bu","09:49:41",152700
27050,-50,2200,"bu","09:49:41",150700
27050,-50,200,"bu","09:49:39",148500
27050,-50,500,"bu","09:47:34",148300
27050,-50,5000,"bu","09:47:17",147800
27050,-50,100,"bu","09:46:59",142800
27000,-100,400,"sd","09:46:16",142700
27000,-100,300,"sd","09:46:16",142300
27000,-100,500,"sd","09:46:16",142000
27000,-100,100,"sd","09:46:16",141500
27000,-100,500,"sd","09:46:16",141400
27000,-100,100,"sd","09:46:16",140900
27000,-100,200,"sd","09:46:16",140800
27000,-100,800,"sd","09:45:04",140600
27000,-100,100,"sd","09:45:04",139800
27000,-100,100,"sd","09:45:04",139700
27000,-100,1000,"sd","09:45:04",139600
27000,-100,400,"sd","09:44:58",138600
27000,-100,200,"sd","09:44:58",138200
27000,-100,400,"sd","09:44:58",138000
27000,-100,600,"sd","09:44:57",137600
27000,-100,200,"sd","09:44:57",137000
27000,-100,1000,"sd","09:44:57",136800
27000,-100,1000,"sd","09:44:57",135800
27000,-100,1000,"sd","09:44:57",134800
27000,-100,100,"sd","09:44:57",133800
27000,-100,200,"sd","09:44:57",133700
27000,-100,500,"sd","09:44:57",133500
27000,-100,100,"sd","09:44:57",133000
27000,-100,100,"sd","09:44:56",132900
27000,-100,200,"sd","09:44:56",132800
27000,-100,4500,"sd","09:44:56",132600
27000,-100,4000,"sd","09:44:41",128100
27050,-50,2000,"bu","09:44:37",124100
27050,-50,1000,"bu","09:44:37",122100
27000,-100,2000,"sd","09:44:36",121100
27000,-100,100,"sd","09:44:27",119100
27000,-100,400,"sd","09:44:00",119000
27000,-100,2000,"sd","09:43:49",118600
27000,-100,500,"sd","09:43:45",116600
27000,-100,13500,"sd","09:43:18",116100
27000,-100,1000,"sd","09:42:40",102600
27000,-100,400,"sd","09:42:24",101600
27000,-100,1000,"sd","09:42:24",101200
27000,-100,600,"sd","09:41:58",100200
27050,-50,100,"bu","09:41:21",99600
27050,-50,3900,"bu","09:41:01",99500
27050,-50,1100,"bu","09:41:01",95600
27050,-50,500,"bu","09:39:55",94500
27050,-50,200,"bu","09:39:23",94000
27000,-100,200,"sd","09:39:18",93800
27050,-50,200,"bu","09:39:13",93600
27050,-50,800,"bu","09:39:13",93400
27050,-50,500,"bu","09:38:55",92600
27050,-50,700,"sd","09:38:49",92100
27050,-50,800,"sd","09:38:44",91400
27050,-50,100,"sd","09:38:44",90600
27050,-50,100,"sd","09:38:44",90500
27050,-50,200,"sd","09:38:44",90400
27050,-50,500,"sd","09:38:44",90200
27050,-50,300,"sd","09:38:44",89700
27050,-50,500,"sd","09:38:43",89400
27050,-50,2000,"sd","09:38:40",88900
27050,-50,1100,"sd","09:38:20",86900
27100,0,100,"sd","09:38:20",85800
27100,0,500,"sd","09:38:20",85700
27100,0,100,"sd","09:38:20",85200
27100,0,300,"sd","09:38:20",85100
27100,0,2000,"sd","09:38:14",84800
27100,0,6000,"sd","09:38:14",82800
27100,0,1700,"sd","09:38:10",76800
27100,0,300,"sd","09:38:10",75100
27100,0,700,"sd","09:38:09",74800
27100,0,500,"sd","09:38:09",74100
27100,0,800,"sd","09:38:09",73600
27100,0,1200,"sd","09:38:04",72800
27100,0,600,"sd","09:38:04",71600
27100,0,200,"sd","09:38:04",71000
27100,0,100,"sd","09:37:57",70800
27100,0,1000,"sd","09:37:57",70700
27100,0,200,"sd","09:37:57",69700
27150,50,900,"bu","09:37:26",69500
27150,50,500,"bu","09:37:26",68600
27150,50,600,"bu","09:37:26",68100
27150,50,500,"bu","09:36:44",67500
27150,50,1000,"bu","09:35:40",67000
27150,50,100,"bu","09:35:37",66000
27150,50,3400,"bu","09:35:37",65900
27150,50,100,"bu","09:35:22",62500
27150,50,100,"bu","09:35:19",62400
27150,50,400,"bu","09:35:19",62300
27150,50,100,"bu","09:35:00",61900
27100,0,1000,"sd","09:34:55",61800
27100,0,500,"sd","09:34:55",60800
27150,50,100,"bu","09:34:41",60300
27150,50,100,"bu","09:34:35",60200
27100,0,1800,"bu","09:31:27",60100
27100,0,500,"bu","09:31:27",58300
27100,0,100,"bu","09:31:25",57800
27100,0,400,"bu","09:30:53",57700
27100,0,100,"bu","09:30:53",57300
27050,-50,1000,"sd","09:30:33",57200
27050,-50,100,"sd","09:30:05",56200
27100,0,900,"bu","09:29:48",56100
27100,0,100,"bu","09:29:48",55200
27100,0,900,"bu","09:29:22",55100
27100,0,100,"bu","09:29:21",54200
27100,0,600,"sd","09:29:05",54100
27100,0,200,"sd","09:29:05",53500
27100,0,400,"sd","09:29:05",53300
27100,0,200,"sd","09:28:41",52900
27100,0,200,"sd","09:28:41",52700
27100,0,100,"sd","09:28:41",52500
27150,50,500,"bu","09:28:36",52400
27100,0,100,"sd","09:28:27",51900
27150,50,100,"bu","09:27:50",51800
27150,50,500,"sd","09:27:30",51700
27150,50,3700,"sd","09:27:30",51200
27150,50,200,"sd","09:26:52",47500
27150,50,1100,"sd","09:26:49",47300
27150,50,900,"sd","09:26:49",46200
27150,50,100,"sd","09:26:36",45300
27200,100,500,"bu","09:26:16",45200
27200,100,2100,"sd","09:26:16",44700
27200,100,100,"sd","09:25:52",42600
27200,100,100,"sd","09:25:52",42500
27200,100,1300,"sd","09:25:52",42400
27200,100,100,"sd","09:25:47",41100
27200,100,100,"sd","09:25:15",41000
27200,100,3000,"sd","09:25:08",40900
27200,100,500,"sd","09:25:06",37900
27200,100,500,"sd","09:25:06",37400
27200,100,500,"sd","09:24:32",36900
27300,200,700,"bu","09:23:55",36400
27300,200,1300,"bu","09:23:55",35700
27300,200,400,"bu","09:23:52",34400
27300,200,100,"bu","09:23:52",34000
27300,200,100,"bu","09:23:50",33900
27300,200,300,"bu","09:23:38",33800
27300,200,700,"bu","09:23:38",33500
27300,200,100,"bu","09:23:11",32800
27200,100,100,"sd","09:22:54",32700
27250,150,100,"sd","09:22:50",32600
27300,200,200,"bu","09:21:43",32500
27300,200,300,"bu","09:21:43",32300
27250,150,200,"sd","09:21:02",32000
27250,150,300,"sd","09:21:02",31800
27250,150,1500,"sd","09:20:58",31500
27300,200,200,"bu","09:20:47",30000
27300,200,300,"bu","09:20:47",29800
27250,150,200,"sd","09:20:46",29500
27250,150,1500,"sd","09:20:31",29300
27300,200,100,"sd","09:20:01",27800
27300,200,100,"sd","09:20:01",27700
27300,200,1000,"sd","09:20:01",27600
27300,200,500,"sd","09:20:01",26600
27300,200,200,"sd","09:19:58",26100
27300,200,300,"sd","09:19:56",25900
27300,200,100,"sd","09:19:56",25600
27300,200,300,"sd","09:19:56",25500
27300,200,300,"sd","09:19:56",25200
27300,200,100,"sd","09:19:43",24900
27300,200,1000,"sd","09:19:35",24800
27300,200,500,"sd","09:18:55",23800
27300,200,1000,"sd","09:18:46",23300
27300,200,100,"sd","09:18:30",22300
27300,200,200,"sd","09:18:17",22200
27300,200,500,"sd","09:18:14",22000
27300,200,1000,"sd","09:17:59",21500
27300,200,2000,"sd","09:17:55",20500
27300,200,1000,"sd","09:17:54",18500
27300,200,1500,"sd","09:17:51",17500
27300,200,1000,"sd","09:17:49",16000
27300,200,4400,"sd","09:17:33",15000
27300,200,400,"sd","09:17:33",10600
27300,200,500,"sd","09:17:33",10200
27300,200,2700,"sd","09:17:33",9700
27300,200,100,"sd","09:17:29",7000
27300,200,200,"bu","09:16:07",6900
27300,200,200,"bu","09:16:01",6700
27250,150,1000,"sd","09:15:56",6500
27250,150,400,"sd","09:15:53",5500
27500,400,100,"bu","09:15:03",5100
27400,300,100,"bu","09:15:03",5000
27250,150,4900,"sd","09:15:01",4900
