"price","change","match_qtty","side","time","total_vol"
5500,0,6700,"bu","14:45:02",166700
5500,0,100,"bu","14:28:48",160000
5480,-20,200,"bu","14:27:44",159900
5480,-20,700,"bu","14:27:44",159700
5480,-20,4000,"bu","14:27:30",159000
5460,-40,200,"bu","14:23:46",155000
5440,-60,2900,"bu","14:23:46",154800
5430,-70,1000,"bu","14:23:46",151900
5430,-70,900,"bu","14:23:46",150900
5400,-100,200,"sd","14:23:13",150000
5400,-100,1000,"sd","14:21:29",149800
5400,-100,4000,"sd","14:21:29",148800
5400,-100,2500,"sd","14:21:29",144800
5430,-70,100,"bu","14:20:14",142300
5400,-100,1000,"sd","14:19:06",142200
5440,-60,200,"bu","14:17:30",141200
5440,-60,200,"bu","14:08:09",141000
5430,-70,300,"bu","14:03:13",140800
5430,-70,100,"sd","14:02:54",140500
5430,-70,100,"sd","14:02:54",140400
5430,-70,1500,"sd","14:02:54",140300
5430,-70,400,"sd","14:02:25",138800
5430,-70,3100,"sd","14:00:37",138400
5430,-70,400,"sd","14:00:37",135300
5430,-70,1500,"sd","14:00:37",134900
5440,-60,100,"bu","13:59:36",133400
5430,-70,500,"sd","13:56:46",133300
5440,-60,1000,"bu","13:50:56",132800
5440,-60,100,"sd","13:50:12",131800
5440,-60,600,"sd","13:48:00",131700
5440,-60,200,"sd","13:47:19",131100
5450,-50,100,"sd","13:41:25",130900
5450,-50,500,"sd","13:37:27",130800
5480,-20,100,"bu","13:35:52",130300
5480,-20,100,"bu","13:34:57",130200
5450,-50,300,"sd","13:33:43",130100
5450,-50,100,"sd","13:33:01",129800
5440,-60,200,"sd","13:22:16",129700
5440,-60,100,"sd","13:22:16",129500
5480,-20,100,"bu","13:18:12",129400
5480,-20,800,"bu","13:18:12",129300
5440,-60,100,"sd","13:17:25",128500
5470,-30,200,"bu","13:17:25",128400
5440,-60,100,"sd","13:15:08",128200
5440,-60,500,"sd","13:10:16",128100
5440,-60,500,"sd","13:01:40",127600
5480,-20,1800,"bu","13:00:12",127100
5450,-50,200,"sd","13:00:02",125300
5450,-50,100,"sd","13:00:02",125100
5480,-20,100,"bu","11:20:12",125000
5450,-50,200,"bu","11:17:03",124900
5440,-60,200,"sd","11:01:15",124700
5440,-60,500,"sd","10:59:08",124500
5440,-60,700,"sd","10:59:08",124000
5440,-60,200,"sd","10:54:07",123300
5440,-60,1100,"sd","10:47:56",123100
5440,-60,100,"sd","10:47:56",122000
5480,-20,800,"bu","10:45:18",121900
5480,-20,200,"bu","10:44:26",121100
5480,-20,100,"bu","10:39:33",120900
5460,-40,100,"bu","10:36:40",120800
5440,-60,200,"bu","10:36:20",120700
5440,-60,100,"bu","10:36:05",120500
5430,-70,3000,"sd","10:27:44",120400
5440,-60,2000,"sd","10:27:44",117400
5440,-60,5000,"bu","10:27:19",115400
5440,-60,400,"bu","10:26:59",110400
5440,-60,4500,"sd","10:25:03",110000
5440,-60,100,"sd","10:25:03",105500
5450,-50,400,"sd","10:23:51",105400
5450,-50,100,"sd","10:23:51",105000
5450,-50,800,"sd","10:23:51",104900
5450,-50,200,"sd","10:23:01",104100
5450,-50,100,"sd","10:18:08",103900
5460,-40,100,"bu","10:18:04",103800
5460,-40,800,"sd","10:17:10",103700
5460,-40,9700,"sd","10:16:36",102900
5470,-30,100,"sd","10:16:36",93200
5470,-30,200,"sd","10:16:36",93100
5470,-30,1800,"sd","10:10:47",92900
5470,-30,100,"sd","10:10:47",91100
5480,-20,100,"bu","10:08:29",91000
5480,-20,800,"bu","10:06:49",90900
5480,-20,3000,"sd","10:06:28",90100
5480,-20,400,"sd","10:06:28",87100
5480,-20,1900,"sd","10:06:28",86700
5480,-20,100,"sd","10:05:22",84800
5480,-20,2600,"bu","10:05:22",84700
5480,-20,2400,"sd","10:03:32",82100
5480,-20,200,"sd","10:03:25",79700
5480,-20,500,"bu","10:02:52",79500
5480,-20,800,"sd","10:02:42",79000
5480,-20,700,"sd","10:02:42",78200
5480,-20,2300,"sd","10:01:15",77500
5480,-20,2700,"sd","10:01:15",75200
5480,-20,1800,"bu","09:58:21",72500
5480,-20,1700,"sd","09:57:20",70700
5480,-20,1300,"sd","09:51:20",69000
5480,-20,100,"sd","09:51:20",67700
5480,-20,1500,"sd","09:49:59",67600
5480,-20,3500,"sd","09:49:59",66100
5480,-20,300,"sd","09:49:19",62600
5480,-20,4800,"bu","09:46:20",62300
5480,-20,5000,"sd","09:42:32",57500
5480,-20,200,"sd","09:42:32",52500
5480,-20,4800,"sd","09:39:55",52300
5480,-20,200,"sd","09:39:55",47500
5480,-20,600,"sd","09:39:22",47300
5490,-10,100,"sd","09:39:22",46700
5490,-10,500,"bu","09:28:51",46600
5500,0,3800,"sd","09:20:13",46100
5500,0,1000,"sd","09:19:19",42300
5510,10,100,"bu","09:19:14",41300
5500,0,100,"sd","09:18:35",41200
5500,0,100,"bu","09:18:02",41100
5500,0,700,"bu","09:18:02",41000
5500,0,300,"bu","09:17:21",40300
5500,0,9000,"bu","09:17:05",40000
5500,0,30000,"bu","09:17:05",31000
5450,-50,1000,"sd","09:15:02",1000
