"price","change","match_qtty","side","time","total_vol"
28200,-350,804700,"unknown","14:45:01",14678400
28400,-150,500,"bu","14:29:53",13873700
28250,-300,500,"sd","14:29:49",13873200
28250,-300,1000,"sd","14:29:49",13872700
28250,-300,200,"sd","14:29:49",13871700
28250,-300,200,"sd","14:29:49",13871500
28300,-250,1000,"sd","14:29:49",13871300
28250,-300,2800,"sd","14:29:49",13870300
28300,-250,1000,"sd","14:29:49",13867500
28250,-300,5000,"sd","14:29:49",13866500
28300,-250,100,"sd","14:29:49",13861500
28250,-300,500,"sd","14:29:49",13861400
28300,-250,5000,"sd","14:29:49",13860900
28250,-300,500,"sd","14:29:49",13855900
28300,-250,500,"sd","14:29:49",13855400
28250,-300,100,"sd","14:29:49",13854900
28300,-250,100,"sd","14:29:49",13854800
28250,-300,300,"sd","14:29:49",13854700
28300,-250,10000,"sd","14:29:49",13854400
28250,-300,1000,"sd","14:29:49",13844400
28300,-250,300,"sd","14:29:49",13843400
28300,-250,1000,"sd","14:29:49",13843100
28300,-250,200,"sd","14:29:49",13842100
28300,-250,500,"sd","14:29:49",13841900
28250,-300,1000,"sd","14:29:49",13841400
28300,-250,2000,"sd","14:29:49",13840400
28250,-300,900,"sd","14:29:49",13838400
28300,-250,200,"sd","14:29:49",13837500
28250,-300,2000,"sd","14:29:49",13837300
28250,-300,1500,"sd","14:29:49",13835300
28250,-300,2000,"sd","14:29:49",13833800
28300,-250,1800,"sd","14:29:49",13831800
28250,-300,200,"sd","14:29:49",13830000
28300,-250,500,"sd","14:29:49",13829800
28250,-300,1000,"sd","14:29:49",13829300
28300,-250,500,"sd","14:29:49",13828300
28300,-250,200,"sd","14:29:49",13827800
28300,-250,100,"sd","14:29:49",13827600
28300,-250,100,"sd","14:29:49",13827500
28300,-250,400,"sd","14:29:49",13827400
28300,-250,200,"sd","14:29:49",13827000
28300,-250,500,"sd","14:29:49",13826800
28300,-250,500,"sd","14:29:49",13826300
28300,-250,500,"sd","14:29:49",13825800
28300,-250,100,"sd","14:29:49",13825300
28300,-250,300,"sd","14:29:49",13825200
28300,-250,1000,"sd","14:29:49",13824900
28300,-250,100,"sd","14:29:49",13823900
28300,-250,500,"sd","14:29:49",13823800
28300,-250,2000,"sd","14:29:49",13823300
28300,-250,300,"sd","14:29:49",13821300
28300,-250,10000,"sd","14:29:49",13821000
28300,-250,50000,"sd","14:29:49",13811000
28300,-250,100,"sd","14:29:49",13761000
28300,-250,200,"sd","14:29:49",13760900
28300,-250,200,"sd","14:29:49",13760700
28300,-250,13100,"sd","14:29:49",13760500
28350,-200,1000,"sd","14:29:49",13747400
28350,-200,5000,"sd","14:29:49",13746400
28350,-200,400,"sd","14:29:49",13741400
28350,-200,24800,"sd","14:29:49",13741000
28350,-200,10000,"sd","14:29:49",13716200
28350,-200,600,"sd","14:29:45",13706200
28400,-150,100,"bu","14:29:45",13705600
28400,-150,300,"bu","14:29:45",13705500
28400,-150,100,"bu","14:29:45",13705200
28350,-200,1000,"sd","14:29:41",13705100
28350,-200,1000,"sd","14:29:41",13704100
28350,-200,10000,"sd","14:29:38",13703100
28350,-200,300,"bu","14:29:37",13693100
28350,-200,100,"bu","14:29:37",13692800
28350,-200,10000,"bu","14:29:37",13692700
28350,-200,32200,"bu","14:29:37",13682700
28300,-250,1000,"sd","14:29:37",13650500
28350,-200,2000,"bu","14:29:36",13649500
28300,-250,2000,"sd","14:29:32",13647500
28350,-200,100,"bu","14:29:31",13645500
28300,-250,1500,"sd","14:29:30",13645400
28350,-200,100,"bu","14:29:24",13643900
28300,-250,300,"sd","14:29:23",13643800
28300,-250,100,"sd","14:29:22",13643500
28300,-250,3100,"sd","14:29:21",13643400
28350,-200,400,"bu","14:29:20",13640300
28350,-200,1000,"bu","14:29:20",13639900
28300,-250,100,"sd","14:29:20",13638900
28350,-200,500,"bu","14:29:19",13638800
28300,-250,600,"sd","14:29:19",13638300
28300,-250,6400,"sd","14:29:17",13637700
28350,-200,100,"sd","14:29:17",13631300
28350,-200,5000,"sd","14:29:17",13631200
28350,-200,1000,"sd","14:29:17",13626200
28350,-200,10000,"sd","14:29:17",13625200
28350,-200,5000,"sd","14:29:17",13615200
28350,-200,200,"sd","14:29:17",13610200
28350,-200,300,"sd","14:29:17",13610000
28350,-200,15000,"sd","14:29:17",13609700
28350,-200,100,"sd","14:29:17",13594700
28350,-200,4500,"sd","14:29:17",13594600
28350,-200,10000,"sd","14:29:17",13590100
28350,-200,100,"sd","14:29:17",13580100
28350,-200,1000,"sd","14:29:17",13580000
28350,-200,7000,"sd","14:29:17",13579000
28350,-200,1000,"sd","14:29:17",13572000
28350,-200,300,"sd","14:29:17",13571000
28350,-200,100,"sd","14:29:17",13570700
28350,-200,2000,"sd","14:29:17",13570600
28350,-200,1000,"sd","14:29:17",13568600
28350,-200,1000,"sd","14:29:17",13567600
28400,-150,100,"bu","14:29:14",13566600
28350,-200,200,"sd","14:29:07",13566500
28350,-200,100,"sd","14:29:07",13566300
28350,-200,500,"sd","14:29:05",13566200
28400,-150,500,"sd","14:29:05",13565700
28350,-200,100,"sd","14:29:03",13565200
28350,-200,1500,"sd","14:29:02",13565100
28350,-200,100,"sd","14:29:02",13563600
28350,-200,1100,"sd","14:29:00",13563500
28350,-200,8200,"sd","14:29:00",13562400
28350,-200,100,"sd","14:29:00",13554200
28400,-150,1500,"sd","14:29:00",13554100
28400,-150,2000,"sd","14:28:59",13552600
28400,-150,18000,"bu","14:28:59",13550600
28400,-150,1500,"bu","14:28:59",13532600
28400,-150,100,"bu","14:28:59",13531100
28400,-150,2000,"bu","14:28:59",13531000
28400,-150,74900,"bu","14:28:59",13529000
28350,-200,1500,"sd","14:28:58",13454100
28350,-200,200,"sd","14:28:56",13452600
28350,-200,600,"sd","14:28:55",13452400
28350,-200,2600,"sd","14:28:54",13451800
28350,-200,1000,"sd","14:28:54",13449200
28350,-200,2600,"sd","14:28:54",13448200
28400,-150,100,"bu","14:28:52",13445600
28350,-200,500,"sd","14:28:50",13445500
28350,-200,100,"sd","14:28:50",13445000
28350,-200,300,"sd","14:28:49",13444900
28350,-200,300,"sd","14:28:49",13444600
28350,-200,100,"sd","14:28:49",13444300
28350,-200,300,"sd","14:28:49",13444200
28350,-200,100,"sd","14:28:47",13443900
28350,-200,100,"sd","14:28:46",13443800
28350,-200,400,"sd","14:28:46",13443700
28350,-200,300,"sd","14:28:46",13443300
28400,-150,5000,"bu","14:28:45",13443000
28350,-200,1700,"sd","14:28:45",13438000
28350,-200,200,"sd","14:28:45",13436300
28350,-200,1700,"sd","14:28:45",13436100
28350,-200,300,"sd","14:28:43",13434400
28350,-200,200,"sd","14:28:43",13434100
28350,-200,200,"sd","14:28:43",13433900
28350,-200,2000,"sd","14:28:43",13433700
28350,-200,400,"sd","14:28:43",13431700
28350,-200,5000,"sd","14:28:43",13431300
28350,-200,1000,"sd","14:28:43",13426300
28350,-200,10000,"sd","14:28:43",13425300
28350,-200,10000,"sd","14:28:43",13415300
28350,-200,3000,"sd","14:28:43",13405300
28350,-200,3000,"sd","14:28:43",13402300
28350,-200,1400,"sd","14:28:43",13399300
28350,-200,600,"sd","14:28:40",13397900
28350,-200,200,"sd","14:28:39",13397300
28400,-150,3000,"bu","14:28:39",13397100
28400,-150,5000,"bu","14:28:38",13394100
28350,-200,300,"sd","14:28:31",13389100
28350,-200,3000,"sd","14:28:31",13388800
28350,-200,300,"sd","14:28:29",13385800
28400,-150,3000,"bu","14:28:29",13385500
28350,-200,400,"sd","14:28:21",13382500
28350,-200,4000,"sd","14:28:21",13382100
28400,-150,900,"bu","14:28:20",13378100
28400,-150,400,"bu","14:28:20",13377200
28400,-150,100,"bu","14:28:20",13376800
28400,-150,39500,"unknown","14:28:20",13376700
28400,-150,100,"sd","14:28:18",13337200
28400,-150,200,"sd","14:28:18",13337100
28400,-150,900,"sd","14:28:14",13336900
28400,-150,5000,"sd","14:28:12",13336000
28400,-150,200,"sd","14:28:12",13331000
28400,-150,100,"sd","14:28:12",13330800
28400,-150,4000,"bu","14:28:12",13330700
28350,-200,200,"sd","14:28:11",13326700
28350,-200,100,"sd","14:28:06",13326500
28350,-200,800,"sd","14:27:58",13326400
28350,-200,200,"bu","14:27:58",13325600
28350,-200,7900,"bu","14:27:58",13325400
28350,-200,900,"bu","14:27:56",13317500
28350,-200,500,"bu","14:27:52",13316600
28300,-250,100,"sd","14:27:50",13316100
28350,-200,500,"bu","14:27:50",13316000
28350,-200,200,"bu","14:27:50",13315500
28350,-200,800,"bu","14:27:50",13315300
28350,-200,200,"bu","14:27:47",13314500
28300,-250,300,"sd","14:27:39",13314300
28300,-250,500,"sd","14:27:31",13314000
28300,-250,3100,"sd","14:27:30",13313500
28300,-250,900,"sd","14:27:30",13310400
28300,-250,1000,"sd","14:27:30",13309500
28300,-250,100,"sd","14:27:17",13308500
28300,-250,200,"sd","14:27:14",13308400
28300,-250,1600,"sd","14:27:13",13308200
28300,-250,400,"sd","14:27:13",13306600
28300,-250,100,"bu","14:27:10",13306200
28300,-250,200,"bu","14:27:10",13306100
28300,-250,100,"bu","14:27:09",13305900
28300,-250,100,"bu","14:27:08",13305800
28300,-250,100,"bu","14:27:08",13305700
28300,-250,100,"bu","14:27:07",13305600
28250,-300,100,"sd","14:27:07",13305500
28300,-250,1000,"bu","14:27:06",13305400
28300,-250,100,"bu","14:27:03",13304400
28300,-250,100,"bu","14:27:01",13304300
28250,-300,200,"sd","14:27:01",13304200
28250,-300,600,"sd","14:27:01",13304000
28300,-250,6200,"bu","14:27:00",13303400
28250,-300,100,"sd","14:26:57",13297200
28300,-250,100,"bu","14:26:56",13297100
28300,-250,500,"sd","14:26:56",13297000
28300,-250,1300,"sd","14:26:56",13296500
28300,-250,100,"sd","14:26:53",13295200
28300,-250,1000,"sd","14:26:53",13295100
28300,-250,200,"sd","14:26:48",13294100
28300,-250,500,"bu","14:26:47",13293900
28300,-250,700,"bu","14:26:47",13293400
28300,-250,1200,"bu","14:26:47",13292700
28250,-300,100,"sd","14:26:45",13291500
28300,-250,100,"sd","14:26:45",13291400
28300,-250,300,"sd","14:26:45",13291300
28300,-250,200,"sd","14:26:41",13291000
28250,-300,100,"sd","14:26:38",13290800
28250,-300,1000,"sd","14:26:38",13290700
28250,-300,5700,"sd","14:26:37",13289700
28250,-300,200,"sd","14:26:36",13284000
28250,-300,100,"sd","14:26:36",13283800
28250,-300,100,"sd","14:26:36",13283700
28250,-300,600,"sd","14:26:36",13283600
28250,-300,500,"sd","14:26:36",13283000
28250,-300,100,"sd","14:26:36",13282500
28250,-300,400,"sd","14:26:36",13282400
28250,-300,100,"sd","14:26:36",13282000
28250,-300,500,"sd","14:26:36",13281900
28250,-300,300,"sd","14:26:36",13281400
28250,-300,400,"sd","14:26:36",13281100
28250,-300,1000,"sd","14:26:36",13280700
28250,-300,200,"sd","14:26:35",13279700
28450,-100,23700,"bu","14:26:35",13279500
28450,-100,5500,"bu","14:26:35",13255800
28450,-100,500,"bu","14:26:35",13250300
28450,-100,500,"bu","14:26:35",13249800
28450,-100,600,"bu","14:26:35",13249300
28400,-150,3200,"bu","14:26:35",13248700
28400,-150,200,"bu","14:26:35",13245500
28400,-150,100,"bu","14:26:35",13245300
28400,-150,3000,"bu","14:26:35",13245200
28400,-150,100,"bu","14:26:35",13242200
28400,-150,200,"bu","14:26:35",13242100
28400,-150,3100,"bu","14:26:35",13241900
28400,-150,2000,"bu","14:26:35",13238800
28400,-150,1000,"bu","14:26:35",13236800
28400,-150,100,"bu","14:26:35",13235800
28400,-150,2000,"bu","14:26:35",13235700
28400,-150,100,"bu","14:26:35",13233700
28400,-150,1100,"bu","14:26:35",13233600
28300,-250,53000,"bu","14:26:35",13232500
28250,-300,300,"sd","14:26:35",13179500
28250,-300,2000,"sd","14:26:35",13179200
28300,-250,3000,"bu","14:26:34",13177200
28250,-300,500,"sd","14:26:33",13174200
28250,-300,1500,"sd","14:26:31",13173700
28300,-250,4000,"bu","14:26:31",13172200
28250,-300,100,"sd","14:26:31",13168200
28250,-300,1000,"sd","14:26:29",13168100
28250,-300,10100,"sd","14:26:29",13167100
28400,-150,13900,"bu","14:26:28",13157000
28400,-150,7600,"bu","14:26:28",13143100
28350,-200,200,"bu","14:26:28",13135500
28350,-200,15000,"bu","14:26:28",13135300
28350,-200,1000,"bu","14:26:28",13120300
28350,-200,100,"bu","14:26:28",13119300
28350,-200,15800,"bu","14:26:28",13119200
28350,-200,700,"bu","14:26:28",13103400
28350,-200,100,"bu","14:26:28",13102700
28300,-250,1500,"bu","14:26:28",13102600
28300,-250,200,"bu","14:26:28",13101100
28300,-250,1000,"bu","14:26:28",13100900
28300,-250,500,"bu","14:26:28",13099900
28300,-250,5000,"bu","14:26:28",13099400
28300,-250,200,"bu","14:26:28",13094400
28300,-250,100,"bu","14:26:28",13094200
28300,-250,2000,"bu","14:26:28",13094100
28300,-250,3400,"bu","14:26:28",13092100
28300,-250,1500,"bu","14:26:28",13088700
28300,-250,100,"bu","14:26:28",13087200
28300,-250,3100,"bu","14:26:28",13087100
28300,-250,4300,"bu","14:26:28",13084000
28300,-250,2200,"bu","14:26:28",13079700
28300,-250,20500,"bu","14:26:28",13077500
28250,-300,200,"sd","14:26:28",13057000
28250,-300,200,"sd","14:26:28",13056800
28300,-250,900,"bu","14:26:27",13056600
28250,-300,200,"sd","14:26:26",13055700
28250,-300,2000,"sd","14:26:26",13055500
28250,-300,200,"sd","14:26:25",13053500
28300,-250,100,"bu","14:26:24",13053300
28300,-250,100,"bu","14:26:24",13053200
28250,-300,1000,"sd","14:26:24",13053100
28250,-300,100,"sd","14:26:24",13052100
28250,-300,1000,"sd","14:26:24",13052000
28250,-300,400,"sd","14:26:24",13051000
28300,-250,24400,"bu","14:26:23",13050600
28300,-250,600,"bu","14:26:23",13026200
28250,-300,100,"sd","14:26:15",13025600
28250,-300,500,"sd","14:26:14",13025500
28250,-300,500,"sd","14:26:14",13025000
28250,-300,300,"sd","14:26:14",13024500
28250,-300,200,"sd","14:26:14",13024200
28300,-250,100,"bu","14:26:13",13024000
28250,-300,100,"sd","14:26:10",13023900
28250,-300,1000,"sd","14:26:08",13023800
28300,-250,600,"bu","14:26:05",13022800
28300,-250,9400,"bu","14:26:05",13022200
28250,-300,100,"sd","14:26:05",13012800
28300,-250,1000,"bu","14:26:04",13012700
28300,-250,100,"bu","14:25:59",13011700
28250,-300,200,"sd","14:25:59",13011600
28250,-300,100,"sd","14:25:58",13011400
28250,-300,2000,"sd","14:25:57",13011300
28250,-300,100,"sd","14:25:55",13009300
28250,-300,1000,"sd","14:25:54",13009200
28250,-300,200,"bu","14:25:53",13008200
28200,-350,6000,"sd","14:25:53",13008000
28200,-350,1000,"sd","14:25:53",13002000
28200,-350,200,"sd","14:25:53",13001000
28200,-350,500,"sd","14:25:53",13000800
28200,-350,1000,"sd","14:25:53",13000300
28200,-350,300,"sd","14:25:53",12999300
28200,-350,1000,"sd","14:25:53",12999000
28300,-250,49500,"bu","14:25:52",12998000
28300,-250,3200,"bu","14:25:52",12948500
28250,-300,200,"bu","14:25:52",12945300
28250,-300,6000,"bu","14:25:52",12945100
28250,-300,200,"bu","14:25:52",12939100
28200,-350,400,"sd","14:25:52",12938900
28250,-300,2000,"bu","14:25:52",12938500
28250,-300,500,"bu","14:25:52",12936500
28250,-300,1000,"bu","14:25:52",12936000
28250,-300,700,"bu","14:25:52",12935000
28250,-300,36700,"bu","14:25:52",12934300
28200,-350,1600,"sd","14:25:51",12897600
28200,-350,1000,"sd","14:25:51",12896000
28200,-350,100,"sd","14:25:51",12895000
28200,-350,300,"sd","14:25:51",12894900
28200,-350,1000,"sd","14:25:51",12894600
28250,-300,5000,"bu","14:25:49",12893600
28250,-300,5000,"bu","14:25:49",12888600
28200,-350,100,"sd","14:25:49",12883600
28250,-300,1000,"bu","14:25:47",12883500
28200,-350,100,"sd","14:25:46",12882500
28200,-350,200,"sd","14:25:45",12882400
28250,-300,1000,"bu","14:25:44",12882200
28200,-350,1300,"sd","14:25:44",12881200
28200,-350,1300,"sd","14:25:44",12879900
28200,-350,1700,"sd","14:25:43",12878600
28200,-350,400,"sd","14:25:43",12876900
28200,-350,3100,"sd","14:25:43",12876500
28200,-350,500,"sd","14:25:42",12873400
28250,-300,20600,"bu","14:25:42",12872900
28200,-350,200,"sd","14:25:39",12852300
28250,-300,100,"bu","14:25:38",12852100
28250,-300,2000,"bu","14:25:38",12852000
28200,-350,100,"sd","14:25:36",12850000
28200,-350,1000,"sd","14:25:34",12849900
28200,-350,100,"sd","14:25:34",12848900
28250,-300,1000,"bu","14:25:32",12848800
28250,-300,100,"bu","14:25:31",12847800
28200,-350,100,"sd","14:25:27",12847700
28250,-300,500,"bu","14:25:26",12847600
28200,-350,1000,"sd","14:25:25",12847100
28200,-350,100,"sd","14:25:24",12846100
28250,-300,1600,"bu","14:25:23",12846000
28200,-350,100,"sd","14:25:21",12844400
28250,-300,500,"bu","14:25:21",12844300
28250,-300,1000,"bu","14:25:20",12843800
28200,-350,600,"sd","14:25:18",12842800
28200,-350,3100,"sd","14:25:17",12842200
28200,-350,200,"sd","14:25:17",12839100
28200,-350,500,"sd","14:25:17",12838900
28200,-350,200,"sd","14:25:17",12838400
28200,-350,1000,"sd","14:25:17",12838200
28250,-300,1000,"bu","14:25:16",12837200
28200,-350,500,"sd","14:25:14",12836200
28250,-300,5000,"bu","14:25:13",12835700
28250,-300,500,"bu","14:25:05",12830700
28250,-300,500,"bu","14:25:04",12830200
28200,-350,300,"sd","14:25:04",12829700
28250,-300,100,"bu","14:25:03",12829400
28200,-350,100,"sd","14:25:03",12829300
28200,-350,1800,"sd","14:25:03",12829200
28200,-350,100,"sd","14:25:03",12827400
28200,-350,1200,"sd","14:25:03",12827300
28200,-350,1800,"sd","14:25:02",12826100
28250,-300,100,"sd","14:25:01",12824300
28250,-300,10000,"sd","14:25:01",12824200
28250,-300,500,"sd","14:25:01",12814200
28250,-300,700,"sd","14:25:01",12813700
28250,-300,5500,"sd","14:25:01",12813000
28250,-300,1900,"sd","14:25:01",12807500
28250,-300,2600,"sd","14:25:00",12805600
28250,-300,500,"sd","14:25:00",12803000
28250,-300,2000,"sd","14:25:00",12802500
28250,-300,200,"sd","14:25:00",12800500
28250,-300,300,"sd","14:24:59",12800300
28250,-300,100,"sd","14:24:59",12800000
28250,-300,500,"sd","14:24:59",12799900
28250,-300,900,"sd","14:24:59",12799400
28250,-300,100,"sd","14:24:59",12798500
28250,-300,5000,"sd","14:24:59",12798400
28250,-300,200,"sd","14:24:59",12793400
28250,-300,4500,"sd","14:24:59",12793200
28250,-300,100,"sd","14:24:59",12788700
28250,-300,500,"sd","14:24:59",12788600
28250,-300,500,"sd","14:24:59",12788100
28250,-300,400,"sd","14:24:59",12787600
28250,-300,600,"sd","14:24:59",12787200
28250,-300,400,"sd","14:24:59",12786600
28250,-300,3000,"sd","14:24:59",12786200
28250,-300,46600,"sd","14:24:59",12783200
28250,-300,500,"sd","14:24:59",12736600
28250,-300,500,"sd","14:24:59",12736100
28250,-300,100,"sd","14:24:59",12735600
28250,-300,1000,"sd","14:24:59",12735500
28250,-300,100,"sd","14:24:59",12734500
28250,-300,100,"sd","14:24:59",12734400
28250,-300,200,"sd","14:24:59",12734300
28250,-300,900,"sd","14:24:59",12734100
28250,-300,300,"sd","14:24:59",12733200
28250,-300,800,"sd","14:24:57",12732900
28250,-300,200,"sd","14:24:57",12732100
28250,-300,2100,"sd","14:24:57",12731900
28250,-300,300,"sd","14:24:55",12729800
28250,-300,100,"sd","14:24:54",12729500
28250,-300,2500,"sd","14:24:54",12729400
28250,-300,600,"sd","14:24:54",12726900
28250,-300,200,"sd","14:24:53",12726300
28250,-300,1100,"sd","14:24:52",12726100
28300,-250,11000,"bu","14:24:52",12725000
28250,-300,100,"sd","14:24:52",12714000
28250,-300,100,"sd","14:24:51",12713900
28250,-300,1000,"sd","14:24:50",12713800
28250,-300,400,"sd","14:24:50",12712800
28250,-300,1000,"sd","14:24:49",12712400
28250,-300,2500,"sd","14:24:49",12711400
28250,-300,2000,"sd","14:24:49",12708900
28250,-300,100,"sd","14:24:48",12706900
28250,-300,9700,"sd","14:24:48",12706800
28250,-300,36000,"sd","14:24:47",12697100
28250,-300,1100,"sd","14:24:47",12661100
28250,-300,300,"sd","14:24:47",12660000
28250,-300,3600,"sd","14:24:46",12659700
28250,-300,100,"sd","14:24:41",12656100
28250,-300,1500,"sd","14:24:41",12656000
28250,-300,500,"sd","14:24:39",12654500
28300,-250,1100,"bu","14:24:39",12654000
28300,-250,3900,"bu","14:24:39",12652900
28250,-300,600,"sd","14:24:38",12649000
28250,-300,6500,"sd","14:24:36",12648400
28300,-250,15000,"bu","14:24:36",12641900
28250,-300,100,"sd","14:24:35",12626900
28250,-300,37900,"sd","14:24:35",12626800
28250,-300,1000,"sd","14:24:35",12588900
28250,-300,2000,"sd","14:24:35",12587900
28250,-300,500,"sd","14:24:35",12585900
28250,-300,200,"sd","14:24:35",12585400
28250,-300,100,"sd","14:24:35",12585200
28250,-300,1000,"sd","14:24:35",12585100
28250,-300,1000,"sd","14:24:35",12584100
28250,-300,6300,"sd","14:24:35",12583100
28250,-300,1000,"sd","14:24:35",12576800
28300,-250,10000,"bu","14:24:34",12575800
28250,-300,400,"sd","14:24:32",12565800
28250,-300,2300,"sd","14:24:32",12565400
28250,-300,400,"sd","14:24:32",12563100
28250,-300,400,"sd","14:24:32",12562700
28250,-300,1000,"sd","14:24:32",12562300
28300,-250,10000,"sd","14:24:31",12561300
28300,-250,300,"sd","14:24:31",12551300
28300,-250,600,"sd","14:24:31",12551000
28300,-250,300,"sd","14:24:31",12550400
28300,-250,1000,"sd","14:24:31",12550100
28300,-250,1000,"sd","14:24:31",12549100
28300,-250,1000,"sd","14:24:31",12548100
28300,-250,500,"sd","14:24:31",12547100
28300,-250,100,"sd","14:24:31",12546600
28300,-250,100,"sd","14:24:31",12546500
28300,-250,100,"sd","14:24:31",12546400
28300,-250,100,"sd","14:24:31",12546300
28300,-250,1000,"sd","14:24:31",12546200
28300,-250,1000,"sd","14:24:31",12545200
28300,-250,1000,"sd","14:24:31",12544200
28300,-250,5000,"sd","14:24:31",12543200
28300,-250,100,"sd","14:24:31",12538200
28300,-250,1000,"sd","14:24:31",12538100
28300,-250,3400,"sd","14:24:31",12537100
28300,-250,400,"sd","14:24:31",12533700
28300,-250,200,"sd","14:24:31",12533300
28300,-250,100,"sd","14:24:31",12533100
28300,-250,500,"sd","14:24:31",12533000
28300,-250,1500,"sd","14:24:31",12532500
28300,-250,2600,"sd","14:24:31",12531000
28300,-250,100,"sd","14:24:31",12528400
28300,-250,100,"sd","14:24:31",12528300
28300,-250,100,"sd","14:24:31",12528200
28300,-250,5000,"sd","14:24:31",12528100
28300,-250,500,"sd","14:24:31",12523100
28300,-250,100,"sd","14:24:31",12522600
28300,-250,100,"sd","14:24:31",12522500
28300,-250,2000,"sd","14:24:31",12522400
28300,-250,200,"sd","14:24:31",12520400
28350,-200,200,"bu","14:24:31",12520200
28300,-250,100,"sd","14:24:31",12520000
28300,-250,100,"sd","14:24:31",12519900
28300,-250,300,"sd","14:24:30",12519800
28300,-250,100,"sd","14:24:30",12519500
28300,-250,100,"sd","14:24:30",12519400
28300,-250,100,"sd","14:24:30",12519300
28300,-250,300,"sd","14:24:30",12519200
28300,-250,100,"sd","14:24:30",12518900
28300,-250,1000,"sd","14:24:29",12518800
28300,-250,10000,"sd","14:24:27",12517800
28300,-250,500,"sd","14:24:27",12507800
28300,-250,600,"sd","14:24:27",12507300
28300,-250,300,"sd","14:24:26",12506700
28300,-250,5200,"sd","14:24:26",12506400
28350,-200,100,"bu","14:24:25",12501200
28300,-250,1000,"sd","14:24:25",12501100
28300,-250,10000,"sd","14:24:25",12500100
28300,-250,200,"sd","14:24:25",12490100
28300,-250,500,"sd","14:24:25",12489900
28300,-250,100,"sd","14:24:25",12489400
28300,-250,100,"sd","14:24:25",12489300
28300,-250,8900,"sd","14:24:25",12489200
28300,-250,200,"sd","14:24:25",12480300
28300,-250,100,"sd","14:24:25",12480100
28300,-250,500,"sd","14:24:25",12480000
28300,-250,20000,"sd","14:24:25",12479500
28300,-250,100,"sd","14:24:25",12459500
28300,-250,500,"sd","14:24:25",12459400
28300,-250,2000,"sd","14:24:25",12458900
28300,-250,200,"sd","14:24:25",12456900
28300,-250,300,"sd","14:24:25",12456700
28300,-250,1000,"sd","14:24:25",12456400
28300,-250,1000,"sd","14:24:25",12455400
28300,-250,200,"sd","14:24:25",12454400
28300,-250,500,"sd","14:24:25",12454200
28300,-250,100,"sd","14:24:25",12453700
28300,-250,500,"sd","14:24:25",12453600
28300,-250,3000,"sd","14:24:25",12453100
28300,-250,1000,"sd","14:24:25",12450100
28300,-250,1500,"sd","14:24:24",12449100
28300,-250,10000,"sd","14:24:24",12447600
28300,-250,700,"sd","14:24:24",12437600
28300,-250,1000,"sd","14:24:23",12436900
28300,-250,500,"sd","14:24:23",12435900
28300,-250,6200,"sd","14:24:22",12435400
28300,-250,600,"sd","14:24:22",12429200
28300,-250,10000,"sd","14:24:21",12428600
28300,-250,1100,"sd","14:24:21",12418600
28300,-250,2800,"sd","14:24:20",12417500
28300,-250,3000,"sd","14:24:20",12414700
28300,-250,800,"sd","14:24:20",12411700
28300,-250,900,"sd","14:24:20",12410900
28300,-250,26700,"sd","14:24:19",12410000
28300,-250,500,"sd","14:24:19",12383300
28300,-250,9300,"sd","14:24:18",12382800
28300,-250,5000,"sd","14:24:18",12373500
28300,-250,600,"sd","14:24:17",12368500
28300,-250,100,"sd","14:24:17",12367900
28300,-250,500,"sd","14:24:16",12367800
28300,-250,1200,"sd","14:24:16",12367300
28300,-250,100,"sd","14:24:16",12366100
28300,-250,1000,"sd","14:24:14",12366000
28300,-250,100,"sd","14:24:14",12365000
28300,-250,1000,"sd","14:24:12",12364900
28300,-250,400,"sd","14:24:12",12363900
28300,-250,200,"sd","14:24:11",12363500
28350,-200,300,"bu","14:24:10",12363300
28300,-250,100,"sd","14:24:10",12363000
28300,-250,2000,"sd","14:24:09",12362900
28350,-200,900,"bu","14:24:09",12360900
28300,-250,100,"sd","14:24:09",12360000
28300,-250,1000,"sd","14:24:07",12359900
28300,-250,100,"sd","14:23:55",12358900
28300,-250,100,"sd","14:23:55",12358800
28300,-250,1100,"sd","14:23:54",12358700
28300,-250,600,"sd","14:23:52",12357600
28300,-250,5000,"sd","14:23:52",12357000
28300,-250,100,"sd","14:23:52",12352000
28300,-250,200,"sd","14:23:52",12351900
28300,-250,300,"sd","14:23:52",12351700
28300,-250,700,"sd","14:23:52",12351400
28300,-250,400,"sd","14:23:51",12350700
28300,-250,3900,"sd","14:23:50",12350300
28300,-250,700,"sd","14:23:50",12346400
28300,-250,4300,"sd","14:23:48",12345700
28300,-250,100,"sd","14:23:48",12341400
28300,-250,500,"sd","14:23:48",12341300
28300,-250,300,"sd","14:23:48",12340800
28300,-250,100,"sd","14:23:48",12340500
28300,-250,200,"sd","14:23:48",12340400
28300,-250,100,"sd","14:23:48",12340200
28300,-250,1400,"sd","14:23:48",12340100
28350,-200,300,"bu","14:23:48",12338700
28350,-200,100,"bu","14:23:47",12338400
28300,-250,700,"sd","14:23:45",12338300
28300,-250,2900,"sd","14:23:44",12337600
28300,-250,700,"sd","14:23:44",12334700
28300,-250,100,"sd","14:23:44",12334000
28300,-250,100,"sd","14:23:44",12333900
28300,-250,200,"sd","14:23:44",12333800
28300,-250,3900,"sd","14:23:44",12333600
28300,-250,1100,"sd","14:23:43",12329700
28300,-250,500,"sd","14:23:43",12328600
28300,-250,10000,"sd","14:23:43",12328100
28300,-250,50000,"sd","14:23:43",12318100
28300,-250,1000,"sd","14:23:43",12268100
28300,-250,1000,"sd","14:23:43",12267100
28300,-250,100,"sd","14:23:43",12266100
28300,-250,200,"sd","14:23:43",12266000
28300,-250,100,"sd","14:23:43",12265800
28300,-250,200,"sd","14:23:43",12265700
28300,-250,800,"sd","14:23:43",12265500
28300,-250,800,"sd","14:23:43",12264700
28300,-250,300,"sd","14:23:43",12263900
28300,-250,1000,"sd","14:23:43",12263600
28300,-250,100,"sd","14:23:43",12262600
28300,-250,100,"sd","14:23:43",12262500
28300,-250,2000,"sd","14:23:43",12262400
28300,-250,200,"sd","14:23:43",12260400
28300,-250,400,"sd","14:23:43",12260200
28300,-250,100,"sd","14:23:43",12259800
28300,-250,500,"sd","14:23:43",12259700
28300,-250,200,"sd","14:23:43",12259200
28300,-250,100,"sd","14:23:43",12259000
28300,-250,100,"sd","14:23:43",12258900
28300,-250,2900,"sd","14:23:43",12258800
28300,-250,5600,"sd","14:23:43",12255900
28300,-250,400,"sd","14:23:43",12250300
28300,-250,4000,"sd","14:23:42",12249900
28300,-250,200,"sd","14:23:42",12245900
28300,-250,100,"sd","14:23:42",12245700
28300,-250,100,"sd","14:23:42",12245600
28350,-200,2900,"bu","14:23:41",12245500
28350,-200,400,"sd","14:23:40",12242600
28350,-200,3000,"sd","14:23:40",12242200
28350,-200,100,"sd","14:23:40",12239200
28350,-200,1000,"sd","14:23:40",12239100
28350,-200,100,"sd","14:23:40",12238100
28350,-200,1000,"sd","14:23:40",12238000
28350,-200,100,"sd","14:23:40",12237000
28350,-200,100,"sd","14:23:40",12236900
28350,-200,5000,"sd","14:23:40",12236800
28350,-200,1000,"sd","14:23:40",12231800
28350,-200,200,"sd","14:23:40",12230800
28350,-200,100,"sd","14:23:40",12230600
28350,-200,100,"sd","14:23:40",12230500
28350,-200,11000,"sd","14:23:40",12230400
28350,-200,100,"sd","14:23:40",12219400
28350,-200,1000,"sd","14:23:40",12219300
28350,-200,100,"sd","14:23:40",12218300
28350,-200,1000,"sd","14:23:40",12218200
28350,-200,8000,"sd","14:23:40",12217200
28350,-200,500,"sd","14:23:40",12209200
28350,-200,7600,"sd","14:23:40",12208700
28350,-200,500,"sd","14:23:39",12201100
28350,-200,200,"sd","14:23:39",12200600
28350,-200,800,"sd","14:23:38",12200400
28350,-200,100,"sd","14:23:37",12199600
28350,-200,800,"sd","14:23:37",12199500
28350,-200,100,"sd","14:23:37",12198700
28350,-200,500,"sd","14:23:37",12198600
28350,-200,100,"sd","14:23:37",12198100
28350,-200,200,"sd","14:23:37",12198000
28350,-200,300,"sd","14:23:37",12197800
28350,-200,100,"sd","14:23:37",12197500
28350,-200,2000,"sd","14:23:37",12197400
28350,-200,5000,"sd","14:23:37",12195400
28350,-200,900,"sd","14:23:37",12190400
28350,-200,100,"sd","14:23:36",12189500
28350,-200,400,"sd","14:23:34",12189400
28350,-200,100,"sd","14:23:34",12189000
28350,-200,100,"sd","14:23:34",12188900
28350,-200,500,"sd","14:23:34",12188800
28350,-200,300,"sd","14:23:34",12188300
28350,-200,500,"sd","14:23:34",12188000
28350,-200,300,"sd","14:23:34",12187500
28350,-200,200,"sd","14:23:34",12187200
28350,-200,500,"sd","14:23:34",12187000
28350,-200,3000,"sd","14:23:33",12186500
28350,-200,500,"sd","14:23:32",12183500
28350,-200,3600,"sd","14:23:32",12183000
28350,-200,6400,"sd","14:23:32",12179400
28350,-200,3600,"sd","14:23:32",12173000
28350,-200,400,"sd","14:23:32",12169400
28350,-200,1200,"sd","14:23:31",12169000
28350,-200,100,"sd","14:23:29",12167800
28350,-200,800,"sd","14:23:28",12167700
28350,-200,200,"sd","14:23:28",12166900
28350,-200,100,"sd","14:23:28",12166700
28350,-200,500,"sd","14:23:27",12166600
28350,-200,200,"sd","14:23:25",12166100
28350,-200,100,"sd","14:23:25",12165900
28350,-200,2000,"sd","14:23:25",12165800
28350,-200,900,"sd","14:23:20",12163800
28350,-200,9300,"sd","14:23:20",12162900
28350,-200,400,"sd","14:23:20",12153600
28350,-200,200,"sd","14:23:19",12153200
28350,-200,200,"sd","14:23:19",12153000
28350,-200,1700,"sd","14:23:19",12152800
28350,-200,2300,"sd","14:23:19",12151100
28350,-200,500,"sd","14:23:18",12148800
28350,-200,400,"sd","14:23:11",12148300
28350,-200,2000,"sd","14:23:10",12147900
28350,-200,1400,"sd","14:23:10",12145900
28350,-200,200,"sd","14:23:10",12144500
28350,-200,400,"sd","14:23:10",12144300
28400,-150,500,"bu","14:23:05",12143900
28350,-200,200,"sd","14:23:05",12143400
28350,-200,400,"sd","14:23:04",12143200
28350,-200,100,"sd","14:23:04",12142800
28350,-200,1500,"sd","14:23:04",12142700
28350,-200,200,"sd","14:23:01",12141200
28350,-200,1200,"sd","14:23:00",12141000
28350,-200,900,"sd","14:22:59",12139800
28350,-200,500,"sd","14:22:55",12138900
28350,-200,100,"sd","14:22:55",12138400
28350,-200,1000,"sd","14:22:53",12138300
28350,-200,300,"sd","14:22:53",12137300
28350,-200,4600,"sd","14:22:53",12137000
28350,-200,100,"sd","14:22:53",12132400
28350,-200,2000,"sd","14:22:53",12132300
28350,-200,1000,"sd","14:22:53",12130300
28350,-200,500,"sd","14:22:53",12129300
28350,-200,1400,"sd","14:22:53",12128800
28350,-200,100,"sd","14:22:53",12127400
28350,-200,100,"sd","14:22:49",12127300
28350,-200,1000,"sd","14:22:49",12127200
28350,-200,2600,"sd","14:22:47",12126200
28350,-200,100,"sd","14:22:47",12123600
28350,-200,1400,"sd","14:22:47",12123500
28350,-200,1000,"sd","14:22:47",12122100
28350,-200,500,"sd","14:22:47",12121100
28350,-200,100,"sd","14:22:47",12120600
28350,-200,100,"sd","14:22:47",12120500
28350,-200,200,"sd","14:22:47",12120400
28350,-200,1000,"sd","14:22:47",12120200
28350,-200,3000,"sd","14:22:47",12119200
28350,-200,200,"sd","14:22:47",12116200
28400,-150,1900,"bu","14:22:46",12116000
28400,-150,100,"bu","14:22:46",12114100
28350,-200,700,"sd","14:22:41",12114000
28350,-200,1100,"sd","14:22:41",12113300
28350,-200,1000,"sd","14:22:41",12112200
28350,-200,1000,"sd","14:22:41",12111200
28350,-200,500,"sd","14:22:41",12110200
28350,-200,200,"sd","14:22:41",12109700
28350,-200,200,"sd","14:22:41",12109500
28350,-200,100,"sd","14:22:41",12109300
28350,-200,100,"sd","14:22:41",12109200
28350,-200,300,"sd","14:22:41",12109100
28350,-200,200,"sd","14:22:41",12108800
28350,-200,1000,"sd","14:22:41",12108600
28350,-200,100,"sd","14:22:41",12107600
28350,-200,400,"sd","14:22:41",12107500
28350,-200,1000,"sd","14:22:41",12107100
28350,-200,3600,"sd","14:22:39",12106100
28350,-200,6400,"sd","14:22:39",12102500
28350,-200,900,"sd","14:22:36",12096100
28350,-200,100,"sd","14:22:34",12095200
28350,-200,100,"sd","14:22:33",12095100
28350,-200,1100,"sd","14:22:33",12095000
28350,-200,100,"sd","14:22:32",12093900
28350,-200,500,"sd","14:22:31",12093800
28350,-200,1000,"sd","14:22:31",12093300
28350,-200,10000,"sd","14:22:30",12092300
28350,-200,500,"sd","14:22:26",12082300
28350,-200,600,"sd","14:22:25",12081800
28400,-150,900,"bu","14:22:24",12081200
28400,-150,300,"bu","14:22:24",12080300
28400,-150,3800,"bu","14:22:24",12080000
28350,-200,6200,"sd","14:22:24",12076200
28350,-200,200,"sd","14:22:20",12070000
28350,-200,400,"sd","14:22:18",12069800
28350,-200,2000,"sd","14:22:18",12069400
28350,-200,4000,"sd","14:22:17",12067400
28350,-200,200,"sd","14:22:13",12063400
28350,-200,2000,"sd","14:22:12",12063200
28350,-200,800,"sd","14:22:11",12061200
28350,-200,700,"sd","14:22:11",12060400
28350,-200,6200,"sd","14:22:10",12059700
28350,-200,1500,"sd","14:22:09",12053500
28350,-200,100,"sd","14:22:09",12052000
28350,-200,1500,"sd","14:22:08",12051900
28350,-200,6100,"sd","14:22:07",12050400
28350,-200,9300,"sd","14:22:07",12044300
28350,-200,100,"sd","14:22:06",12035000
28350,-200,1200,"sd","14:22:06",12034900
28350,-200,100,"sd","14:21:57",12033700
28350,-200,1000,"sd","14:21:55",12033600
28350,-200,500,"sd","14:21:48",12032600
28350,-200,500,"sd","14:21:47",12032100
28350,-200,5000,"sd","14:21:46",12031600
28400,-150,1200,"bu","14:21:45",12026600
28400,-150,200,"bu","14:21:45",12025400
28400,-150,3600,"bu","14:21:45",12025200
28350,-200,200,"sd","14:21:45",12021600
28350,-200,100,"sd","14:21:41",12021400
28350,-200,500,"sd","14:21:40",12021300
28350,-200,1100,"sd","14:21:40",12020800
28350,-200,400,"sd","14:21:39",12019700
28350,-200,1200,"sd","14:21:38",12019300
28350,-200,10000,"sd","14:21:38",12018100
28350,-200,4900,"sd","14:21:38",12008100
28350,-200,100,"sd","14:21:23",12003200
28350,-200,1000,"sd","14:21:22",12003100
28350,-200,200,"sd","14:21:20",12002100
28350,-200,1000,"sd","14:21:20",12001900
28350,-200,1000,"sd","14:21:20",12000900
28350,-200,100,"sd","14:21:13",11999900
28350,-200,1200,"sd","14:21:11",11999800
28350,-200,300,"sd","14:21:08",11998600
28350,-200,3300,"sd","14:21:07",11998300
28350,-200,2500,"sd","14:21:06",11995000
28350,-200,1000,"sd","14:21:06",11992500
28350,-200,100,"sd","14:21:06",11991500
28350,-200,10000,"sd","14:21:06",11991400
28350,-200,200,"sd","14:21:06",11981400
28350,-200,200,"sd","14:21:06",11981200
28350,-200,2000,"sd","14:21:06",11981000
28350,-200,100,"sd","14:21:06",11979000
28350,-200,1900,"sd","14:21:06",11978900
28350,-200,5000,"sd","14:21:06",11977000
28350,-200,200,"sd","14:21:06",11972000
28350,-200,100,"sd","14:21:06",11971800
28350,-200,200,"sd","14:21:06",11971700
28350,-200,500,"sd","14:21:06",11971500
28350,-200,100,"sd","14:21:06",11971000
28350,-200,1600,"sd","14:21:06",11970900
28350,-200,1000,"sd","14:21:06",11969300
28350,-200,400,"sd","14:21:06",11968300
28350,-200,500,"sd","14:21:06",11967900
28350,-200,5000,"sd","14:21:06",11967400
28350,-200,300,"sd","14:21:06",11962400
28350,-200,100,"sd","14:21:06",11962100
28400,-150,100,"sd","14:21:05",11962000
28400,-150,2000,"sd","14:21:05",11961900
28400,-150,500,"sd","14:21:05",11959900
28400,-150,100,"sd","14:21:05",11959400
28400,-150,3200,"sd","14:21:05",11959300
28400,-150,200,"sd","14:21:05",11956100
28400,-150,25000,"sd","14:21:05",11955900
28400,-150,200,"sd","14:21:05",11930900
28400,-150,1000,"sd","14:21:05",11930700
28400,-150,1000,"sd","14:21:05",11929700
28400,-150,100,"sd","14:21:05",11928700
28400,-150,2000,"sd","14:21:05",11928600
28400,-150,200,"sd","14:21:05",11926600
28400,-150,100,"sd","14:21:05",11926400
28400,-150,1000,"sd","14:21:05",11926300
28400,-150,200,"sd","14:21:05",11925300
28400,-150,10300,"sd","14:21:05",11925100
28400,-150,5000,"sd","14:21:05",11914800
28400,-150,200,"sd","14:21:05",11909800
28400,-150,100,"sd","14:21:05",11909600
28400,-150,500,"sd","14:21:05",11909500
28400,-150,100,"sd","14:21:05",11909000
28400,-150,1000,"sd","14:21:05",11908900
28400,-150,100,"sd","14:21:05",11907900
28400,-150,2000,"sd","14:21:05",11907800
28400,-150,10000,"sd","14:21:05",11905800
28400,-150,800,"sd","14:21:05",11895800
28400,-150,10000,"sd","14:21:05",11895000
28400,-150,200,"sd","14:21:05",11885000
28400,-150,100,"sd","14:21:05",11884800
28400,-150,600,"sd","14:21:05",11884700
28400,-150,3900,"sd","14:21:05",11884100
28400,-150,1100,"sd","14:21:05",11880200
28400,-150,300,"sd","14:21:05",11879100
28400,-150,10000,"sd","14:21:05",11878800
28400,-150,100,"sd","14:21:05",11868800
28400,-150,100,"sd","14:21:05",11868700
28400,-150,100,"sd","14:21:05",11868600
28400,-150,2900,"sd","14:21:05",11868500
28400,-150,1000,"sd","14:21:05",11865600
28400,-150,100,"sd","14:21:00",11864600
28400,-150,1500,"sd","14:20:59",11864500
28400,-150,200,"sd","14:20:57",11863000
28400,-150,2000,"sd","14:20:56",11862800
28400,-150,200,"sd","14:20:52",11860800
28400,-150,2000,"sd","14:20:50",11860600
28400,-150,100,"sd","14:20:45",11858600
28400,-150,1200,"sd","14:20:44",11858500
28400,-150,600,"sd","14:20:39",11857300
28400,-150,6000,"sd","14:20:39",11856700
28400,-150,100,"sd","14:20:24",11850700
28400,-150,1000,"sd","14:20:23",11850600
28400,-150,100,"sd","14:20:19",11849600
28400,-150,1300,"sd","14:20:17",11849500
28400,-150,100,"sd","14:20:10",11848200
28450,-100,400,"bu","14:20:10",11848100
28450,-100,600,"bu","14:20:10",11847700
28400,-150,100,"sd","14:20:10",11847100
28450,-100,1000,"bu","14:20:09",11847000
28400,-150,100,"sd","14:20:01",11846000
28450,-100,1000,"bu","14:20:01",11845900
28400,-150,100,"sd","14:19:51",11844900
28400,-150,1300,"sd","14:19:50",11844800
28400,-150,100,"sd","14:19:37",11843500
28400,-150,1000,"sd","14:19:36",11843400
28400,-150,500,"sd","14:19:24",11842400
28400,-150,100,"sd","14:19:24",11841900
28400,-150,1300,"sd","14:19:23",11841800
28450,-100,400,"bu","14:19:22",11840500
28450,-100,100,"bu","14:19:22",11840100
28400,-150,100,"sd","14:19:13",11840000
28400,-150,100,"sd","14:19:09",11839900
28400,-150,1000,"sd","14:19:09",11839800
28400,-150,100,"sd","14:19:04",11838800
28400,-150,1000,"sd","14:19:03",11838700
28400,-150,10000,"sd","14:19:03",11837700
28400,-150,100,"sd","14:19:03",11827700
28400,-150,200,"sd","14:19:02",11827600
28450,-100,1000,"bu","14:19:02",11827400
28400,-150,100,"sd","14:18:58",11826400
28400,-150,1300,"sd","14:18:56",11826300
28400,-150,100,"sd","14:18:54",11825000
28400,-150,1100,"sd","14:18:53",11824900
28400,-150,11000,"sd","14:18:52",11823800
28400,-150,48800,"sd","14:18:51",11812800
28400,-150,500,"sd","14:18:51",11764000
28400,-150,300,"sd","14:18:51",11763500
28400,-150,100,"sd","14:18:51",11763200
28400,-150,13300,"sd","14:18:51",11763100
28400,-150,500,"sd","14:18:51",11749800
28400,-150,2000,"sd","14:18:51",11749300
28400,-150,3800,"sd","14:18:51",11747300
28400,-150,2000,"sd","14:18:51",11743500
28400,-150,2000,"sd","14:18:51",11741500
28400,-150,2000,"sd","14:18:51",11739500
28400,-150,200,"sd","14:18:51",11737500
28400,-150,5000,"sd","14:18:51",11737300
28400,-150,5000,"sd","14:18:51",11732300
28400,-150,200,"sd","14:18:51",11727300
28400,-150,200,"sd","14:18:51",11727100
28400,-150,1000,"sd","14:18:51",11726900
28400,-150,100,"sd","14:18:51",11725900
28400,-150,200,"sd","14:18:51",11725800
28400,-150,10000,"sd","14:18:51",11725600
28400,-150,500,"sd","14:18:51",11715600
28400,-150,300,"sd","14:18:51",11715100
28400,-150,100,"sd","14:18:51",11714800
28400,-150,11900,"sd","14:18:51",11714700
28400,-150,300,"sd","14:18:50",11702800
28450,-100,400,"bu","14:18:48",11702500
28450,-100,100,"bu","14:18:45",11702100
28400,-150,200,"sd","14:18:43",11702000
28450,-100,2000,"bu","14:18:42",11701800
28450,-100,200,"bu","14:18:36",11699800
28400,-150,300,"sd","14:18:32",11699600
28400,-150,3000,"sd","14:18:31",11699300
28400,-150,900,"sd","14:18:30",11696300
28400,-150,3300,"sd","14:18:29",11695400
28400,-150,100,"sd","14:18:29",11692100
28400,-150,100,"sd","14:18:29",11692000
28400,-150,200,"sd","14:18:29",11691900
28400,-150,500,"sd","14:18:29",11691700
28400,-150,100,"sd","14:18:29",11691200
28400,-150,300,"sd","14:18:28",11691100
28400,-150,700,"sd","14:18:28",11690800
28400,-150,200,"sd","14:18:28",11690100
28400,-150,200,"sd","14:18:28",11689900
28400,-150,300,"sd","14:18:28",11689700
28400,-150,200,"sd","14:18:28",11689400
28400,-150,300,"sd","14:18:28",11689200
28400,-150,3100,"sd","14:18:28",11688900
28400,-150,21500,"sd","14:18:27",11685800
28400,-150,28500,"sd","14:18:27",11664300
28400,-150,100,"sd","14:18:24",11635800
28400,-150,100,"sd","14:18:22",11635700
28400,-150,1200,"sd","14:18:21",11635600
28400,-150,200,"sd","14:18:07",11634400
28400,-150,100,"sd","14:18:04",11634200
28400,-150,1500,"sd","14:18:03",11634100
28400,-150,100,"sd","14:18:03",11632600
28400,-150,1400,"sd","14:18:02",11632500
28400,-150,100,"sd","14:18:01",11631100
28450,-100,1000,"bu","14:18:00",11631000
28400,-150,500,"sd","14:17:52",11630000
28450,-100,5000,"bu","14:17:51",11629500
28400,-150,400,"sd","14:17:50",11624500
28400,-150,4900,"sd","14:17:48",11624100
28400,-150,100,"sd","14:17:36",11619200
28400,-150,1300,"sd","14:17:35",11619100
28400,-150,100,"sd","14:17:32",11617800
28400,-150,1500,"sd","14:17:31",11617700
28400,-150,800,"sd","14:17:22",11616200
28400,-150,300,"sd","14:17:21",11615400
28400,-150,6800,"sd","14:17:20",11615100
28400,-150,200,"sd","14:17:20",11608300
28400,-150,1000,"sd","14:17:20",11608100
28400,-150,200,"sd","14:17:20",11607100
28400,-150,200,"sd","14:17:20",11606900
28400,-150,100,"sd","14:17:20",11606700
28400,-150,3500,"sd","14:17:20",11606600
28400,-150,100,"sd","14:17:08",11603100
28400,-150,1400,"sd","14:17:08",11603000
28400,-150,500,"sd","14:17:08",11601600
28450,-100,5000,"bu","14:17:06",11601100
28400,-150,300,"sd","14:17:02",11596100
28400,-150,3700,"sd","14:17:01",11595800
28450,-100,300,"sd","14:17:00",11592100
28450,-100,200,"sd","14:17:00",11591800
28450,-100,500,"sd","14:17:00",11591600
28450,-100,10000,"sd","14:17:00",11591100
28450,-100,24200,"sd","14:17:00",11581100
28450,-100,2000,"sd","14:17:00",11556900
28450,-100,500,"sd","14:16:52",11554900
28450,-100,5000,"sd","14:16:52",11554400
28450,-100,700,"sd","14:16:49",11549400
28450,-100,4300,"sd","14:16:48",11548700
28450,-100,3100,"sd","14:16:48",11544400
28450,-100,300,"sd","14:16:43",11541300
28450,-100,2100,"sd","14:16:42",11541000
28500,-50,1000,"bu","14:16:41",11538900
28450,-100,1400,"sd","14:16:41",11537900
28500,-50,9800,"bu","14:16:40",11536500
28500,-50,200,"bu","14:16:40",11526700
28500,-50,5000,"bu","14:16:40",11526500
28500,-50,5000,"bu","14:16:40",11521500
28450,-100,100,"sd","14:16:37",11516500
28450,-100,1500,"sd","14:16:36",11516400
28450,-100,15000,"sd","14:16:35",11514900
28450,-100,500,"sd","14:16:34",11499900
28450,-100,100,"sd","14:16:26",11499400
28450,-100,1000,"sd","14:16:24",11499300
28450,-100,500,"sd","14:16:24",11498300
28450,-100,5000,"sd","14:16:22",11497800
28450,-100,100,"sd","14:16:18",11492800
28450,-100,1000,"sd","14:16:17",11492700
28450,-100,10000,"sd","14:16:16",11491700
28450,-100,100,"sd","14:16:15",11481700
28450,-100,1400,"sd","14:16:13",11481600
28450,-100,100,"sd","14:16:08",11480200
28450,-100,800,"sd","14:16:04",11480100
28450,-100,100,"sd","14:15:53",11479300
28450,-100,1000,"sd","14:15:53",11479200
28450,-100,400,"sd","14:15:52",11478200
28450,-100,4000,"sd","14:15:51",11477800
28450,-100,300,"sd","14:15:48",11473800
28450,-100,1400,"sd","14:15:47",11473500
28450,-100,2000,"sd","14:15:47",11472100
28450,-100,10000,"sd","14:15:46",11470100
28450,-100,1000,"sd","14:15:46",11460100
28450,-100,100,"sd","14:15:46",11459100
28450,-100,1000,"sd","14:15:46",11459000
28450,-100,100,"sd","14:15:46",11458000
28450,-100,1500,"sd","14:15:46",11457900
28450,-100,100,"sd","14:15:46",11456400
28450,-100,500,"sd","14:15:46",11456300
28450,-100,1000,"sd","14:15:46",11455800
28450,-100,4700,"sd","14:15:46",11454800
28450,-100,200,"sd","14:15:43",11450100
28450,-100,200,"sd","14:15:41",11449900
28450,-100,2000,"sd","14:15:40",11449700
28450,-100,2900,"sd","14:15:38",11447700
28450,-100,2800,"sd","14:15:38",11444800
28450,-100,500,"sd","14:15:38",11442000
28450,-100,13800,"sd","14:15:38",11441500
28450,-100,100,"sd","14:15:21",11427700
28450,-100,1500,"sd","14:15:20",11427600
28450,-100,200,"sd","14:15:02",11426100
28450,-100,100,"sd","14:14:54",11425900
28450,-100,200,"sd","14:14:52",11425800
28450,-100,1500,"sd","14:14:52",11425600
28450,-100,100,"sd","14:14:47",11424100
28450,-100,500,"sd","14:14:44",11424000
28450,-100,5500,"sd","14:14:42",11423500
28450,-100,100,"sd","14:14:28",11418000
28450,-100,1400,"sd","14:14:27",11417900
28450,-100,100,"sd","14:14:20",11416500
28450,-100,200,"sd","14:14:18",11416400
28450,-100,100,"sd","14:14:15",11416200
28450,-100,1000,"sd","14:14:15",11416100
28450,-100,10900,"sd","14:14:14",11415100
28450,-100,200,"sd","14:14:11",11404200
28450,-100,2000,"sd","14:14:10",11404000
28450,-100,100,"sd","14:14:02",11402000
28450,-100,500,"sd","14:14:01",11401900
28450,-100,1000,"sd","14:14:00",11401400
28450,-100,700,"sd","14:13:51",11400400
28450,-100,500,"sd","14:13:50",11399700
28450,-100,5200,"sd","14:13:49",11399200
28450,-100,500,"bu","14:13:47",11394000
28450,-100,1000,"bu","14:13:47",11393500
28450,-100,300,"bu","14:13:47",11392500
28450,-100,100,"bu","14:13:47",11392200
28450,-100,100,"bu","14:13:47",11392100
28450,-100,1300,"bu","14:13:47",11392000
28450,-100,500,"bu","14:13:47",11390700
28450,-100,48700,"bu","14:13:47",11390200
28450,-100,1600,"bu","14:13:45",11341500
28450,-100,100,"bu","14:13:45",11339900
28450,-100,1000,"bu","14:13:45",11339800
28450,-100,100,"bu","14:13:45",11338800
28450,-100,300,"bu","14:13:45",11338700
28450,-100,1200,"bu","14:13:43",11338400
28450,-100,100,"bu","14:13:40",11337200
28450,-100,300,"bu","14:13:38",11337100
28450,-100,100,"bu","14:13:37",11336800
28450,-100,6200,"bu","14:13:34",11336700
28450,-100,3800,"bu","14:13:34",11330500
28400,-150,500,"sd","14:13:33",11326700
28400,-150,5000,"sd","14:13:31",11326200
28450,-100,1600,"bu","14:13:29",11321200
28400,-150,100,"sd","14:13:27",11319600
28400,-150,1500,"sd","14:13:27",11319500
28450,-100,200,"bu","14:13:27",11318000
28450,-100,1000,"bu","14:13:23",11317800
28450,-100,4500,"bu","14:13:23",11316800
28400,-150,100,"sd","14:13:00",11312300
28400,-150,1500,"sd","14:13:00",11312200
28450,-100,300,"bu","14:12:54",11310700
28450,-100,1700,"bu","14:12:46",11310400
28450,-100,100,"bu","14:12:46",11308700
28450,-100,1300,"bu","14:12:46",11308600
28400,-150,200,"sd","14:12:44",11307300
28400,-150,2000,"sd","14:12:43",11307100
28400,-150,800,"sd","14:12:42",11305100
28400,-150,20000,"sd","14:12:41",11304300
28400,-150,2000,"bu","14:12:40",11284300
28400,-150,300,"bu","14:12:40",11282300
28400,-150,100,"bu","14:12:40",11282000
28400,-150,1000,"bu","14:12:40",11281900
28400,-150,500,"bu","14:12:40",11280900
28400,-150,4900,"bu","14:12:40",11280400
28400,-150,100,"bu","14:12:34",11275500
28400,-150,500,"sd","14:12:33",11275400
28400,-150,900,"sd","14:12:33",11274900
28400,-150,100,"sd","14:12:33",11274000
28400,-150,100,"sd","14:12:33",11273900
28400,-150,1000,"sd","14:12:33",11273800
28400,-150,200,"sd","14:12:33",11272800
28400,-150,600,"sd","14:12:33",11272600
28400,-150,2000,"sd","14:12:33",11272000
28400,-150,8000,"sd","14:12:31",11270000
28400,-150,500,"sd","14:12:31",11262000
28400,-150,1000,"sd","14:12:31",11261500
28400,-150,6000,"sd","14:12:31",11260500
28400,-150,200,"sd","14:12:31",11254500
28400,-150,5000,"sd","14:12:31",11254300
28400,-150,10000,"sd","14:12:31",11249300
28400,-150,100,"sd","14:12:31",11239300
28400,-150,500,"sd","14:12:31",11239200
28400,-150,500,"sd","14:12:31",11238700
28400,-150,1000,"sd","14:12:31",11238200
28400,-150,100,"sd","14:12:31",11237200
28400,-150,200,"sd","14:12:31",11237100
28400,-150,100,"sd","14:12:31",11236900
28400,-150,6800,"sd","14:12:31",11236800
28400,-150,500,"sd","14:12:28",11230000
28400,-150,2700,"sd","14:12:28",11229500
28400,-150,2000,"sd","14:12:28",11226800
28400,-150,300,"sd","14:12:28",11224800
28400,-150,100,"sd","14:12:24",11224500
28400,-150,1100,"sd","14:12:23",11224400
28400,-150,8500,"sd","14:12:22",11223300
28400,-150,1500,"sd","14:12:22",11214800
28400,-150,1000,"sd","14:12:21",11213300
28400,-150,100,"sd","14:12:09",11212300
28400,-150,400,"sd","14:12:08",11212200
28400,-150,200,"sd","14:12:08",11211800
28400,-150,400,"sd","14:12:07",11211600
28450,-100,600,"bu","14:12:07",11211200
28400,-150,100,"sd","14:12:07",11210600
28400,-150,300,"sd","14:12:05",11210500
28400,-150,500,"sd","14:12:05",11210200
28400,-150,100,"sd","14:12:05",11209700
28400,-150,500,"sd","14:12:05",11209600
28400,-150,400,"sd","14:11:55",11209100
28400,-150,4300,"sd","14:11:54",11208700
28400,-150,24800,"sd","14:11:52",11204400
28400,-150,100,"sd","14:11:52",11179600
28400,-150,100,"sd","14:11:52",11179500
28400,-150,200,"sd","14:11:52",11179400
28400,-150,10000,"sd","14:11:52",11179200
28400,-150,7800,"sd","14:11:52",11169200
28400,-150,100,"sd","14:11:50",11161400
28400,-150,1000,"sd","14:11:50",11161300
28450,-100,100,"bu","14:11:49",11160300
28400,-150,500,"sd","14:11:46",11160200
28400,-150,5000,"sd","14:11:45",11159700
28400,-150,500,"sd","14:11:44",11154700
28400,-150,100,"sd","14:11:43",11154200
28400,-150,1100,"sd","14:11:42",11154100
28400,-150,3900,"sd","14:11:41",11153000
28400,-150,1000,"sd","14:11:41",11149100
28400,-150,100,"sd","14:11:41",11148100
28400,-150,700,"sd","14:11:41",11148000
28400,-150,2300,"sd","14:11:41",11147300
28400,-150,2700,"sd","14:11:41",11145000
28400,-150,100,"sd","14:11:41",11142300
28400,-150,200,"sd","14:11:41",11142200
28400,-150,300,"sd","14:11:40",11142000
28400,-150,200,"sd","14:11:40",11141700
28400,-150,300,"sd","14:11:40",11141500
28400,-150,100,"sd","14:11:40",11141200
28400,-150,200,"sd","14:11:40",11141100
28400,-150,100,"sd","14:11:40",11140900
28400,-150,500,"sd","14:11:40",11140800
28400,-150,800,"sd","14:11:40",11140300
28400,-150,100,"sd","14:11:40",11139500
28400,-150,100,"sd","14:11:40",11139400
28400,-150,300,"sd","14:11:40",11139300
28400,-150,200,"sd","14:11:40",11139000
28400,-150,100,"sd","14:11:40",11138800
28400,-150,2000,"sd","14:11:40",11138700
28400,-150,1000,"sd","14:11:40",11136700
28400,-150,100,"sd","14:11:40",11135700
28400,-150,300,"sd","14:11:40",11135600
28400,-150,400,"sd","14:11:39",11135300
28400,-150,500,"sd","14:11:39",11134900
28400,-150,1000,"sd","14:11:39",11134400
28400,-150,1000,"sd","14:11:39",11133400
28400,-150,300,"sd","14:11:39",11132400
28400,-150,1000,"sd","14:11:39",11132100
28400,-150,200,"sd","14:11:39",11131100
28400,-150,100,"sd","14:11:39",11130900
28400,-150,100,"sd","14:11:39",11130800
28400,-150,500,"sd","14:11:39",11130700
28400,-150,100,"sd","14:11:39",11130200
28400,-150,100,"sd","14:11:39",11130100
28400,-150,100,"sd","14:11:39",11130000
28400,-150,1000,"sd","14:11:39",11129900
28400,-150,100,"sd","14:11:39",11128900
28400,-150,500,"sd","14:11:39",11128800
28400,-150,100,"sd","14:11:39",11128300
28400,-150,100,"sd","14:11:39",11128200
28400,-150,300,"sd","14:11:39",11128100
28400,-150,200,"sd","14:11:39",11127800
28400,-150,1000,"sd","14:11:39",11127600
28400,-150,100,"sd","14:11:39",11126600
28400,-150,200,"sd","14:11:39",11126500
28400,-150,100,"sd","14:11:39",11126300
28400,-150,5000,"sd","14:11:39",11126200
28400,-150,9300,"sd","14:11:39",11121200
28400,-150,700,"sd","14:11:39",11111900
28400,-150,200,"sd","14:11:39",11111200
28400,-150,100,"sd","14:11:39",11111000
28400,-150,400,"sd","14:11:39",11110900
28400,-150,100,"sd","14:11:38",11110500
28400,-150,200,"sd","14:11:38",11110400
28400,-150,200,"sd","14:11:37",11110200
28400,-150,200,"sd","14:11:37",11110000
28400,-150,1000,"sd","14:11:37",11109800
28400,-150,400,"sd","14:11:37",11108800
28400,-150,1200,"sd","14:11:37",11108400
28450,-100,200,"bu","14:11:35",11107200
28400,-150,800,"sd","14:11:35",11107000
28400,-150,100,"sd","14:11:35",11106200
28400,-150,100,"sd","14:11:34",11106100
28400,-150,500,"sd","14:11:34",11106000
28400,-150,500,"sd","14:11:34",11105500
28400,-150,200,"sd","14:11:34",11105000
28400,-150,1000,"sd","14:11:34",11104800
28400,-150,5700,"sd","14:11:34",11103800
28400,-150,1000,"sd","14:11:33",11098100
28400,-150,500,"sd","14:11:33",11097100
28400,-150,200,"sd","14:11:33",11096600
28400,-150,100,"sd","14:11:31",11096400
28400,-150,1200,"sd","14:11:29",11096300
28400,-150,100,"sd","14:11:28",11095100
28400,-150,3200,"sd","14:11:28",11095000
28400,-150,8000,"sd","14:11:28",11091800
28400,-150,200,"sd","14:11:28",11083800
28400,-150,700,"sd","14:11:28",11083600
28400,-150,100,"sd","14:11:28",11082900
28400,-150,100,"sd","14:11:28",11082800
28400,-150,100,"sd","14:11:28",11082700
28400,-150,100,"sd","14:11:28",11082600
28400,-150,100,"sd","14:11:28",11082500
28400,-150,600,"sd","14:11:28",11082400
28400,-150,300,"sd","14:11:27",11081800
28400,-150,3000,"sd","14:11:26",11081500
28400,-150,200,"sd","14:11:26",11078500
28400,-150,5000,"sd","14:11:26",11078300
28400,-150,500,"sd","14:11:26",11073300
28400,-150,10300,"sd","14:11:26",11072800
28400,-150,5500,"sd","14:11:26",11062500
28400,-150,4000,"sd","14:11:26",11057000
28400,-150,100,"sd","14:11:26",11053000
28400,-150,5000,"sd","14:11:25",11052900
28400,-150,1000,"sd","14:11:25",11047900
28400,-150,100,"sd","14:11:25",11046900
28400,-150,1200,"sd","14:11:24",11046800
28400,-150,2000,"sd","14:11:23",11045600
28400,-150,10000,"sd","14:11:22",11043600
28400,-150,200,"sd","14:11:21",11033600
28400,-150,2000,"sd","14:11:20",11033400
28400,-150,400,"sd","14:11:19",11031400
28400,-150,4500,"sd","14:11:19",11031000
28400,-150,500,"sd","14:11:17",11026500
28400,-150,200,"sd","14:11:16",11026000
28400,-150,2000,"sd","14:11:15",11025800
28400,-150,200,"sd","14:11:14",11023800
28400,-150,100,"sd","14:11:14",11023600
28400,-150,200,"sd","14:11:13",11023500
28400,-150,500,"sd","14:11:12",11023300
28400,-150,1000,"sd","14:11:12",11022800
28400,-150,1000,"sd","14:11:12",11021800
28400,-150,1500,"sd","14:11:11",11020800
28400,-150,6000,"sd","14:11:11",11019300
28400,-150,4100,"sd","14:11:10",11013300
28400,-150,300,"sd","14:11:10",11009200
28400,-150,1600,"sd","14:11:10",11008900
28400,-150,38500,"sd","14:11:09",11007300
28400,-150,200,"sd","14:11:09",10968800
28400,-150,200,"sd","14:11:09",10968600
28400,-150,600,"sd","14:11:09",10968400
28400,-150,500,"sd","14:11:09",10967800
28400,-150,500,"sd","14:11:09",10967300
28400,-150,1500,"sd","14:11:09",10966800
28400,-150,2000,"sd","14:11:08",10965300
28400,-150,1500,"sd","14:11:08",10963300
28400,-150,200,"sd","14:11:08",10961800
28400,-150,200,"sd","14:11:08",10961600
28400,-150,5100,"sd","14:11:08",10961400
28400,-150,4800,"sd","14:11:08",10956300
28400,-150,200,"sd","14:11:08",10951500
28400,-150,700,"sd","14:11:06",10951300
28400,-150,100,"sd","14:11:04",10950600
28400,-150,200,"sd","14:11:04",10950500
28400,-150,800,"sd","14:11:04",10950300
28400,-150,500,"sd","14:11:04",10949500
28400,-150,500,"sd","14:11:04",10949000
28400,-150,500,"sd","14:11:04",10948500
28400,-150,100,"sd","14:11:04",10948000
28400,-150,200,"sd","14:11:04",10947900
28400,-150,500,"sd","14:11:04",10947700
28400,-150,100,"sd","14:11:04",10947200
28400,-150,300,"sd","14:11:04",10947100
28400,-150,1000,"sd","14:11:04",10946800
28400,-150,100,"sd","14:11:04",10945800
28400,-150,100,"sd","14:11:04",10945700
28400,-150,100,"sd","14:11:04",10945600
28400,-150,2200,"sd","14:11:04",10945500
28400,-150,300,"sd","14:11:04",10943300
28400,-150,3000,"sd","14:11:04",10943000
28400,-150,100,"sd","14:10:59",10940000
28400,-150,1000,"sd","14:10:58",10939900
28400,-150,400,"sd","14:10:54",10938900
28400,-150,3000,"sd","14:10:53",10938500
28400,-150,1000,"sd","14:10:53",10935500
28400,-150,1000,"sd","14:10:52",10934500
28400,-150,500,"sd","14:10:52",10933500
28400,-150,100,"sd","14:10:52",10933000
28400,-150,38400,"sd","14:10:52",10932900
28400,-150,100,"sd","14:10:52",10894500
28400,-150,1000,"sd","14:10:51",10894400
28400,-150,200,"sd","14:10:49",10893400
28400,-150,2000,"sd","14:10:48",10893200
28400,-150,100,"sd","14:10:48",10891200
28400,-150,1600,"sd","14:10:47",10891100
28400,-150,800,"sd","14:10:46",10889500
28400,-150,10000,"sd","14:10:46",10888700
28400,-150,5500,"sd","14:10:46",10878700
28400,-150,1500,"sd","14:10:45",10873200
28400,-150,50000,"sd","14:10:45",10871700
28400,-150,1500,"sd","14:10:44",10821700
28400,-150,2000,"sd","14:10:44",10820200
28400,-150,700,"sd","14:10:38",10818200
28400,-150,100,"sd","14:10:37",10817500
28400,-150,1500,"sd","14:10:35",10817400
28450,-100,36300,"bu","14:10:34",10815900
28450,-100,1000,"bu","14:10:34",10779600
28450,-100,200,"bu","14:10:34",10778600
28450,-100,500,"bu","14:10:34",10778400
28450,-100,1300,"bu","14:10:34",10777900
28450,-100,2000,"bu","14:10:34",10776600
28450,-100,2400,"bu","14:10:34",10774600
28450,-100,20000,"bu","14:10:34",10772200
28450,-100,1300,"bu","14:10:34",10752200
28400,-150,1200,"sd","14:10:34",10750900
28400,-150,2400,"sd","14:10:33",10749700
28450,-100,100,"bu","14:10:32",10747300
28400,-150,2400,"sd","14:10:32",10747200
28400,-150,2400,"sd","14:10:32",10744800
28400,-150,2400,"sd","14:10:32",10742400
28400,-150,2400,"sd","14:10:32",10740000
28400,-150,500,"sd","14:10:32",10737600
28400,-150,5300,"sd","14:10:31",10737100
28400,-150,53400,"sd","14:10:29",10731800
28400,-150,100,"sd","14:10:21",10678400
28400,-150,500,"sd","14:10:20",10678300
28400,-150,1800,"sd","14:10:20",10677800
28400,-150,100,"sd","14:10:18",10676000
28400,-150,1500,"sd","14:10:16",10675900
28400,-150,600,"sd","14:10:15",10674400
28400,-150,6000,"sd","14:10:14",10673800
28400,-150,500,"sd","14:10:14",10667800
28450,-100,500,"bu","14:10:12",10667300
28400,-150,500,"sd","14:10:11",10666800
28400,-150,200,"sd","14:10:11",10666300
28400,-150,500,"sd","14:10:11",10666100
28400,-150,200,"sd","14:10:11",10665600
28400,-150,100,"sd","14:10:11",10665400
28400,-150,500,"sd","14:10:11",10665300
28400,-150,500,"sd","14:10:11",10664800
28400,-150,200,"sd","14:10:11",10664300
28400,-150,100,"sd","14:10:11",10664100
28400,-150,200,"sd","14:10:11",10664000
28400,-150,2000,"sd","14:10:11",10663800
28400,-150,50000,"sd","14:10:11",10661800
28400,-150,500,"sd","14:10:11",10611800
28400,-150,200,"sd","14:10:11",10611300
28400,-150,500,"sd","14:10:11",10611100
28400,-150,500,"sd","14:10:11",10610600
28400,-150,200,"sd","14:10:11",10610100
28400,-150,100,"sd","14:10:11",10609900
28400,-150,1100,"sd","14:10:11",10609800
28400,-150,1000,"sd","14:10:11",10608700
28400,-150,500,"sd","14:10:11",10607700
28400,-150,1000,"sd","14:10:11",10607200
28400,-150,200,"sd","14:10:11",10606200
28400,-150,100,"sd","14:10:11",10606000
28400,-150,100,"sd","14:10:11",10605900
28400,-150,3000,"sd","14:10:11",10605800
28400,-150,100,"sd","14:10:11",10602800
28400,-150,300,"sd","14:10:11",10602700
28400,-150,600,"sd","14:10:11",10602400
28400,-150,500,"sd","14:10:11",10601800
28400,-150,600,"sd","14:10:11",10601300
28400,-150,3500,"sd","14:10:10",10600700
28400,-150,3000,"sd","14:10:09",10597200
28400,-150,200,"sd","14:10:03",10594200
28450,-100,1700,"bu","14:10:02",10594000
28400,-150,300,"sd","14:09:54",10592300
28400,-150,100,"sd","14:09:52",10592000
28400,-150,1200,"sd","14:09:50",10591900
28400,-150,200,"sd","14:09:50",10590700
28450,-100,10000,"sd","14:09:36",10590500
28450,-100,100,"sd","14:09:36",10580500
28450,-100,500,"sd","14:09:36",10580400
28450,-100,2000,"sd","14:09:36",10579900
28450,-100,100,"sd","14:09:36",10577900
28450,-100,400,"sd","14:09:36",10577800
28450,-100,500,"sd","14:09:36",10577400
28450,-100,500,"sd","14:09:36",10576900
28450,-100,1000,"sd","14:09:36",10576400
28450,-100,1000,"sd","14:09:36",10575400
28450,-100,500,"sd","14:09:36",10574400
28450,-100,7400,"sd","14:09:36",10573900
28450,-100,100,"sd","14:09:36",10566500
28450,-100,100,"sd","14:09:35",10566400
28450,-100,1600,"sd","14:09:35",10566300
28450,-100,12000,"sd","14:09:34",10564700
28450,-100,2500,"sd","14:09:34",10552700
28450,-100,1500,"sd","14:09:33",10550200
28450,-100,5000,"sd","14:09:33",10548700
28450,-100,500,"sd","14:09:33",10543700
28450,-100,1300,"sd","14:09:33",10543200
28450,-100,500,"sd","14:09:33",10541900
28450,-100,1500,"sd","14:09:33",10541400
28450,-100,17000,"sd","14:09:32",10539900
28450,-100,9000,"sd","14:09:32",10522900
28450,-100,1000,"sd","14:09:32",10513900
28450,-100,1100,"sd","14:09:32",10512900
28450,-100,400,"sd","14:09:31",10511800
28450,-100,500,"sd","14:09:31",10511400
28450,-100,700,"sd","14:09:31",10510900
28450,-100,1000,"sd","14:09:31",10510200
28450,-100,200,"sd","14:09:31",10509200
28450,-100,5000,"sd","14:09:31",10509000
28450,-100,1500,"sd","14:09:31",10504000
28450,-100,1000,"sd","14:09:31",10502500
28450,-100,5000,"sd","14:09:30",10501500
28450,-100,100,"sd","14:09:30",10496500
28450,-100,20000,"sd","14:09:29",10496400
28450,-100,100,"sd","14:09:29",10476400
28450,-100,25000,"sd","14:09:29",10476300
28450,-100,1000,"sd","14:09:29",10451300
28450,-100,400,"sd","14:09:28",10450300
28450,-100,700,"sd","14:09:27",10449900
28450,-100,3000,"sd","14:09:27",10449200
28450,-100,100,"sd","14:09:27",10446200
28450,-100,500,"sd","14:09:27",10446100
28450,-100,2700,"sd","14:09:26",10445600
28450,-100,500,"sd","14:09:26",10442900
28450,-100,1800,"sd","14:09:26",10442400
28450,-100,1200,"sd","14:09:26",10440600
28450,-100,200,"sd","14:09:26",10439400
28450,-100,200,"sd","14:09:26",10439200
28450,-100,500,"sd","14:09:26",10439000
28450,-100,600,"sd","14:09:25",10438500
28450,-100,100,"sd","14:09:25",10437900
28450,-100,100,"sd","14:09:25",10437800
28450,-100,100,"sd","14:09:25",10437700
28450,-100,2900,"sd","14:09:25",10437600
28450,-100,2100,"sd","14:09:25",10434700
28450,-100,500,"sd","14:09:25",10432600
28450,-100,7300,"sd","14:09:25",10432100
28450,-100,10000,"sd","14:09:25",10424800
28450,-100,100,"sd","14:09:25",10414800
28450,-100,1000,"sd","14:09:25",10414700
28450,-100,25000,"sd","14:09:25",10413700
28450,-100,300,"sd","14:09:25",10388700
28450,-100,16300,"sd","14:09:25",10388400
28450,-100,17200,"sd","14:09:25",10372100
28450,-100,1400,"sd","14:09:24",10354900
28450,-100,1200,"sd","14:09:24",10353500
28450,-100,1000,"sd","14:09:23",10352300
28450,-100,2000,"sd","14:09:23",10351300
28450,-100,10000,"sd","14:09:23",10349300
28450,-100,200,"sd","14:09:22",10339300
28450,-100,200,"sd","14:09:22",10339100
28450,-100,1000,"sd","14:09:22",10338900
28450,-100,1000,"sd","14:09:22",10337900
28450,-100,7800,"sd","14:09:21",10336900
28450,-100,600,"sd","14:09:21",10329100
28450,-100,2500,"sd","14:09:20",10328500
28450,-100,1500,"sd","14:09:20",10326000
28450,-100,5000,"sd","14:09:20",10324500
28450,-100,50000,"sd","14:09:19",10319500
28450,-100,100,"sd","14:09:19",10269500
28450,-100,800,"sd","14:09:18",10269400
28450,-100,1000,"sd","14:09:17",10268600
28450,-100,2000,"sd","14:09:17",10267600
28450,-100,3900,"sd","14:09:16",10265600
28450,-100,300,"sd","14:09:16",10261700
28450,-100,2000,"sd","14:09:16",10261400
28450,-100,500,"sd","14:09:16",10259400
28450,-100,100,"sd","14:09:16",10258900
28450,-100,38600,"sd","14:09:15",10258800
28450,-100,1000,"sd","14:09:15",10220200
28450,-100,400,"sd","14:09:13",10219200
28450,-100,4900,"sd","14:09:13",10218800
28450,-100,200,"sd","14:09:11",10213900
28450,-100,49000,"sd","14:09:11",10213700
28450,-100,2000,"sd","14:09:11",10164700
28450,-100,20000,"sd","14:09:09",10162700
28450,-100,100,"sd","14:09:08",10142700
28450,-100,1000,"sd","14:09:07",10142600
28450,-100,200,"sd","14:09:06",10141600
28450,-100,2000,"sd","14:09:04",10141400
28450,-100,100,"sd","14:09:03",10139400
28450,-100,1200,"sd","14:09:02",10139300
28450,-100,100,"sd","14:09:02",10138100
28450,-100,700,"sd","14:09:01",10138000
28450,-100,300,"sd","14:09:01",10137300
28450,-100,2000,"sd","14:09:00",10137000
28450,-100,1400,"sd","14:08:59",10135000
28450,-100,100,"sd","14:08:59",10133600
28450,-100,1500,"sd","14:08:58",10133500
28450,-100,200,"sd","14:08:58",10132000
28450,-100,1100,"sd","14:08:57",10131800
28450,-100,1000,"sd","14:08:57",10130700
28450,-100,500,"sd","14:08:56",10129700
28450,-100,100,"sd","14:08:56",10129200
28450,-100,7000,"sd","14:08:55",10129100
28450,-100,1300,"sd","14:08:55",10122100
28450,-100,2000,"sd","14:08:55",10120800
28450,-100,100,"sd","14:08:55",10118800
28450,-100,1100,"sd","14:08:54",10118700
28450,-100,300,"sd","14:08:54",10117600
28450,-100,1100,"sd","14:08:54",10117300
28450,-100,200,"sd","14:08:53",10116200
28450,-100,11200,"sd","14:08:53",10116000
28450,-100,112200,"sd","14:08:51",10104800
28450,-100,300,"sd","14:08:50",9992600
28450,-100,100,"sd","14:08:49",9992300
28450,-100,1500,"sd","14:08:48",9992200
28450,-100,500,"sd","14:08:46",9990700
28450,-100,5000,"sd","14:08:44",9990200
28450,-100,100,"sd","14:08:41",9985200
28450,-100,200,"sd","14:08:39",9985100
28450,-100,2000,"sd","14:08:38",9984900
28450,-100,600,"sd","14:08:35",9982900
28450,-100,6400,"sd","14:08:35",9982300
28450,-100,100,"sd","14:08:30",9975900
28450,-100,1400,"sd","14:08:29",9975800
28450,-100,100,"sd","14:08:25",9974400
28450,-100,1200,"sd","14:08:24",9974300
28450,-100,2000,"sd","14:08:24",9973100
28450,-100,200,"sd","14:08:24",9971100
28450,-100,10000,"sd","14:08:24",9970900
28450,-100,2000,"sd","14:08:23",9960900
28450,-100,100,"sd","14:08:20",9958900
28450,-100,400,"sd","14:08:19",9958800
28450,-100,1000,"sd","14:08:18",9958400
28450,-100,4000,"sd","14:08:18",9957400
28450,-100,100,"sd","14:08:17",9953400
28450,-100,600,"sd","14:08:17",9953300
28450,-100,400,"sd","14:08:17",9952700
28450,-100,1500,"sd","14:08:16",9952300
28450,-100,300,"sd","14:08:16",9950800
28450,-100,5000,"sd","14:08:15",9950500
28450,-100,3000,"sd","14:08:15",9945500
28450,-100,500,"sd","14:08:13",9942500
28450,-100,100,"sd","14:08:11",9942000
28450,-100,500,"sd","14:08:10",9941900
28450,-100,800,"sd","14:08:10",9941400
28450,-100,4000,"sd","14:08:09",9940600
28450,-100,4000,"sd","14:08:09",9936600
28450,-100,200,"sd","14:08:03",9932600
28450,-100,1000,"sd","14:08:03",9932400
28450,-100,1500,"sd","14:08:03",9931400
28450,-100,300,"sd","14:07:58",9929900
28450,-100,500,"sd","14:07:57",9929600
28450,-100,5000,"sd","14:07:55",9929100
28450,-100,50000,"sd","14:07:55",9924100
28450,-100,800,"sd","14:07:46",9874100
28450,-100,100,"sd","14:07:43",9873300
28450,-100,1000,"sd","14:07:43",9873200
28450,-100,100,"sd","14:07:41",9872200
28450,-100,400,"sd","14:07:41",9872100
28450,-100,500,"sd","14:07:41",9871700
28450,-100,1000,"sd","14:07:41",9871200
28450,-100,300,"sd","14:07:41",9870200
28450,-100,500,"sd","14:07:41",9869900
28450,-100,5000,"sd","14:07:41",9869400
28450,-100,1000,"sd","14:07:41",9864400
28450,-100,1200,"sd","14:07:41",9863400
28450,-100,100,"sd","14:07:37",9862200
28450,-100,1000,"sd","14:07:37",9862100
28450,-100,400,"sd","14:07:37",9861100
28450,-100,100,"sd","14:07:36",9860700
28450,-100,200,"sd","14:07:35",9860600
28450,-100,1800,"sd","14:07:35",9860400
28450,-100,600,"sd","14:07:35",9858600
28450,-100,600,"sd","14:07:35",9858000
28450,-100,1000,"sd","14:07:35",9857400
28450,-100,3400,"sd","14:07:35",9856400
28450,-100,2000,"sd","14:07:35",9853000
28450,-100,100,"sd","14:07:35",9851000
28450,-100,500,"sd","14:07:35",9850900
28450,-100,100,"sd","14:07:35",9850400
28450,-100,100,"sd","14:07:33",9850300
28450,-100,100,"sd","14:07:33",9850200
28450,-100,300,"sd","14:07:32",9850100
28450,-100,200,"sd","14:07:32",9849800
28450,-100,500,"sd","14:07:32",9849600
28450,-100,500,"sd","14:07:32",9849100
28450,-100,300,"sd","14:07:32",9848600
28450,-100,700,"sd","14:07:31",9848300
28450,-100,300,"sd","14:07:31",9847600
28450,-100,1000,"sd","14:07:31",9847300
28450,-100,500,"sd","14:07:31",9846300
28450,-100,2000,"sd","14:07:31",9845800
28450,-100,4500,"sd","14:07:31",9843800
28450,-100,500,"sd","14:07:31",9839300
28450,-100,4500,"sd","14:07:31",9838800
28450,-100,4500,"sd","14:07:30",9834300
28450,-100,4000,"sd","14:07:30",9829800
28450,-100,500,"sd","14:07:30",9825800
28450,-100,500,"sd","14:07:30",9825300
28450,-100,5000,"sd","14:07:29",9824800
28450,-100,200,"sd","14:07:28",9819800
28450,-100,200,"sd","14:07:28",9819600
28450,-100,2000,"sd","14:07:27",9819400
28450,-100,400,"sd","14:07:26",9817400
28450,-100,100,"sd","14:07:18",9817000
28450,-100,1000,"sd","14:07:18",9816900
28450,-100,200,"sd","14:07:17",9815900
28450,-100,10000,"sd","14:07:17",9815700
28450,-100,500,"sd","14:07:16",9805700
28450,-100,5000,"sd","14:07:16",9805200
28450,-100,600,"sd","14:07:14",9800200
28450,-100,1000,"sd","14:07:14",9799600
28450,-100,2800,"sd","14:07:13",9798600
28450,-100,700,"sd","14:07:13",9795800
28450,-100,500,"sd","14:07:13",9795100
28450,-100,100,"sd","14:07:13",9794600
28450,-100,500,"sd","14:07:13",9794500
28450,-100,400,"sd","14:07:13",9794000
28450,-100,600,"sd","14:07:13",9793600
28450,-100,500,"sd","14:07:13",9793000
28450,-100,400,"sd","14:07:13",9792500
28450,-100,100,"sd","14:07:13",9792100
28450,-100,2000,"sd","14:07:13",9792000
28450,-100,2000,"sd","14:07:13",9790000
28450,-100,100,"sd","14:07:13",9788000
28450,-100,200,"sd","14:07:13",9787900
28450,-100,100,"sd","14:07:13",9787700
28450,-100,100,"sd","14:07:13",9787600
28450,-100,100,"sd","14:07:13",9787500
28450,-100,100,"sd","14:07:13",9787400
28450,-100,100,"sd","14:07:13",9787300
28450,-100,1000,"sd","14:07:13",9787200
28450,-100,100,"sd","14:07:13",9786200
28450,-100,500,"sd","14:07:13",9786100
28450,-100,200,"sd","14:07:13",9785600
28450,-100,100,"sd","14:07:13",9785400
28450,-100,1700,"sd","14:07:13",9785300
28450,-100,200,"sd","14:07:13",9783600
28450,-100,2000,"sd","14:07:11",9783400
28450,-100,100,"sd","14:07:09",9781400
28450,-100,500,"sd","14:07:09",9781300
28450,-100,1600,"sd","14:07:09",9780800
28450,-100,100,"sd","14:07:01",9779200
28450,-100,500,"sd","14:06:51",9779100
28450,-100,5000,"sd","14:06:50",9778600
28450,-100,200,"sd","14:06:48",9773600
28500,-50,100,"bu","14:06:45",9773400
28500,-50,1400,"bu","14:06:44",9773300
28500,-50,2600,"bu","14:06:44",9771900
28450,-100,100,"sd","14:06:43",9769300
28450,-100,1500,"sd","14:06:42",9769200
28450,-100,100,"sd","14:06:40",9767700
28450,-100,1000,"sd","14:06:39",9767600
28500,-50,100,"bu","14:06:37",9766600
28450,-100,300,"sd","14:06:36",9766500
28450,-100,3000,"sd","14:06:35",9766200
28450,-100,800,"sd","14:06:34",9763200
28450,-100,600,"sd","14:06:31",9762400
28450,-100,300,"sd","14:06:29",9761800
28450,-100,400,"sd","14:06:29",9761500
28450,-100,4700,"sd","14:06:29",9761100
28450,-100,1100,"sd","14:06:29",9756400
28450,-100,3000,"sd","14:06:29",9755300
28450,-100,15900,"sd","14:06:27",9752300
28450,-100,1000,"sd","14:06:27",9736400
28450,-100,100,"sd","14:06:27",9735400
28450,-100,2000,"sd","14:06:27",9735300
28450,-100,100,"sd","14:06:27",9733300
28450,-100,10900,"sd","14:06:27",9733200
28450,-100,200,"sd","14:06:27",9722300
28450,-100,700,"sd","14:06:24",9722100
28500,-50,1000,"bu","14:06:20",9721400
28500,-50,25500,"bu","14:06:15",9720400
28450,-100,1500,"sd","14:06:15",9694900
28500,-50,1000,"bu","14:06:12",9693400
28500,-50,100,"bu","14:06:07",9692400
28500,-50,100,"sd","14:06:07",9692300
28500,-50,400,"sd","14:06:07",9692200
28500,-50,500,"sd","14:06:07",9691800
28500,-50,15500,"sd","14:06:07",9691300
28500,-50,100,"sd","14:06:07",9675800
28500,-50,1000,"sd","14:06:07",9675700
28500,-50,500,"sd","14:06:07",9674700
28500,-50,100,"sd","14:06:07",9674200
28500,-50,101500,"sd","14:06:07",9674100
28500,-50,11100,"sd","14:06:07",9572600
28500,-50,87400,"sd","14:06:06",9561500
28500,-50,500,"sd","14:06:06",9474100
28500,-50,3000,"sd","14:06:06",9473600
28500,-50,400,"sd","14:06:06",9470600
28500,-50,10000,"sd","14:06:06",9470200
28500,-50,100,"sd","14:06:06",9460200
28500,-50,9500,"sd","14:06:06",9460100
28500,-50,300,"sd","14:06:05",9450600
28500,-50,100,"sd","14:06:05",9450300
28500,-50,3600,"sd","14:06:04",9450200
28500,-50,500,"sd","14:06:04",9446600
28500,-50,1000,"sd","14:06:04",9446100
28500,-50,100,"sd","14:06:02",9445100
28500,-50,1000,"sd","14:06:00",9445000
28500,-50,600,"sd","14:05:58",9444000
28500,-50,6500,"sd","14:05:56",9443400
28500,-50,100,"sd","14:05:54",9436900
28500,-50,1000,"sd","14:05:53",9436800
28500,-50,500,"sd","14:05:52",9435800
28500,-50,5000,"sd","14:05:52",9435300
28500,-50,900,"sd","14:05:50",9430300
28500,-50,9300,"sd","14:05:50",9429400
28500,-50,100,"sd","14:05:49",9420100
28500,-50,1500,"sd","14:05:47",9420000
28500,-50,100,"sd","14:05:47",9418500
28500,-50,1500,"sd","14:05:46",9418400
28500,-50,300,"sd","14:05:44",9416900
28500,-50,3100,"sd","14:05:44",9416600
28550,0,400,"bu","14:05:35",9413500
28550,0,200,"bu","14:05:35",9413100
28550,0,5000,"bu","14:05:35",9412900
28550,0,100,"bu","14:05:35",9407900
28550,0,200,"bu","14:05:35",9407800
28550,0,200,"bu","14:05:35",9407600
28550,0,900,"bu","14:05:35",9407400
28550,0,1100,"bu","14:05:22",9406500
28550,0,2000,"bu","14:05:22",9405400
28550,0,1900,"bu","14:05:22",9403400
28500,-50,100,"sd","14:05:22",9401500
28500,-50,1600,"sd","14:05:20",9401400
28500,-50,800,"sd","14:05:16",9399800
28500,-50,200,"sd","14:05:15",9399000
28500,-50,100,"sd","14:04:57",9398800
28500,-50,100,"sd","14:04:54",9398700
28500,-50,1600,"sd","14:04:53",9398600
28550,0,300,"bu","14:04:52",9397000
28550,0,1200,"bu","14:04:52",9396700
28550,0,1000,"bu","14:04:52",9395500
28550,0,2000,"bu","14:04:52",9394500
28550,0,200,"bu","14:04:52",9392500
28550,0,3300,"bu","14:04:52",9392300
28550,0,500,"bu","14:04:52",9389000
28550,0,1000,"bu","14:04:52",9388500
28550,0,200,"bu","14:04:52",9387500
28550,0,300,"bu","14:04:52",9387300
28500,-50,900,"sd","14:04:52",9387000
28550,0,100,"bu","14:04:49",9386100
28500,-50,200,"sd","14:04:33",9386000
28550,0,100,"bu","14:04:31",9385800
28550,0,2900,"bu","14:04:31",9385700
28550,0,100,"bu","14:04:31",9382800
28550,0,300,"bu","14:04:31",9382700
28550,0,2600,"bu","14:04:31",9382400
28500,-50,200,"sd","14:04:30",9379800
28500,-50,2500,"sd","14:04:28",9379600
28550,0,100,"bu","14:04:26",9377100
28500,-50,1500,"sd","14:04:26",9377000
28500,-50,500,"sd","14:04:25",9375500
28500,-50,1000,"sd","14:04:25",9375000
28500,-50,100,"sd","14:04:23",9374000
28500,-50,300,"sd","14:04:17",9373900
28500,-50,3000,"sd","14:04:15",9373600
28500,-50,300,"sd","14:04:12",9370600
28500,-50,3000,"sd","14:04:12",9370300
28500,-50,400,"sd","14:04:07",9367300
28500,-50,4100,"sd","14:04:07",9366900
28500,-50,400,"sd","14:04:01",9362800
28500,-50,100,"sd","14:04:00",9362400
28500,-50,1500,"sd","14:03:59",9362300
28500,-50,500,"sd","14:03:49",9360800
28500,-50,5000,"sd","14:03:48",9360300
28500,-50,100,"sd","14:03:45",9355300
28500,-50,100,"sd","14:03:44",9355200
28500,-50,1000,"sd","14:03:43",9355100
28500,-50,1000,"sd","14:03:43",9354100
28550,0,1800,"bu","14:03:41",9353100
28500,-50,800,"sd","14:03:37",9351300
28500,-50,8000,"sd","14:03:36",9350500
28500,-50,100,"sd","14:03:34",9342500
28500,-50,1500,"sd","14:03:32",9342400
28500,-50,200,"sd","14:03:18",9340900
28500,-50,700,"sd","14:03:12",9340700
28500,-50,200,"sd","14:03:00",9340000
28500,-50,2900,"sd","14:02:59",9339800
28500,-50,5800,"sd","14:02:59",9336900
28500,-50,5800,"sd","14:02:59",9331100
28500,-50,5800,"sd","14:02:59",9325300
28500,-50,5800,"sd","14:02:58",9319500
28500,-50,5800,"sd","14:02:58",9313700
28500,-50,100,"sd","14:02:57",9307900
28500,-50,1000,"sd","14:02:56",9307800
28500,-50,200,"sd","14:02:53",9306800
28500,-50,2400,"sd","14:02:51",9306600
28500,-50,9900,"sd","14:02:51",9304200
28500,-50,14900,"sd","14:02:50",9294300
28500,-50,3900,"bu","14:02:50",9279400
28500,-50,500,"bu","14:02:50",9275500
28500,-50,1500,"bu","14:02:50",9275000
28500,-50,4000,"bu","14:02:50",9273500
28500,-50,4000,"bu","14:02:50",9269500
28500,-50,1000,"bu","14:02:50",9265500
28500,-50,200,"bu","14:02:50",9264500
28500,-50,400,"bu","14:02:49",9264300
28500,-50,2000,"bu","14:02:49",9263900
28500,-50,300,"bu","14:02:49",9261900
28500,-50,10000,"bu","14:02:49",9261600
28500,-50,500,"bu","14:02:49",9251600
28500,-50,500,"bu","14:02:49",9251100
28500,-50,300,"bu","14:02:49",9250600
28500,-50,13200,"bu","14:02:49",9250300
28500,-50,1500,"bu","14:02:49",9237100
28500,-50,4000,"bu","14:02:49",9235600
28500,-50,200,"bu","14:02:49",9231600
28500,-50,500,"bu","14:02:49",9231400
28500,-50,800,"bu","14:02:49",9230900
28500,-50,1300,"bu","14:02:49",9230100
28500,-50,3600,"bu","14:02:49",9228800
28500,-50,1600,"bu","14:02:49",9225200
28500,-50,200,"bu","14:02:49",9223600
28500,-50,800,"bu","14:02:49",9223400
28500,-50,300,"bu","14:02:49",9222600
28500,-50,32500,"bu","14:02:49",9222300
28500,-50,100,"bu","14:02:49",9189800
28500,-50,600,"bu","14:02:49",9189700
28500,-50,6500,"bu","14:02:49",9189100
28500,-50,400,"bu","14:02:49",9182600
28500,-50,1000,"bu","14:02:49",9182200
28500,-50,100,"bu","14:02:49",9181200
28500,-50,500,"bu","14:02:49",9181100
28500,-50,1000,"bu","14:02:49",9180600
28500,-50,1000,"bu","14:02:49",9179600
28500,-50,100,"bu","14:02:49",9178600
28500,-50,8000,"bu","14:02:49",9178500
28500,-50,100,"bu","14:02:49",9170500
28500,-50,12000,"bu","14:02:49",9170400
28500,-50,200,"bu","14:02:49",9158400
28500,-50,600,"bu","14:02:49",9158200
28500,-50,5000,"bu","14:02:49",9157600
28500,-50,4700,"bu","14:02:49",9152600
28500,-50,200,"bu","14:02:49",9147900
28500,-50,5000,"bu","14:02:49",9147700
28500,-50,12600,"bu","14:02:49",9142700
28450,-100,100,"sd","14:02:49",9130100
28450,-100,1000,"sd","14:02:49",9130000
28450,-100,5600,"sd","14:02:48",9129000
28450,-100,1000,"sd","14:02:48",9123400
28450,-100,1600,"sd","14:02:48",9122400
28450,-100,200,"sd","14:02:48",9120800
28450,-100,100,"sd","14:02:48",9120600
28450,-100,200,"sd","14:02:48",9120500
28450,-100,2200,"sd","14:02:48",9120300
28450,-100,100,"sd","14:02:36",9118100
28450,-100,1600,"sd","14:02:35",9118000
28500,-50,100,"bu","14:02:30",9116400
28500,-50,2000,"bu","14:02:22",9116300
28450,-100,500,"sd","14:02:11",9114300
28450,-100,100,"sd","14:02:08",9113800
28450,-100,1600,"sd","14:02:07",9113700
28450,-100,100,"sd","14:01:59",9112100
28450,-100,1500,"sd","14:01:57",9112000
28450,-100,900,"sd","14:01:45",9110500
28450,-100,1400,"sd","14:01:44",9109600
28450,-100,1000,"sd","14:01:44",9108200
28450,-100,100,"sd","14:01:44",9107200
28450,-100,200,"sd","14:01:44",9107100
28450,-100,1000,"sd","14:01:44",9106900
28450,-100,200,"sd","14:01:44",9105900
28450,-100,5000,"sd","14:01:44",9105700
28450,-100,100,"sd","14:01:44",9100700
28450,-100,100,"sd","14:01:42",9100600
28450,-100,1500,"sd","14:01:40",9100500
28450,-100,700,"sd","14:01:32",9099000
28450,-100,500,"sd","14:01:28",9098300
28450,-100,600,"sd","14:01:27",9097800
28450,-100,4400,"sd","14:01:27",9097200
28450,-100,500,"sd","14:01:25",9092800
28450,-100,100,"sd","14:01:15",9092300
28450,-100,1500,"sd","14:01:13",9092200
28500,-50,3900,"bu","14:01:06",9090700
28450,-100,100,"sd","14:01:03",9086800
28450,-100,100,"sd","14:00:48",9086700
28450,-100,1500,"sd","14:00:46",9086600
28450,-100,300,"sd","14:00:36",9085100
28500,-50,100,"bu","14:00:35",9084800
28450,-100,300,"sd","14:00:35",9084700
28500,-50,400,"bu","14:00:35",9084400
28450,-100,1200,"sd","14:00:34",9084000
28450,-100,1800,"sd","14:00:34",9082800
28500,-50,500,"bu","14:00:27",9081000
28500,-50,200,"bu","14:00:27",9080500
28500,-50,800,"bu","14:00:27",9080300
28450,-100,100,"sd","14:00:26",9079500
28450,-100,1800,"sd","14:00:25",9079400
28450,-100,100,"sd","14:00:21",9077600
28450,-100,1700,"sd","14:00:20",9077500
28500,-50,5100,"bu","14:00:17",9075800
28450,-100,200,"sd","13:59:55",9070700
28500,-50,6000,"bu","13:59:54",9070500
28450,-100,100,"sd","13:59:53",9064500
28450,-100,1700,"sd","13:59:52",9064400
28450,-100,100,"sd","13:59:43",9062700
28450,-100,1700,"sd","13:59:41",9062600
28500,-50,3100,"bu","13:59:37",9060900
28500,-50,400,"bu","13:59:30",9057800
28500,-50,3100,"bu","13:59:28",9057400
28500,-50,11200,"bu","13:59:28",9054300
28450,-100,100,"sd","13:59:27",9043100
28450,-100,1600,"sd","13:59:26",9043000
28500,-50,500,"bu","13:59:13",9041400
28500,-50,2600,"bu","13:59:13",9040900
28500,-50,100,"bu","13:59:06",9038300
28450,-100,100,"sd","13:59:00",9038200
28450,-100,1700,"sd","13:58:59",9038100
28500,-50,2000,"bu","13:58:56",9036400
28500,-50,3100,"bu","13:58:48",9034400
28450,-100,100,"sd","13:58:38",9031300
28450,-100,100,"sd","13:58:36",9031200
28450,-100,1000,"sd","13:58:36",9031100
28450,-100,200,"sd","13:58:33",9030100
28450,-100,500,"sd","13:58:32",9029900
28450,-100,1500,"sd","13:58:31",9029400
28450,-100,5000,"sd","13:58:31",9027900
28450,-100,100,"sd","13:58:06",9022900
28450,-100,1600,"sd","13:58:04",9022800
28500,-50,100,"bu","13:58:00",9021200
28500,-50,1900,"bu","13:58:00",9021100
28450,-100,100,"sd","13:57:54",9019200
28450,-100,1500,"sd","13:57:53",9019100
28450,-100,5500,"sd","13:57:51",9017600
28450,-100,300,"sd","13:57:51",9012100
28450,-100,1000,"sd","13:57:51",9011800
28450,-100,500,"sd","13:57:51",9010800
28450,-100,500,"sd","13:57:51",9010300
28450,-100,500,"sd","13:57:51",9009800
28450,-100,500,"sd","13:57:51",9009300
28450,-100,1100,"sd","13:57:51",9008800
28450,-100,100,"sd","13:57:51",9007700
28450,-100,100,"sd","13:57:51",9007600
28450,-100,1000,"sd","13:57:51",9007500
28450,-100,500,"sd","13:57:51",9006500
28450,-100,600,"sd","13:57:51",9006000
28450,-100,1000,"sd","13:57:51",9005400
28450,-100,200,"sd","13:57:51",9004400
28450,-100,2400,"sd","13:57:51",9004200
28450,-100,100,"sd","13:57:39",9001800
28450,-100,1700,"sd","13:57:37",9001700
28450,-100,100,"sd","13:57:33",9000000
28500,-50,1000,"bu","13:57:22",8999900
28450,-100,500,"sd","13:57:20",8998900
28500,-50,100,"bu","13:57:17",8998400
28450,-100,100,"sd","13:57:16",8998300
28450,-100,100,"sd","13:57:16",8998200
28450,-100,900,"sd","13:57:16",8998100
28500,-50,500,"bu","13:57:15",8997200
28450,-100,100,"sd","13:57:11",8996700
28450,-100,1000,"sd","13:57:10",8996600
28450,-100,200,"sd","13:57:10",8995600
28450,-100,400,"sd","13:57:10",8995400
28450,-100,100,"sd","13:57:05",8995000
28450,-100,1800,"sd","13:57:05",8994900
28500,-50,500,"bu","13:56:59",8993100
28500,-50,2000,"bu","13:56:55",8992600
28450,-100,100,"sd","13:56:55",8990600
28450,-100,1000,"sd","13:56:54",8990500
28500,-50,5000,"bu","13:56:46",8989500
28450,-100,100,"sd","13:56:45",8984500
28450,-100,1600,"sd","13:56:43",8984400
28450,-100,100,"sd","13:56:42",8982800
28450,-100,1500,"sd","13:56:40",8982700
28450,-100,100,"sd","13:56:40",8981200
28450,-100,200,"sd","13:56:40",8981100
28450,-100,100,"sd","13:56:40",8980900
28450,-100,3300,"sd","13:56:40",8980800
28450,-100,10000,"sd","13:56:40",8977500
28450,-100,1700,"sd","13:56:40",8967500
28450,-100,100,"sd","13:56:38",8965800
28450,-100,1000,"sd","13:56:38",8965700
28450,-100,1500,"sd","13:56:38",8964700
28450,-100,13900,"sd","13:56:38",8963200
28450,-100,100,"sd","13:56:38",8949300
28450,-100,10000,"sd","13:56:38",8949200
28450,-100,200,"sd","13:56:38",8939200
28450,-100,2000,"sd","13:56:38",8939000
28450,-100,100,"sd","13:56:38",8937000
28450,-100,25000,"sd","13:56:38",8936900
28450,-100,100,"sd","13:56:38",8911900
28450,-100,5000,"sd","13:56:38",8911800
28450,-100,500,"sd","13:56:38",8906800
28450,-100,3300,"sd","13:56:38",8906300
28450,-100,500,"sd","13:56:38",8903000
28450,-100,100,"sd","13:56:38",8902500
28450,-100,200,"sd","13:56:38",8902400
28450,-100,1000,"sd","13:56:38",8902200
28450,-100,1000,"sd","13:56:38",8901200
28450,-100,300,"sd","13:56:38",8900200
28450,-100,1000,"sd","13:56:38",8899900
28450,-100,400,"sd","13:56:38",8898900
28450,-100,200,"sd","13:56:38",8898500
28450,-100,1000,"sd","13:56:38",8898300
28450,-100,2000,"sd","13:56:38",8897300
28450,-100,1100,"sd","13:56:38",8895300
28450,-100,1000,"sd","13:56:38",8894200
28450,-100,200,"sd","13:56:38",8893200
28450,-100,400,"sd","13:56:38",8893000
28450,-100,700,"sd","13:56:38",8892600
28450,-100,1000,"sd","13:56:38",8891900
28450,-100,400,"sd","13:56:38",8890900
28450,-100,500,"sd","13:56:38",8890500
28450,-100,100,"sd","13:56:38",8890000
28450,-100,500,"sd","13:56:38",8889900
28450,-100,100,"sd","13:56:38",8889400
28450,-100,1500,"sd","13:56:38",8889300
28450,-100,100,"sd","13:56:38",8887800
28450,-100,500,"sd","13:56:38",8887700
28450,-100,1500,"sd","13:56:38",8887200
28450,-100,2000,"sd","13:56:38",8885700
28450,-100,1000,"sd","13:56:38",8883700
28450,-100,1000,"sd","13:56:38",8882700
28450,-100,200,"sd","13:56:38",8881700
28450,-100,1000,"sd","13:56:38",8881500
28450,-100,100,"sd","13:56:38",8880500
28450,-100,50000,"sd","13:56:38",8880400
28450,-100,200,"sd","13:56:38",8830400
28450,-100,100,"sd","13:56:38",8830200
28450,-100,1000,"sd","13:56:38",8830100
28450,-100,1000,"sd","13:56:38",8829100
28450,-100,1000,"sd","13:56:38",8828100
28450,-100,100,"sd","13:56:38",8827100
28450,-100,1000,"sd","13:56:38",8827000
28450,-100,5000,"sd","13:56:38",8826000
28450,-100,9200,"sd","13:56:38",8821000
28450,-100,100,"sd","13:56:19",8811800
28450,-100,100,"sd","13:56:17",8811700
28500,-50,300,"bu","13:56:17",8811600
28450,-100,1500,"sd","13:56:17",8811300
28500,-50,500,"bu","13:56:08",8809800
28500,-50,100,"bu","13:55:54",8809300
28450,-100,100,"sd","13:55:50",8809200
28450,-100,1600,"sd","13:55:49",8809100
28500,-50,1000,"sd","13:55:43",8807500
28500,-50,200,"sd","13:55:43",8806500
28500,-50,200,"sd","13:55:43",8806300
28500,-50,4000,"sd","13:55:43",8806100
28500,-50,2000,"sd","13:55:43",8802100
28500,-50,10000,"sd","13:55:43",8800100
28500,-50,10700,"sd","13:55:42",8790100
28500,-50,9300,"sd","13:55:42",8779400
28500,-50,1000,"sd","13:55:42",8770100
28500,-50,1300,"sd","13:55:42",8769100
28500,-50,200,"sd","13:55:42",8767800
28500,-50,1000,"sd","13:55:42",8767600
28500,-50,1000,"sd","13:55:42",8766600
28500,-50,100,"sd","13:55:42",8765600
28500,-50,100,"sd","13:55:42",8765500
28500,-50,5100,"sd","13:55:42",8765400
28500,-50,400,"sd","13:55:42",8760300
28500,-50,500,"sd","13:55:42",8759900
28500,-50,1000,"sd","13:55:42",8759400
28500,-50,2000,"sd","13:55:42",8758400
28500,-50,400,"sd","13:55:42",8756400
28500,-50,500,"sd","13:55:42",8756000
28500,-50,3100,"sd","13:55:42",8755500
28500,-50,500,"sd","13:55:42",8752400
28500,-50,1000,"sd","13:55:42",8751900
28500,-50,3000,"sd","13:55:42",8750900
28500,-50,1100,"sd","13:55:42",8747900
28500,-50,7800,"sd","13:55:42",8746800
28500,-50,800,"sd","13:55:42",8739000
28500,-50,8800,"sd","13:55:42",8738200
28500,-50,200,"sd","13:55:41",8729400
28500,-50,300,"sd","13:55:32",8729200
28500,-50,3000,"sd","13:55:31",8728900
28500,-50,500,"sd","13:55:29",8725900
28500,-50,5200,"sd","13:55:27",8725400
28500,-50,200,"sd","13:55:23",8720200
28500,-50,500,"sd","13:55:23",8720000
28500,-50,200,"sd","13:55:22",8719500
28500,-50,1100,"sd","13:55:22",8719300
28500,-50,500,"sd","13:55:22",8718200
28500,-50,2000,"sd","13:55:21",8717700
28500,-50,500,"sd","13:55:13",8715700
28500,-50,100,"sd","13:55:11",8715200
28500,-50,1500,"sd","13:55:10",8715100
28500,-50,15000,"sd","13:55:09",8713600
28500,-50,600,"sd","13:54:57",8698600
28500,-50,2800,"sd","13:54:57",8698000
28500,-50,3400,"sd","13:54:57",8695200
28500,-50,100,"sd","13:54:56",8691800
28500,-50,1700,"sd","13:54:55",8691700
28500,-50,200,"sd","13:54:49",8690000
28500,-50,2000,"sd","13:54:48",8689800
28500,-50,200,"sd","13:54:36",8687800
28500,-50,2000,"sd","13:54:36",8687600
28500,-50,100,"sd","13:54:31",8685600
28500,-50,1600,"sd","13:54:31",8685500
28500,-50,100,"sd","13:54:22",8683900
28500,-50,1000,"sd","13:54:22",8683800
28500,-50,200,"sd","13:54:19",8682800
28500,-50,2000,"sd","13:54:18",8682600
28500,-50,100,"sd","13:54:16",8680600
28500,-50,1100,"sd","13:54:16",8680500
28500,-50,10900,"sd","13:54:15",8679400
28500,-50,1000,"sd","13:54:14",8668500
28500,-50,10900,"sd","13:54:14",8667500
28500,-50,400,"sd","13:54:06",8656600
28500,-50,4000,"sd","13:54:05",8656200
28500,-50,100,"sd","13:54:02",8652200
28500,-50,1600,"sd","13:54:01",8652100
28500,-50,900,"sd","13:53:44",8650500
28500,-50,100,"sd","13:53:35",8649600
28500,-50,1700,"sd","13:53:34",8649500
28500,-50,200,"sd","13:53:17",8647800
28500,-50,100,"sd","13:53:09",8647600
28500,-50,1600,"sd","13:53:07",8647500
28500,-50,500,"sd","13:53:03",8645900
28500,-50,300,"sd","13:53:01",8645400
28550,0,800,"bu","13:53:01",8645100
28550,0,500,"bu","13:53:01",8644300
28550,0,100,"bu","13:53:01",8643800
28550,0,1000,"bu","13:53:01",8643700
28550,0,100,"bu","13:53:01",8642700
28550,0,2000,"bu","13:53:01",8642600
28550,0,100,"bu","13:53:01",8640600
28550,0,400,"bu","13:53:01",8640500
28550,0,600,"bu","13:52:55",8640100
28550,0,100,"bu","13:52:55",8639500
28550,0,900,"bu","13:52:48",8639400
28550,0,600,"bu","13:52:48",8638500
28550,0,100,"bu","13:52:48",8637900
28550,0,1000,"bu","13:52:48",8637800
28550,0,400,"bu","13:52:48",8636800
28550,0,700,"bu","13:52:48",8636400
28550,0,1000,"bu","13:52:48",8635700
28550,0,3000,"bu","13:52:48",8634700
28550,0,100,"bu","13:52:48",8631700
28550,0,5000,"bu","13:52:48",8631600
28550,0,17200,"bu","13:52:48",8626600
28500,-50,100,"sd","13:52:41",8609400
28500,-50,1700,"sd","13:52:40",8609300
28550,0,1000,"bu","13:52:28",8607600
28500,-50,600,"sd","13:52:23",8606600
28500,-50,100,"sd","13:52:14",8606000
28500,-50,1600,"sd","13:52:13",8605900
28500,-50,200,"sd","13:52:06",8604300
28500,-50,100,"sd","13:52:05",8604100
28500,-50,2000,"sd","13:52:04",8604000
28500,-50,1000,"sd","13:52:03",8602000
28500,-50,200,"sd","13:52:03",8601000
28500,-50,100,"sd","13:51:58",8600800
28500,-50,500,"sd","13:51:58",8600700
28500,-50,600,"sd","13:51:58",8600200
28500,-50,6900,"sd","13:51:56",8599600
28500,-50,100,"sd","13:51:48",8592700
28500,-50,1000,"sd","13:51:46",8592600
28550,0,900,"bu","13:51:45",8591600
28500,-50,300,"sd","13:51:40",8590700
28500,-50,200,"sd","13:51:20",8590400
28500,-50,2000,"sd","13:51:20",8590200
28500,-50,200,"sd","13:51:17",8588200
28500,-50,2700,"sd","13:51:17",8588000
28500,-50,1700,"bu","13:51:16",8585300
28500,-50,400,"bu","13:51:16",8583600
28500,-50,200,"bu","13:51:16",8583200
28500,-50,2000,"bu","13:51:16",8583000
28500,-50,8100,"bu","13:51:16",8581000
28500,-50,15300,"bu","13:51:16",8572900
28450,-100,100,"sd","13:51:16",8557600
28450,-100,1700,"sd","13:51:14",8557500
28500,-50,200,"sd","13:50:59",8555800
28500,-50,2000,"sd","13:50:59",8555600
28500,-50,100,"sd","13:50:59",8553600
28500,-50,1400,"sd","13:50:59",8553500
28500,-50,100,"sd","13:50:59",8552100
28500,-50,2000,"sd","13:50:59",8552000
28500,-50,400,"sd","13:50:59",8550000
28500,-50,900,"sd","13:50:59",8549600
28500,-50,3500,"sd","13:50:59",8548700
28500,-50,100,"sd","13:50:59",8545200
28500,-50,1500,"sd","13:50:59",8545100
28500,-50,300,"sd","13:50:59",8543600
28500,-50,100,"sd","13:50:59",8543300
28500,-50,300,"sd","13:50:59",8543200
28500,-50,500,"sd","13:50:59",8542900
28500,-50,100,"sd","13:50:59",8542400
28500,-50,500,"sd","13:50:59",8542300
28500,-50,100,"sd","13:50:59",8541800
28500,-50,200,"sd","13:50:59",8541700
28500,-50,100,"sd","13:50:59",8541500
28500,-50,36000,"sd","13:50:59",8541400
28500,-50,400,"sd","13:50:59",8505400
28500,-50,20000,"sd","13:50:59",8505000
28500,-50,10900,"sd","13:50:59",8485000
28500,-50,100,"sd","13:50:50",8474100
28500,-50,100,"sd","13:50:49",8474000
28500,-50,1700,"sd","13:50:48",8473900
28500,-50,200,"sd","13:50:23",8472200
28500,-50,500,"sd","13:50:22",8472000
28500,-50,300,"sd","13:50:22",8471500
28500,-50,1600,"sd","13:50:21",8471200
28500,-50,5000,"sd","13:50:21",8469600
28550,0,100,"bu","13:50:20",8464600
28500,-50,700,"sd","13:50:20",8464500
28500,-50,5000,"sd","13:50:19",8463800
28500,-50,1400,"sd","13:50:18",8458800
28500,-50,200,"sd","13:50:18",8457400
28500,-50,300,"sd","13:50:18",8457200
28500,-50,100,"sd","13:50:18",8456900
28500,-50,500,"sd","13:50:13",8456800
28500,-50,400,"sd","13:50:12",8456300
28500,-50,800,"sd","13:50:12",8455900
28500,-50,100,"sd","13:50:12",8455100
28500,-50,1000,"sd","13:50:12",8455000
28500,-50,2700,"sd","13:50:12",8454000
28500,-50,100,"sd","13:50:03",8451300
28500,-50,1100,"sd","13:50:02",8451200
28500,-50,100,"sd","13:49:56",8450100
28500,-50,1000,"sd","13:49:54",8450000
28500,-50,700,"sd","13:49:54",8449000
28550,0,400,"bu","13:49:49",8448300
28500,-50,100,"sd","13:49:34",8447900
28500,-50,500,"sd","13:49:34",8447800
28500,-50,200,"sd","13:49:28",8447300
28500,-50,900,"sd","13:49:28",8447100
28500,-50,1700,"sd","13:49:27",8446200
28500,-50,900,"sd","13:49:27",8444500
28500,-50,8100,"sd","13:49:27",8443600
28500,-50,100,"sd","13:49:17",8435500
28500,-50,1000,"sd","13:49:16",8435400
28500,-50,10000,"sd","13:49:14",8434400
28500,-50,100,"sd","13:49:09",8424400
28500,-50,500,"sd","13:49:03",8424300
28500,-50,5000,"sd","13:49:03",8423800
28500,-50,100,"sd","13:49:01",8418800
28500,-50,1600,"sd","13:49:00",8418700
28500,-50,200,"sd","13:48:58",8417100
28500,-50,400,"sd","13:48:46",8416900
28500,-50,4900,"sd","13:48:45",8416500
28500,-50,100,"sd","13:48:34",8411600
28500,-50,1600,"sd","13:48:33",8411500
28500,-50,500,"sd","13:48:24",8409900
28500,-50,5500,"sd","13:48:23",8409400
28550,0,10400,"bu","13:48:22",8403900
28550,0,1000,"bu","13:48:22",8393500
28550,0,500,"bu","13:48:22",8392500
28550,0,500,"bu","13:48:22",8392000
28550,0,500,"bu","13:48:22",8391500
28550,0,7100,"bu","13:48:22",8391000
28550,0,17700,"bu","13:48:17",8383900
28550,0,1600,"bu","13:48:17",8366200
28550,0,300,"bu","13:48:17",8364600
28550,0,1600,"bu","13:48:17",8364300
28550,0,1300,"bu","13:48:17",8362700
28500,-50,100,"sd","13:48:15",8361400
28550,0,100,"bu","13:48:11",8361300
28500,-50,100,"sd","13:48:06",8361200
28500,-50,1700,"sd","13:48:06",8361100
28550,0,100,"bu","13:48:02",8359400
28550,0,5000,"bu","13:48:02",8359300
28550,0,200,"bu","13:48:02",8354300
28550,0,200,"bu","13:48:02",8354100
28550,0,2000,"bu","13:48:02",8353900
28550,0,300,"bu","13:48:02",8351900
28550,0,1000,"bu","13:48:02",8351600
28550,0,100,"bu","13:48:02",8350600
28550,0,3900,"bu","13:48:02",8350500
28500,-50,100,"sd","13:47:40",8346600
28500,-50,1700,"sd","13:47:39",8346500
28500,-50,100,"sd","13:47:39",8344800
28500,-50,1000,"sd","13:47:38",8344700
28500,-50,100,"sd","13:47:17",8343700
28500,-50,1000,"sd","13:47:15",8343600
28500,-50,10000,"sd","13:47:14",8342600
28500,-50,100,"sd","13:47:07",8332600
28500,-50,1500,"sd","13:47:05",8332500
28500,-50,900,"sd","13:47:02",8331000
28500,-50,100,"sd","13:46:57",8330100
28500,-50,1000,"sd","13:46:57",8330000
28500,-50,300,"sd","13:46:47",8329000
28500,-50,3600,"sd","13:46:45",8328700
28500,-50,5000,"bu","13:46:44",8325100
28500,-50,1700,"bu","13:46:44",8320100
28500,-50,1400,"bu","13:46:44",8318400
28500,-50,2000,"bu","13:46:44",8317000
28500,-50,100,"bu","13:46:44",8315000
28500,-50,100,"bu","13:46:44",8314900
28500,-50,5000,"bu","13:46:44",8314800
28500,-50,1200,"bu","13:46:44",8309800
28500,-50,1000,"bu","13:46:44",8308600
28500,-50,2900,"bu","13:46:44",8307600
28500,-50,100,"bu","13:46:44",8304700
28500,-50,1100,"bu","13:46:44",8304600
28500,-50,200,"bu","13:46:44",8303500
28500,-50,2900,"bu","13:46:44",8303300
28500,-50,500,"bu","13:46:44",8300400
28500,-50,1500,"bu","13:46:44",8299900
28500,-50,200,"bu","13:46:44",8298400
28500,-50,500,"bu","13:46:44",8298200
28500,-50,4000,"bu","13:46:44",8297700
28500,-50,2000,"bu","13:46:44",8293700
28500,-50,500,"bu","13:46:44",8291700
28500,-50,3000,"bu","13:46:44",8291200
28450,-100,100,"sd","13:46:42",8288200
28450,-100,1700,"sd","13:46:40",8288100
28450,-100,100,"sd","13:46:15",8286400
28450,-100,1800,"sd","13:46:13",8286300
28500,-50,700,"bu","13:46:07",8284500
28450,-100,100,"sd","13:45:52",8283800
28450,-100,1800,"sd","13:45:50",8283700
28500,-50,200,"bu","13:45:48",8281900
28450,-100,100,"sd","13:45:21",8281700
28450,-100,800,"sd","13:45:20",8281600
28450,-100,1000,"sd","13:45:20",8280800
28450,-100,100,"sd","13:45:09",8279800
28450,-100,200,"sd","13:45:08",8279700
28450,-100,300,"sd","13:45:08",8279500
28450,-100,500,"sd","13:45:08",8279200
28500,-50,100,"bu","13:45:06",8278700
28500,-50,4900,"bu","13:45:06",8278600
28500,-50,200,"bu","13:45:01",8273700
28450,-100,100,"sd","13:44:53",8273500
28450,-100,1600,"sd","13:44:52",8273400
28500,-50,500,"bu","13:44:49",8271800
28500,-50,2000,"bu","13:44:43",8271300
28500,-50,5000,"bu","13:44:42",8269300
28500,-50,100,"bu","13:44:34",8264300
28500,-50,200,"bu","13:44:27",8264200
28500,-50,100,"bu","13:44:26",8264000
28450,-100,200,"sd","13:44:26",8263900
28450,-100,1700,"sd","13:44:25",8263700
28500,-50,1000,"bu","13:44:24",8262000
28500,-50,300,"bu","13:44:17",8261000
28500,-50,5000,"bu","13:44:16",8260700
28500,-50,100,"bu","13:44:12",8255700
28500,-50,1500,"sd","13:44:11",8255600
28500,-50,100,"sd","13:44:11",8254100
28500,-50,500,"sd","13:44:11",8254000
28500,-50,400,"sd","13:44:11",8253500
28500,-50,500,"sd","13:44:11",8253100
28500,-50,9000,"sd","13:44:11",8252600
28500,-50,5000,"sd","13:44:11",8243600
28500,-50,13600,"sd","13:44:11",8238600
28500,-50,5500,"sd","13:44:11",8225000
28500,-50,900,"sd","13:44:11",8219500
28500,-50,4100,"sd","13:44:11",8218600
28550,0,1100,"bu","13:44:07",8214500
28550,0,8900,"bu","13:44:07",8213400
28500,-50,300,"sd","13:44:03",8204500
28500,-50,100,"sd","13:44:00",8204200
28500,-50,1600,"sd","13:43:59",8204100
28500,-50,200,"sd","13:43:59",8202500
28500,-50,2000,"sd","13:43:58",8202300
28500,-50,200,"sd","13:43:46",8200300
28500,-50,100,"sd","13:43:45",8200100
28500,-50,100,"sd","13:43:44",8200000
28500,-50,100,"bu","13:43:43",8199900
28500,-50,800,"bu","13:43:43",8199800
28500,-50,400,"bu","13:43:43",8199000
28500,-50,1000,"bu","13:43:40",8198600
28500,-50,300,"sd","13:43:34",8197600
28500,-50,100,"sd","13:43:34",8197300
28500,-50,200,"sd","13:43:34",8197200
28500,-50,8000,"sd","13:43:34",8197000
28500,-50,100,"sd","13:43:30",8189000
28500,-50,100,"sd","13:43:18",8188900
28500,-50,500,"bu","13:43:17",8188800
28500,-50,500,"bu","13:43:17",8188300
28500,-50,700,"bu","13:43:17",8187800
28500,-50,100,"bu","13:43:17",8187100
28500,-50,1900,"bu","13:43:14",8187000
28500,-50,1800,"bu","13:43:14",8185100
28500,-50,300,"bu","13:43:14",8183300
28500,-50,500,"bu","13:43:14",8183000
28500,-50,200,"bu","13:43:14",8182500
28500,-50,100,"bu","13:43:14",8182300
28500,-50,200,"bu","13:43:14",8182200
28500,-50,2000,"bu","13:43:11",8182000
28500,-50,300,"bu","13:43:11",8180000
28500,-50,200,"bu","13:43:11",8179700
28500,-50,200,"bu","13:43:11",8179500
28500,-50,1800,"bu","13:43:11",8179300
28500,-50,300,"bu","13:43:11",8177500
28500,-50,200,"bu","13:43:11",8177200
28500,-50,3000,"bu","13:43:06",8177000
28500,-50,500,"bu","13:43:06",8174000
28500,-50,500,"bu","13:43:06",8173500
28500,-50,3000,"bu","13:43:06",8173000
28450,-100,100,"sd","13:43:01",8170000
28450,-100,1700,"sd","13:43:00",8169900
28500,-50,2000,"bu","13:42:58",8168200
28500,-50,200,"bu","13:42:58",8166200
28500,-50,100,"bu","13:42:58",8166000
28500,-50,700,"bu","13:42:58",8165900
28500,-50,200,"bu","13:42:47",8165200
28500,-50,100,"bu","13:42:46",8165000
28500,-50,1900,"bu","13:42:46",8164900
28500,-50,300,"bu","13:42:46",8163000
28500,-50,4800,"bu","13:42:42",8162700
28500,-50,200,"bu","13:42:42",8157900
28500,-50,100,"bu","13:42:34",8157700
28500,-50,900,"bu","13:42:34",8157600
28450,-100,1700,"sd","13:42:34",8156700
28500,-50,500,"bu","13:42:30",8155000
28500,-50,2000,"bu","13:42:28",8154500
28500,-50,2000,"bu","13:42:11",8152500
28450,-100,100,"sd","13:42:07",8150500
28450,-100,1800,"sd","13:42:06",8150400
28500,-50,5000,"bu","13:42:05",8148600
28500,-50,300,"bu","13:42:04",8143600
28500,-50,5000,"bu","13:41:57",8143300
28450,-100,100,"sd","13:41:54",8138300
28450,-100,100,"sd","13:41:41",8138200
28450,-100,300,"sd","13:41:40",8138100
28450,-100,100,"sd","13:41:40",8137800
28450,-100,400,"sd","13:41:40",8137700
28450,-100,100,"sd","13:41:40",8137300
28450,-100,200,"sd","13:41:40",8137200
28450,-100,100,"sd","13:41:40",8137000
28450,-100,100,"sd","13:41:40",8136900
28450,-100,400,"sd","13:41:40",8136800
28500,-50,1000,"bu","13:41:39",8136400
28500,-50,3300,"sd","13:41:30",8135400
28500,-50,100,"sd","13:41:29",8132100
28500,-50,200,"sd","13:41:28",8132000
28500,-50,1000,"sd","13:41:28",8131800
28500,-50,100,"bu","13:41:27",8130800
28500,-50,100,"bu","13:41:27",8130700
28500,-50,2000,"bu","13:41:27",8130600
28500,-50,2100,"bu","13:41:27",8128600
28500,-50,300,"bu","13:41:27",8126500
28500,-50,5000,"bu","13:41:27",8126200
28500,-50,800,"bu","13:41:27",8121200
28500,-50,1000,"bu","13:41:25",8120400
28500,-50,1000,"bu","13:41:25",8119400
28500,-50,1000,"sd","13:41:14",8118400
28500,-50,200,"sd","13:41:14",8117400
28500,-50,500,"sd","13:41:14",8117200
28500,-50,4000,"sd","13:41:14",8116700
28500,-50,500,"sd","13:41:14",8112700
28500,-50,2000,"sd","13:41:14",8112200
28500,-50,1000,"sd","13:41:14",8110200
28500,-50,5000,"sd","13:41:14",8109200
28500,-50,1300,"sd","13:41:14",8104200
28500,-50,300,"sd","13:41:14",8102900
28500,-50,1000,"sd","13:41:14",8102600
28500,-50,100,"sd","13:41:14",8101600
28500,-50,1000,"sd","13:41:14",8101500
28500,-50,3300,"sd","13:41:14",8100500
28500,-50,100,"sd","13:41:12",8097200
28500,-50,1800,"sd","13:41:12",8097100
28500,-50,100,"sd","13:41:12",8095300
