"price","change","match_qtty","side","time","total_vol"
104200,-1500,12700,"unknown","14:45:02",816300
103800,-1900,100,"sd","14:29:21",803600
103800,-1900,100,"sd","14:29:21",803500
103800,-1900,100,"sd","14:29:21",803400
103800,-1900,100,"sd","14:29:21",803300
103800,-1900,100,"sd","14:29:21",803200
103900,-1800,200,"sd","14:29:02",803100
103900,-1800,200,"sd","14:28:59",802900
103900,-1800,300,"sd","14:28:54",802700
103900,-1800,500,"sd","14:28:54",802400
103900,-1800,100,"sd","14:28:54",801900
103900,-1800,100,"sd","14:28:54",801800
103900,-1800,100,"sd","14:26:26",801700
103900,-1800,400,"sd","14:26:02",801600
103900,-1800,100,"sd","14:26:02",801200
103900,-1800,100,"sd","14:25:38",801100
103900,-1800,100,"sd","14:25:14",801000
103900,-1800,100,"sd","14:24:57",800900
104000,-1700,400,"sd","14:24:57",800800
104000,-1700,100,"sd","14:24:54",800400
104000,-1700,400,"sd","14:24:54",800300
104000,-1700,100,"sd","14:24:53",799900
104000,-1700,100,"sd","14:24:32",799800
104000,-1700,400,"sd","14:24:22",799700
104000,-1700,500,"sd","14:24:22",799300
104000,-1700,100,"sd","14:24:22",798800
104000,-1700,1500,"sd","14:24:18",798700
104000,-1700,100,"sd","14:24:11",797200
104000,-1700,100,"sd","14:23:50",797100
104000,-1700,100,"sd","14:23:29",797000
104100,-1600,100,"sd","14:23:08",796900
104000,-1700,100,"sd","14:22:47",796800
104000,-1700,1000,"sd","14:22:41",796700
104000,-1700,100,"sd","14:22:27",795700
104000,-1700,600,"sd","14:22:24",795600
104000,-1700,100,"sd","14:22:24",795000
104000,-1700,300,"sd","14:22:24",794900
104000,-1700,200,"sd","14:22:10",794600
104000,-1700,1000,"sd","14:22:10",794400
104000,-1700,1500,"sd","14:22:07",793400
104000,-1700,800,"sd","14:22:07",791900
104000,-1700,100,"sd","14:22:07",791100
104000,-1700,100,"sd","14:21:47",791000
104000,-1700,100,"sd","14:21:27",790900
104000,-1700,100,"sd","14:21:07",790800
104500,-1200,6900,"bu","14:21:01",790700
104400,-1300,100,"bu","14:21:01",783800
104500,-1200,2200,"bu","14:20:49",783700
104500,-1200,2100,"bu","14:20:49",781500
104400,-1300,500,"bu","14:20:49",779400
104400,-1300,200,"bu","14:20:49",778900
104000,-1700,100,"sd","14:20:48",778700
104000,-1700,5000,"sd","14:20:37",778600
104000,-1700,200,"sd","14:20:37",773600
104000,-1700,100,"sd","14:20:37",773400
104000,-1700,100,"sd","14:20:37",773300
104000,-1700,500,"sd","14:20:37",773200
104000,-1700,200,"sd","14:20:37",772700
104000,-1700,100,"sd","14:20:37",772500
104000,-1700,100,"sd","14:20:37",772400
104000,-1700,100,"sd","14:20:37",772300
104000,-1700,1000,"sd","14:20:37",772200
104000,-1700,200,"sd","14:20:37",771200
104000,-1700,100,"sd","14:20:37",771000
104000,-1700,100,"sd","14:20:37",770900
104000,-1700,100,"sd","14:20:37",770800
104000,-1700,100,"sd","14:20:37",770700
104000,-1700,100,"sd","14:20:37",770600
104000,-1700,100,"sd","14:20:37",770500
104000,-1700,100,"sd","14:20:37",770400
104000,-1700,100,"sd","14:20:37",770300
104000,-1700,1600,"sd","14:20:37",770200
104000,-1700,3000,"sd","14:20:37",768600
104000,-1700,100,"sd","14:20:28",765600
104100,-1600,100,"bu","14:20:14",765500
104000,-1700,100,"sd","14:20:09",765400
104100,-1600,100,"bu","14:20:01",765300
104000,-1700,100,"sd","14:19:50",765200
104000,-1700,100,"sd","14:19:31",765100
104100,-1600,300,"bu","14:19:28",765000
104100,-1600,200,"bu","14:19:28",764700
104000,-1700,100,"sd","14:19:12",764500
104100,-1600,100,"bu","14:19:01",764400
104000,-1700,100,"sd","14:18:53",764300
104000,-1700,100,"sd","14:18:34",764200
104000,-1700,100,"sd","14:18:16",764100
104000,-1700,100,"sd","14:17:57",764000
104000,-1700,100,"sd","14:17:39",763900
104000,-1700,100,"sd","14:17:20",763800
104000,-1700,100,"sd","14:17:01",763700
104100,-1600,200,"sd","14:16:47",763600
104100,-1600,100,"sd","14:16:43",763400
104100,-1600,100,"sd","14:16:25",763300
104000,-1700,100,"sd","14:16:07",763200
104000,-1700,100,"sd","14:15:48",763100
104000,-1700,100,"sd","14:15:30",763000
104200,-1500,100,"sd","14:15:12",762900
104200,-1500,100,"sd","14:14:54",762800
104200,-1500,100,"sd","14:14:36",762700
104200,-1500,100,"sd","14:14:18",762600
104200,-1500,100,"sd","14:14:00",762500
104000,-1700,100,"sd","14:13:43",762400
104000,-1700,100,"sd","14:13:33",762300
104000,-1700,100,"sd","14:13:33",762200
104000,-1700,100,"sd","14:13:33",762100
104000,-1700,100,"sd","14:13:33",762000
104000,-1700,100,"sd","14:13:33",761900
104000,-1700,100,"sd","14:13:33",761800
104000,-1700,500,"sd","14:13:33",761700
104000,-1700,100,"sd","14:13:33",761200
104000,-1700,100,"sd","14:13:33",761100
104100,-1600,200,"sd","14:13:33",761000
104100,-1600,500,"sd","14:13:33",760800
104100,-1600,200,"sd","14:13:33",760300
104100,-1600,300,"sd","14:13:33",760100
104100,-1600,100,"sd","14:13:25",759800
104100,-1600,100,"sd","14:13:07",759700
104400,-1300,300,"bu","14:13:04",759600
104300,-1400,100,"bu","14:13:00",759300
104200,-1500,100,"sd","14:12:49",759200
104100,-1600,100,"sd","14:12:31",759100
104100,-1600,100,"sd","14:12:14",759000
104100,-1600,100,"sd","14:11:56",758900
104100,-1600,100,"sd","14:11:38",758800
104100,-1600,100,"sd","14:11:21",758700
104100,-1600,100,"sd","14:11:03",758600
104100,-1600,100,"sd","14:10:46",758500
104100,-1600,100,"sd","14:10:28",758400
104100,-1600,100,"sd","14:10:11",758300
104100,-1600,100,"sd","14:09:54",758200
104100,-1600,100,"sd","14:09:36",758100
104100,-1600,100,"sd","14:09:19",758000
104100,-1600,100,"sd","14:09:02",757900
104100,-1600,100,"sd","14:08:44",757800
104100,-1600,100,"sd","14:08:27",757700
104100,-1600,100,"sd","14:08:10",757600
104100,-1600,100,"sd","14:07:53",757500
104100,-1600,100,"sd","14:07:36",757400
104100,-1600,100,"sd","14:07:19",757300
104100,-1600,100,"sd","14:07:02",757200
104100,-1600,100,"sd","14:06:45",757100
104100,-1600,700,"sd","14:06:29",757000
104200,-1500,300,"sd","14:06:29",756300
104100,-1600,100,"sd","14:06:28",756000
104100,-1600,100,"sd","14:06:11",755900
104100,-1600,100,"sd","14:05:54",755800
104100,-1600,1500,"sd","14:05:50",755700
104100,-1600,200,"sd","14:05:47",754200
104100,-1600,500,"sd","14:05:44",754000
104400,-1300,1100,"bu","14:05:39",753500
104100,-1600,100,"sd","14:05:37",752400
104100,-1600,100,"sd","14:05:20",752300
104400,-1300,3000,"bu","14:05:20",752200
104400,-1300,3900,"bu","14:05:11",749200
104400,-1300,100,"bu","14:05:10",745300
104100,-1600,100,"sd","14:05:08",745200
104100,-1600,100,"sd","14:05:03",745100
104100,-1600,100,"sd","14:04:46",745000
104200,-1500,400,"sd","14:04:37",744900
104200,-1500,100,"sd","14:04:29",744500
104200,-1500,100,"sd","14:04:12",744400
104200,-1500,500,"sd","14:04:04",744300
104200,-1500,100,"sd","14:03:55",743800
104200,-1500,100,"sd","14:03:39",743700
104200,-1500,100,"sd","14:03:22",743600
104200,-1500,100,"sd","14:03:05",743500
104200,-1500,100,"sd","14:02:48",743400
104200,-1500,100,"sd","14:02:31",743300
104200,-1500,100,"sd","14:02:15",743200
104200,-1500,100,"sd","14:01:58",743100
104200,-1500,100,"sd","14:01:42",743000
104200,-1500,100,"sd","14:01:25",742900
104200,-1500,500,"sd","14:01:21",742800
104200,-1500,100,"sd","14:01:08",742300
104200,-1500,100,"sd","14:00:52",742200
104200,-1500,100,"sd","14:00:35",742100
104200,-1500,100,"sd","14:00:19",742000
104300,-1400,100,"sd","14:00:02",741900
104300,-1400,100,"sd","13:59:46",741800
104400,-1300,500,"bu","13:59:37",741700
104300,-1400,100,"sd","13:59:29",741200
104400,-1300,500,"bu","13:59:28",741100
104400,-1300,200,"sd","13:59:23",740600
104400,-1300,300,"bu","13:59:13",740400
104300,-1400,100,"sd","13:59:13",740100
104300,-1400,100,"sd","13:58:56",740000
104400,-1300,1600,"bu","13:58:42",739900
104400,-1300,100,"bu","13:58:42",738300
104400,-1300,200,"bu","13:58:42",738200
104200,-1500,100,"sd","13:58:40",738000
104400,-1300,2300,"bu","13:58:34",737900
104400,-1300,200,"bu","13:58:34",735600
104400,-1300,1800,"bu","13:58:25",735400
104400,-1300,200,"bu","13:58:25",733600
104200,-1500,100,"sd","13:58:23",733400
104200,-1500,100,"sd","13:58:07",733300
104100,-1600,100,"sd","13:57:51",733200
104100,-1600,100,"sd","13:57:34",733100
104200,-1500,100,"sd","13:57:18",733000
104200,-1500,100,"sd","13:57:01",732900
104200,-1500,100,"sd","13:56:45",732800
104200,-1500,200,"sd","13:56:44",732700
104300,-1400,7000,"sd","13:56:44",732500
104200,-1500,100,"sd","13:56:29",725500
104400,-1300,300,"bu","13:56:22",725400
104400,-1300,900,"bu","13:56:22",725100
104400,-1300,100,"bu","13:56:17",724200
104400,-1300,200,"bu","13:56:17",724100
104400,-1300,700,"bu","13:56:17",723900
104200,-1500,100,"sd","13:56:13",723200
104100,-1600,100,"sd","13:55:56",723100
104100,-1600,100,"sd","13:55:40",723000
104100,-1600,100,"sd","13:55:24",722900
104400,-1300,1000,"bu","13:55:20",722800
104300,-1400,19000,"bu","13:55:20",721800
104100,-1600,100,"sd","13:55:08",702800
104100,-1600,1000,"sd","13:54:57",702700
104100,-1600,100,"sd","13:54:51",701700
104100,-1600,100,"sd","13:54:35",701600
104100,-1600,100,"sd","13:54:19",701500
104100,-1600,100,"sd","13:54:03",701400
104100,-1600,100,"sd","13:53:47",701300
104200,-1500,100,"sd","13:53:31",701200
104200,-1500,100,"sd","13:53:15",701100
104400,-1300,200,"bu","13:53:09",701000
104200,-1500,100,"sd","13:52:58",700800
104200,-1500,200,"sd","13:52:50",700700
104300,-1400,21000,"sd","13:52:50",700500
104200,-1500,100,"sd","13:52:42",679500
104300,-1400,100,"sd","13:52:26",679400
104400,-1300,1100,"bu","13:52:15",679300
104400,-1300,200,"bu","13:52:15",678200
104400,-1300,1700,"bu","13:52:15",678000
104200,-1500,100,"sd","13:52:10",676300
104200,-1500,100,"sd","13:51:54",676200
104400,-1300,1000,"bu","13:51:49",676100
104200,-1500,100,"sd","13:51:38",675100
104400,-1300,1000,"bu","13:51:25",675000
104200,-1500,100,"sd","13:51:22",674000
104200,-1500,100,"sd","13:51:06",673900
104400,-1300,300,"bu","13:51:02",673800
104400,-1300,3700,"bu","13:51:02",673500
104400,-1300,1300,"bu","13:50:55",669800
104400,-1300,300,"bu","13:50:55",668500
104400,-1300,3400,"bu","13:50:55",668200
104200,-1500,100,"sd","13:50:50",664800
104200,-1500,100,"sd","13:50:34",664700
104200,-1500,100,"sd","13:50:18",664600
104200,-1500,100,"sd","13:50:02",664500
104200,-1500,100,"sd","13:49:46",664400
104200,-1500,100,"sd","13:49:30",664300
104200,-1500,1600,"sd","13:49:22",664200
104200,-1500,1400,"sd","13:49:22",662600
104200,-1500,100,"sd","13:49:14",661200
104200,-1500,2500,"sd","13:49:13",661100
104200,-1500,200,"sd","13:49:13",658600
104200,-1500,1300,"sd","13:49:13",658400
104200,-1500,100,"sd","13:48:59",657100
104200,-1500,100,"sd","13:48:43",657000
104200,-1500,100,"sd","13:48:27",656900
104200,-1500,100,"sd","13:48:11",656800
104200,-1500,3100,"sd","13:47:55",656700
104200,-1500,500,"sd","13:47:55",653600
104200,-1500,200,"sd","13:47:55",653100
104200,-1500,100,"sd","13:47:55",652900
104200,-1500,100,"sd","13:47:39",652800
104400,-1300,300,"bu","13:47:27",652700
104400,-1300,3500,"bu","13:47:27",652400
104200,-1500,100,"sd","13:47:23",648900
104400,-1300,200,"bu","13:47:16",648800
104400,-1300,3300,"bu","13:47:16",648600
104300,-1400,200,"bu","13:47:16",645300
104400,-1300,700,"bu","13:47:09",645100
104400,-1300,3300,"bu","13:47:09",644400
104200,-1500,100,"sd","13:47:07",641100
104400,-1300,1700,"bu","13:46:53",641000
104400,-1300,200,"bu","13:46:53",639300
104400,-1300,100,"bu","13:46:53",639100
104200,-1500,100,"sd","13:46:51",639000
104200,-1500,100,"sd","13:46:36",638900
104200,-1500,100,"sd","13:46:20",638800
104200,-1500,100,"sd","13:46:04",638700
104200,-1500,100,"sd","13:45:48",638600
104100,-1600,100,"sd","13:45:33",638500
104100,-1600,100,"sd","13:45:17",638400
104100,-1600,100,"sd","13:45:01",638300
104100,-1600,100,"sd","13:44:46",638200
104100,-1600,100,"sd","13:44:30",638100
104100,-1600,100,"sd","13:44:14",638000
104100,-1600,100,"sd","13:43:58",637900
104100,-1600,400,"sd","13:43:47",637800
104200,-1500,13000,"sd","13:43:47",637400
104100,-1600,100,"sd","13:43:43",624400
104100,-1600,100,"sd","13:43:27",624300
104400,-1300,100,"sd","13:43:11",624200
104400,-1300,200,"bu","13:43:04",624100
104400,-1300,2400,"bu","13:43:04",623900
104200,-1500,24300,"bu","13:43:04",621500
104200,-1500,1000,"sd","13:43:03",597200
104200,-1500,100,"sd","13:43:03",596200
104200,-1500,1600,"sd","13:43:03",596100
104200,-1500,100,"sd","13:42:56",594500
104200,-1500,100,"sd","13:42:40",594400
104200,-1500,100,"sd","13:42:24",594300
104200,-1500,100,"sd","13:42:09",594200
104200,-1500,100,"sd","13:41:53",594100
104200,-1500,100,"sd","13:41:38",594000
104200,-1500,100,"sd","13:41:22",593900
104400,-1300,200,"bu","13:41:08",593800
104200,-1500,100,"sd","13:41:06",593600
104400,-1300,1000,"bu","13:41:01",593500
104200,-1500,100,"sd","13:40:51",592500
104400,-1300,1400,"sd","13:40:41",592400
104400,-1300,300,"bu","13:40:40",591000
104400,-1300,3300,"bu","13:40:40",590700
104200,-1500,100,"sd","13:40:35",587400
104200,-1500,100,"sd","13:40:20",587300
104200,-1500,100,"sd","13:40:04",587200
104400,-1300,2000,"bu","13:39:53",587100
104200,-1500,100,"sd","13:39:49",585100
104400,-1300,1500,"bu","13:39:38",585000
104200,-1500,100,"sd","13:39:33",583500
104400,-1300,2600,"bu","13:39:26",583400
104200,-1500,100,"sd","13:39:18",580800
104400,-1300,5000,"bu","13:39:15",580700
104400,-1300,600,"bu","13:39:09",575700
104400,-1300,200,"bu","13:39:09",575100
104400,-1300,200,"bu","13:39:09",574900
104200,-1500,100,"sd","13:39:02",574700
104200,-1500,1900,"sd","13:38:54",574600
104200,-1500,500,"sd","13:38:54",572700
104200,-1500,600,"sd","13:38:54",572200
104200,-1500,100,"sd","13:38:47",571600
104400,-1300,500,"bu","13:38:35",571500
104200,-1500,100,"sd","13:38:31",571000
104200,-1500,100,"sd","13:38:16",570900
104200,-1500,2100,"sd","13:38:05",570800
104200,-1500,900,"sd","13:38:05",568700
104200,-1500,100,"sd","13:38:00",567800
104200,-1500,100,"sd","13:37:45",567700
104400,-1300,500,"bu","13:37:34",567600
104200,-1500,100,"sd","13:37:29",567100
104200,-1500,100,"sd","13:37:14",567000
104200,-1500,300,"bu","13:37:08",566900
104200,-1500,1000,"bu","13:37:08",566600
104200,-1500,400,"bu","13:37:08",565600
104100,-1600,17000,"bu","13:37:08",565200
104100,-1600,500,"sd","13:37:08",548200
104100,-1600,100,"sd","13:37:08",547700
104100,-1600,1000,"sd","13:37:08",547600
104100,-1600,1400,"sd","13:37:08",546600
104100,-1600,100,"sd","13:36:58",545200
104200,-1500,100,"bu","13:36:57",545100
104100,-1600,100,"sd","13:36:43",545000
104200,-1500,500,"bu","13:36:30",544900
104100,-1600,100,"sd","13:36:27",544400
104100,-1600,100,"sd","13:36:12",544300
104100,-1600,1200,"sd","13:36:02",544200
104100,-1600,200,"sd","13:36:02",543000
104100,-1600,100,"sd","13:36:02",542800
104100,-1600,500,"sd","13:36:02",542700
104100,-1600,1000,"sd","13:36:02",542200
104100,-1600,100,"sd","13:35:57",541200
104100,-1600,100,"sd","13:35:41",541100
104100,-1600,100,"sd","13:35:26",541000
104100,-1600,100,"sd","13:35:10",540900
104100,-1600,100,"sd","13:34:55",540800
104200,-1500,500,"bu","13:34:55",540700
104100,-1600,100,"sd","13:34:40",540200
104100,-1600,1400,"sd","13:34:29",540100
104100,-1600,200,"sd","13:34:29",538700
104100,-1600,1400,"sd","13:34:29",538500
104100,-1600,100,"sd","13:34:24",537100
104000,-1700,100,"sd","13:34:09",537000
104000,-1700,100,"sd","13:33:54",536900
104200,-1500,500,"bu","13:33:46",536800
104200,-1500,1000,"bu","13:33:46",536300
104200,-1500,300,"bu","13:33:46",535300
104100,-1600,26200,"bu","13:33:46",535000
104100,-1600,1800,"sd","13:33:46",508800
104100,-1600,100,"sd","13:33:38",507000
104100,-1600,100,"sd","13:33:23",506900
104100,-1600,2000,"sd","13:33:12",506800
104100,-1600,2000,"sd","13:33:12",504800
104100,-1600,100,"sd","13:33:08",502800
104100,-1600,100,"sd","13:32:52",502700
104100,-1600,2800,"sd","13:32:42",502600
104100,-1600,100,"sd","13:32:42",499800
104100,-1600,100,"sd","13:32:42",499700
104100,-1600,100,"sd","13:32:42",499600
104100,-1600,100,"sd","13:32:42",499500
104100,-1600,100,"sd","13:32:42",499400
104100,-1600,100,"sd","13:32:42",499300
104100,-1600,1600,"sd","13:32:42",499200
104100,-1600,100,"sd","13:32:37",497600
104100,-1600,100,"sd","13:32:22",497500
104100,-1600,100,"sd","13:32:06",497400
104100,-1600,100,"sd","13:31:51",497300
104100,-1600,100,"sd","13:31:36",497200
104100,-1600,100,"sd","13:31:21",497100
104100,-1600,100,"sd","13:31:06",497000
104200,-1500,200,"sd","13:31:02",496900
104200,-1500,500,"sd","13:31:01",496700
104200,-1500,300,"sd","13:31:01",496200
104200,-1500,200,"sd","13:31:01",495900
104200,-1500,100,"sd","13:30:50",495700
104200,-1500,100,"sd","13:30:35",495600
104200,-1500,100,"sd","13:30:27",495500
104200,-1500,100,"sd","13:30:27",495400
104200,-1500,200,"sd","13:30:27",495300
104300,-1400,15000,"sd","13:30:27",495100
104300,-1400,500,"sd","13:30:27",480100
104300,-1400,700,"sd","13:30:27",479600
104300,-1400,100,"sd","13:30:27",478900
104300,-1400,100,"sd","13:30:27",478800
104300,-1400,100,"sd","13:30:27",478700
104300,-1400,100,"sd","13:30:27",478600
104300,-1400,100,"sd","13:30:20",478500
104300,-1400,100,"sd","13:30:04",478400
104300,-1400,100,"sd","13:29:49",478300
104300,-1400,100,"sd","13:29:34",478200
104300,-1400,100,"sd","13:29:19",478100
104300,-1400,100,"sd","13:29:04",478000
104300,-1400,100,"sd","13:28:48",477900
104300,-1400,100,"sd","13:28:33",477800
104300,-1400,100,"sd","13:28:18",477700
104300,-1400,100,"sd","13:28:03",477600
104300,-1400,100,"sd","13:27:48",477500
104300,-1400,100,"sd","13:27:33",477400
104400,-1300,100,"bu","13:27:19",477300
104300,-1400,100,"sd","13:27:18",477200
104400,-1300,100,"bu","13:27:08",477100
104400,-1300,100,"bu","13:27:04",477000
104300,-1400,100,"sd","13:27:03",476900
104300,-1400,100,"sd","13:26:48",476800
104300,-1400,100,"sd","13:26:32",476700
104500,-1200,2900,"bu","13:26:23",476600
104500,-1200,500,"bu","13:26:23",473700
104400,-1300,18600,"bu","13:26:23",473200
104400,-1300,100,"sd","13:26:22",454600
104400,-1300,100,"sd","13:26:22",454500
104400,-1300,1000,"sd","13:26:22",454400
104400,-1300,2200,"sd","13:26:22",453400
104400,-1300,100,"sd","13:26:17",451200
104400,-1300,100,"sd","13:26:02",451100
104400,-1300,500,"sd","13:25:47",451000
104400,-1300,100,"sd","13:25:47",450500
104400,-1300,100,"sd","13:25:32",450400
104400,-1300,1900,"bu","13:24:08",450300
104400,-1300,200,"sd","13:24:08",448400
104400,-1300,2000,"sd","13:24:08",448200
104400,-1300,900,"sd","13:24:08",446200
104400,-1300,1100,"bu","13:22:34",445300
104400,-1300,100,"bu","13:22:27",444200
104400,-1300,2800,"bu","13:22:21",444100
104400,-1300,1200,"bu","13:22:21",441300
104400,-1300,1000,"bu","13:22:01",440100
104400,-1300,200,"bu","13:21:55",439100
104400,-1300,2600,"bu","13:21:54",438900
104400,-1300,400,"bu","13:21:54",436300
104400,-1300,100,"sd","13:21:31",435900
104400,-1300,200,"sd","13:21:31",435800
104500,-1200,200,"bu","13:21:00",435600
104500,-1200,100,"bu","13:20:55",435400
104500,-1200,1000,"bu","13:20:36",435300
104500,-1200,200,"bu","13:20:31",434300
104500,-1200,200,"bu","13:20:11",434100
104500,-1200,200,"sd","13:19:01",433900
104500,-1200,500,"sd","13:19:01",433700
104500,-1200,100,"sd","13:19:01",433200
104500,-1200,100,"sd","13:19:01",433100
104500,-1200,2700,"sd","13:19:01",433000
104600,-1100,500,"sd","13:19:01",430300
104600,-1100,500,"sd","13:19:01",429800
104600,-1100,200,"sd","13:19:01",429300
104600,-1100,1300,"sd","13:19:01",429100
104700,-1000,500,"sd","13:19:01",427800
104700,-1000,1000,"sd","13:19:01",427300
104700,-1000,200,"sd","13:19:01",426300
104800,-900,200,"bu","13:18:18",426100
104800,-900,200,"bu","13:17:40",425900
104800,-900,2700,"bu","13:17:28",425700
104800,-900,100,"bu","13:17:28",423000
104800,-900,2200,"bu","13:17:28",422900
104800,-900,800,"bu","13:17:09",420700
104800,-900,1200,"bu","13:17:09",419900
104800,-900,200,"bu","13:06:22",418700
104800,-900,200,"bu","13:05:12",418500
104700,-1000,300,"sd","13:02:17",418300
104700,-1000,100,"sd","13:02:17",418000
104700,-1000,200,"sd","13:00:10",417900
104800,-900,200,"bu","13:00:00",417700
104800,-900,100,"bu","11:29:21",417500
104800,-900,1100,"bu","11:29:12",417400
104800,-900,500,"bu","11:29:12",416300
104800,-900,100,"bu","11:29:12",415800
104800,-900,1300,"bu","11:29:12",415700
104800,-900,1200,"bu","11:27:48",414400
104800,-900,1000,"bu","11:27:40",413200
104800,-900,1900,"bu","11:27:34",412200
104800,-900,600,"bu","11:27:30",410300
104800,-900,900,"bu","11:27:30",409700
104800,-900,100,"bu","11:22:12",408800
104800,-900,900,"bu","11:22:12",408700
104800,-900,1000,"bu","11:21:53",407800
104800,-900,100,"sd","11:21:51",406800
104600,-1100,700,"bu","11:18:53",406700
104600,-1100,300,"sd","11:18:53",406000
104600,-1100,1000,"sd","11:18:53",405700
104600,-1100,500,"sd","11:16:20",404700
104600,-1100,100,"sd","11:16:20",404200
104600,-1100,900,"sd","11:16:20",404100
104900,-800,300,"bu","11:15:55",403200
104800,-900,25000,"bu","11:15:55",402900
104600,-1100,2100,"bu","11:12:30",377900
104600,-1100,900,"bu","11:12:29",375800
104600,-1100,1100,"sd","11:12:13",374900
104600,-1100,900,"sd","11:12:13",373800
104600,-1100,500,"sd","11:10:13",372900
104600,-1100,200,"sd","11:06:47",372400
104600,-1100,200,"sd","11:06:41",372200
104600,-1100,200,"sd","11:06:28",372000
104600,-1100,200,"sd","11:05:43",371800
104600,-1100,200,"sd","11:05:35",371600
104600,-1100,200,"sd","11:05:31",371400
104600,-1100,200,"sd","11:05:15",371200
104600,-1100,200,"sd","11:05:03",371000
104600,-1100,500,"sd","11:05:02",370800
104600,-1100,200,"sd","11:04:56",370300
104600,-1100,400,"sd","11:04:48",370100
104600,-1100,2000,"sd","11:04:48",369700
104600,-1100,1100,"sd","11:04:48",367700
104600,-1100,200,"sd","11:04:48",366600
104600,-1100,1700,"sd","11:03:43",366400
104600,-1100,300,"sd","11:03:43",364700
104600,-1100,1000,"sd","11:03:43",364400
104500,-1200,300,"sd","11:03:08",363400
104500,-1200,100,"sd","11:03:08",363100
104500,-1200,100,"sd","11:03:08",363000
104600,-1100,8000,"sd","11:03:08",362900
104500,-1200,200,"sd","10:59:00",354900
104500,-1200,100,"sd","10:57:39",354700
104600,-1100,400,"sd","10:57:34",354600
104900,-800,200,"sd","10:53:39",354200
104900,-800,1800,"bu","10:51:55",354000
104900,-800,1000,"bu","10:51:41",352200
104900,-800,200,"bu","10:48:54",351200
104900,-800,2800,"bu","10:48:54",351000
104900,-800,2200,"bu","10:48:36",348200
104900,-800,2800,"bu","10:48:36",346000
104900,-800,1000,"bu","10:48:04",343200
104900,-800,200,"bu","10:47:49",342200
104900,-800,3800,"bu","10:47:49",342000
105000,-700,600,"bu","10:45:40",338200
104900,-800,400,"bu","10:45:40",337600
104600,-1100,100,"sd","10:44:18",337200
104600,-1100,1000,"bu","10:38:47",337100
104600,-1100,500,"sd","10:38:47",336100
104600,-1100,500,"sd","10:38:15",335600
104600,-1100,500,"sd","10:38:15",335100
104900,-800,100,"bu","10:38:06",334600
105000,-700,1000,"bu","10:36:47",334500
104500,-1200,14500,"sd","10:36:40",333500
104500,-1200,1000,"sd","10:36:39",319000
105000,-700,800,"bu","10:34:38",318000
105000,-700,2900,"bu","10:34:38",317200
104900,-800,300,"bu","10:34:38",314300
105000,-700,900,"bu","10:31:33",314000
105000,-700,900,"bu","10:31:26",313100
105000,-700,300,"bu","10:31:22",312200
105300,-400,1000,"bu","10:26:42",311900
105300,-400,1000,"bu","10:26:42",310900
104000,-1700,800,"sd","10:26:23",309900
104100,-1600,700,"sd","10:26:23",309100
104100,-1600,1000,"sd","10:26:23",308400
104100,-1600,300,"sd","10:26:23",307400
104100,-1600,100,"sd","10:26:23",307100
104100,-1600,100,"sd","10:26:23",307000
104100,-1600,100,"sd","10:26:23",306900
104100,-1600,100,"sd","10:26:23",306800
104100,-1600,300,"sd","10:26:23",306700
104200,-1500,1000,"sd","10:26:23",306400
104200,-1500,100,"sd","10:26:22",305400
104200,-1500,200,"sd","10:26:22",305300
104200,-1500,100,"sd","10:26:22",305100
104200,-1500,200,"sd","10:26:22",305000
104200,-1500,100,"sd","10:26:22",304800
104300,-1400,1400,"sd","10:26:22",304700
104300,-1400,300,"sd","10:26:22",303300
104300,-1400,100,"sd","10:26:22",303000
104400,-1300,300,"sd","10:26:18",302900
105000,-700,700,"sd","10:26:10",302600
105200,-500,2000,"bu","10:23:20",301900
105200,-500,200,"bu","10:23:20",299900
105200,-500,1000,"bu","10:22:06",299700
105100,-600,15000,"unknown","10:22:06",298700
105000,-700,300,"sd","10:21:23",283700
105000,-700,700,"sd","10:21:23",283400
105000,-700,2300,"sd","10:21:10",282700
105000,-700,700,"sd","10:21:10",280400
105000,-700,100,"sd","10:20:12",279700
105100,-600,500,"bu","10:14:21",279600
105100,-600,1500,"bu","10:14:21",279100
105000,-700,200,"bu","10:14:17",277600
105000,-700,200,"bu","10:14:13",277400
105000,-700,500,"bu","10:14:13",277200
104900,-800,200,"sd","10:14:00",276700
105000,-700,2000,"bu","10:13:56",276500
104900,-800,300,"bu","10:13:56",274500
104900,-800,1000,"bu","10:13:44",274200
104800,-900,300,"bu","10:13:32",273200
104800,-900,500,"bu","10:13:28",272900
104800,-900,500,"bu","10:13:28",272400
104800,-900,500,"bu","10:13:28",271900
104800,-900,500,"bu","10:13:28",271400
104800,-900,500,"bu","10:13:28",270900
104800,-900,1200,"sd","10:07:58",270400
104800,-900,2800,"bu","10:07:57",269200
104800,-900,2200,"bu","10:07:41",266400
104800,-900,2800,"bu","10:07:41",264200
104800,-900,1000,"bu","10:07:25",261400
104200,-1500,200,"sd","10:06:35",260400
104200,-1500,100,"sd","10:06:35",260200
104200,-1500,200,"sd","10:06:35",260100
104300,-1400,9000,"sd","10:06:35",259900
104900,-800,1500,"bu","10:03:19",250900
104900,-800,1000,"bu","10:03:05",249400
104900,-800,200,"sd","10:00:49",248400
104900,-800,3800,"bu","10:00:48",248200
104900,-800,1000,"bu","10:00:20",244400
104900,-800,200,"sd","10:00:10",243400
104900,-800,4000,"bu","10:00:10",243200
104900,-800,300,"bu","10:00:10",239200
104900,-800,500,"bu","10:00:10",238900
104200,-1500,100,"sd","09:59:44",238400
104200,-1500,100,"sd","09:57:46",238300
104200,-1500,100,"sd","09:57:46",238200
104200,-1500,1100,"sd","09:57:46",238100
104200,-1500,700,"sd","09:57:46",237000
104300,-1400,300,"sd","09:57:46",236300
104300,-1400,100,"sd","09:57:46",236000
104300,-1400,300,"sd","09:57:46",235900
104300,-1400,100,"sd","09:57:46",235600
104300,-1400,200,"bu","09:56:31",235500
104300,-1400,500,"bu","09:56:02",235300
104300,-1400,100,"bu","09:53:29",234800
104300,-1400,100,"sd","09:53:11",234700
104300,-1400,1000,"sd","09:53:11",234600
104300,-1400,2100,"sd","09:53:11",233600
104300,-1400,1000,"sd","09:52:56",231500
105000,-700,1000,"bu","09:52:22",230500
105000,-700,100,"bu","09:52:13",229500
105000,-700,3900,"bu","09:52:13",229400
105000,-700,1100,"bu","09:51:52",225500
105000,-700,500,"bu","09:51:38",224400
105000,-700,500,"bu","09:51:38",223900
104300,-1400,1400,"sd","09:51:16",223400
104300,-1400,3100,"sd","09:51:16",222000
104300,-1400,400,"sd","09:50:19",218900
104300,-1400,700,"sd","09:50:19",218500
104300,-1400,100,"sd","09:50:19",217800
104300,-1400,2300,"sd","09:50:19",217700
104300,-1400,1700,"sd","09:49:55",215400
104300,-1400,2300,"sd","09:49:55",213700
104300,-1400,2700,"sd","09:49:42",211400
104300,-1400,100,"sd","09:49:42",208700
104300,-1400,100,"sd","09:49:42",208600
104300,-1400,100,"sd","09:49:42",208500
104300,-1400,500,"sd","09:49:42",208400
104300,-1400,400,"sd","09:49:42",207900
104300,-1400,1100,"sd","09:49:42",207500
104300,-1400,2000,"sd","09:48:45",206400
104400,-1300,8000,"sd","09:48:45",204400
105100,-600,300,"bu","09:47:44",196400
105100,-600,3000,"bu","09:46:25",196100
105100,-600,1000,"bu","09:46:16",193100
105100,-600,700,"sd","09:46:00",192100
105100,-600,4300,"bu","09:45:58",191400
105100,-600,700,"bu","09:45:34",187100
105100,-600,300,"bu","09:45:34",186400
104300,-1400,1900,"sd","09:45:14",186100
104300,-1400,3100,"sd","09:45:14",184200
104300,-1400,900,"sd","09:44:58",181100
104300,-1400,200,"sd","09:44:58",180200
104300,-1400,1000,"sd","09:44:58",180000
104300,-1400,200,"sd","09:44:58",179000
104300,-1400,1600,"sd","09:44:58",178800
104300,-1400,100,"sd","09:44:58",177200
105100,-600,200,"bu","09:44:09",177100
105100,-600,11000,"bu","09:44:09",176900
104200,-1500,200,"sd","09:40:40",165900
104300,-1400,15000,"sd","09:40:40",165700
104300,-1400,300,"sd","09:40:40",150700
104300,-1400,700,"sd","09:40:19",150400
104300,-1400,300,"sd","09:40:19",149700
104300,-1400,200,"sd","09:38:36",149400
104200,-1500,200,"sd","09:38:27",149200
104200,-1500,100,"sd","09:38:22",149000
104500,-1200,100,"sd","09:38:22",148900
104200,-1500,200,"sd","09:38:06",148800
104200,-1500,200,"sd","09:37:59",148600
104200,-1500,100,"sd","09:37:54",148400
104500,-1200,100,"sd","09:37:54",148300
104500,-1200,200,"sd","09:37:51",148200
104500,-1200,100,"sd","09:37:43",148000
104600,-1100,100,"sd","09:37:43",147900
104600,-1100,100,"sd","09:37:37",147800
104600,-1100,100,"sd","09:37:37",147700
105200,-500,500,"bu","09:37:25",147600
105100,-600,100,"bu","09:37:25",147100
105100,-600,2400,"bu","09:37:25",147000
105100,-600,1600,"bu","09:37:15",144600
105100,-600,2400,"bu","09:37:15",143000
104600,-1100,200,"sd","09:37:12",140600
104600,-1100,200,"sd","09:37:07",140400
104600,-1100,200,"sd","09:37:01",140200
104600,-1100,200,"sd","09:36:40",140000
105100,-600,600,"bu","09:36:36",139800
105100,-600,2400,"bu","09:36:36",139200
105100,-600,2600,"bu","09:36:16",136800
105100,-600,100,"bu","09:36:16",134200
105100,-600,2300,"bu","09:36:16",134100
104600,-1100,200,"sd","09:36:04",131800
105100,-600,1600,"bu","09:35:22",131600
105100,-600,2000,"bu","09:35:17",130000
104600,-1100,200,"sd","09:35:04",128000
104600,-1100,200,"sd","09:34:43",127800
104600,-1100,1500,"sd","09:34:37",127600
104600,-1100,1500,"sd","09:34:37",126100
104600,-1100,200,"sd","09:34:34",124600
104600,-1100,200,"sd","09:34:30",124400
104600,-1100,200,"sd","09:34:21",124200
104600,-1100,200,"sd","09:34:17",124000
104600,-1100,2700,"sd","09:34:11",123800
104600,-1100,700,"sd","09:34:11",121100
104600,-1100,1600,"sd","09:34:11",120400
105300,-400,800,"bu","09:31:25",118800
105300,-400,1200,"bu","09:31:12",118000
105300,-400,900,"bu","09:31:07",116800
105300,-400,900,"bu","09:31:03",115900
105300,-400,100,"bu","09:31:03",115000
105400,-300,3500,"bu","09:26:37",114900
105400,-300,1500,"bu","09:26:37",111400
105400,-300,1000,"bu","09:26:12",109900
105400,-300,2500,"bu","09:26:06",108900
105400,-300,200,"bu","09:26:06",106400
105400,-300,100,"bu","09:26:06",106200
104900,-800,200,"bu","09:26:06",106100
104900,-800,100,"bu","09:21:53",105900
104900,-800,100,"bu","09:21:40",105800
105000,-700,1100,"sd","09:20:27",105700
105000,-700,1900,"sd","09:20:14",104600
105000,-700,1100,"sd","09:20:14",102700
105000,-700,900,"sd","09:20:09",101600
105100,-600,100,"sd","09:20:01",100700
105100,-600,200,"sd","09:19:59",100600
105200,-500,3000,"bu","09:19:21",100400
105100,-600,200,"sd","09:19:18",97400
105200,-500,1300,"sd","09:19:18",97200
105200,-500,700,"sd","09:18:59",95900
105200,-500,1300,"sd","09:18:59",95200
105400,-300,1100,"sd","09:16:28",93900
105700,0,200,"bu","09:15:24",92800
105700,0,100,"bu","09:15:15",92600
105700,0,600,"bu","09:15:08",92500
105700,0,200,"bu","09:15:03",91900
105700,0,91700,"bu","09:15:01",91700
