"price","change","match_qtty","side","time","total_vol"
5720,-10,13000,"unknown","14:45:00",503700
5800,70,100,"bu","14:29:16",490700
5710,-20,1000,"sd","14:20:33",490600
5720,-10,200,"sd","14:20:33",489600
5710,-20,7000,"sd","14:20:27",489400
5710,-20,800,"sd","14:20:27",482400
5720,-10,100,"sd","14:20:27",481600
5720,-10,1000,"sd","14:20:27",481500
5720,-10,500,"sd","14:20:27",480500
5720,-10,100,"sd","14:20:27",480000
5730,0,1000,"sd","14:20:27",479900
5730,0,100,"sd","14:20:27",478900
5730,0,200,"sd","14:20:27",478800
5730,0,4800,"sd","14:19:41",478600
5730,0,1000,"sd","14:19:41",473800
5730,0,300,"sd","14:19:41",472800
5740,10,1000,"sd","14:19:41",472500
5740,10,500,"sd","14:19:41",471500
5740,10,400,"sd","14:19:41",471000
5740,10,4000,"sd","14:19:06",470600
5740,10,600,"bu","14:18:42",466600
5740,10,1500,"sd","14:18:25",466000
5750,20,2000,"sd","14:18:25",464500
5750,20,500,"sd","14:18:25",462500
5770,40,100,"sd","14:18:25",462000
5820,90,100,"bu","14:13:40",461900
5770,40,4900,"sd","14:13:26",461800
5780,50,2000,"sd","14:13:26",456900
5780,50,500,"sd","14:13:26",452900
5780,50,2000,"sd","14:13:26",454900
5790,60,400,"sd","14:13:26",452400
5790,60,100,"sd","14:07:54",452000
5820,90,5900,"bu","14:07:26",451900
5810,80,10000,"bu","14:07:26",446000
5800,70,1600,"bu","14:07:26",436000
5800,70,3400,"sd","14:06:47",434400
5800,70,5000,"sd","14:03:54",431000
5800,70,700,"bu","14:03:41",426000
5800,70,900,"bu","14:03:41",425300
5800,70,2000,"bu","14:03:39",424400
5800,70,7100,"bu","14:02:29",422400
5800,70,2900,"bu","14:02:29",415300
5800,70,100,"bu","14:02:05",412400
5760,30,1000,"sd","13:55:13",412300
5760,30,500,"sd","13:52:39",411300
5750,20,3500,"bu","13:49:35",410800
5750,20,1000,"bu","13:49:21",407300
5750,20,500,"sd","13:46:47",406300
5800,70,1300,"sd","13:46:47",405800
5800,70,1700,"sd","13:46:47",404500
5840,110,200,"bu","13:43:55",402800
5840,110,100,"bu","13:43:55",402600
5850,120,100,"bu","13:42:55",402500
5800,70,3800,"bu","13:42:11",402400
5800,70,2000,"bu","13:42:11",398600
5800,70,1000,"bu","13:42:11",396600
5800,70,5000,"bu","13:42:11",395600
5800,70,5000,"bu","13:42:11",390600
5800,70,1500,"bu","13:42:11",385600
5800,70,6900,"bu","13:41:39",384100
5800,70,2000,"bu","13:41:39",377200
5800,70,100,"bu","13:41:39",375200
5800,70,100,"bu","13:41:20",375100
5760,30,100,"bu","13:39:53",375000
5750,20,1600,"sd","13:38:29",374900
5750,20,1100,"sd","13:37:41",373300
5750,20,1700,"sd","13:36:54",372200
5750,20,1600,"sd","13:34:59",370500
5750,20,10000,"sd","13:34:59",368900
5750,20,1000,"sd","13:34:59",358900
5750,20,400,"sd","13:34:59",357900
5760,30,100,"bu","13:34:07",357500
5760,30,200,"sd","13:33:16",357400
5800,70,100,"bu","13:31:03",357200
5800,70,800,"bu","13:24:35",357100
5800,70,700,"bu","13:19:34",356300
5800,70,300,"bu","13:19:34",355600
5800,70,1700,"bu","13:18:47",355300
5800,70,500,"bu","13:18:47",353600
5800,70,2800,"bu","13:18:47",353100
5800,70,2200,"bu","13:17:56",350300
5800,70,700,"bu","13:17:56",348100
5790,60,100,"bu","13:17:56",347400
5750,20,2000,"bu","13:17:56",347300
5750,20,1000,"bu","13:17:53",345300
5740,10,100,"bu","13:17:10",344300
5740,10,1000,"sd","13:16:18",344200
5740,10,200,"sd","13:16:18",343200
5740,10,1700,"sd","13:16:18",343000
5750,20,2000,"bu","13:16:13",341300
5750,20,5000,"bu","13:16:12",339300
5750,20,100,"bu","13:13:13",334300
5750,20,100,"bu","13:13:13",334200
5740,10,300,"bu","13:12:52",334100
5740,10,200,"bu","13:12:37",333800
5740,10,2100,"bu","13:12:37",333600
5740,10,1700,"bu","13:12:37",331500
5740,10,100,"bu","13:11:56",329800
5730,0,300,"bu","13:10:55",329700
5730,0,10000,"bu","13:10:12",329400
5730,0,1000,"bu","13:09:20",319400
5710,-20,200,"sd","13:06:07",318400
5730,0,200,"bu","13:05:25",318200
5700,-30,200,"sd","13:01:50",318000
5730,0,500,"sd","13:01:49",317800
5730,0,2000,"sd","13:01:49",317300
5730,0,1000,"sd","13:01:49",315300
5730,0,3000,"sd","13:01:49",314300
5730,0,2000,"sd","13:01:49",311300
5740,10,100,"bu","13:00:40",309300
5730,0,2000,"sd","13:00:22",309200
5730,0,6000,"sd","13:00:15",307200
5740,10,10000,"sd","11:26:56",301200
5740,10,3200,"sd","11:26:56",291200
5740,10,200,"sd","11:26:56",288000
5740,10,500,"sd","11:26:56",287800
5740,10,200,"sd","11:26:56",287300
5740,10,5000,"sd","11:26:56",287100
5740,10,1000,"sd","11:25:59",282100
5750,20,500,"sd","11:22:52",281100
5750,20,500,"sd","11:22:52",280600
5740,10,400,"sd","11:16:22",280100
5750,20,300,"sd","11:16:22",279700
5750,20,300,"sd","11:16:22",279400
5750,20,200,"sd","11:10:46",279100
5740,10,3400,"sd","11:04:40",278900
5750,20,200,"sd","11:04:40",275500
5750,20,5000,"sd","11:04:40",275300
5750,20,4400,"sd","11:04:40",270300
5750,20,1600,"sd","11:04:40",265900
5760,30,200,"sd","11:04:40",264300
5760,30,200,"sd","11:04:40",264100
5750,20,200,"sd","11:01:45",263900
5760,30,200,"sd","11:01:45",263700
5760,30,1000,"sd","11:01:45",263500
5770,40,500,"sd","11:01:45",262500
5770,40,200,"sd","11:01:45",262000
5780,50,500,"sd","11:01:45",261800
5790,60,500,"sd","11:01:45",261300
5790,60,100,"sd","11:01:45",260800
5800,70,500,"sd","11:01:45",260700
5800,70,300,"sd","11:01:45",260200
5800,70,100,"sd","11:01:05",259900
5800,70,100,"sd","10:57:43",259800
5800,70,1500,"bu","10:56:11",259700
5800,70,400,"bu","10:55:42",258200
5800,70,100,"bu","10:55:33",257800
5770,40,100,"bu","10:53:18",257700
5770,40,500,"bu","10:53:18",257600
5770,40,500,"bu","10:52:49",257100
5770,40,900,"bu","10:50:40",256600
5770,40,100,"sd","10:49:45",255700
5770,40,200,"sd","10:47:07",255600
5770,40,1500,"sd","10:47:07",255400
5770,40,300,"sd","10:47:07",253900
5780,50,300,"sd","10:45:51",253600
5780,50,700,"sd","10:45:51",253300
5780,50,100,"sd","10:45:15",252600
5780,50,900,"sd","10:44:01",252500
5780,50,1000,"sd","10:44:01",251600
5800,70,100,"sd","10:42:48",250600
5800,70,100,"sd","10:41:30",250500
5800,70,900,"sd","10:41:30",250400
5800,70,100,"sd","10:37:57",249500
5820,90,200,"sd","10:36:48",249400
5820,90,300,"sd","10:36:48",249200
5860,130,1000,"sd","10:36:04",248900
5860,130,4000,"sd","10:36:04",247900
5870,140,200,"sd","10:35:14",243900
5870,140,300,"sd","10:34:59",243700
5870,140,100,"sd","10:34:59",243400
5870,140,1000,"sd","10:33:47",243300
5870,140,2000,"sd","10:33:25",242300
5870,140,500,"sd","10:33:15",240300
5890,160,100,"bu","10:31:44",239800
5870,140,200,"sd","10:28:06",239700
5870,140,8200,"sd","10:24:59",239500
5870,140,400,"sd","10:24:59",231300
5870,140,400,"sd","10:24:59",230900
5900,170,1000,"sd","10:24:59",230500
5960,230,500,"sd","10:23:28",229500
5960,230,400,"bu","10:23:22",229000
5960,230,100,"bu","10:23:22",228600
5960,230,1000,"bu","10:21:35",228500
5860,130,300,"sd","10:21:31",227500
5900,170,400,"sd","10:21:31",227200
5900,170,300,"sd","10:21:31",226800
5950,220,1000,"sd","10:21:31",226500
5970,240,200,"bu","10:19:37",225500
5960,230,300,"bu","10:19:37",225300
5950,220,500,"bu","10:19:37",225000
5960,230,1000,"bu","10:19:00",224500
5900,170,1000,"sd","10:18:54",223500
5960,230,3700,"bu","10:18:24",222500
5950,220,3000,"bu","10:18:24",218800
5950,220,100,"bu","10:18:24",215800
5950,220,3200,"bu","10:18:24",215700
5950,220,5000,"bu","10:17:51",212500
5950,220,1800,"bu","10:16:52",207500
5940,210,300,"bu","10:16:52",205700
5930,200,300,"bu","10:16:52",205400
5920,190,200,"bu","10:16:52",205100
5910,180,100,"bu","10:16:52",204900
5910,180,100,"bu","10:16:52",204800
5900,170,500,"sd","10:16:46",204700
5900,170,200,"sd","10:16:11",204200
5900,170,800,"sd","10:16:11",204000
5900,170,100,"sd","10:16:00",203200
5900,170,1000,"sd","10:15:52",203100
5900,170,500,"bu","10:15:33",202100
5900,170,1000,"bu","10:15:33",201600
5900,170,100,"bu","10:15:33",200600
5900,170,1000,"bu","10:15:33",200500
5900,170,500,"bu","10:15:33",199500
5900,170,5000,"bu","10:14:49",199000
5900,170,3000,"bu","10:14:04",194000
5900,170,5400,"bu","10:13:56",191000
5880,150,500,"bu","10:13:56",185600
5880,150,100,"bu","10:13:56",185100
5880,150,700,"sd","10:13:32",185000
5900,170,9500,"bu","10:13:31",184300
5890,160,100,"bu","10:13:31",174800
5890,160,100,"bu","10:13:31",174700
5890,160,100,"bu","10:13:30",174600
5890,160,200,"bu","10:13:30",174500
5880,150,100,"bu","10:12:58",174300
5860,130,5000,"bu","10:12:30",174200
5850,120,700,"bu","10:12:30",169200
5860,130,4800,"bu","10:11:09",168500
5850,120,300,"bu","10:11:09",163700
5850,120,300,"bu","10:11:09",163400
5850,120,1500,"bu","10:11:09",163100
5850,120,2300,"bu","10:11:09",161600
5840,110,500,"bu","10:11:09",159300
5840,110,200,"bu","10:11:09",158800
5840,110,100,"bu","10:11:09",158600
5850,120,2700,"bu","10:07:56",158500
5840,110,200,"bu","10:07:56",155800
5820,90,800,"bu","10:07:56",155600
5800,70,20000,"bu","10:07:56",154800
5800,70,300,"bu","10:07:56",134800
5800,70,200,"bu","10:07:56",134500
5800,70,800,"bu","10:07:56",134300
5800,70,3200,"bu","10:07:48",133500
5800,70,1000,"bu","10:07:48",130300
5800,70,500,"bu","10:07:48",129300
5800,70,5200,"bu","10:07:48",128800
5790,60,100,"bu","10:07:48",123600
5750,20,500,"sd","10:06:41",123500
5800,70,2800,"bu","10:06:41",123000
5790,60,500,"unknown","10:06:41",120200
5790,60,2000,"unknown","10:06:41",119700
5790,60,200,"unknown","10:06:41",117700
5760,30,100,"unknown","10:06:41",117500
5760,30,1800,"unknown","10:06:41",117400
5750,20,200,"sd","10:06:24",115600
5750,20,1000,"sd","10:03:46",115400
5760,30,100,"bu","10:02:37",114400
5750,20,1000,"sd","10:00:49",114300
5750,20,2500,"bu","09:59:44",113300
5750,20,100,"bu","09:59:44",110800
5750,20,4700,"bu","09:59:44",110700
5750,20,100,"bu","09:57:03",106000
5750,20,2200,"sd","09:55:40",105900
5750,20,200,"bu","09:54:24",103700
5750,20,600,"bu","09:54:24",103500
5750,20,400,"bu","09:54:24",102900
5750,20,1600,"bu","09:54:24",102500
5750,20,3400,"bu","09:54:09",100900
5750,20,5000,"bu","09:54:09",97500
5750,20,100,"bu","09:54:09",92500
5750,20,1000,"bu","09:54:06",92400
5750,20,3900,"bu","09:49:51",91400
5740,10,200,"bu","09:48:20",87500
5740,10,100,"bu","09:48:20",87300
5730,0,500,"bu","09:46:47",87200
5730,0,1000,"bu","09:42:18",86700
5700,-30,100,"bu","09:40:02",85700
5700,-30,5000,"bu","09:39:45",85600
5700,-30,100,"bu","09:38:54",80600
5700,-30,100,"sd","09:37:54",80500
5700,-30,500,"sd","09:37:54",80400
5700,-30,6000,"sd","09:37:54",79900
5700,-30,200,"sd","09:37:54",73900
5700,-30,5400,"sd","09:37:54",73700
5700,-30,400,"sd","09:35:46",68300
5710,-20,600,"bu","09:35:44",67900
5710,-20,3700,"sd","09:35:08",67300
5710,-20,700,"sd","09:35:08",63600
5710,-20,2500,"sd","09:29:35",62900
5710,-20,1100,"sd","09:29:21",60400
5740,10,19900,"bu","09:29:08",59300
5740,10,100,"bu","09:29:08",39400
5740,10,100,"sd","09:27:59",39300
5740,10,300,"sd","09:27:59",39200
5750,20,200,"bu","09:26:28",38900
5740,10,5000,"bu","09:26:10",38700
5710,-20,300,"sd","09:23:19",29000
5700,-30,4200,"sd","09:23:19",33700
5700,-30,500,"sd","09:23:19",29500
5700,-30,1500,"bu","09:22:11",28700
5730,0,500,"sd","09:21:25",27200
5730,0,1500,"bu","09:21:22",26700
5700,-30,10000,"sd","09:20:31",25200
5730,0,200,"bu","09:19:54",15200
5730,0,3300,"bu","09:19:49",15000
5730,0,1500,"sd","09:18:22",11700
5730,0,200,"sd","09:17:17",10200
5750,20,10000,"bu","09:15:43",10000
