"price","change","match_qtty","side","time","total_vol"
14400,-100,25000,"sd","14:45:00",104800
14700,200,200,"bu","14:29:00",79800
14700,200,2000,"bu","14:27:51",79600
14700,200,900,"sd","14:17:57",77600
14700,200,100,"bu","14:17:30",76700
14700,200,1000,"bu","14:17:30",76600
14700,200,1000,"bu","14:17:30",75600
14650,150,1000,"bu","14:14:20",74600
14600,100,1500,"sd","14:12:57",73600
14600,100,1000,"bu","14:12:22",72100
14600,100,3000,"bu","14:12:22",71100
14400,-100,1000,"sd","14:10:14",68100
14350,-150,1300,"sd","14:03:51",67100
14400,-100,1000,"sd","14:03:51",65800
14400,-100,1000,"sd","14:03:51",64800
14400,-100,1000,"sd","14:03:51",63800
14400,-100,100,"sd","14:03:51",62800
14400,-100,100,"sd","14:03:51",62700
14400,-100,1300,"sd","14:03:51",62600
14450,-50,500,"sd","14:03:51",61300
14500,0,200,"sd","14:00:50",60800
14500,0,900,"sd","14:00:50",60600
14500,0,200,"bu","13:54:48",59700
14500,0,5000,"bu","13:54:25",59500
14450,-50,200,"sd","13:40:37",54500
14450,-50,100,"sd","13:36:32",54300
14450,-50,900,"sd","13:24:49",54200
14450,-50,5000,"sd","13:24:49",53300
14450,-50,100,"sd","13:24:49",48300
14500,0,100,"sd","13:22:42",48200
14400,-100,1700,"sd","13:15:50",48100
14400,-100,100,"sd","13:15:50",46400
14400,-100,600,"sd","13:15:50",46300
14400,-100,100,"sd","13:15:50",45700
14400,-100,400,"sd","13:15:50",45600
14400,-100,200,"sd","13:15:50",45200
14400,-100,500,"sd","13:15:50",45000
14400,-100,900,"sd","13:15:50",44500
14450,-50,5000,"sd","13:15:50",43600
14450,-50,400,"sd","13:15:50",38600
14500,0,100,"sd","13:15:50",38200
14400,-100,9100,"sd","13:10:04",38100
14450,-50,100,"sd","13:10:04",29000
14450,-50,5000,"sd","13:10:04",28900
14450,-50,500,"sd","13:10:04",23900
14500,0,1000,"sd","13:10:04",23400
14500,0,1300,"sd","13:10:04",22400
14500,0,500,"sd","13:00:21",21100
14600,100,1000,"sd","13:00:21",20600
14600,100,100,"sd","13:00:21",19600
14500,0,700,"sd","13:00:21",19500
14600,100,500,"sd","13:00:21",18800
14600,100,500,"sd","13:00:21",18300
14600,100,300,"sd","13:00:21",17300
14500,0,500,"sd","13:00:21",17800
14500,0,100,"sd","13:00:21",17000
14500,0,300,"sd","13:00:21",16900
14500,0,500,"sd","13:00:21",16600
14700,200,100,"bu","11:21:44",16100
14600,100,100,"sd","11:20:13",16000
14700,200,200,"bu","11:03:22",15900
14900,400,300,"sd","10:42:28",15700
14900,400,100,"sd","10:40:52",15400
14900,400,700,"bu","10:39:39",15300
14900,400,500,"bu","10:39:39",14600
14900,400,100,"bu","10:39:39",14100
14900,400,100,"bu","10:21:07",14000
14700,200,100,"bu","10:19:36",13900
14700,200,1000,"bu","10:17:14",13800
14700,200,200,"bu","10:16:36",12800
14700,200,1700,"bu","10:15:40",12600
14700,200,400,"bu","10:10:15",10900
14700,200,2000,"bu","10:07:51",10500
14600,100,100,"sd","09:59:31",8500
14600,100,100,"sd","09:59:31",8400
14600,100,1000,"sd","09:57:00",8300
14600,100,900,"sd","09:54:29",7300
14600,100,100,"sd","09:54:29",6400
14600,100,500,"unknown","09:41:32",6300
14600,100,2500,"unknown","09:41:32",5800
14700,200,1000,"bu","09:38:59",3300
14700,200,100,"sd","09:34:12",2300
14900,400,2200,"bu","09:26:50",2200
