"price","change","match_qtty","side","time","total_vol"
8810,-190,26700,"unknown","14:45:01",529500
8900,-100,1500,"bu","14:29:06",502800
8900,-100,500,"bu","14:29:06",501300
8900,-100,9000,"bu","14:28:58",500800
8900,-100,100,"bu","14:28:57",491800
8900,-100,500,"bu","14:28:52",491700
8900,-100,100,"bu","14:28:48",491200
8900,-100,1000,"bu","14:28:18",491100
8900,-100,3000,"sd","14:27:58",490100
8980,-20,100,"sd","14:27:58",487100
8990,-10,300,"bu","14:27:00",487000
8900,-100,300,"bu","14:24:23",486700
8900,-100,300,"sd","14:24:22",486400
8900,-100,100,"sd","14:24:22",486100
8910,-90,100,"sd","14:24:22",486000
8930,-70,100,"sd","14:24:22",485900
8940,-60,5000,"sd","14:24:22",485800
8960,-40,5000,"sd","14:24:22",480800
8960,-40,2500,"sd","14:24:22",475800
8960,-40,100,"sd","14:24:22",473300
8970,-30,1000,"sd","14:24:22",473200
8970,-30,800,"sd","14:23:22",472200
8970,-30,200,"sd","14:23:22",471400
9000,0,200,"bu","14:20:39",471200
9000,0,200,"bu","14:20:35",471000
9000,0,800,"bu","14:20:16",470800
9000,0,100,"sd","14:20:16",470000
9010,10,200,"bu","14:20:16",469900
9010,10,4000,"bu","14:19:34",469700
9010,10,300,"bu","14:19:20",465700
9010,10,2500,"bu","14:18:50",465400
9010,10,1000,"bu","14:18:48",462900
9010,10,500,"bu","14:18:48",461900
9010,10,500,"bu","14:18:38",461400
9010,10,1000,"bu","14:18:29",460900
9010,10,1000,"bu","14:18:24",459900
9010,10,1000,"bu","14:17:44",458900
9000,0,900,"bu","14:16:30",457900
9000,0,2500,"bu","14:16:06",457000
8960,-40,400,"sd","14:10:09",454500
8960,-40,500,"sd","14:06:51",454100
8960,-40,300,"sd","14:06:51",453600
8970,-30,100,"sd","14:06:51",453300
8980,-20,100,"sd","14:06:51",453200
8990,-10,500,"bu","14:02:32",453100
8990,-10,200,"bu","14:00:25",452600
8990,-10,500,"sd","13:59:52",452400
8990,-10,1000,"sd","13:59:52",451900
8990,-10,300,"sd","13:59:52",450900
9000,0,100,"bu","13:59:21",450600
9000,0,100,"bu","13:58:59",450500
9000,0,400,"bu","13:58:49",450400
9000,0,300,"bu","13:58:17",450000
9000,0,100,"bu","13:57:37",449700
9000,0,500,"bu","13:57:24",449600
9000,0,1100,"sd","13:57:15",449100
9000,0,3900,"bu","13:57:06",448000
9000,0,200,"sd","13:56:26",444100
9000,0,2800,"bu","13:55:47",443900
9000,0,300,"bu","13:55:32",441100
9000,0,8500,"bu","13:55:03",440800
8990,-10,1000,"bu","13:55:03",432300
8990,-10,500,"bu","13:55:03",431300
8990,-10,500,"bu","13:54:53",430800
8990,-10,500,"sd","13:46:17",430300
8990,-10,500,"sd","13:46:17",429800
8990,-10,2600,"sd","13:43:47",429300
8990,-10,100,"sd","13:43:47",426700
8990,-10,100,"sd","13:43:47",426600
8990,-10,200,"sd","13:43:40",426500
9000,0,400,"bu","13:43:16",426300
9000,0,100,"bu","13:43:16",425900
9000,0,200,"sd","13:42:39",425800
9010,10,1000,"bu","13:41:58",425600
9010,10,200,"bu","13:41:45",424600
9010,10,800,"bu","13:41:12",424400
9000,0,4800,"sd","13:41:00",423600
9000,0,200,"sd","13:41:00",418800
9000,0,2800,"sd","13:41:00",418600
9000,0,200,"sd","13:41:00",415800
9010,10,1000,"bu","13:40:37",415600
9000,0,6800,"sd","13:40:08",414600
9000,0,5000,"bu","13:40:05",407800
9000,0,5200,"bu","13:40:01",402800
9000,0,4800,"bu","13:40:01",397600
9000,0,100,"bu","13:39:39",392800
9000,0,1000,"bu","13:39:13",392700
9000,0,200,"bu","13:39:08",391700
8990,-10,100,"bu","13:36:10",391500
8990,-10,1000,"sd","13:35:35",391400
8990,-10,800,"sd","13:35:35",390400
8990,-10,100,"sd","13:35:35",389600
9000,0,100,"bu","13:35:30",389500
9000,0,100,"bu","13:35:24",389400
9000,0,400,"bu","13:34:21",389300
9000,0,200,"bu","13:34:20",388900
9000,0,3100,"bu","13:34:03",388700
9000,0,2700,"bu","13:34:03",385600
9000,0,1000,"bu","13:34:02",382900
9000,0,1000,"bu","13:33:54",381900
9000,0,300,"bu","13:33:52",380900
9000,0,300,"bu","13:33:52",380600
9000,0,1100,"bu","13:33:52",380300
9000,0,5000,"bu","13:33:50",379200
9000,0,2200,"bu","13:33:39",374200
9000,0,100,"bu","13:33:37",372000
9000,0,100,"bu","13:33:33",371900
9000,0,2000,"bu","13:33:30",371800
9000,0,3500,"bu","13:33:20",369800
9000,0,4500,"bu","13:33:20",366300
8990,-10,200,"bu","13:32:48",361800
8990,-10,200,"bu","13:28:44",361600
8990,-10,6600,"sd","13:27:49",361400
8990,-10,200,"bu","13:27:28",354800
8990,-10,2000,"unknown","13:24:58",354600
8920,-80,200,"sd","13:24:52",352600
8920,-80,100,"sd","13:24:52",352400
8990,-10,100,"bu","13:24:26",352300
9000,0,1000,"bu","13:23:03",352200
9000,0,200,"bu","13:22:21",351200
9000,0,1000,"bu","13:22:09",351000
9000,0,1000,"bu","13:22:00",350000
9000,0,2300,"sd","13:21:55",349000
9000,0,1200,"bu","13:21:53",346700
9000,0,100,"bu","13:21:50",345500
9000,0,700,"bu","13:21:50",345400
9000,0,100,"bu","13:21:50",344700
9000,0,2000,"bu","13:21:41",344600
8980,-20,1500,"bu","13:20:52",342600
8980,-20,100,"bu","13:20:00",341100
8980,-20,100,"bu","13:19:28",341000
8900,-100,500,"sd","13:17:03",340900
8900,-100,9100,"bu","13:15:54",340400
8890,-110,1500,"bu","13:15:46",331300
8890,-110,1000,"bu","13:15:25",329800
8900,-100,100,"bu","13:13:43",328800
8900,-100,100,"bu","13:12:53",328700
8800,-200,1000,"sd","13:12:52",328600
8900,-100,100,"sd","13:12:42",327600
8900,-100,1000,"sd","13:12:42",327500
8920,-80,2000,"sd","13:12:42",326500
8950,-50,2600,"sd","13:12:42",324500
8950,-50,300,"sd","13:12:11",321900
8950,-50,1400,"sd","13:12:04",321600
8950,-50,100,"sd","13:11:32",320200
8990,-10,100,"bu","13:11:30",320100
8990,-10,300,"sd","13:10:41",320000
8990,-10,700,"sd","13:10:41",319700
9000,0,100,"bu","13:10:32",319000
9000,0,500,"sd","13:09:49",318900
9000,0,1600,"sd","13:09:49",318400
9000,0,1000,"sd","13:09:12",316800
9000,0,1300,"sd","13:09:12",315800
9000,0,200,"sd","13:09:12",314500
9000,0,100,"sd","13:09:12",314300
9000,0,2000,"sd","13:09:12",314200
9000,0,500,"sd","13:09:12",312200
9010,10,100,"sd","13:09:10",311700
9020,20,2800,"sd","13:09:10",311600
9030,30,100,"sd","13:09:10",308800
9020,20,700,"sd","13:08:24",308700
9030,30,100,"sd","13:08:24",307800
9030,30,200,"sd","13:08:24",308000
9050,50,100,"sd","13:08:23",307700
9050,50,3800,"sd","13:08:23",307600
9060,60,200,"sd","13:08:00",303800
9060,60,3000,"sd","13:08:00",303600
9110,110,100,"bu","13:07:39",300600
9110,110,100,"bu","13:06:24",300500
9050,50,300,"sd","13:05:34",300400
9040,40,100,"sd","13:05:07",300100
9050,50,1000,"sd","13:04:58",300000
9050,50,600,"sd","13:04:45",299000
9050,50,200,"sd","13:02:16",298400
9050,50,200,"sd","13:01:06",298200
9050,50,300,"sd","13:01:06",298000
9050,50,100,"sd","13:00:06",297700
9050,50,100,"sd","13:00:05",297600
9060,60,100,"sd","13:00:05",297500
9060,60,1700,"sd","13:00:03",297400
9060,60,300,"sd","13:00:03",295700
9100,100,100,"sd","11:28:35",295400
9100,100,100,"sd","11:28:22",295300
9100,100,300,"sd","11:28:22",295200
9100,100,2500,"sd","11:28:22",294900
9100,100,2500,"sd","11:28:16",292400
9100,100,2000,"sd","11:28:16",289900
9100,100,500,"sd","11:28:16",287900
9100,100,3000,"sd","11:27:36",287400
9110,110,300,"sd","11:27:36",284400
9110,110,700,"sd","11:27:36",284100
9110,110,300,"sd","11:27:36",283400
9110,110,700,"sd","11:27:36",283100
9150,150,100,"sd","11:27:15",282400
9150,150,100,"bu","11:26:01",282300
9150,150,200,"bu","11:24:23",282200
9120,120,200,"sd","11:23:22",282000
9130,130,2500,"sd","11:23:03",281800
9130,130,3000,"sd","11:23:03",279300
9130,130,1000,"sd","11:23:03",276300
9130,130,300,"sd","11:23:03",275300
9120,120,1200,"sd","11:23:03",275000
9150,150,500,"bu","11:23:00",273800
9150,150,3300,"sd","11:22:41",273300
9150,150,1300,"sd","11:22:32",270000
9150,150,400,"sd","11:21:26",268700
9150,150,100,"sd","11:21:26",268300
9150,150,2000,"sd","11:21:26",268200
9150,150,1000,"bu","11:18:29",266200
9150,150,4900,"sd","11:18:13",265200
9150,150,400,"sd","11:18:13",260300
9150,150,400,"sd","11:18:13",259900
9150,150,1200,"sd","11:18:13",259500
9160,160,800,"sd","11:17:39",258300
9160,160,500,"sd","11:17:39",257500
9160,160,400,"sd","11:17:39",257000
9160,160,100,"sd","11:17:39",256600
9170,170,8000,"sd","11:17:32",256500
9170,170,100,"sd","11:17:32",248500
9250,250,100,"bu","11:13:08",248400
9250,250,200,"sd","11:11:22",248300
9250,250,800,"bu","11:10:19",248100
9250,250,500,"bu","11:10:19",247300
9250,250,1900,"bu","11:10:19",246800
9250,250,100,"bu","11:09:51",244900
9250,250,1000,"bu","11:08:56",244800
9230,230,2000,"bu","11:08:13",243800
9230,230,500,"bu","11:08:13",241800
9220,220,1500,"bu","11:08:13",241300
9160,160,2000,"sd","11:06:24",239800
9210,210,500,"sd","11:00:05",237800
9210,210,500,"bu","10:58:58",237300
9210,210,100,"bu","10:51:32",236800
9200,200,600,"bu","10:49:41",236700
9200,200,400,"bu","10:49:41",236100
9200,200,100,"bu","10:49:13",235700
9200,200,500,"sd","10:44:25",235600
9200,200,2000,"sd","10:44:08",235100
9200,200,2500,"sd","10:43:52",233100
9200,200,5000,"sd","10:43:30",230600
9200,200,5000,"sd","10:43:28",225600
9200,200,1000,"sd","10:42:59",220600
9200,200,300,"sd","10:41:52",219600
9200,200,1000,"sd","10:41:22",219300
9200,200,500,"sd","10:40:46",218300
9200,200,400,"sd","10:40:26",217800
9200,200,200,"bu","10:40:18",217400
9200,200,2300,"sd","10:40:12",217200
9190,190,200,"bu","10:39:42",214900
9190,190,300,"sd","10:39:33",214700
9190,190,1500,"sd","10:39:20",214400
9190,190,500,"sd","10:38:28",212900
9190,190,1500,"sd","10:38:20",212400
9190,190,1200,"sd","10:38:13",210900
9190,190,1700,"sd","10:38:13",209700
9190,190,3600,"sd","10:34:07",208000
9190,190,400,"sd","10:34:07",204400
9200,200,2000,"sd","10:34:07",204000
9200,200,3000,"sd","10:33:58",202000
9250,250,100,"sd","10:33:50",199000
9250,250,100,"sd","10:33:50",198900
9350,350,500,"bu","10:33:28",198800
9350,350,100,"bu","10:32:49",198300
9350,350,100,"sd","10:32:18",198200
9370,370,800,"sd","10:32:18",198100
9370,370,100,"bu","10:32:14",197300
9350,350,300,"sd","10:32:05",197200
9350,350,3000,"bu","10:31:59",196900
9350,350,200,"bu","10:31:59",193900
9330,330,1100,"bu","10:31:59",193700
9330,330,300,"bu","10:31:59",192600
9300,300,1400,"sd","10:31:41",192300
9300,300,100,"bu","10:31:25",190900
9300,300,1000,"bu","10:31:25",190800
9290,290,2500,"bu","10:31:25",189800
9250,250,800,"bu","10:31:09",187300
9220,220,1400,"bu","10:30:44",186500
9220,220,100,"bu","10:30:41",185100
9220,220,100,"bu","10:30:41",185000
9220,220,200,"bu","10:30:28",184900
9220,220,200,"bu","10:28:33",184700
9220,220,2000,"bu","10:28:17",184500
9220,220,1000,"bu","10:28:00",182500
9200,200,1000,"bu","10:27:20",181500
9180,180,200,"bu","10:27:04",180500
9170,170,1400,"bu","10:27:04",180300
9170,170,3600,"bu","10:26:45",178900
9110,110,600,"bu","10:24:58",175300
9110,110,200,"bu","10:24:45",174700
9110,110,200,"sd","10:24:41",174500
9100,100,600,"bu","10:22:19",174300
9100,100,100,"sd","10:21:41",173700
9100,100,2200,"sd","10:21:41",173600
9100,100,500,"sd","10:21:32",171400
9100,100,400,"sd","10:21:21",170900
9100,100,1900,"sd","10:21:09",170500
9100,100,100,"sd","10:21:09",168600
9100,100,2500,"sd","10:19:06",168500
9150,150,500,"sd","10:18:57",166000
9100,100,400,"sd","10:18:00",165500
9100,100,1000,"sd","10:18:00",165100
9100,100,100,"sd","10:18:00",164100
9110,110,2000,"sd","10:18:00",164000
9110,110,800,"sd","10:18:00",162000
9130,130,300,"sd","10:15:00",161200
9150,150,600,"sd","10:14:23",160900
9150,150,3000,"sd","10:14:23",160300
9160,160,300,"sd","10:14:23",157300
9180,180,100,"sd","10:14:02",157000
9180,180,400,"sd","10:13:28",156900
9180,180,500,"sd","10:13:28",156500
9180,180,100,"sd","10:13:28",156000
9250,250,200,"sd","10:12:56",155900
9200,200,500,"unknown","10:12:09",155700
9250,250,500,"bu","10:11:46",155200
9250,250,200,"sd","10:11:15",154700
9250,250,400,"sd","10:10:44",154500
9250,250,400,"sd","10:10:24",154100
9300,300,500,"sd","10:09:22",153700
9300,300,1000,"sd","10:08:59",153200
9300,300,700,"sd","10:08:59",152200
9300,300,100,"sd","10:07:59",151500
9310,310,200,"sd","10:07:59",151400
9350,350,2400,"bu","10:07:44",151200
9350,350,2200,"sd","10:06:30",148800
9360,360,1200,"sd","10:06:27",146600
9360,360,500,"sd","10:06:27",145400
9360,360,1500,"sd","10:06:22",144900
9360,360,1500,"sd","10:05:43",143400
9360,360,1400,"sd","10:05:29",141900
9380,380,3000,"sd","10:05:16",140500
9380,380,600,"sd","10:05:16",137500
9420,420,500,"sd","10:04:44",136900
9420,420,200,"sd","10:04:44",136400
9500,500,1300,"bu","10:04:34",136200
9490,490,700,"bu","10:04:34",134900
9490,490,2000,"bu","10:04:34",134200
9500,500,100,"bu","10:02:05",132200
9500,500,1000,"bu","10:01:45",132100
9500,500,100,"bu","10:01:45",131100
9500,500,500,"sd","10:01:09",131000
9500,500,1400,"sd","10:01:09",130500
9560,560,400,"bu","10:00:59",129100
9500,500,500,"sd","10:00:55",128700
9500,500,2000,"sd","10:00:53",128200
9500,500,5000,"bu","10:00:43",126200
9500,500,100,"bu","10:00:43",121200
9500,500,1000,"bu","10:00:43",121100
9500,500,1000,"bu","10:00:21",120100
9500,500,1000,"bu","10:00:21",119100
9450,450,100,"bu","10:00:18",118100
9450,450,100,"bu","10:00:11",118000
9450,450,4000,"bu","10:00:00",117900
9450,450,5000,"bu","10:00:00",113900
9400,400,1000,"bu","10:00:00",108900
9380,380,1600,"bu","09:59:42",107900
9380,380,500,"bu","09:59:39",106300
9360,360,400,"bu","09:59:30",105800
9360,360,500,"bu","09:59:27",105400
9360,360,2000,"bu","09:59:18",104900
9350,350,800,"bu","09:59:09",102900
9350,350,200,"bu","09:59:08",102100
9350,350,2000,"bu","09:59:06",101900
9350,350,100,"bu","09:59:06",99900
9350,350,900,"bu","09:59:06",99800
9350,350,100,"bu","09:58:48",98900
9330,330,300,"bu","09:58:28",98800
9300,300,1000,"bu","09:58:09",98500
9300,300,700,"bu","09:58:09",97500
9300,300,1000,"bu","09:58:09",96800
9300,300,100,"bu","09:58:09",95800
9300,300,400,"bu","09:58:09",95700
9290,290,800,"bu","09:57:33",95300
9250,250,2000,"bu","09:57:29",94500
9250,250,1000,"bu","09:57:29",92500
9240,240,1600,"bu","09:57:29",91500
9240,240,1000,"bu","09:56:57",89900
9240,240,400,"bu","09:56:35",88900
9230,230,100,"sd","09:56:12",88500
9230,230,1000,"sd","09:56:03",88400
9240,240,500,"bu","09:55:53",87400
9240,240,300,"bu","09:55:36",86900
9230,230,1000,"bu","09:55:05",86600
9230,230,100,"bu","09:55:05",85600
9240,240,100,"bu","09:53:34",85500
9200,200,300,"bu","09:53:06",85400
9200,200,200,"bu","09:53:06",85100
9100,100,1500,"sd","09:52:24",84900
9100,100,500,"sd","09:52:24",83400
9100,100,100,"bu","09:51:13",82900
9100,100,300,"bu","09:51:13",82800
9100,100,1000,"bu","09:50:52",82500
9100,100,200,"bu","09:50:02",81500
9100,100,3500,"bu","09:48:33",81300
9100,100,100,"bu","09:48:33",77800
9100,100,800,"bu","09:48:33",77700
9100,100,100,"bu","09:48:33",76900
9080,80,1500,"bu","09:48:33",76800
9040,40,1000,"bu","09:46:49",75300
9000,0,1000,"sd","09:45:45",74300
9000,0,1000,"sd","09:45:15",73300
9020,20,3000,"bu","09:45:11",72300
9050,50,900,"bu","09:42:00",69300
9050,50,1000,"bu","09:41:50",68400
9000,0,2000,"sd","09:40:05",67400
9000,0,200,"sd","09:40:05",65400
9000,0,2200,"sd","09:40:05",65200
9000,0,300,"sd","09:40:05",63000
9010,10,300,"sd","09:40:05",62700
9050,50,100,"sd","09:39:42",62400
9050,50,200,"sd","09:39:33",62300
9050,50,100,"sd","09:39:33",62100
9050,50,300,"sd","09:39:30",62000
9050,50,200,"sd","09:39:30",61700
9050,50,100,"sd","09:39:23",61500
9100,100,1000,"bu","09:36:46",61400
9050,50,3000,"bu","09:35:49",60400
9040,40,2000,"bu","09:35:49",57400
9000,0,1000,"sd","09:34:33",55400
9000,0,500,"sd","09:34:33",54400
9000,0,500,"sd","09:28:44",53900
9000,0,200,"bu","09:26:44",53400
9000,0,800,"sd","09:26:13",53200
9000,0,500,"sd","09:25:04",52400
9000,0,500,"sd","09:25:04",51900
8990,-10,300,"bu","09:23:02",51400
9000,0,400,"bu","09:22:43",51100
9000,0,1600,"bu","09:22:17",50700
9000,0,400,"bu","09:22:17",49100
9000,0,100,"bu","09:22:09",48700
9000,0,500,"bu","09:21:06",48600
9000,0,500,"bu","09:21:06",48100
9000,0,500,"bu","09:21:06",47600
9000,0,1000,"sd","09:19:29",47100
9000,0,5000,"sd","09:19:29",46100
9000,0,1200,"sd","09:19:29",41100
9000,0,2500,"sd","09:19:29",39900
9000,0,300,"sd","09:19:29",37400
9000,0,10000,"sd","09:19:29",37100
9010,10,500,"sd","09:19:29",27100
9100,100,200,"sd","09:18:32",26600
9100,100,1000,"bu","09:18:27",26400
9100,100,400,"bu","09:18:27",25400
9100,100,200,"bu","09:18:14",25000
9080,80,100,"bu","09:18:14",24800
9060,60,1000,"bu","09:18:14",24700
9050,50,3000,"sd","09:17:49",23700
9050,50,2000,"sd","09:17:42",20700
9060,60,1000,"bu","09:17:20",18700
9060,60,1000,"bu","09:17:20",17700
9060,60,1000,"sd","09:17:20",16700
9060,60,2000,"sd","09:17:17",15700
9100,100,200,"bu","09:16:48",13700
9060,60,1000,"sd","09:16:39",13500
9060,60,5000,"sd","09:15:19",12500
9050,50,5000,"sd","09:15:13",7500
9180,180,2500,"unknown","09:15:01",2500
