"price","change","match_qtty","side","time","total_vol"
11100,0,300,"sd","14:50:33",452500
11100,0,500,"unknown","14:47:47",452200
11100,0,700,"sd","14:43:56",451700
11100,0,1300,"sd","14:43:39",451000
11100,0,1500,"bu","14:42:59",449700
11100,0,2200,"sd","14:42:56",448200
11100,0,7000,"sd","14:41:34",446000
11100,0,2300,"bu","14:37:47",439000
11100,0,7700,"bu","14:34:54",436700
11200,100,100,"bu","14:33:15",429000
11100,0,400,"sd","14:31:27",428900
11100,0,12600,"sd","14:30:46",428500
11000,-100,300,"sd","14:29:33",415900
11000,-100,200,"sd","14:28:22",415600
11100,0,700,"bu","14:26:31",415400
11100,0,4300,"sd","14:25:20",414700
11100,0,7000,"bu","14:24:52",410400
11100,0,13600,"sd","14:24:41",403400
11100,0,200,"sd","14:24:25",389800
11100,0,5000,"sd","14:24:23",389600
11100,0,3000,"sd","14:24:15",384600
11200,100,400,"bu","14:23:37",381600
11200,100,1300,"bu","14:20:59",381200
11200,100,700,"bu","14:20:57",379900
11200,100,2000,"bu","14:20:23",379200
11200,100,2600,"sd","14:19:18",377200
11200,100,600,"unknown","14:18:58",374600
11200,100,100,"bu","14:18:37",374000
11200,100,500,"bu","14:18:25",373900
11200,100,5000,"bu","14:18:18",373400
11200,100,100,"bu","14:18:16",368400
11100,0,1900,"sd","14:14:39",368300
11100,0,10000,"bu","14:13:57",366400
11100,0,100,"bu","14:13:56",356400
11000,-100,5000,"sd","14:13:41",356300
11000,-100,1400,"sd","14:12:34",351300
11000,-100,2500,"bu","14:12:05",349900
11000,-100,100,"sd","14:11:27",347400
11000,-100,1000,"unknown","14:10:53",347300
11000,-100,4000,"bu","14:10:38",346300
11000,-100,6300,"sd","14:10:33",342300
11000,-100,5300,"sd","14:10:02",336000
11000,-100,8000,"sd","14:08:51",330700
11100,0,8000,"bu","14:04:58",322700
11100,0,200,"bu","14:04:45",314700
11100,0,1000,"bu","14:03:02",314500
11100,0,3000,"bu","14:01:04",313500
11100,0,3000,"bu","14:00:08",310500
11100,0,100,"bu","13:59:42",307500
11100,0,10000,"bu","13:57:41",307400
11100,0,2000,"bu","13:56:44",297400
11100,0,2000,"bu","13:56:03",295400
11100,0,300,"bu","13:55:54",293400
11100,0,200,"bu","13:55:20",293100
11100,0,2000,"bu","13:55:13",292900
11100,0,200,"bu","13:54:50",290900
11100,0,100,"bu","13:44:34",290700
11100,0,2000,"sd","13:42:15",290600
11100,0,1000,"sd","13:41:24",288600
11100,0,100,"sd","13:39:53",287600
11100,0,100,"bu","13:38:08",287500
11100,0,100,"bu","13:37:38",287400
11100,0,2000,"bu","13:36:52",287300
11100,0,2000,"bu","13:36:44",285300
11100,0,500,"bu","13:35:37",283300
11100,0,3000,"bu","13:33:44",282800
11100,0,200,"bu","13:33:05",279800
11100,0,100,"bu","13:30:50",279600
11100,0,200,"bu","13:30:20",279500
11100,0,1000,"bu","13:27:02",279300
11000,-100,9000,"sd","13:26:32",278300
11100,0,500,"bu","13:26:02",269300
11100,0,1000,"bu","13:21:04",268800
11000,-100,3000,"sd","13:20:10",267800
11000,-100,7100,"bu","13:17:13",264800
11000,-100,4200,"sd","13:12:20",257700
11000,-100,3000,"sd","13:11:43",253500
11000,-100,1000,"sd","13:11:38",250500
11000,-100,1100,"sd","13:11:29",249500
11000,-100,100,"sd","13:10:28",248400
11000,-100,5000,"sd","13:08:06",248300
11000,-100,1000,"sd","13:07:21",243300
11000,-100,500,"sd","13:07:02",242300
11000,-100,1500,"sd","13:03:15",241800
11100,0,1900,"bu","13:00:09",240300
11100,0,6000,"bu","13:00:05",238400
11100,0,2400,"sd","13:00:03",232400
11000,-100,300,"sd","11:24:35",230000
11000,-100,2000,"sd","11:24:21",229700
11000,-100,3300,"sd","11:23:03",227700
11000,-100,100,"bu","11:21:39",224400
11000,-100,3500,"sd","11:21:26",224300
11000,-100,3000,"sd","11:19:06",220800
11000,-100,2000,"bu","11:19:05",217800
11000,-100,1000,"bu","11:17:59",215800
11000,-100,100,"bu","11:17:55",214800
11000,-100,600,"bu","11:17:44",214700
11000,-100,200,"bu","11:14:46",214100
11000,-100,1200,"bu","11:13:02",213900
11000,-100,2000,"bu","11:12:38",212700
10900,-200,5000,"sd","11:09:48",210700
11000,-100,2000,"bu","11:09:37",205700
11000,-100,900,"bu","11:08:51",203700
11000,-100,1000,"bu","11:08:16",202800
11000,-100,2000,"bu","11:08:05",201800
11000,-100,2000,"bu","11:07:24",199800
11000,-100,200,"bu","11:07:01",197800
11000,-100,7400,"bu","11:05:55",197600
11000,-100,200,"sd","11:04:28",190200
11000,-100,100,"sd","11:02:45",190000
11100,0,100,"bu","11:00:43",189900
11000,-100,15000,"sd","11:00:16",189800
11100,0,100,"bu","10:59:44",174800
11000,-100,500,"sd","10:58:23",174700
11100,0,500,"bu","10:58:08",174200
11100,0,1000,"bu","10:55:31",173700
11100,0,500,"bu","10:53:01",172700
11100,0,3000,"bu","10:50:59",172200
11100,0,1000,"bu","10:50:00",169200
11000,-100,1100,"unknown","10:42:43",168200
11000,-100,1900,"bu","10:42:21",167100
11000,-100,700,"sd","10:42:16",165200
11000,-100,9000,"sd","10:41:29",164500
11100,0,100,"bu","10:39:37",155500
11100,0,100,"bu","10:38:31",155400
11100,0,100,"bu","10:37:14",155300
11100,0,1000,"bu","10:37:04",155200
11100,0,1000,"bu","10:36:46",154200
11100,0,500,"bu","10:35:21",153200
11100,0,1500,"bu","10:34:55",152700
11100,0,2000,"bu","10:34:13",151200
11100,0,1500,"sd","10:33:40",149200
11100,0,3700,"sd","10:33:32",147700
11100,0,5000,"sd","10:32:12",144000
11100,0,5000,"sd","10:31:42",139000
11100,0,2000,"sd","10:31:26",134000
11200,100,1000,"bu","10:30:46",132000
11200,100,1600,"bu","10:28:52",131000
11200,100,600,"bu","10:26:54",129400
11100,0,100,"unknown","10:20:50",128800
11100,0,100,"bu","10:20:34",128700
11100,0,500,"sd","10:19:58",128600
11100,0,400,"sd","10:16:43",128100
11100,0,200,"bu","10:15:55",127700
11100,0,100,"bu","10:14:57",127500
11100,0,700,"bu","10:14:31",127400
11100,0,1000,"bu","10:14:16",126700
11100,0,100,"bu","10:13:45",125700
11100,0,1100,"bu","10:08:54",125600
11100,0,1000,"sd","10:08:46",124500
11100,0,8500,"sd","10:08:33",123500
11100,0,3000,"sd","10:08:01",115000
11100,0,10000,"sd","10:07:54",112000
11100,0,20000,"sd","10:07:09",102000
11100,0,3000,"sd","10:04:46",82000
11200,100,200,"bu","10:04:19",79000
11200,100,500,"sd","09:59:53",78800
11200,100,500,"bu","09:59:11",78300
11200,100,100,"bu","09:58:21",77800
11200,100,2000,"bu","09:58:13",77700
11200,100,800,"bu","09:57:29",75700
11200,100,100,"bu","09:55:51",74900
11200,100,1300,"bu","09:55:34",74800
11200,100,300,"bu","09:54:16",73500
11200,100,2200,"bu","09:53:40",73200
11200,100,200,"bu","09:52:04",71000
11200,100,100,"bu","09:48:58",70800
11200,100,2000,"bu","09:48:21",70700
11200,100,500,"bu","09:48:08",68700
11200,100,3000,"bu","09:47:34",68200
11200,100,2000,"bu","09:45:57",65200
11200,100,100,"bu","09:43:23",63200
11200,100,1000,"bu","09:42:11",63100
11200,100,6700,"sd","09:37:51",62100
11200,100,2000,"sd","09:37:28",55400
11200,100,1000,"sd","09:37:24",53400
11200,100,10000,"sd","09:37:04",52400
11300,200,100,"bu","09:36:45",42400
11300,200,500,"bu","09:36:32",42300
11300,200,3300,"bu","09:32:53",41800
11300,200,400,"sd","09:32:47",38500
11300,200,800,"sd","09:32:26",38100
11300,200,1000,"sd","09:31:44",37300
11300,200,1000,"sd","09:31:30",36300
11300,200,1600,"unknown","09:29:12",35300
11200,100,1400,"bu","09:24:53",33700
11200,100,300,"bu","09:21:19",32300
11200,100,4300,"sd","09:19:58",32000
11200,100,100,"sd","09:19:31",27700
11200,100,1000,"sd","09:18:57",27600
11200,100,500,"sd","09:18:31",26600
11200,100,200,"sd","09:18:19",26100
11300,200,1000,"unknown","09:17:25",25900
11300,200,500,"unknown","09:16:24",24900
11300,200,400,"sd","09:15:25",24400
11200,100,2000,"sd","09:12:44",24000
11200,100,6200,"sd","09:06:51",22000
11200,100,5000,"bu","09:06:34",15800
11200,100,300,"bu","09:06:17",10800
11200,100,2000,"bu","09:05:59",10500
11200,100,500,"bu","09:05:40",8500
11100,0,8000,"sd","09:00:06",8000
