"price","change","match_qtty","side","time","total_vol"
6900,100,3000,"bu","14:59:50",557500
6800,0,400,"bu","14:54:23",554500
6800,0,300,"bu","14:54:07",554100
6800,0,1000,"bu","14:53:50",553800
6800,0,1000,"bu","14:53:47",552800
6800,0,2000,"bu","14:53:45",551800
6800,0,1000,"bu","14:53:43",549800
6800,0,1000,"bu","14:53:41",548800
6800,0,7000,"bu","14:53:40",547800
6800,0,1000,"bu","14:53:38",540800
6800,0,1000,"bu","14:53:35",539800
6800,0,1000,"bu","14:53:32",538800
6800,0,1000,"bu","14:53:29",537800
6800,0,1000,"bu","14:53:26",536800
6800,0,1000,"bu","14:53:23",535800
6800,0,1000,"bu","14:53:19",534800
6800,0,1000,"bu","14:53:14",533800
6800,0,100,"bu","14:48:44",532800
6800,0,28300,"bu","14:48:36",532700
6800,0,100,"sd","14:43:02",504400
6800,0,2600,"sd","14:41:21",504300
6800,0,200,"sd","14:40:20",501700
6800,0,1300,"sd","14:39:49",501500
6800,0,100,"sd","14:37:17",500200
6800,0,500,"sd","14:36:59",500100
6800,0,15000,"sd","14:36:29",499600
6800,0,9000,"bu","14:32:17",484600
6800,0,100,"bu","14:32:04",475600
6800,0,300,"bu","14:32:00",475500
6800,0,1200,"bu","14:31:03",475200
6800,0,4400,"sd","14:30:40",474000
6800,0,100,"sd","14:30:12",469600
6800,0,1500,"bu","14:30:06",469500
6800,0,1000,"bu","14:29:45",468000
6800,0,3000,"bu","14:29:20",467000
6800,0,1000,"bu","14:29:14",464000
6800,0,500,"bu","14:28:46",463000
6800,0,5000,"bu","14:28:10",462500
6800,0,7900,"sd","14:25:51",457500
6800,0,1000,"sd","14:24:58",449600
6800,0,500,"sd","14:24:19",448600
6800,0,39900,"sd","14:20:51",448100
6800,0,500,"sd","14:16:40",408200
6800,0,1000,"bu","14:16:22",407700
6800,0,4000,"bu","14:16:16",406700
6800,0,100,"bu","14:15:50",402700
6800,0,1000,"bu","14:15:47",402600
6800,0,5000,"bu","14:15:45",401600
6800,0,100,"bu","14:15:42",396600
6800,0,1000,"bu","14:15:38",396500
6800,0,100,"bu","14:15:36",395500
6800,0,1000,"bu","14:15:28",395400
6800,0,5000,"bu","14:15:23",394400
6800,0,15800,"bu","14:15:18",389400
6800,0,3000,"bu","14:15:10",373600
6700,-100,2500,"sd","14:12:48",370600
6700,-100,1900,"sd","14:12:26",368100
6800,0,500,"bu","14:09:43",366200
6700,-100,500,"sd","14:09:14",365700
6800,0,500,"bu","14:07:28",365200
6700,-100,500,"sd","14:07:09",364700
6800,0,1000,"bu","14:05:52",364200
6800,0,500,"bu","14:05:05",363200
6700,-100,500,"sd","14:04:38",362700
6800,0,500,"bu","14:03:31",362200
6700,-100,4000,"sd","14:01:43",361700
6800,0,2000,"bu","14:01:15",357700
6800,0,1500,"bu","14:00:29",355700
6800,0,200,"bu","13:56:40",354200
6800,0,100,"bu","13:56:36",354000
6800,0,3000,"bu","13:56:34",353900
6800,0,100,"bu","13:56:18",350900
6800,0,1000,"bu","13:56:08",350800
6800,0,2000,"bu","13:55:53",349800
6800,0,2000,"bu","13:55:41",347800
6800,0,500,"bu","13:54:36",345800
6800,0,500,"bu","13:54:30",345300
6800,0,2000,"bu","13:54:03",344800
6800,0,500,"bu","13:51:48",342800
6800,0,1000,"bu","13:42:14",342300
6800,0,300,"bu","13:40:30",341300
6800,0,2900,"bu","13:40:13",341000
6800,0,1100,"bu","13:40:00",338100
6800,0,4000,"bu","13:39:29",337000
6800,0,1000,"bu","13:39:12",333000
6800,0,200,"bu","13:38:36",332000
6800,0,5000,"bu","13:37:33",331800
6800,0,4000,"bu","13:36:33",326800
6800,0,400,"bu","13:36:07",322800
6700,-100,500,"sd","13:35:53",322400
6700,-100,7100,"sd","13:34:46",321900
6700,-100,300,"sd","13:32:14",314800
6700,-100,200,"sd","13:27:37",314500
6700,-100,300,"sd","13:13:38",314300
6700,-100,2700,"bu","13:13:36",314000
6700,-100,100,"sd","13:12:15",311300
6700,-100,50000,"sd","13:12:07",311200
6700,-100,500,"sd","13:11:19",261200
6700,-100,200,"sd","13:10:17",260700
6700,-100,100,"sd","13:02:35",260500
6700,-100,8000,"sd","13:02:25",260400
6800,0,100,"bu","13:00:08",252400
6800,0,2100,"bu","13:00:04",252300
6800,0,24500,"bu","13:00:03",250200
6800,0,600,"sd","11:29:13",225700
6900,100,200,"bu","11:22:40",225100
6800,0,200,"sd","11:22:04",224900
6900,100,200,"bu","11:10:46",224700
6800,0,600,"bu","11:08:24",224500
6800,0,300,"bu","11:08:01",223900
6700,-100,100,"sd","11:04:37",223600
6700,-100,8800,"sd","10:47:56",223500
6700,-100,1600,"sd","10:45:33",214700
6700,-100,75100,"sd","10:45:15",213100
6800,0,100,"bu","10:44:55",138000
6800,0,200,"bu","10:44:15",137900
6800,0,1000,"sd","10:43:34",137700
6800,0,1000,"bu","10:41:45",136700
6800,0,1400,"bu","10:37:21",135700
6800,0,500,"sd","10:35:47",134300
6800,0,4200,"sd","10:35:29",133800
6800,0,9100,"sd","10:34:33",129600
6900,100,1000,"bu","10:32:02",120500
6800,0,900,"sd","10:29:31",119500
6800,0,3800,"sd","10:21:57",118600
6800,0,18100,"sd","10:21:04",114800
6900,100,100,"bu","10:17:46",96700
6800,0,1000,"sd","10:14:09",96600
6800,0,8200,"sd","10:13:02",95600
6800,0,3000,"sd","10:08:05",87400
6800,0,51000,"sd","10:08:02",84400
6900,100,300,"sd","10:06:57",33400
6900,100,2400,"sd","10:05:50",33100
6900,100,3000,"sd","10:05:33",30700
6900,100,2500,"sd","10:05:17",27700
6900,100,2000,"sd","10:04:36",25200
6900,100,5000,"sd","09:59:54",23200
6900,100,400,"sd","09:41:08",18200
6900,100,100,"sd","09:36:51",17800
7000,200,200,"bu","09:33:48",17700
7000,200,2000,"bu","09:32:13",17500
7000,200,300,"bu","09:30:30",15500
7000,200,500,"bu","09:23:51",15200
6900,100,1000,"sd","09:23:29",14700
7000,200,3000,"bu","09:21:09",13700
7000,200,2000,"bu","09:20:35",10700
7000,200,1000,"bu","09:19:55",8700
7000,200,100,"bu","09:10:55",7700
6900,100,400,"sd","09:04:04",7600
6900,100,200,"sd","09:03:21",7200
7000,200,2000,"bu","09:03:20",7000
6900,100,4000,"sd","09:02:49",5000
7000,200,900,"sd","09:02:12",1000
7100,300,100,"bu","09:00:06",100
