"price","change","match_qtty","side","time","total_vol"
12500,1000,100,"bu","14:59:56",6888700
12400,900,100,"sd","14:59:41",6888600
12500,1000,1000,"bu","14:59:40",6888500
12400,900,15500,"bu","14:59:38",6887500
12400,900,5000,"bu","14:59:29",6872000
12400,900,100,"bu","14:59:28",6867000
12400,900,29400,"sd","14:59:27",6866900
12500,1000,3000,"bu","14:59:22",6837500
12500,1000,17000,"bu","14:59:18",6834500
12500,1000,1200,"bu","14:59:03",6817500
12500,1000,1000,"bu","14:58:59",6816300
12500,1000,20000,"bu","14:58:24",6815300
12400,900,500,"sd","14:58:15",6795300
12500,1000,30000,"bu","14:58:13",6794800
12400,900,4000,"sd","14:57:54",6764800
12400,900,1000,"sd","14:57:47",6760800
12400,900,10000,"sd","14:57:41",6759800
12400,900,7900,"sd","14:57:27",6749800
12500,1000,1000,"bu","14:57:19",6741900
12400,900,1000,"sd","14:55:55",6740900
12500,1000,2000,"bu","14:54:30",6739900
12500,1000,100,"bu","14:54:25",6737900
12500,1000,200,"bu","14:54:15",6737800
12500,1000,300,"bu","14:52:28",6737600
12500,1000,100,"bu","14:52:09",6737300
12400,900,3500,"sd","14:52:07",6737200
12400,900,1800,"sd","14:51:20",6733700
12500,1000,100,"bu","14:50:40",6731900
12400,900,2000,"sd","14:49:40",6731800
12400,900,8500,"bu","14:49:27",6729800
12400,900,800,"bu","14:49:22",6721300
12400,900,11500,"sd","14:49:08",6720500
12400,900,300,"sd","14:49:07",6709000
12400,900,1000,"sd","14:48:45",6708700
12400,900,11400,"bu","14:48:44",6707700
12400,900,100,"bu","14:48:41",6696300
12400,900,500,"sd","14:48:29",6696200
12400,900,4600,"bu","14:48:23",6695700
12400,900,400,"sd","14:48:20",6691100
12400,900,1000,"sd","14:48:15",6690700
12400,900,500,"sd","14:48:00",6689700
12400,900,10000,"sd","14:47:59",6689200
12400,900,10000,"sd","14:46:52",6679200
12400,900,2000,"sd","14:45:08",6669200
12500,1000,100,"bu","14:43:05",6667200
12500,1000,2000,"bu","14:43:02",6667100
12500,1000,100,"bu","14:42:55",6665100
12400,900,7300,"sd","14:42:54",6665000
12400,900,5000,"bu","14:42:41",6657700
12400,900,2000,"bu","14:42:33",6652700
12400,900,10000,"bu","14:42:23",6650700
12400,900,100,"bu","14:42:22",6640700
12400,900,100,"bu","14:41:33",6640600
12400,900,1000,"bu","14:40:43",6640500
12400,900,300,"bu","14:40:33",6639500
12400,900,3100,"sd","14:40:32",6639200
12400,900,10000,"sd","14:40:21",6636100
12400,900,500,"sd","14:40:03",6626100
12400,900,10000,"sd","14:40:02",6625600
12400,900,100,"sd","14:39:36",6615600
12400,900,1200,"sd","14:39:33",6615500
12400,900,30000,"sd","14:39:21",6614300
12400,900,100,"sd","14:39:08",6584300
12400,900,10000,"sd","14:37:00",6584200
12400,900,300,"sd","14:34:27",6574200
12400,900,200,"sd","14:34:18",6573900
12500,1000,1000,"bu","14:33:46",6573700
12400,900,200,"sd","14:33:33",6572700
12400,900,100,"sd","14:33:28",6572500
12400,900,1000,"sd","14:33:27",6572400
12400,900,100,"sd","14:32:20",6571400
12400,900,100,"sd","14:32:10",6571300
12400,900,1400,"sd","14:31:07",6571200
12500,1000,5000,"bu","14:31:06",6569800
12400,900,200,"sd","14:30:55",6564800
12400,900,300,"sd","14:30:49",6564600
12400,900,200,"sd","14:30:35",6564300
12500,1000,200,"bu","14:29:58",6564100
12500,1000,500,"bu","14:29:50",6563900
12400,900,10000,"sd","14:29:47",6563400
12400,900,36000,"sd","14:29:32",6553400
12500,1000,1000,"bu","14:29:29",6517400
12400,900,200,"sd","14:28:43",6516400
12500,1000,400,"bu","14:28:41",6516200
12400,900,3200,"sd","14:28:29",6515800
12400,900,1000,"sd","14:28:19",6512600
12500,1000,3000,"bu","14:28:12",6511600
12400,900,1000,"sd","14:28:03",6508600
12400,900,3600,"bu","14:27:24",6507600
12400,900,1400,"bu","14:27:21",6504000
12400,900,100,"bu","14:27:20",6502600
12400,900,1000,"bu","14:27:10",6502500
12400,900,13000,"bu","14:27:05",6501500
12300,800,2000,"sd","14:27:04",6488500
12400,900,10000,"bu","14:26:59",6486500
12400,900,100,"bu","14:26:52",6476500
12400,900,1000,"bu","14:26:49",6476400
12400,900,300,"bu","14:26:37",6475400
12400,900,1000,"bu","14:26:30",6475100
12400,900,10000,"bu","14:26:14",6474100
12400,900,500,"bu","14:25:59",6464100
12400,900,100,"bu","14:25:36",6463600
12400,900,10000,"bu","14:25:35",6463500
12400,900,1000,"bu","14:25:31",6453500
12400,900,200,"bu","14:25:11",6452500
12400,900,200,"bu","14:25:06",6452300
12400,900,2500,"bu","14:25:00",6452100
12300,800,1000,"sd","14:24:55",6449600
12400,900,1000,"bu","14:24:51",6448600
12400,900,5000,"bu","14:24:38",6447600
12400,900,1000,"bu","14:24:29",6442600
12400,900,8800,"bu","14:24:10",6441600
12300,800,5000,"sd","14:24:07",6432800
12300,800,500,"sd","14:23:54",6427800
12400,900,500,"bu","14:23:45",6427300
12400,900,200,"bu","14:22:59",6426800
12400,900,1000,"bu","14:22:31",6426600
12400,900,1000,"bu","14:22:28",6425600
12400,900,2000,"bu","14:22:27",6424600
12400,900,2000,"bu","14:21:46",6422600
12300,800,7500,"sd","14:21:28",6420600
12400,900,100,"bu","14:21:05",6413100
12300,800,5000,"sd","14:21:01",6413000
12400,900,1000,"bu","14:20:49",6408000
12400,900,100,"bu","14:20:34",6407000
12400,900,600,"bu","14:20:23",6406900
12400,900,400,"bu","14:20:11",6406300
12400,900,100,"bu","14:20:10",6405900
12400,900,200,"bu","14:19:28",6405800
12300,800,900,"sd","14:19:15",6405600
12400,900,500,"bu","14:17:14",6404700
12300,800,9800,"sd","14:17:11",6404200
12300,800,1000,"sd","14:16:54",6394400
12400,900,100,"bu","14:16:31",6393400
12400,900,10000,"bu","14:16:16",6393300
12400,900,100,"bu","14:14:57",6383300
12400,900,100,"bu","14:14:49",6383200
12400,900,100,"bu","14:14:32",6383100
12400,900,5000,"bu","14:13:22",6383000
12400,900,300,"bu","14:13:02",6378000
12400,900,200,"bu","14:12:51",6377700
12300,800,400,"sd","14:12:13",6377500
12300,800,10000,"sd","14:10:17",6377100
12400,900,1000,"bu","14:10:08",6367100
12400,900,100,"bu","14:10:04",6366100
12400,900,1000,"bu","14:09:59",6366000
12300,800,100,"sd","14:09:31",6365000
12400,900,1000,"bu","14:09:18",6364900
12300,800,800,"sd","14:09:07",6363900
12400,900,100,"bu","14:08:23",6363100
12400,900,2000,"bu","14:08:19",6363000
12400,900,3700,"sd","14:07:59",6361000
12400,900,400,"sd","14:07:00",6357300
12400,900,500,"bu","14:06:47",6356900
12400,900,1000,"bu","14:06:20",6356400
12400,900,100,"bu","14:06:07",6355400
12400,900,1000,"bu","14:05:59",6355300
12400,900,4700,"bu","14:05:48",6354300
12400,900,1000,"bu","14:04:58",6349600
12400,900,14900,"sd","14:04:15",6348600
12400,900,1000,"sd","14:04:09",6333700
12400,900,300,"sd","14:03:34",6332700
12400,900,1000,"sd","14:02:56",6332400
12400,900,45800,"sd","14:02:53",6331400
12400,900,1900,"bu","14:02:52",6285600
12400,900,2000,"bu","14:02:43",6283700
12400,900,500,"bu","14:02:10",6281700
12400,900,500,"bu","14:02:09",6281200
12400,900,1300,"bu","14:01:49",6280700
12400,900,200,"bu","14:01:32",6279400
12400,900,1000,"bu","14:01:31",6279200
12400,900,1000,"bu","14:01:05",6278200
12400,900,200,"bu","14:00:51",6277200
12400,900,500,"bu","14:00:44",6277000
12400,900,900,"bu","14:00:32",6276500
12400,900,1000,"bu","14:00:31",6275600
12400,900,7000,"bu","14:00:18",6274600
12400,900,200,"bu","13:59:54",6267600
12400,900,400,"bu","13:59:51",6267400
12400,900,100,"bu","13:59:42",6267000
12400,900,40000,"sd","13:59:41",6266900
12400,900,300,"sd","13:59:30",6226900
12400,900,500,"sd","13:58:50",6226600
12400,900,3000,"sd","13:58:38",6226100
12400,900,10000,"sd","13:58:28",6223100
12400,900,5000,"sd","13:57:45",6213100
12400,900,1000,"sd","13:57:15",6208100
12400,900,100,"sd","13:56:47",6207100
12400,900,2000,"sd","13:56:13",6207000
12400,900,1000,"sd","13:56:11",6205000
12400,900,500,"sd","13:56:07",6204000
12500,1000,1000,"bu","13:56:04",6203500
12400,900,1000,"sd","13:55:35",6202500
12500,1000,500,"bu","13:55:34",6201500
12500,1000,100,"bu","13:54:58",6201000
12500,1000,5000,"bu","13:54:39",6200900
12400,900,100,"sd","13:54:34",6195900
12400,900,2000,"sd","13:54:20",6195800
12400,900,200,"sd","13:54:16",6193800
12400,900,100,"sd","13:54:04",6193600
12400,900,1500,"sd","13:53:33",6193500
12400,900,1000,"sd","13:53:31",6192000
12400,900,700,"sd","13:52:40",6191000
12400,900,2000,"sd","13:52:14",6190300
12500,1000,200,"bu","13:51:52",6188300
12400,900,1000,"sd","13:51:32",6188100
12400,900,100,"sd","13:51:29",6187100
12400,900,100,"bu","13:51:28",6187000
12400,900,2900,"sd","13:51:12",6186900
12400,900,3700,"bu","13:50:38",6184000
12300,800,100,"sd","13:50:24",6180300
12400,900,100,"bu","13:50:10",6180200
12400,900,4000,"bu","13:50:07",6180100
12400,900,1300,"bu","13:49:58",6176100
12400,900,2000,"sd","13:49:36",6174800
12400,900,1600,"sd","13:49:05",6172800
12400,900,24600,"sd","13:48:41",6171200
12300,800,1000,"sd","13:48:38",6146600
12300,800,1000,"sd","13:48:00",6145600
12300,800,1000,"sd","13:47:38",6144600
12300,800,500,"sd","13:47:14",6143600
12300,800,100,"sd","13:47:09",6143100
12300,800,2000,"sd","13:46:50",6143000
12300,800,500,"sd","13:46:09",6141000
12400,900,1000,"bu","13:46:03",6140500
12400,900,17300,"bu","13:45:43",6139500
12400,900,100,"bu","13:45:25",6122200
12400,900,100,"bu","13:44:59",6122100
12400,900,200,"bu","13:43:28",6122000
12400,900,100,"bu","13:42:59",6121800
12400,900,100,"bu","13:42:41",6121700
12400,900,200,"bu","13:42:40",6121600
12400,900,20000,"bu","13:42:20",6121400
12400,900,3000,"bu","13:42:19",6101400
12400,900,300,"bu","13:41:49",6098400
12400,900,1000,"bu","13:41:44",6098100
12400,900,1000,"bu","13:41:11",6097100
12400,900,3000,"bu","13:40:33",6096100
12400,900,1000,"bu","13:40:31",6093100
12400,900,1100,"bu","13:40:22",6092100
12400,900,10000,"bu","13:40:03",6091000
12400,900,1000,"bu","13:39:42",6081000
12400,900,16600,"bu","13:39:39",6080000
12400,900,10000,"bu","13:39:20",6063400
12400,900,1400,"bu","13:39:12",6053400
12400,900,200,"bu","13:38:44",6052000
12400,900,10000,"bu","13:38:36",6051800
12400,900,11200,"bu","13:38:23",6041800
12400,900,100,"bu","13:38:13",6030600
12300,800,2000,"sd","13:37:31",6030500
12300,800,1000,"sd","13:36:25",6028500
12300,800,41000,"sd","13:36:18",6027500
12300,800,500,"sd","13:36:12",5986500
12300,800,5000,"sd","13:35:18",5986000
12300,800,500,"sd","13:34:47",5981000
12300,800,3000,"sd","13:34:06",5980500
12400,900,2000,"bu","13:33:56",5977500
12400,900,200,"bu","13:33:49",5975500
12400,900,1500,"bu","13:33:44",5975300
12300,800,100,"sd","13:33:36",5973800
12300,800,1000,"sd","13:33:25",5973700
12300,800,30000,"sd","13:33:21",5972700
12300,800,1000,"sd","13:33:11",5942700
12300,800,2400,"sd","13:33:09",5941700
12300,800,1000,"sd","13:32:56",5939300
12400,900,2000,"bu","13:32:20",5938300
12400,900,800,"bu","13:32:07",5936300
12400,900,100,"bu","13:30:48",5935500
12300,800,500,"sd","13:30:36",5935400
12300,800,2000,"sd","13:29:39",5934900
12300,800,800,"sd","13:29:02",5932900
12300,800,500,"sd","13:28:58",5932100
12400,900,100,"bu","13:28:53",5931600
12400,900,300,"bu","13:28:25",5931500
12400,900,1000,"bu","13:28:20",5931200
12400,900,1000,"bu","13:27:49",5930200
12300,800,100,"sd","13:27:40",5929200
12300,800,100,"sd","13:27:36",5929100
12400,900,6000,"bu","13:27:25",5929000
12400,900,200,"bu","13:27:21",5923000
12400,900,1000,"bu","13:27:20",5922800
12400,900,200,"bu","13:27:15",5921800
12400,900,2000,"bu","13:27:10",5921600
12400,900,1000,"bu","13:27:05",5919600
12400,900,1900,"bu","13:27:02",5918600
12400,900,400,"sd","13:26:33",5916700
12400,900,5000,"sd","13:26:29",5916300
12400,900,1000,"sd","13:26:21",5911300
12400,900,9000,"sd","13:26:19",5910300
12400,900,700,"sd","13:26:11",5901300
12400,900,100,"sd","13:26:06",5900600
12500,1000,2000,"bu","13:26:04",5900500
12400,900,3000,"sd","13:26:00",5898500
12400,900,100,"sd","13:25:44",5895500
12500,1000,200,"bu","13:25:43",5895400
12400,900,35000,"sd","13:25:42",5895200
12400,900,500,"sd","13:25:27",5860200
12500,1000,100,"bu","13:25:11",5859700
12400,900,500,"sd","13:25:07",5859600
12500,1000,500,"bu","13:24:46",5859100
12400,900,10000,"sd","13:24:44",5858600
12500,1000,500,"bu","13:24:27",5848600
12400,900,1400,"sd","13:24:06",5848100
12400,900,30000,"sd","13:23:59",5846700
12400,900,100,"sd","13:23:18",5816700
12400,900,600,"sd","13:23:13",5816600
12400,900,200,"sd","13:23:12",5816000
12500,1000,100,"bu","13:23:07",5815800
12400,900,200,"sd","13:23:04",5815700
12400,900,2000,"sd","13:22:44",5815500
12400,900,500,"sd","13:22:34",5813500
12400,900,1000,"sd","13:22:25",5813000
12500,1000,100,"bu","13:22:13",5812000
12500,1000,100,"bu","13:22:00",5811900
12500,1000,3000,"bu","13:21:37",5811800
12500,1000,400,"bu","13:21:26",5808800
12500,1000,2000,"bu","13:20:42",5808400
12500,1000,100,"bu","13:20:40",5806400
12500,1000,5000,"bu","13:20:10",5806300
12400,900,2200,"sd","13:20:06",5801300
12500,1000,2000,"bu","13:19:54",5799100
12400,900,8000,"sd","13:19:23",5797100
12400,900,300,"sd","13:18:59",5789100
12400,900,300,"sd","13:18:49",5788800
12400,900,100,"sd","13:18:33",5788500
12400,900,100,"sd","13:18:21",5788400
12500,1000,500,"bu","13:18:15",5788300
12400,900,200,"sd","13:18:14",5787800
12400,900,1200,"sd","13:18:12",5787600
12400,900,5000,"sd","13:18:01",5786400
12400,900,1000,"sd","13:17:57",5781400
12500,1000,2000,"bu","13:17:56",5780400
12400,900,100,"sd","13:17:51",5778400
12400,900,200,"sd","13:17:36",5778300
12500,1000,500,"bu","13:17:26",5778100
12400,900,5000,"sd","13:17:21",5777600
12500,1000,1300,"bu","13:17:16",5772600
12500,1000,1500,"bu","13:16:50",5771300
12500,1000,300,"bu","13:16:08",5769800
12500,1000,8000,"bu","13:15:29",5769500
12400,900,1000,"sd","13:15:26",5761500
12400,900,100,"sd","13:15:21",5760500
12400,900,2000,"sd","13:14:27",5760400
12400,900,500,"sd","13:14:21",5758400
12400,900,3000,"bu","13:14:10",5757900
12400,900,15000,"bu","13:14:08",5754900
12400,900,100,"bu","13:13:24",5739900
12400,900,600,"bu","13:13:17",5739800
12400,900,3000,"bu","13:12:47",5739200
12400,900,1100,"bu","13:12:39",5736200
12400,900,2500,"bu","13:12:33",5735100
12400,900,1000,"bu","13:12:20",5732600
12400,900,2000,"bu","13:12:18",5731600
12400,900,1000,"bu","13:12:00",5729600
12400,900,5000,"bu","13:11:24",5728600
12400,900,300,"bu","13:11:13",5723600
12400,900,1000,"bu","13:11:12",5723300
12400,900,4800,"bu","13:11:05",5722300
12400,900,600,"sd","13:10:59",5717500
12500,1000,100,"bu","13:10:58",5716900
12400,900,200,"sd","13:10:51",5716800
12400,900,2000,"sd","13:10:46",5716600
12400,900,100,"sd","13:10:34",5714600
12400,900,1000,"sd","13:10:33",5714500
12400,900,6000,"sd","13:10:29",5713500
12400,900,2000,"sd","13:10:26",5707500
12400,900,200,"sd","13:10:09",5705500
12500,1000,1000,"bu","13:10:07",5705300
12400,900,3000,"sd","13:09:47",5704300
12500,1000,1000,"bu","13:09:26",5701300
12500,1000,1000,"bu","13:09:01",5700300
12500,1000,200,"bu","13:08:58",5699300
12500,1000,4500,"bu","13:08:53",5699100
12500,1000,600,"bu","13:08:29",5694600
12400,900,8000,"bu","13:07:19",5694000
12400,900,100,"bu","13:07:17",5686000
12400,900,500,"bu","13:06:56",5685900
12400,900,600,"bu","13:06:51",5685400
12400,900,50000,"bu","13:06:43",5684800
12400,900,100,"bu","13:06:30",5634800
12300,800,1000,"sd","13:06:28",5634700
12400,900,400,"bu","13:06:27",5633700
12300,800,5600,"sd","13:06:01",5633300
12300,800,900,"sd","13:05:03",5627700
12300,800,500,"sd","13:04:53",5626800
12300,800,57800,"sd","13:04:34",5626300
12300,800,500,"bu","13:04:31",5568500
12300,800,200,"bu","13:04:29",5568000
12300,800,1500,"bu","13:04:24",5567800
12300,800,1000,"bu","13:04:20",5566300
12300,800,8000,"bu","13:04:18",5565300
12200,700,200,"sd","13:03:48",5557300
12300,800,1000,"bu","13:03:47",5557100
12300,800,1000,"bu","13:03:42",5556100
12300,800,1000,"bu","13:03:37",5555100
12200,700,900,"sd","13:03:21",5554100
12200,700,2000,"sd","13:03:19",5553200
12200,700,100,"sd","13:03:17",5551200
12200,700,17000,"sd","13:02:58",5551100
12200,700,20000,"sd","13:02:53",5534100
12200,700,100,"sd","13:02:27",5514100
12200,700,9000,"sd","13:02:12",5514000
12200,700,3000,"sd","13:02:11",5505000
12200,700,3000,"sd","13:02:02",5502000
12200,700,1000,"sd","13:01:44",5499000
12200,700,1000,"sd","13:01:30",5498000
12200,700,100,"sd","13:01:29",5497000
12200,700,100,"sd","13:01:28",5496900
12200,700,2000,"sd","13:01:12",5496800
12200,700,5000,"sd","13:00:42",5494800
12200,700,500,"sd","13:00:39",5489800
12200,700,1000,"sd","13:00:16",5489300
12200,700,5000,"sd","13:00:14",5488300
12200,700,7100,"sd","13:00:13",5483300
12200,700,7300,"sd","13:00:09",5476200
12300,800,2000,"bu","13:00:07",5468900
12200,700,300,"sd","13:00:06",5466900
12200,700,500,"sd","13:00:04",5466600
12200,700,30300,"sd","13:00:03",5466100
12300,800,200,"bu","11:29:43",5435800
12300,800,2100,"bu","11:29:40",5435600
12300,800,300,"bu","11:29:27",5433500
12300,800,100,"bu","11:28:52",5433200
12300,800,2000,"bu","11:28:35",5433100
12300,800,2000,"bu","11:28:34",5431100
12200,700,500,"sd","11:27:54",5429100
12300,800,200,"bu","11:27:40",5428600
12300,800,500,"bu","11:26:32",5428400
12300,800,300,"bu","11:26:14",5427900
12300,800,1000,"bu","11:26:01",5427600
12300,800,800,"bu","11:24:14",5426600
12200,700,500,"sd","11:23:50",5425800
12300,800,1000,"bu","11:23:47",5425300
12200,700,100,"sd","11:23:24",5424300
12200,700,100,"sd","11:22:44",5424200
12200,700,2000,"sd","11:22:09",5424100
12300,800,1000,"bu","11:22:06",5422100
12100,600,20000,"sd","11:20:51",5421100
12100,600,50000,"sd","11:20:47",5401100
12200,700,500,"bu","11:20:42",5351100
12100,600,350000,"sd","11:20:40",5350600
12200,700,300000,"sd","11:20:35",5000600
12200,700,209000,"sd","11:20:28",4700600
12300,800,4000,"sd","11:20:22",4491600
12400,900,5500,"bu","11:20:11",4487600
12300,800,3800,"sd","11:19:48",4482100
12400,900,1000,"bu","11:19:45",4478300
12300,800,2800,"sd","11:19:01",4477300
12400,900,1000,"bu","11:18:53",4474500
12300,800,300,"sd","11:18:16",4473500
12400,900,200,"bu","11:16:18",4473200
12400,900,28900,"sd","11:15:54",4473000
12400,900,7700,"sd","11:15:43",4444100
12400,900,20300,"sd","11:15:40",4436400
12500,1000,100,"bu","11:15:33",4416100
12400,900,1000,"sd","11:15:31",4416000
12400,900,400,"sd","11:15:19",4415000
12400,900,1000,"sd","11:15:15",4414600
12400,900,500,"sd","11:15:05",4413600
12400,900,700,"sd","11:14:42",4413100
12400,900,800,"sd","11:14:27",4412400
12500,1000,200,"bu","11:13:35",4411600
12500,1000,500,"bu","11:13:31",4411400
12500,1000,100,"bu","11:11:53",4410900
12400,900,1000,"sd","11:11:52",4410800
12400,900,500,"sd","11:10:40",4409800
12400,900,200,"sd","11:09:37",4409300
12400,900,200,"sd","11:09:25",4409100
12400,900,10000,"sd","11:09:01",4408900
12400,900,2800,"sd","11:08:52",4398900
12400,900,2000,"sd","11:08:51",4396100
12400,900,400,"sd","11:08:12",4394100
12400,900,500,"sd","11:08:02",4393700
12400,900,2000,"sd","11:07:56",4393200
12400,900,500,"sd","11:07:25",4391200
12400,900,100,"sd","11:06:30",4390700
12400,900,300,"sd","11:06:01",4390600
12400,900,500,"sd","11:05:50",4390300
12400,900,500,"sd","11:05:20",4389800
12400,900,30000,"sd","11:05:13",4389300
12400,900,1000,"sd","11:04:46",4359300
12400,900,1000,"sd","11:04:23",4358300
12400,900,500,"sd","11:04:09",4357300
12400,900,500,"sd","11:03:51",4356800
12400,900,100,"sd","11:03:43",4356300
12400,900,100,"sd","11:03:40",4356200
12400,900,1400,"sd","11:03:32",4356100
12400,900,3700,"sd","11:03:28",4354700
12400,900,500,"sd","11:03:24",4351000
12400,900,1000,"sd","11:03:23",4350500
12400,900,500,"sd","11:02:59",4349500
12400,900,3000,"sd","11:02:42",4349000
12400,900,8000,"sd","11:02:23",4346000
12500,1000,1500,"bu","11:02:13",4338000
12400,900,3000,"sd","11:01:55",4336500
12400,900,200,"sd","11:01:34",4333500
12400,900,2000,"sd","11:01:11",4333300
12400,900,10000,"sd","11:00:57",4331300
12400,900,1000,"sd","11:00:50",4321300
12400,900,3000,"sd","11:00:44",4320300
12400,900,400,"sd","11:00:42",4317300
12400,900,15000,"sd","11:00:40",4316900
12400,900,1800,"sd","11:00:36",4301900
12400,900,10000,"sd","11:00:31",4300100
12400,900,1000,"sd","11:00:04",4290100
12400,900,100,"sd","10:59:09",4289100
12400,900,2000,"sd","10:59:00",4289000
12400,900,2000,"sd","10:58:59",4287000
12500,1000,400,"bu","10:58:47",4285000
12400,900,5000,"sd","10:58:30",4284600
12400,900,500,"sd","10:57:31",4279600
12500,1000,6800,"bu","10:57:13",4279100
12400,900,1000,"sd","10:56:55",4272300
12400,900,200,"sd","10:56:04",4271300
12500,1000,300,"bu","10:55:47",4271100
12500,1000,100,"bu","10:55:31",4270800
12400,900,200,"sd","10:55:16",4270700
12400,900,100,"sd","10:55:13",4270500
12400,900,1000,"sd","10:54:11",4270400
12400,900,1000,"sd","10:53:55",4269400
12400,900,100,"sd","10:53:41",4268400
12400,900,300,"sd","10:53:40",4268300
12400,900,4200,"sd","10:53:02",4268000
12400,900,5000,"sd","10:53:01",4263800
12400,900,1000,"sd","10:52:21",4258800
12400,900,2500,"sd","10:52:18",4257800
12400,900,100,"sd","10:51:31",4255300
12400,900,1000,"sd","10:51:28",4255200
12400,900,17400,"bu","10:51:14",4254200
12400,900,1000,"bu","10:51:12",4236800
12400,900,500,"bu","10:51:08",4235800
12400,900,300,"bu","10:50:50",4235300
12400,900,200,"bu","10:50:39",4235000
12400,900,2000,"bu","10:50:33",4234800
12400,900,500,"bu","10:50:25",4232800
12400,900,500,"bu","10:50:21",4232300
12400,900,8700,"bu","10:50:11",4231800
12400,900,100,"bu","10:50:06",4223100
12400,900,5000,"bu","10:50:04",4223000
12400,900,5000,"bu","10:50:03",4218000
12400,900,400,"bu","10:49:52",4213000
12400,900,100,"bu","10:49:46",4212600
12400,900,33100,"bu","10:49:44",4212500
12400,900,15000,"sd","10:49:29",4179400
12400,900,2000,"sd","10:49:09",4164400
12400,900,300,"sd","10:48:55",4162400
12400,900,500,"sd","10:48:45",4162100
12400,900,100,"sd","10:48:25",4161600
12400,900,100,"sd","10:48:17",4161500
12400,900,200,"sd","10:48:06",4161400
12400,900,500,"sd","10:47:48",4161200
12400,900,45200,"bu","10:47:15",4160700
12400,900,1700,"bu","10:46:44",4115500
12300,800,300,"sd","10:46:19",4113800
12300,800,1000,"sd","10:45:54",4113500
12400,900,10600,"bu","10:45:36",4112500
12400,900,3000,"bu","10:45:35",4101900
12300,800,10000,"sd","10:45:23",4098900
12400,900,100,"bu","10:45:12",4088900
12400,900,500,"bu","10:44:58",4088800
12400,900,5300,"bu","10:44:40",4088300
12400,900,2000,"bu","10:44:27",4083000
12400,900,600,"bu","10:44:24",4081000
12400,900,300,"bu","10:43:58",4080400
12400,900,300,"bu","10:43:41",4080100
12300,800,500,"sd","10:43:15",4079800
12300,800,400,"sd","10:42:42",4079300
12400,900,200,"bu","10:42:13",4078900
12400,900,6400,"bu","10:41:56",4078700
12400,900,100,"bu","10:41:28",4072300
12300,800,1400,"sd","10:41:04",4072200
12300,800,1000,"sd","10:41:01",4070800
12400,900,15000,"bu","10:40:47",4069800
12400,900,100,"bu","10:40:42",4054800
12300,800,2000,"sd","10:40:31",4054700
12400,900,100,"bu","10:40:28",4052700
12400,900,600,"bu","10:40:11",4052600
12400,900,1800,"bu","10:39:32",4052000
12400,900,2500,"bu","10:39:22",4050200
12400,900,2000,"bu","10:38:53",4047700
12300,800,500,"sd","10:38:37",4045700
12300,800,1400,"sd","10:38:30",4045200
12300,800,1000,"sd","10:38:15",4043800
12300,800,100,"sd","10:38:10",4042800
12300,800,3000,"sd","10:38:07",4042700
12300,800,12000,"sd","10:38:04",4039700
12300,800,1000,"sd","10:37:44",4027700
12300,800,10000,"sd","10:37:33",4026700
12300,800,200,"sd","10:37:28",4016700
12300,800,100,"sd","10:37:25",4016500
12300,800,100,"sd","10:37:20",4016400
12300,800,500,"sd","10:36:57",4016300
12300,800,3000,"sd","10:36:50",4015800
12300,800,2000,"sd","10:36:35",4012800
12300,800,300,"sd","10:35:57",4010800
12400,900,800,"bu","10:35:40",4010500
12400,900,1000,"bu","10:35:32",4009700
12300,800,10000,"sd","10:35:10",4008700
12400,900,300,"bu","10:35:08",3998700
12400,900,500,"bu","10:34:52",3998400
12400,900,100,"bu","10:34:30",3997900
12400,900,500,"bu","10:34:12",3997800
12400,900,100,"bu","10:34:08",3997300
12400,900,600,"bu","10:34:02",3997200
12400,900,3000,"bu","10:33:59",3996600
12400,900,1200,"bu","10:33:48",3993600
12300,800,5000,"sd","10:33:40",3992400
12400,900,6600,"bu","10:33:35",3987400
12400,900,20000,"sd","10:33:34",3980800
12400,900,2000,"sd","10:33:33",3960800
12400,900,2000,"sd","10:33:30",3958800
12400,900,700,"sd","10:33:27",3956800
12400,900,10000,"sd","10:33:23",3956100
12400,900,10000,"sd","10:33:22",3946100
12400,900,72300,"sd","10:33:13",3936100
12400,900,4400,"sd","10:33:01",3863800
12400,900,5000,"sd","10:32:50",3859400
12400,900,200,"sd","10:32:49",3854400
12400,900,4300,"sd","10:32:35",3854200
12400,900,100,"sd","10:32:30",3849900
12500,1000,500,"bu","10:32:20",3849800
12500,1000,4100,"bu","10:32:19",3849300
12500,1000,300,"bu","10:32:18",3845200
12500,1000,200,"bu","10:32:09",3844900
12500,1000,300,"bu","10:31:59",3844700
12500,1000,400,"bu","10:31:38",3844400
12400,900,2800,"sd","10:31:01",3844000
12400,900,3000,"sd","10:30:59",3841200
12500,1000,3700,"bu","10:30:57",3838200
12400,900,1100,"sd","10:30:44",3834500
12400,900,1000,"sd","10:30:18",3833400
12400,900,1000,"sd","10:30:15",3832400
12400,900,500,"sd","10:30:00",3831400
12400,900,800,"sd","10:29:50",3830900
12400,900,1600,"sd","10:29:49",3830100
12400,900,800,"sd","10:29:44",3828500
12400,900,1000,"sd","10:29:43",3827700
12400,900,1000,"sd","10:29:22",3826700
12400,900,20000,"sd","10:29:15",3825700
12400,900,200,"sd","10:28:28",3805700
12400,900,500,"sd","10:28:21",3805500
12400,900,10000,"sd","10:28:05",3805000
12400,900,1000,"sd","10:28:04",3795000
12400,900,2000,"sd","10:28:02",3794000
12400,900,1000,"sd","10:27:57",3792000
12400,900,400,"sd","10:27:55",3791000
12400,900,500,"sd","10:27:49",3790600
12400,900,400,"sd","10:27:46",3790100
12400,900,2000,"sd","10:27:45",3789700
12400,900,5000,"sd","10:27:40",3787700
12400,900,1000,"sd","10:27:35",3782700
12400,900,6000,"sd","10:27:30",3781700
12400,900,5000,"sd","10:27:14",3775700
12400,900,300,"sd","10:26:57",3770700
12400,900,2500,"sd","10:26:45",3770400
12500,1000,500,"bu","10:26:39",3767900
12400,900,1000,"sd","10:26:35",3767400
12400,900,1000,"sd","10:26:27",3766400
12400,900,4000,"sd","10:26:11",3765400
12400,900,1000,"sd","10:25:51",3761400
12500,1000,100,"bu","10:25:40",3760400
12500,1000,400,"bu","10:25:33",3760300
12500,1000,1000,"bu","10:25:00",3759900
12500,1000,1500,"bu","10:24:56",3758900
12500,1000,500,"bu","10:24:35",3757400
12500,1000,100,"bu","10:24:30",3756900
12500,1000,2000,"bu","10:24:01",3756800
12500,1000,500,"bu","10:23:56",3754800
12500,1000,200,"bu","10:23:54",3754300
12500,1000,100,"bu","10:23:34",3754100
12500,1000,100,"bu","10:23:28",3754000
12500,1000,3000,"bu","10:23:17",3753900
12500,1000,3000,"bu","10:23:16",3750900
12400,900,3000,"sd","10:23:14",3747900
12500,1000,500,"bu","10:22:52",3744900
12500,1000,500,"bu","10:22:37",3744400
12500,1000,800,"bu","10:22:11",3743900
12500,1000,1000,"bu","10:22:02",3743100
12500,1000,57600,"sd","10:21:44",3742100
12500,1000,2000,"sd","10:21:41",3684500
12500,1000,100,"sd","10:21:40",3682500
12500,1000,10000,"sd","10:21:39",3682400
12500,1000,500,"sd","10:21:33",3672400
12500,1000,100,"sd","10:21:30",3671900
12500,1000,1500,"sd","10:21:27",3671800
12500,1000,600,"sd","10:21:23",3670300
12500,1000,5000,"sd","10:21:13",3669700
12500,1000,200,"sd","10:21:12",3664700
12500,1000,7500,"sd","10:21:01",3664500
12500,1000,900,"sd","10:20:54",3657000
12500,1000,1000,"sd","10:20:53",3656100
12500,1000,1000,"sd","10:20:52",3655100
12500,1000,1100,"sd","10:20:47",3654100
12500,1000,2100,"sd","10:20:43",3653000
12500,1000,1000,"sd","10:20:40",3650900
12500,1000,500,"sd","10:20:38",3649900
12500,1000,400,"sd","10:20:25",3649400
12600,1100,900,"bu","10:20:21",3649000
12600,1100,200,"bu","10:20:05",3648100
12600,1100,100,"bu","10:19:52",3647900
12600,1100,3500,"bu","10:19:42",3647800
12600,1100,1000,"bu","10:19:30",3644300
12500,1000,1000,"sd","10:19:26",3643300
12600,1100,2500,"bu","10:19:21",3642300
12600,1100,800,"bu","10:19:20",3639800
12600,1100,300,"bu","10:19:19",3639000
12600,1100,400,"bu","10:19:10",3638700
12600,1100,100,"bu","10:19:09",3638300
12600,1100,1000,"bu","10:19:06",3638200
12600,1100,1100,"bu","10:19:03",3637200
12600,1100,500,"bu","10:19:01",3636100
12600,1100,200,"bu","10:19:00",3635600
12600,1100,5000,"bu","10:18:48",3635400
12600,1100,600,"bu","10:18:25",3630400
12500,1000,1000,"sd","10:18:18",3629800
12500,1000,700,"sd","10:18:00",3628800
12500,1000,1000,"sd","10:17:49",3628100
12500,1000,3000,"sd","10:17:44",3627100
12500,1000,5000,"sd","10:17:33",3624100
12500,1000,100,"sd","10:17:30",3619100
12600,1100,2000,"bu","10:17:25",3619000
12600,1100,1000,"bu","10:17:13",3617000
12500,1000,100,"sd","10:17:10",3616000
12600,1100,1400,"bu","10:17:06",3615900
12500,1000,1000,"sd","10:17:00",3614500
12600,1100,200,"bu","10:16:46",3613500
12500,1000,1000,"sd","10:16:42",3613300
12500,1000,100,"sd","10:16:33",3612300
12600,1100,200,"bu","10:16:30",3612200
12500,1000,3000,"sd","10:16:26",3612000
12500,1000,1000,"sd","10:16:19",3609000
12500,1000,20000,"sd","10:16:17",3608000
12500,1000,100,"sd","10:16:07",3588000
12500,1000,1400,"sd","10:15:39",3587900
12600,1100,4000,"bu","10:15:38",3586500
12600,1100,400,"bu","10:15:36",3582500
12600,1100,500,"bu","10:15:34",3582100
12600,1100,300,"bu","10:15:10",3581600
12600,1100,500,"bu","10:14:55",3581300
12600,1100,16500,"bu","10:14:46",3580800
12600,1100,1000,"bu","10:14:40",3564300
12600,1100,500,"bu","10:14:13",3563300
12600,1100,8500,"bu","10:14:05",3562800
12600,1100,500,"bu","10:14:04",3554300
12600,1100,600,"bu","10:13:59",3553800
12500,1000,500,"sd","10:13:57",3553200
12600,1100,1000,"bu","10:13:39",3552700
12600,1100,2000,"bu","10:13:38",3551700
12600,1100,2000,"bu","10:13:35",3549700
12600,1100,4100,"sd","10:13:34",3547700
12600,1100,100,"sd","10:13:33",3543600
12600,1100,1800,"sd","10:13:27",3543500
12600,1100,100,"sd","10:13:22",3541700
12600,1100,100,"sd","10:13:17",3541600
12600,1100,300,"sd","10:13:13",3541500
12600,1100,4700,"sd","10:13:11",3541200
12600,1100,500,"sd","10:13:07",3536500
12600,1100,500,"sd","10:13:05",3536000
12600,1100,7300,"bu","10:13:04",3535500
12500,1000,200,"sd","10:13:00",3528200
12600,1100,45000,"bu","10:12:59",3528000
12500,1000,1000,"sd","10:12:47",3483000
12500,1000,100,"sd","10:12:46",3482000
12500,1000,100,"sd","10:12:44",3481900
12500,1000,2000,"sd","10:12:41",3481800
12500,1000,500,"sd","10:12:38",3479800
12500,1000,100,"sd","10:12:35",3479300
12500,1000,100,"sd","10:12:32",3479200
12500,1000,300,"sd","10:12:19",3479100
12500,1000,200,"sd","10:12:18",3478800
12500,1000,6100,"sd","10:12:16",3478600
12500,1000,10000,"bu","10:12:12",3472500
12500,1000,5000,"bu","10:12:09",3462500
12500,1000,3500,"bu","10:12:07",3457500
12500,1000,5000,"bu","10:12:03",3454000
12500,1000,3600,"bu","10:12:00",3449000
12500,1000,10000,"bu","10:11:59",3445400
12500,1000,2000,"bu","10:11:55",3435400
12500,1000,200,"bu","10:11:51",3433400
12500,1000,1600,"bu","10:11:49",3433200
12500,1000,100,"bu","10:11:45",3431600
12500,1000,2900,"bu","10:11:42",3431500
12500,1000,1000,"bu","10:11:40",3428600
12500,1000,2000,"bu","10:11:39",3427600
12500,1000,500,"bu","10:11:34",3425600
12500,1000,300,"bu","10:11:27",3425100
12500,1000,4800,"bu","10:11:19",3424800
12500,1000,100,"bu","10:11:18",3420000
12500,1000,400,"bu","10:11:17",3419900
12500,1000,4100,"bu","10:11:12",3419500
12500,1000,1200,"bu","10:11:11",3415400
12500,1000,2000,"bu","10:11:09",3414200
12500,1000,500,"bu","10:11:06",3412200
12500,1000,5500,"bu","10:11:02",3411700
12500,1000,3700,"bu","10:10:59",3406200
12500,1000,300,"bu","10:10:57",3402500
12500,1000,1000,"bu","10:10:52",3402200
12500,1000,4400,"bu","10:10:51",3401200
12500,1000,400,"bu","10:10:40",3396800
12500,1000,2000,"bu","10:10:39",3396400
12500,1000,300,"bu","10:10:35",3394400
12400,900,5000,"sd","10:10:29",3394100
12400,900,1000,"sd","10:10:28",3389100
12400,900,500,"sd","10:10:21",3388100
12500,1000,2000,"bu","10:10:14",3387600
12400,900,300,"sd","10:10:13",3385600
12400,900,4400,"sd","10:10:10",3385300
12400,900,20000,"sd","10:10:07",3380900
12400,900,300,"sd","10:10:06",3360900
12500,1000,1000,"bu","10:10:03",3360600
12500,1000,200,"bu","10:09:55",3359600
12400,900,500,"sd","10:09:48",3359400
12500,1000,2500,"bu","10:09:33",3358900
12400,900,500,"sd","10:09:30",3356400
12400,900,100,"sd","10:09:13",3355900
12400,900,1000,"sd","10:09:12",3355800
12400,900,2500,"sd","10:09:05",3354800
12400,900,1000,"sd","10:08:58",3352300
12500,1000,400,"bu","10:08:56",3351300
12400,900,100,"sd","10:08:54",3350900
12400,900,6000,"sd","10:08:50",3350800
12400,900,1500,"sd","10:08:42",3344800
12400,900,1000,"sd","10:08:38",3343300
12500,1000,10400,"bu","10:08:37",3342300
12500,1000,2100,"bu","10:08:27",3331900
12400,900,5000,"sd","10:08:17",3329800
12400,900,2000,"sd","10:08:16",3324800
12500,1000,500,"bu","10:08:04",3322800
12500,1000,5000,"bu","10:08:03",3322300
12500,1000,100,"bu","10:07:55",3317300
12500,1000,7000,"unknown","10:07:53",3317200
12500,1000,400,"sd","10:07:51",3310200
12500,1000,36000,"sd","10:07:49",3309800
12500,1000,9400,"sd","10:07:47",3273800
12500,1000,1500,"sd","10:07:43",3264400
12600,1100,1000,"bu","10:07:42",3262900
12500,1000,5000,"sd","10:07:41",3261900
12500,1000,1100,"sd","10:07:39",3256900
12600,1100,100,"bu","10:07:33",3255800
12600,1100,13000,"sd","10:07:29",3255700
12600,1100,5000,"sd","10:07:28",3242700
12600,1100,6000,"sd","10:07:26",3237700
12600,1100,5800,"sd","10:07:25",3231700
12600,1100,500,"sd","10:07:24",3225900
12600,1100,2000,"sd","10:07:23",3225400
12600,1100,1000,"sd","10:07:22",3223400
12700,1200,100,"bu","10:07:21",3222400
12600,1100,1600,"sd","10:07:19",3222300
12700,1200,100,"bu","10:07:16",3220700
12700,1200,100,"bu","10:07:10",3220600
12800,1300,2800,"bu","10:07:09",3220500
12700,1200,3200,"bu","10:07:08",3217700
12700,1200,2000,"sd","10:07:07",3214500
12700,1200,10600,"sd","10:07:05",3212500
12700,1200,200,"sd","10:07:04",3201900
12800,1300,20700,"bu","10:07:01",3201700
12700,1200,6500,"bu","10:06:59",3181000
12700,1200,3000,"sd","10:06:58",3174500
12800,1300,100,"bu","10:06:57",3171500
12700,1200,10000,"sd","10:06:56",3171400
12800,1300,1000,"bu","10:06:54",3161400
12800,1300,100,"bu","10:06:52",3160400
12800,1300,15000,"bu","10:06:48",3160300
12800,1300,1000,"bu","10:06:41",3145300
12800,1300,700,"bu","10:06:39",3144300
12800,1300,5000,"sd","10:06:38",3143600
12900,1400,5000,"bu","10:06:37",3138600
12800,1300,7500,"sd","10:06:34",3133600
12800,1300,500,"sd","10:06:27",3126100
12900,1400,100,"bu","10:06:26",3125600
12900,1400,1000,"bu","10:06:25",3125500
12900,1400,100,"bu","10:06:24",3124500
12900,1400,1000,"bu","10:06:20",3124400
12900,1400,10100,"bu","10:06:19",3123400
12800,1300,7000,"sd","10:06:18",3113300
12900,1400,100,"bu","10:06:15",3106300
12900,1400,2100,"bu","10:06:12",3106200
12900,1400,46900,"bu","10:06:10",3104100
12900,1400,4000,"bu","10:06:08",3057200
12800,1300,500,"sd","10:06:06",3053200
12900,1400,1000,"bu","10:06:04",3052700
12900,1400,500,"bu","10:06:02",3051700
12900,1400,100,"bu","10:06:00",3051200
12900,1400,200,"bu","10:05:59",3051100
12900,1400,300,"bu","10:05:58",3050900
12900,1400,300,"bu","10:05:56",3050600
12800,1300,100,"sd","10:05:55",3050300
12800,1300,500,"sd","10:05:54",3050200
12900,1400,3000,"bu","10:05:53",3049700
12900,1400,17900,"bu","10:05:49",3046700
12800,1300,100,"sd","10:05:45",3028800
12800,1300,10600,"bu","10:05:44",3028700
12800,1300,5000,"bu","10:05:43",3018100
12800,1300,1000,"bu","10:05:42",3013100
12700,1200,8500,"sd","10:05:41",3012100
12800,1300,2800,"bu","10:05:38",3003600
12800,1300,5000,"bu","10:05:35",3000800
12700,1200,200,"sd","10:05:34",2995800
12800,1300,500,"bu","10:05:33",2995600
12700,1200,10000,"sd","10:05:32",2995100
12800,1300,6600,"sd","10:05:31",2985100
12800,1300,200,"sd","10:05:29",2978500
12800,1300,9200,"sd","10:05:28",2978300
12800,1300,1500,"bu","10:05:26",2969100
12800,1300,6000,"bu","10:05:24",2967600
12700,1200,5000,"sd","10:05:23",2961600
12800,1300,1000,"bu","10:05:20",2956600
12800,1300,3000,"bu","10:05:18",2955600
12700,1200,100,"sd","10:05:17",2952600
12800,1300,600,"bu","10:05:16",2952500
12700,1200,1000,"sd","10:05:11",2951900
12700,1200,500,"sd","10:05:08",2950900
12800,1300,10000,"bu","10:05:07",2950400
12700,1200,200,"bu","10:05:06",2940400
12700,1200,3000,"bu","10:05:01",2940200
12600,1100,2000,"sd","10:04:58",2937200
12600,1100,10000,"sd","10:04:56",2935200
12600,1100,3200,"sd","10:04:55",2925200
12600,1100,11300,"bu","10:04:51",2922000
12600,1100,1000,"bu","10:04:50",2910700
12600,1100,200,"bu","10:04:49",2909700
12600,1100,8000,"bu","10:04:46",2909500
12500,1000,1000,"sd","10:04:44",2901500
12500,1000,2500,"sd","10:04:43",2900500
12500,1000,700,"sd","10:04:42",2898000
12500,1000,100,"sd","10:04:40",2897300
12500,1000,20000,"bu","10:04:39",2897200
12500,1000,6900,"bu","10:04:38",2877200
12500,1000,2900,"bu","10:04:37",2870300
12500,1000,300,"bu","10:04:36",2867400
12500,1000,22000,"bu","10:04:35",2867100
12500,1000,6000,"bu","10:04:34",2845100
12500,1000,45000,"bu","10:04:33",2839100
12500,1000,600,"bu","10:04:32",2794100
12500,1000,400,"bu","10:04:31",2793500
12500,1000,2000,"bu","10:04:30",2793100
12400,900,2000,"sd","10:04:29",2791100
12400,900,900,"sd","10:04:28",2789100
12400,900,10000,"bu","10:04:27",2788200
12400,900,1000,"bu","10:04:23",2778200
12400,900,14000,"bu","10:04:22",2777200
12300,800,11200,"bu","10:04:21",2763200
12300,800,18500,"bu","10:04:20",2752000
12300,800,15000,"bu","10:04:18",2733500
12300,800,10700,"bu","10:04:15",2718500
12200,700,11300,"bu","10:04:14",2707800
12200,700,10000,"bu","10:04:13",2696500
12200,700,500,"bu","10:04:12",2686500
12200,700,400,"bu","10:04:10",2686000
12200,700,10000,"bu","10:04:09",2685600
12200,700,4400,"bu","10:04:08",2675600
12200,700,300,"bu","10:04:06",2671200
12200,700,6000,"bu","10:04:04",2670900
12200,700,60000,"bu","10:04:03",2664900
12100,600,1100,"sd","10:04:00",2604900
12200,700,2000,"bu","10:03:59",2603800
12100,600,1200,"sd","10:03:58",2601800
12200,700,100,"bu","10:03:56",2600600
12200,700,3000,"bu","10:03:55",2600500
12100,600,2000,"sd","10:03:51",2597500
12100,600,100,"sd","10:03:50",2595500
12100,600,200,"sd","10:03:49",2595400
12100,600,3000,"sd","10:03:48",2595200
12100,600,3000,"bu","10:03:47",2592200
12000,500,6000,"sd","10:03:41",2589200
12100,600,17900,"bu","10:03:39",2583200
12000,500,294300,"sd","10:03:34",2565300
12000,500,100,"bu","10:03:33",2271000
11900,400,200,"sd","10:03:28",2270900
11900,400,106900,"sd","10:03:10",2270700
11900,400,1500,"bu","10:03:09",2163800
11900,400,2100,"bu","10:03:08",2162300
11900,400,14600,"bu","10:03:07",2160200
11900,400,5000,"bu","10:03:06",2145600
11900,400,28000,"bu","10:03:05",2140600
11900,400,1000,"bu","10:03:04",2112600
11900,400,3000,"bu","10:03:03",2111600
11900,400,4200,"bu","10:03:02",2108600
11900,400,26500,"bu","10:03:01",2104400
11900,400,3000,"bu","10:03:00",2077900
11900,400,23000,"bu","10:02:58",2074900
11900,400,1000,"bu","10:02:55",2051900
11900,400,1000,"bu","10:02:46",2050900
11900,400,1200,"bu","10:02:44",2049900
11900,400,2400,"bu","10:02:43",2048700
11900,400,1000,"bu","10:02:42",2046300
11900,400,2700,"bu","10:02:38",2045300
11900,400,1000,"bu","10:02:36",2042600
11900,400,300,"bu","10:02:34",2041600
11900,400,400,"bu","10:02:33",2041300
11900,400,5000,"bu","10:02:29",2040900
11900,400,1000,"bu","10:02:27",2035900
11900,400,10000,"bu","10:02:26",2034900
11900,400,600,"bu","10:02:25",2024900
11900,400,4400,"bu","10:02:23",2024300
11900,400,1200,"bu","10:02:20",2019900
11900,400,2000,"bu","10:02:19",2018700
11900,400,400,"bu","10:02:13",2016700
11900,400,7000,"bu","10:02:06",2016300
11800,300,100,"sd","10:01:59",2009300
11800,300,38100,"bu","10:01:54",2009200
11800,300,18900,"bu","10:01:53",1971100
11800,300,64000,"bu","10:01:51",1952200
11800,300,60000,"bu","10:01:50",1888200
11800,300,5000,"bu","10:01:48",1828200
11800,300,100,"bu","10:01:47",1823200
11800,300,18100,"bu","10:01:45",1823100
11800,300,4000,"bu","10:01:43",1805000
11800,300,6000,"bu","10:01:42",1801000
11800,300,100,"bu","10:01:41",1795000
11800,300,100,"bu","10:01:37",1794900
11800,300,25000,"bu","10:01:35",1794800
11800,300,4400,"bu","10:01:31",1769800
11800,300,10900,"bu","10:01:29",1765400
11800,300,6000,"bu","10:01:26",1754500
11800,300,1000,"bu","10:01:24",1748500
11800,300,34800,"bu","10:01:23",1747500
11800,300,100,"bu","10:01:22",1712700
11800,300,1000,"bu","10:01:10",1712600
11800,300,1000,"bu","10:01:06",1711600
11800,300,3000,"bu","10:01:05",1710600
11800,300,2800,"bu","10:01:01",1707600
11800,300,15800,"bu","10:00:58",1704800
11800,300,2000,"bu","10:00:57",1689000
11800,300,500,"bu","10:00:48",1687000
11800,300,8000,"bu","10:00:47",1686500
11800,300,500,"bu","10:00:45",1678500
11800,300,200,"bu","10:00:39",1678000
11800,300,1000,"bu","10:00:36",1677800
11800,300,1000,"bu","10:00:23",1676800
11800,300,100,"bu","10:00:13",1675800
11800,300,20000,"bu","09:59:55",1675700
11800,300,100,"bu","09:59:50",1655700
11700,200,8000,"sd","09:59:20",1655600
11700,200,5600,"sd","09:59:04",1647600
11700,200,100,"bu","09:59:03",1642000
11700,200,300,"bu","09:59:02",1641900
11700,200,1000,"sd","09:58:59",1641600
11700,200,600,"sd","09:58:55",1640600
11700,200,78000,"sd","09:58:38",1640000
11700,200,1000,"sd","09:58:25",1562000
11700,200,4000,"sd","09:58:20",1561000
11700,200,1000,"sd","09:58:08",1557000
11700,200,3000,"sd","09:58:01",1556000
11700,200,2300,"sd","09:58:00",1553000
11700,200,2700,"sd","09:57:59",1550700
11700,200,2000,"sd","09:57:56",1548000
11700,200,15000,"sd","09:57:47",1546000
11700,200,81000,"sd","09:57:36",1531000
11700,200,6000,"sd","09:57:16",1450000
11700,200,100,"sd","09:56:57",1444000
11700,200,200,"sd","09:56:53",1443900
11800,300,7000,"bu","09:56:47",1443700
11700,200,300,"sd","09:56:32",1436700
11700,200,4700,"sd","09:56:24",1436400
11700,200,300,"sd","09:56:21",1431700
11700,200,30000,"sd","09:55:48",1431400
11800,300,1000,"bu","09:55:44",1401400
11700,200,2000,"sd","09:55:43",1400400
11700,200,100,"sd","09:55:37",1398400
11700,200,5000,"sd","09:55:34",1398300
11700,200,2000,"sd","09:55:30",1393300
11700,200,133000,"sd","09:55:18",1391300
11700,200,500,"sd","09:55:13",1258300
11700,200,4000,"sd","09:54:50",1257800
11800,300,100,"bu","09:54:49",1253800
11700,200,14300,"sd","09:54:48",1253700
11700,200,500,"sd","09:54:40",1239400
11700,200,20000,"sd","09:54:33",1238900
11700,200,1000,"sd","09:54:28",1218900
11700,200,20000,"sd","09:54:27",1217900
11700,200,100,"sd","09:54:18",1197900
11700,200,2000,"sd","09:53:57",1197800
11700,200,200,"sd","09:53:26",1195800
11700,200,5000,"sd","09:53:23",1195600
11700,200,1000,"sd","09:53:03",1190600
11700,200,500,"sd","09:53:02",1189600
11800,300,100,"bu","09:53:01",1189100
11700,200,2000,"sd","09:52:49",1189000
11700,200,1000,"sd","09:52:48",1187000
11700,200,500,"sd","09:52:43",1186000
11700,200,500,"sd","09:52:18",1185500
11700,200,500,"sd","09:51:59",1185000
11700,200,500,"sd","09:51:52",1184500
11700,200,3000,"sd","09:51:47",1184000
11800,300,100,"bu","09:51:36",1181000
11700,200,8000,"sd","09:51:33",1180900
11700,200,600,"sd","09:51:04",1172900
11700,200,3000,"sd","09:50:45",1172300
11700,200,300,"sd","09:50:41",1169300
11700,200,900,"sd","09:50:25",1169000
11700,200,300,"sd","09:50:24",1168100
11700,200,1000,"sd","09:50:19",1167800
11700,200,100,"sd","09:49:54",1166800
11800,300,4000,"bu","09:49:49",1166700
11800,300,200,"bu","09:49:39",1162700
11800,300,5000,"bu","09:49:31",1162500
11800,300,100,"bu","09:49:15",1157500
11700,200,1500,"sd","09:49:12",1157400
11800,300,200,"bu","09:48:54",1155900
11800,300,7400,"bu","09:48:53",1155700
11800,300,5000,"bu","09:48:47",1148300
11700,200,200,"sd","09:48:46",1143300
11800,300,17000,"bu","09:48:28",1143100
11800,300,1500,"bu","09:48:18",1126100
11800,300,200,"bu","09:48:11",1124600
11700,200,1000,"sd","09:48:01",1124400
11700,200,3000,"sd","09:47:52",1123400
11700,200,21000,"sd","09:47:39",1120400
11700,200,1500,"sd","09:47:36",1099400
11800,300,1000,"bu","09:47:31",1097900
11800,300,20000,"bu","09:47:28",1096900
11800,300,500,"bu","09:47:18",1076900
11800,300,100,"bu","09:47:13",1076400
11800,300,5000,"bu","09:47:10",1076300
11800,300,20000,"bu","09:46:45",1071300
11800,300,300,"bu","09:46:36",1051300
11800,300,7000,"bu","09:46:32",1051000
11800,300,100,"bu","09:46:27",1044000
11800,300,100,"bu","09:46:17",1043900
11800,300,7000,"bu","09:46:14",1043800
11800,300,1000,"bu","09:46:04",1036800
11800,300,5000,"bu","09:45:55",1035800
11800,300,300,"bu","09:45:41",1030800
11800,300,1000,"bu","09:45:29",1030500
11800,300,5000,"bu","09:45:14",1029500
11800,300,10000,"bu","09:45:09",1024500
11700,200,500,"sd","09:44:53",1014500
11700,200,4000,"sd","09:44:51",1014000
11700,200,400,"sd","09:44:47",1010000
11700,200,600,"sd","09:44:46",1009600
11700,200,1000,"sd","09:44:40",1009000
11700,200,3000,"sd","09:44:15",1008000
11700,200,20300,"sd","09:44:10",1005000
11700,200,100,"bu","09:44:09",984700
11700,200,30100,"bu","09:44:08",984600
11700,200,2000,"bu","09:44:03",954500
11700,200,100,"bu","09:43:58",952500
11700,200,4200,"bu","09:43:57",952400
11700,200,20000,"bu","09:43:54",948200
11700,200,5000,"bu","09:43:51",928200
11600,100,100,"sd","09:43:45",923200
11700,200,22000,"bu","09:43:43",923100
11700,200,86000,"bu","09:43:40",901100
11700,200,50000,"bu","09:43:35",815100
11700,200,1500,"bu","09:43:16",765100
11700,200,7000,"bu","09:43:09",763600
11700,200,1500,"bu","09:42:49",756600
11700,200,5000,"bu","09:42:20",755100
11600,100,6000,"sd","09:42:19",750100
11700,200,7800,"bu","09:42:06",744100
11600,100,500,"sd","09:42:05",736300
11600,100,100,"sd","09:41:52",735800
11600,100,100,"sd","09:41:01",735700
11600,100,7000,"sd","09:40:33",735600
11600,100,100,"sd","09:40:21",728600
11700,200,100,"bu","09:40:20",728500
11600,100,5000,"sd","09:39:50",728400
11700,200,6000,"bu","09:39:47",723400
11600,100,1200,"sd","09:39:46",717400
11600,100,1500,"sd","09:39:36",716200
11600,100,100,"sd","09:39:29",714700
11600,100,500,"sd","09:39:25",714600
11600,100,3000,"sd","09:39:24",714100
11600,100,5000,"sd","09:39:11",711100
11700,200,100,"bu","09:38:55",706100
11600,100,100,"sd","09:38:45",706000
11600,100,10500,"bu","09:38:22",705900
11600,100,8000,"bu","09:38:19",695400
11600,100,500,"bu","09:38:14",687400
11600,100,2000,"bu","09:38:09",686900
11600,100,130000,"bu","09:37:58",684900
11600,100,10000,"bu","09:37:19",554900
11600,100,500,"bu","09:37:06",544900
11600,100,400,"bu","09:36:45",544400
11600,100,2200,"bu","09:36:43",544000
11600,100,500,"bu","09:36:40",541800
11600,100,100,"bu","09:36:35",541300
11600,100,500,"bu","09:36:15",541200
11500,0,200,"sd","09:36:13",540700
11600,100,2000,"bu","09:36:10",540500
11600,100,5000,"bu","09:36:03",538500
11600,100,7000,"bu","09:35:42",533500
11500,0,2000,"sd","09:34:12",526500
11600,100,4100,"bu","09:34:10",524500
11600,100,2000,"bu","09:33:27",520400
11600,100,200,"bu","09:33:17",518400
11600,100,200,"bu","09:31:55",518200
11500,0,1000,"sd","09:31:50",518000
11500,0,100,"sd","09:31:12",517000
11600,100,100,"bu","09:30:40",516900
11500,0,1600,"bu","09:29:32",516800
11500,0,3000,"bu","09:29:31",515200
11500,0,4000,"bu","09:29:22",512200
11500,0,500,"bu","09:29:15",508200
11500,0,1000,"bu","09:29:08",507700
11500,0,1000,"bu","09:28:53",506700
11500,0,1000,"bu","09:28:49",505700
11500,0,5000,"bu","09:28:35",504700
11500,0,500,"bu","09:28:34",499700
11400,-100,1000,"sd","09:28:30",499200
11400,-100,2700,"bu","09:27:47",498200
11400,-100,47300,"bu","09:27:38",495500
11400,-100,500,"sd","09:27:32",448200
11400,-100,10000,"sd","09:27:28",447700
11400,-100,10000,"sd","09:27:21",437700
11400,-100,10000,"sd","09:27:03",427700
11400,-100,5000,"sd","09:26:59",417700
11400,-100,500,"sd","09:26:53",412700
11400,-100,200,"sd","09:26:18",412200
11400,-100,100,"sd","09:26:11",412000
11400,-100,5000,"sd","09:25:44",411900
11400,-100,400,"sd","09:25:37",406900
11400,-100,10500,"sd","09:25:29",406500
11400,-100,300,"sd","09:25:21",396000
11400,-100,4500,"sd","09:25:20",395700
11400,-100,1000,"sd","09:24:44",391200
11400,-100,200,"sd","09:24:11",390200
11400,-100,1000,"sd","09:24:03",390000
11500,0,2600,"bu","09:23:39",389000
11500,0,1500,"bu","09:22:38",386400
11500,0,10200,"bu","09:22:28",384900
11500,0,1000,"sd","09:22:27",374700
11500,0,22200,"sd","09:22:26",373700
11500,0,3400,"sd","09:22:25",351500
11500,0,9000,"sd","09:22:18",348100
11500,0,2000,"sd","09:22:13",339100
11500,0,1500,"sd","09:22:12",337100
11500,0,1800,"sd","09:22:08",335600
11500,0,3300,"sd","09:22:00",333800
11500,0,1000,"sd","09:21:57",330500
11500,0,1300,"sd","09:21:56",329500
11500,0,2200,"sd","09:21:27",328200
11500,0,2000,"sd","09:21:17",326000
11500,0,200,"sd","09:21:13",324000
11500,0,1000,"sd","09:21:11",323800
11500,0,4600,"sd","09:20:56",322800
11600,100,500,"bu","09:20:51",318200
11500,0,100,"sd","09:20:49",317700
11600,100,2000,"bu","09:20:31",317600
11600,100,2300,"bu","09:20:30",315600
11600,100,1000,"bu","09:20:10",313300
11600,100,1000,"bu","09:19:19",312300
11600,100,1400,"sd","09:19:14",311300
11600,100,100,"sd","09:19:07",309900
11600,100,1000,"sd","09:19:01",309800
11600,100,10200,"sd","09:18:57",308800
11600,100,500,"sd","09:18:47",298600
11600,100,1000,"sd","09:18:43",298100
11700,200,10000,"bu","09:18:41",297100
11600,100,100,"sd","09:18:39",287100
11600,100,10000,"sd","09:18:34",287000
11600,100,10000,"sd","09:18:15",277000
11700,200,7000,"bu","09:17:26",267000
11600,100,16200,"bu","09:17:24",260000
11600,100,8000,"bu","09:17:19",243800
11600,100,54400,"sd","09:17:14",235800
11600,100,100,"sd","09:17:06",181400
11600,100,6000,"bu","09:17:04",181300
11600,100,300,"bu","09:17:01",175300
11600,100,200,"bu","09:17:00",175000
11600,100,900,"bu","09:16:59",174800
11600,100,50000,"bu","09:16:57",173900
11600,100,5000,"bu","09:16:37",123900
11600,100,2000,"bu","09:16:34",118900
11600,100,5000,"bu","09:16:27",116900
11600,100,200,"bu","09:16:22",111900
11600,100,10000,"bu","09:16:14",111700
11600,100,4000,"bu","09:16:09",101700
11600,100,2000,"bu","09:16:08",97700
11600,100,10000,"bu","09:16:00",95700
11600,100,2500,"bu","09:15:14",85700
11600,100,6000,"bu","09:15:07",83200
11600,100,200,"bu","09:14:50",77200
11600,100,2000,"bu","09:13:15",77000
11600,100,500,"bu","09:13:08",75000
11600,100,10000,"bu","09:13:03",74500
11600,100,2500,"bu","09:12:23",64500
11500,0,1000,"sd","09:12:20",62000
11500,0,600,"sd","09:12:02",61000
11600,100,100,"bu","09:11:44",60400
11600,100,8000,"bu","09:11:11",60300
11600,100,10000,"bu","09:09:08",52300
11600,100,100,"bu","09:08:40",42300
11600,100,3000,"bu","09:08:14",42200
11600,100,5000,"bu","09:07:25",39200
11600,100,800,"bu","09:05:14",34200
11500,0,3000,"sd","09:04:54",33400
11500,0,1000,"sd","09:03:19",30400
11600,100,500,"bu","09:02:36",29400
11600,100,1000,"sd","09:02:11",28900
11600,100,3000,"sd","09:01:54",27900
11600,100,5000,"sd","09:01:51",24900
11600,100,100,"sd","09:01:43",19900
11600,100,5000,"sd","09:01:39",19800
11600,100,1600,"sd","09:01:02",14800
11600,100,5000,"bu","09:01:00",13200
11600,100,1000,"bu","09:00:50",8200
11600,100,500,"bu","09:00:45",7200
11600,100,900,"bu","09:00:38",6700
11600,100,1000,"bu","09:00:26",5800
11600,100,4500,"bu","09:00:18",4800
11500,0,300,"sd","09:00:11",300
