"price","change","match_qtty","side","time","total_vol"
10550,-50,100600,"bu","14:45:00",838900
10650,50,6000,"sd","14:29:58",738300
10650,50,2500,"sd","14:29:56",732300
10650,50,800,"sd","14:29:53",729800
10650,50,1700,"sd","14:29:53",729000
10650,50,300,"sd","14:28:42",727300
10650,50,1000,"sd","14:28:42",727000
10650,50,300,"sd","14:28:42",726000
10650,50,4400,"sd","14:28:42",725700
10650,50,1900,"sd","14:28:05",721300
10650,50,4900,"sd","14:28:05",719400
10700,100,2100,"bu","14:24:41",714500
10700,100,300,"sd","14:24:18",712400
10700,100,200,"bu","14:23:57",712100
10650,50,100,"sd","14:23:55",711900
10700,100,1300,"bu","14:23:09",711800
10700,100,500,"bu","14:23:02",710500
10700,100,400,"bu","14:22:58",710000
10700,100,100,"bu","14:22:38",709600
10700,100,900,"bu","14:22:38",709500
10700,100,1000,"bu","14:22:21",708600
10700,100,700,"bu","14:22:20",707600
10700,100,2000,"bu","14:22:10",706900
10700,100,1500,"bu","14:21:52",704900
10700,100,300,"unknown","14:21:52",703400
10700,100,800,"sd","14:21:52",703100
10700,100,200,"sd","14:21:52",702300
10700,100,1200,"sd","14:21:52",702100
10700,100,100,"sd","14:21:52",700900
10700,100,200,"sd","14:21:52",700800
10700,100,1000,"sd","14:21:52",700600
10700,100,100,"sd","14:21:52",699600
10700,100,1200,"bu","14:13:40",699500
10700,100,1000,"sd","14:10:41",698300
10700,100,800,"sd","14:10:41",697300
10700,100,400,"sd","14:09:14",696500
10700,100,400,"sd","14:09:14",696100
10700,100,2000,"sd","14:09:14",695700
10700,100,800,"sd","14:09:14",693700
10700,100,900,"sd","14:06:42",692900
10700,100,3000,"sd","14:06:07",692000
10700,100,300,"bu","14:04:52",689000
10650,50,7000,"sd","14:04:42",688700
10650,50,2000,"bu","14:02:00",681700
10650,50,800,"bu","14:02:00",679700
10650,50,400,"bu","14:00:57",678900
10650,50,200,"sd","14:00:45",678500
10650,50,5000,"sd","14:00:45",678300
10650,50,1000,"sd","14:00:45",673300
10650,50,1200,"sd","14:00:45",672300
10650,50,300,"sd","13:58:15",671100
10650,50,500,"sd","13:58:15",670800
10650,50,900,"sd","13:58:15",670300
10650,50,200,"sd","13:56:25",669400
10650,50,400,"bu","13:55:59",669200
10650,50,1000,"bu","13:55:57",668800
10650,50,2000,"bu","13:55:30",667800
10650,50,200,"bu","13:55:25",665800
10650,50,1000,"bu","13:55:19",665600
10650,50,400,"bu","13:55:09",664600
10650,50,4600,"bu","13:55:09",664200
10650,50,400,"bu","13:54:50",659600
10650,50,1000,"sd","13:54:33",659200
10650,50,1000,"sd","13:54:33",658200
10650,50,400,"sd","13:54:33",657200
10650,50,1000,"sd","13:54:33",656800
10650,50,2000,"sd","13:54:33",655800
10650,50,5000,"sd","13:54:33",653800
10650,50,1000,"sd","13:54:33",648800
10650,50,1000,"sd","13:54:33",647800
10650,50,2100,"sd","13:54:33",646800
10700,100,500,"sd","13:54:33",644700
10650,50,2000,"sd","13:51:07",644200
10650,50,900,"sd","13:50:07",642200
10650,50,1000,"sd","13:50:07",641300
10650,50,5600,"sd","13:50:07",640300
10700,100,500,"sd","13:49:51",634700
10700,100,5000,"sd","13:49:51",634200
10700,100,1500,"sd","13:49:51",629200
10700,100,3400,"sd","13:49:51",627700
10700,100,1600,"sd","13:48:10",624300
10700,100,1000,"sd","13:48:10",622700
10700,100,3000,"sd","13:48:10",621700
10700,100,1000,"sd","13:45:26",618700
10700,100,4000,"bu","13:42:34",617700
10700,100,5000,"sd","13:42:20",613700
10700,100,1000,"sd","13:42:20",608700
10800,200,200,"bu","13:40:15",607700
10700,100,1600,"bu","13:38:41",607500
10700,100,500,"sd","13:38:03",605900
10700,100,5000,"sd","13:38:03",605400
10700,100,1000,"sd","13:38:03",600400
10700,100,500,"sd","13:37:28",599400
10700,100,3000,"sd","13:37:28",598900
10700,100,1000,"sd","13:37:28",595900
10750,150,700,"sd","13:37:21",594900
10750,150,300,"sd","13:37:21",594200
10750,150,5000,"sd","13:37:21",593900
10750,150,4000,"sd","13:37:21",588900
10750,150,1000,"sd","13:35:54",584900
10750,150,5000,"sd","13:35:54",583900
10750,150,3000,"sd","13:35:54",578900
10750,150,100,"sd","13:35:54",575900
10750,150,1000,"sd","13:35:54",575800
10750,150,3300,"sd","13:35:54",574800
10750,150,1400,"sd","13:35:54",571500
10800,200,800,"sd","13:34:15",570100
10800,200,100,"sd","13:34:15",569300
10800,200,7100,"sd","13:34:15",569200
10800,200,2900,"sd","13:33:14",562100
10800,200,4100,"sd","13:33:14",559200
10800,200,1000,"bu","13:32:36",555100
10800,200,4000,"bu","13:32:36",554100
10800,200,100,"bu","13:32:36",550100
10800,200,800,"bu","13:32:36",550000
10750,150,8600,"sd","13:32:00",549200
10750,150,700,"sd","13:32:00",540600
10800,200,200,"bu","13:31:56",539900
10800,200,500,"bu","13:31:55",539700
10800,200,500,"bu","13:31:42",539200
10800,200,2500,"sd","13:31:25",538700
10800,200,3000,"sd","13:31:25",536200
10800,200,1500,"sd","13:31:25",533200
10800,200,3000,"sd","13:31:25",531700
10800,200,5000,"sd","13:31:25",528700
10800,200,1000,"sd","13:31:25",523700
10800,200,10000,"sd","13:31:25",522700
10800,200,4000,"sd","13:31:25",512700
10850,250,500,"bu","13:27:33",508700
10850,250,200,"bu","13:25:50",508200
10850,250,200,"bu","13:25:35",508000
10850,250,100,"bu","13:19:01",507800
10850,250,400,"bu","13:18:05",507700
10800,200,500,"sd","13:17:56",507300
10850,250,1000,"bu","13:16:42",506800
10800,200,4500,"sd","13:15:44",505800
10800,200,1000,"sd","13:15:43",501300
10800,200,200,"bu","13:12:56",500300
10800,200,800,"bu","13:12:56",500100
10800,200,5000,"bu","13:12:00",499300
10800,200,5000,"bu","13:11:53",494300
10750,150,100,"sd","13:09:50",489300
10850,250,1500,"bu","13:06:28",489200
10800,200,700,"sd","13:06:15",487700
10800,200,300,"sd","13:06:15",487000
10800,200,1000,"bu","13:05:37",486700
10800,200,10000,"bu","13:05:37",485700
10750,150,100,"sd","13:04:44",475700
10750,150,3400,"sd","13:04:08",475600
10800,200,1900,"bu","13:04:04",472200
10800,200,1000,"bu","13:04:04",470300
10800,200,1000,"bu","13:04:04",469300
10800,200,100,"bu","13:04:04",468300
10800,200,3000,"bu","13:04:04",468200
10800,200,600,"bu","13:03:59",465200
10800,200,1000,"bu","13:03:56",464600
10800,200,400,"bu","13:03:50",463600
10800,200,3000,"bu","13:03:50",463200
10800,200,500,"bu","13:03:50",460200
10800,200,100,"bu","13:03:50",459700
10750,150,1000,"bu","13:02:21",459600
10750,150,1000,"bu","13:02:21",458600
10750,150,3400,"bu","13:02:21",457600
10750,150,300,"bu","13:02:21",454200
10650,50,1000,"bu","13:01:44",453900
10650,50,13400,"bu","13:01:44",452900
10650,50,1500,"bu","13:01:39",439500
10650,50,12000,"bu","13:00:46",438000
10600,0,600,"sd","12:59:59",426000
10600,0,400,"sd","12:59:59",425400
10600,0,100,"sd","11:27:41",425000
10600,0,200,"sd","11:27:41",424900
10600,0,200,"sd","11:27:29",424700
10650,50,2000,"bu","11:26:13",424500
10650,50,200,"sd","11:25:23",422500
10650,50,1000,"sd","11:25:23",422300
10650,50,7500,"sd","11:25:23",421300
10650,50,400,"sd","11:24:39",413800
10700,100,100,"bu","11:23:54",413400
10700,100,500,"sd","11:23:53",413300
10700,100,4500,"sd","11:20:59",412800
10700,100,500,"sd","11:20:59",408300
10700,100,500,"sd","11:20:56",407800
10700,100,500,"sd","11:20:56",407300
10700,100,1100,"sd","11:20:56",406800
10700,100,1000,"sd","11:20:56",405700
10700,100,1900,"sd","11:20:56",404700
10700,100,1000,"sd","11:16:56",402800
10750,150,300,"bu","11:12:12",401800
10750,150,5000,"bu","11:09:14",401500
10700,100,1300,"sd","11:05:26",396500
10700,100,800,"sd","11:04:23",395200
10700,100,8000,"sd","11:04:23",394400
10700,100,1000,"sd","11:04:23",386400
10700,100,200,"sd","11:04:23",385400
10750,150,6000,"sd","11:01:20",385200
10750,150,2100,"sd","11:01:20",379200
10750,150,200,"sd","11:01:20",377100
10750,150,1000,"sd","11:01:20",376900
10750,150,100,"sd","11:01:20",375900
10800,200,600,"bu","10:57:22",375800
10800,200,300,"bu","10:56:00",375200
10800,200,400,"bu","10:55:21",374900
10750,150,1100,"sd","10:52:41",374500
10750,150,2900,"sd","10:52:30",373400
10800,200,5600,"bu","10:52:30",370500
10750,150,900,"sd","10:52:29",364900
10750,150,5000,"sd","10:52:29",364000
10750,150,3000,"sd","10:52:29",359000
10750,150,1100,"sd","10:52:29",356000
10800,200,2000,"bu","10:51:59",354900
10800,200,800,"bu","10:51:51",352900
10800,200,2000,"bu","10:51:31",352100
10800,200,1000,"bu","10:51:20",350100
10800,200,1000,"bu","10:50:49",349100
10800,200,30000,"bu","10:50:47",348100
10800,200,400,"bu","10:50:15",318100
10800,200,10000,"bu","10:50:12",317700
10800,200,8400,"bu","10:49:47",307700
10800,200,1600,"bu","10:49:47",299300
10800,200,300,"bu","10:48:35",297700
10800,200,2600,"sd","10:47:19",297400
10800,200,300,"sd","10:47:03",294800
10800,200,100,"bu","10:46:32",294500
10800,200,2400,"sd","10:46:28",294400
10800,200,100,"sd","10:46:27",292000
10800,200,1500,"sd","10:46:17",291900
10800,200,500,"sd","10:46:17",290400
10850,250,2600,"bu","10:46:10",289900
10850,250,500,"bu","10:46:10",287300
10850,250,1200,"bu","10:46:10",286800
10850,250,500,"bu","10:45:30",285600
10850,250,300,"bu","10:45:29",285100
10850,250,4000,"bu","10:45:21",284800
10850,250,2000,"bu","10:45:19",280800
10850,250,2000,"bu","10:45:13",278800
10800,200,100,"bu","10:44:57",276800
10800,200,1000,"bu","10:44:57",276700
10800,200,1000,"bu","10:44:57",275700
10800,200,1000,"bu","10:44:57",274700
10800,200,100,"bu","10:44:57",273700
10800,200,400,"bu","10:44:55",273600
10800,200,100,"bu","10:44:55",273200
10800,200,1200,"bu","10:44:55",273100
10800,200,3000,"bu","10:44:55",271900
10800,200,1100,"bu","10:44:55",268900
10800,200,1000,"bu","10:44:55",267800
10800,200,200,"bu","10:44:55",266800
10800,200,500,"bu","10:44:53",266600
10800,200,9900,"bu","10:44:47",266100
10800,200,500,"bu","10:44:46",256200
10800,200,8900,"bu","10:44:45",255700
10800,200,1700,"bu","10:44:41",246800
10800,200,10000,"bu","10:44:40",245100
10800,200,5000,"bu","10:44:38",235100
10800,200,9900,"bu","10:44:36",230100
10750,150,8900,"sd","10:44:34",220200
10750,150,200,"sd","10:44:34",211300
10750,150,900,"sd","10:44:34",211100
10800,200,5500,"bu","10:44:25",210200
10800,200,5000,"bu","10:44:21",204700
10800,200,2000,"bu","10:44:14",199700
10800,200,8400,"bu","10:42:54",197700
10800,200,100,"bu","10:42:54",189300
10800,200,1500,"bu","10:42:54",189200
10800,200,8500,"bu","10:42:21",187700
10800,200,1000,"bu","10:42:21",179200
10800,200,400,"bu","10:42:21",178200
10750,150,3500,"sd","10:42:18",177800
10750,150,1000,"sd","10:42:18",174300
10750,150,5000,"sd","10:42:18",173300
10750,150,500,"sd","10:42:18",168300
10750,150,1000,"sd","10:40:07",167800
10750,150,16000,"bu","10:39:31",166800
10750,150,500,"bu","10:39:31",150800
10750,150,2000,"bu","10:39:31",150300
10700,100,800,"bu","10:35:57",148300
10700,100,1500,"bu","10:35:44",147500
10700,100,7700,"sd","10:35:02",146000
10700,100,300,"sd","10:34:04",138300
10700,100,1000,"bu","10:33:41",138000
10700,100,1000,"bu","10:33:41",137000
10650,50,1000,"bu","10:24:32",136000
10650,50,1000,"bu","10:24:32",135000
10650,50,500,"bu","10:24:32",134000
10650,50,9600,"bu","10:24:32",133500
10650,50,200,"bu","10:23:49",123900
10600,0,600,"bu","10:20:34",123700
10600,0,3900,"sd","10:19:33",123100
10600,0,1000,"sd","10:19:33",119200
10600,0,1900,"sd","10:19:33",118200
10600,0,2600,"sd","10:19:33",116300
10600,0,400,"sd","10:19:19",113700
10600,0,1000,"sd","10:19:19",113300
10600,0,3000,"sd","10:19:19",112300
10600,0,400,"bu","10:11:49",109300
10600,0,300,"bu","10:11:49",108900
10600,0,6300,"bu","10:11:49",108600
10600,0,500,"bu","10:11:21",102300
10600,0,200,"bu","10:10:20",101800
10600,0,10000,"bu","10:10:10",101600
10600,0,100,"bu","10:09:02",91600
10600,0,100,"bu","10:08:26",91500
10600,0,4000,"bu","10:07:03",91400
10550,-50,100,"sd","10:05:27",87400
10600,0,500,"bu","10:02:43",87300
10600,0,500,"bu","10:02:06",86800
10600,0,1000,"bu","09:58:46",86300
10600,0,8000,"bu","09:58:14",85300
10600,0,2000,"bu","09:57:38",77300
10600,0,10000,"bu","09:57:29",75300
10600,0,2800,"bu","09:56:49",65300
10600,0,1000,"bu","09:56:24",62500
10600,0,500,"bu","09:55:34",61500
10600,0,1000,"bu","09:54:22",61000
10600,0,1000,"bu","09:54:03",60000
10600,0,500,"bu","09:54:03",59000
10650,50,100,"bu","09:52:24",58500
10650,50,100,"bu","09:50:57",58400
10650,50,100,"bu","09:50:57",58300
10550,-50,300,"sd","09:48:26",58200
10550,-50,700,"sd","09:44:41",57900
10550,-50,1800,"sd","09:44:41",57200
10550,-50,100,"sd","09:44:41",55400
10550,-50,400,"sd","09:44:41",55300
10550,-50,100,"sd","09:43:08",54900
10550,-50,500,"sd","09:42:15",54800
10550,-50,3000,"sd","09:42:15",54300
10550,-50,800,"sd","09:42:15",51300
10600,0,700,"sd","09:42:15",50500
10550,-50,1200,"sd","09:42:03",49800
10550,-50,100,"sd","09:42:03",48600
10550,-50,1000,"sd","09:42:03",48500
10550,-50,1000,"sd","09:42:03",47500
10550,-50,100,"sd","09:42:03",46500
10550,-50,100,"sd","09:42:03",46400
10550,-50,100,"sd","09:42:03",46300
10550,-50,1000,"sd","09:42:03",46200
10600,0,300,"sd","09:42:03",45200
10600,0,100,"sd","09:42:03",44900
10550,-50,500,"sd","09:41:05",44800
10550,-50,300,"sd","09:39:03",44300
10550,-50,4000,"sd","09:32:41",44000
10650,50,100,"bu","09:31:20",40000
10550,-50,5000,"sd","09:30:27",39900
10550,-50,9200,"sd","09:30:00",34900
10600,0,300,"sd","09:30:00",25700
10600,0,500,"sd","09:30:00",25400
10600,0,500,"sd","09:28:51",24900
10600,0,500,"sd","09:28:51",24400
10600,0,500,"sd","09:28:23",23900
10600,0,1400,"sd","09:28:23",23400
10600,0,4000,"sd","09:28:23",22000
10600,0,1000,"sd","09:28:23",18000
10600,0,100,"sd","09:28:23",17000
10600,0,200,"sd","09:28:23",16900
10600,0,2000,"sd","09:28:23",16700
10600,0,100,"sd","09:28:23",14700
10600,0,100,"sd","09:28:23",14600
10600,0,600,"sd","09:28:23",14500
10650,50,1000,"bu","09:28:02",13900
10650,50,1800,"bu","09:26:33",12900
10650,50,1000,"sd","09:25:44",11100
10650,50,100,"sd","09:25:44",10100
10650,50,800,"sd","09:25:44",10000
10650,50,1300,"sd","09:25:44",9200
10750,150,5000,"bu","09:25:16",7900
10750,150,500,"bu","09:23:52",2900
10800,200,1000,"bu","09:23:12",2400
10800,200,200,"bu","09:21:07",1400
10800,200,100,"bu","09:20:47",1200
10700,100,100,"sd","09:19:08",1100
10700,100,100,"bu","09:17:37",1000
10600,0,900,"unknown","09:15:01",900
