"price","change","match_qtty","side","time","total_vol"
3,0.1,100,"sd","14:59:09",855100
3,0.1,200,"sd","14:58:28",855000
3.1,0.2,6000,"bu","14:57:19",854800
3.1,0.2,1000,"bu","14:46:27",848800
3,0.1,800,"sd","14:45:50",847800
3,0.1,1000,"sd","14:37:41",847000
3.1,0.2,100,"bu","14:34:41",846000
3,0.1,5300,"sd","14:23:49",845900
3,0.1,1000,"sd","14:22:31",840600
3.1,0.2,1500,"bu","14:14:19",839600
3.1,0.2,500,"sd","14:14:11",838100
3.1,0.2,100,"sd","14:13:32",837600
3.1,0.2,100,"bu","14:12:40",837500
3.1,0.2,100,"bu","14:11:57",837400
3.1,0.2,100,"sd","14:11:49",837300
3.1,0.2,28000,"sd","14:11:40",837200
3.1,0.2,80000,"sd","14:11:17",809200
3.2,0.3,1200,"bu","14:07:44",729200
3.1,0.2,5000,"sd","14:06:57",728000
3.2,0.3,500,"bu","14:01:00",723000
3.1,0.2,500,"sd","13:56:40",722500
3.1,0.2,6000,"sd","13:53:38",722000
3.1,0.2,200,"sd","13:53:23",716000
3.1,0.2,5000,"sd","13:52:39",715800
3.1,0.2,9000,"sd","13:51:16",710800
3.2,0.3,4500,"bu","13:51:01",701800
3.2,0.3,400,"bu","13:49:58",697300
3.2,0.3,200,"bu","13:47:47",696900
3.1,0.2,500,"bu","13:47:22",696700
3.1,0.2,200,"bu","13:47:07",696200
3.1,0.2,3000,"bu","13:46:43",696000
3.1,0.2,500,"bu","13:46:26",693000
3.1,0.2,1100,"bu","13:46:12",692500
3.1,0.2,600,"bu","13:45:09",691400
3.1,0.2,14200,"sd","13:44:49",690800
3.1,0.2,2100,"sd","13:43:59",676600
3.1,0.2,24900,"sd","13:43:25",674500
3.2,0.3,300,"bu","13:43:14",649600
3.2,0.3,500,"bu","13:43:07",649300
3.1,0.2,8100,"sd","13:37:18",648800
3.1,0.2,3000,"bu","13:35:44",640700
3.1,0.2,900,"bu","13:35:07",637700
3.1,0.2,2000,"bu","13:32:02",636800
3.1,0.2,5000,"bu","13:16:49",634800
3.1,0.2,6000,"unknown","13:12:02",629800
3.1,0.2,4000,"sd","13:11:27",623800
3.1,0.2,1100,"bu","13:11:16",619800
3.1,0.2,2900,"unknown","13:09:49",618700
3.1,0.2,30000,"bu","13:08:51",615800
3,0.1,1200,"sd","13:08:45",585800
3,0.1,300,"bu","13:05:57",584600
3,0.1,1900,"bu","13:04:49",584300
3,0.1,2100,"bu","13:04:40",582400
3,0.1,1100,"unknown","13:02:53",580300
3,0.1,200,"sd","13:02:34",579200
3,0.1,5000,"sd","13:01:58",579000
3,0.1,500,"sd","13:00:08",574000
3,0.1,53300,"sd","13:00:05",573500
3,0.1,400,"sd","13:00:04",520200
3.1,0.2,400,"bu","13:00:02",519800
3,0.1,28200,"sd","11:20:15",519400
3,0.1,200,"sd","11:14:46",491200
3,0.1,2200,"sd","11:13:23",491000
3,0.1,32800,"sd","11:11:16",488800
3,0.1,100,"sd","11:06:48",456000
3,0.1,16800,"sd","11:05:58",455900
3,0.1,3300,"sd","11:01:48",439100
3,0.1,300,"sd","11:01:16",435800
3,0.1,10000,"sd","10:59:59",435500
3,0.1,38000,"sd","10:58:47",425500
3,0.1,200,"sd","10:56:14",387500
3,0.1,8000,"sd","10:55:16",387300
3,0.1,21700,"sd","10:54:05",379300
3,0.1,5000,"bu","10:51:53",357600
3,0.1,1500,"bu","10:51:40",352600
3,0.1,100,"bu","10:51:28",351100
3,0.1,800,"bu","10:51:01",351000
3,0.1,10000,"bu","10:50:59",350200
3,0.1,17100,"bu","10:50:15",340200
3,0.1,900,"bu","10:47:30",323100
3,0.1,100,"bu","10:44:33",322200
3,0.1,300,"bu","10:43:18",322100
3,0.1,300,"bu","10:41:43",321800
3,0.1,4300,"bu","10:41:00",321500
3,0.1,1000,"bu","10:40:48",317200
3,0.1,6300,"bu","10:40:38",316200
3,0.1,3300,"bu","10:40:37",309900
3,0.1,1000,"bu","10:40:32",306600
3,0.1,3000,"bu","10:40:22",305600
3,0.1,100,"bu","10:39:52",302600
3,0.1,500,"bu","10:39:49",302500
3,0.1,8300,"sd","10:39:28",302000
3,0.1,50400,"sd","10:39:09",293700
3,0.1,100,"bu","10:38:44",243300
3,0.1,500,"bu","10:36:52",243200
3,0.1,14000,"bu","10:35:12",242700
3,0.1,500,"bu","10:33:42",228700
3,0.1,500,"bu","10:26:25",228200
3,0.1,100,"bu","10:25:32",227700
2.9,0,900,"sd","10:12:22",227600
2.9,0,5000,"bu","10:11:34",226700
2.9,0,5100,"bu","10:10:11",221700
2.9,0,5000,"sd","10:09:09",216600
2.9,0,2100,"sd","10:08:33",211600
2.9,0,12900,"bu","10:07:48",209500
2.9,0,2900,"sd","10:07:20",196600
2.9,0,22100,"bu","10:06:12",193700
2.9,0,200,"sd","09:58:43",171600
2.9,0,5900,"sd","09:55:10",171400
2.9,0,54100,"bu","09:53:51",165500
2.9,0,700,"sd","09:47:57",111400
2.9,0,100,"bu","09:45:48",110700
2.9,0,1000,"bu","09:45:22",110600
2.9,0,200,"bu","09:44:53",109600
2.9,0,3000,"sd","09:44:49",109400
2.9,0,1000,"unknown","09:43:24",106400
2.9,0,4000,"sd","09:43:10",105400
2.9,0,3200,"bu","09:42:49",101400
2.9,0,1800,"sd","09:40:31",98200
2.9,0,4000,"bu","09:39:52",96400
2.9,0,6000,"bu","09:39:50",92400
2.9,0,3700,"bu","09:39:27",86400
2.9,0,500,"bu","09:39:24",82700
2.9,0,800,"sd","09:39:15",82200
2.9,0,4200,"bu","09:38:56",81400
2.9,0,5800,"sd","09:38:32",77200
2.9,0,5200,"sd","09:38:14",71400
2.9,0,4000,"bu","09:37:06",66200
2.9,0,200,"bu","09:36:52",62200
2.9,0,600,"bu","09:36:32",62000
2.9,0,4400,"sd","09:36:02",61400
2.9,0,600,"sd","09:35:12",57000
2.9,0,5400,"bu","09:34:22",56400
2.9,0,4000,"bu","09:32:52",51000
2.9,0,600,"sd","09:32:16",47000
2.9,0,400,"bu","09:30:56",46400
2.9,0,11000,"bu","09:30:40",46000
2.9,0,2100,"sd","09:28:20",35000
2.9,0,900,"bu","09:27:29",32900
2.9,0,20100,"bu","09:26:49",32000
2.9,0,500,"sd","09:25:58",11900
2.9,0,2400,"bu","09:22:27",11400
2.9,0,100,"bu","09:20:38",9000
2.9,0,1000,"bu","09:17:37",8900
2.9,0,500,"sd","09:17:36",7900
2.9,0,1500,"sd","09:11:07",7400
2.9,0,500,"bu","09:10:54",5900
2.9,0,3000,"bu","09:08:00",5400
2.9,0,2200,"sd","09:03:33",2400
2.9,0,200,"sd","09:00:27",200
