"price","change","match_qtty","side","time","total_vol"
4.43,-0.17,235900,"sd","14:45:04",4641800
4.5,-0.1,100,"bu","14:29:56",4405900
4.5,-0.1,100,"bu","14:29:55",4405800
4.5,-0.1,700,"bu","14:29:52",4405700
4.5,-0.1,1000,"bu","14:29:52",4405000
4.5,-0.1,500,"bu","14:29:52",4404000
4.5,-0.1,800,"bu","14:29:52",4403500
4.48,-0.12,5000,"bu","14:29:52",4402700
4.5,-0.1,700,"bu","14:29:46",4397700
4.5,-0.1,400,"bu","14:29:46",4397000
4.5,-0.1,3000,"bu","14:29:30",4396600
4.49,-0.11,2000,"bu","14:29:30",4393600
4.46,-0.14,1800,"bu","14:29:13",4391600
4.48,-0.12,100,"bu","14:29:04",4389800
4.45,-0.15,2000,"sd","14:29:03",4389700
4.45,-0.15,2000,"sd","14:29:03",4387700
4.45,-0.15,1400,"sd","14:29:03",4385700
4.45,-0.15,500,"sd","14:29:03",4384300
4.45,-0.15,600,"sd","14:29:03",4383800
4.45,-0.15,300,"sd","14:29:03",4383200
4.46,-0.14,500,"sd","14:29:03",4382900
4.46,-0.14,400,"sd","14:29:03",4382400
4.46,-0.14,1000,"sd","14:29:03",4382000
4.46,-0.14,2000,"sd","14:29:03",4381000
4.46,-0.14,300,"sd","14:29:03",4379000
4.46,-0.14,200,"sd","14:29:03",4378700
4.46,-0.14,100,"sd","14:29:03",4378500
4.46,-0.14,200,"sd","14:29:03",4378400
4.46,-0.14,500,"sd","14:29:03",4378200
4.48,-0.12,500,"bu","14:29:00",4377700
4.48,-0.12,300,"bu","14:28:54",4377200
4.48,-0.12,3000,"sd","14:28:52",4376900
4.48,-0.12,100,"sd","14:28:52",4373900
4.48,-0.12,800,"sd","14:28:52",4373800
4.49,-0.11,100,"sd","14:28:52",4373000
4.5,-0.1,1000,"bu","14:28:40",4372900
4.48,-0.12,1800,"sd","14:28:38",4371900
4.48,-0.12,2200,"sd","14:28:38",4370100
4.48,-0.12,1000,"sd","14:28:38",4367900
4.49,-0.11,1000,"sd","14:28:35",4366900
4.48,-0.12,8200,"sd","14:28:22",4365900
4.46,-0.14,100,"sd","14:28:22",4357700
4.46,-0.14,300,"sd","14:28:22",4357600
4.46,-0.14,200,"sd","14:28:22",4357300
4.46,-0.14,500,"sd","14:28:22",4357100
4.46,-0.14,2200,"sd","14:28:22",4356600
4.47,-0.13,500,"sd","14:28:22",4354400
4.47,-0.13,1200,"sd","14:28:22",4353900
4.48,-0.12,100,"bu","14:28:17",4352700
4.48,-0.12,300,"bu","14:28:16",4352600
4.48,-0.12,1000,"bu","14:28:09",4352300
4.49,-0.11,100,"sd","14:28:02",4351300
4.49,-0.11,900,"sd","14:28:02",4351200
4.49,-0.11,100,"sd","14:27:53",4350300
4.49,-0.11,1000,"bu","14:27:48",4350200
4.49,-0.11,1000,"bu","14:27:48",4349200
4.49,-0.11,9000,"bu","14:27:47",4348200
4.49,-0.11,1000,"bu","14:27:47",4339200
4.46,-0.14,400,"sd","14:27:36",4338200
4.46,-0.14,100,"sd","14:27:33",4337800
4.46,-0.14,800,"sd","14:27:27",4337700
4.46,-0.14,1000,"bu","14:27:13",4336900
4.46,-0.14,5500,"bu","14:27:13",4335900
4.45,-0.15,300,"sd","14:27:12",4330400
4.45,-0.15,4100,"sd","14:26:59",4330100
4.45,-0.15,900,"sd","14:26:59",4326000
4.46,-0.14,1100,"bu","14:26:54",4325100
4.46,-0.14,2000,"bu","14:26:53",4324000
4.46,-0.14,300,"bu","14:26:49",4322000
4.46,-0.14,1000,"bu","14:26:46",4321700
4.46,-0.14,100,"bu","14:26:46",4320700
4.46,-0.14,300,"bu","14:26:46",4320600
4.45,-0.15,100,"sd","14:26:33",4320300
4.46,-0.14,100,"bu","14:26:29",4320200
4.46,-0.14,500,"bu","14:26:29",4320100
4.46,-0.14,100,"bu","14:26:19",4319600
4.45,-0.15,400,"sd","14:26:19",4319500
4.45,-0.15,100,"sd","14:26:19",4319100
4.46,-0.14,2900,"bu","14:26:18",4319000
4.46,-0.14,100,"bu","14:26:17",4316100
4.46,-0.14,5000,"bu","14:26:10",4316000
4.45,-0.15,200,"sd","14:26:07",4311000
4.45,-0.15,1000,"sd","14:26:07",4310800
4.45,-0.15,300,"sd","14:26:07",4309800
4.45,-0.15,300,"bu","14:25:53",4309500
4.45,-0.15,100,"bu","14:25:51",4309200
4.44,-0.16,100,"sd","14:25:43",4309100
4.45,-0.15,100,"bu","14:25:42",4309000
4.44,-0.16,500,"bu","14:25:33",4308900
4.44,-0.16,500,"bu","14:25:33",4308400
4.44,-0.16,1500,"bu","14:25:33",4307900
4.44,-0.16,100,"bu","14:25:33",4306400
4.44,-0.16,2400,"bu","14:25:28",4306300
4.44,-0.16,100,"bu","14:25:26",4303900
4.44,-0.16,8000,"bu","14:25:19",4303800
4.44,-0.16,3000,"bu","14:25:16",4295800
4.44,-0.16,300,"bu","14:25:15",4292800
4.43,-0.17,400,"sd","14:25:08",4292500
4.43,-0.17,400,"sd","14:25:08",4292100
4.43,-0.17,100,"sd","14:25:08",4291700
4.43,-0.17,200,"sd","14:25:08",4291600
4.43,-0.17,1000,"sd","14:25:08",4291400
4.43,-0.17,1000,"sd","14:25:08",4290400
4.43,-0.17,400,"sd","14:25:08",4289400
4.44,-0.16,1000,"bu","14:25:08",4289000
4.44,-0.16,1000,"bu","14:25:08",4288000
4.44,-0.16,100,"bu","14:25:07",4287000
4.44,-0.16,500,"bu","14:25:06",4286900
4.44,-0.16,1000,"bu","14:25:01",4286400
4.44,-0.16,1000,"bu","14:24:57",4285400
4.44,-0.16,200,"bu","14:24:57",4284400
4.44,-0.16,300,"bu","14:24:57",4284200
4.44,-0.16,7000,"bu","14:24:57",4283900
4.44,-0.16,1500,"bu","14:24:57",4276900
4.44,-0.16,100,"bu","14:24:56",4275400
4.44,-0.16,500,"bu","14:24:52",4275300
4.44,-0.16,5000,"bu","14:24:43",4274800
4.44,-0.16,2000,"bu","14:24:38",4269800
4.44,-0.16,1000,"bu","14:24:36",4267800
4.44,-0.16,1000,"bu","14:24:30",4266800
4.44,-0.16,2000,"bu","14:24:20",4265800
4.43,-0.17,500,"sd","14:24:15",4263800
4.44,-0.16,1900,"bu","14:24:10",4263300
4.44,-0.16,3100,"bu","14:24:10",4261400
4.43,-0.17,100,"sd","14:24:09",4258300
4.43,-0.17,100,"sd","14:24:09",4258200
4.43,-0.17,100,"bu","14:24:01",4258100
4.43,-0.17,200,"bu","14:23:58",4258000
4.43,-0.17,1000,"bu","14:23:57",4257800
4.43,-0.17,400,"bu","14:23:56",4256800
4.43,-0.17,200,"bu","14:23:54",4256400
4.43,-0.17,100,"bu","14:23:54",4256200
4.43,-0.17,1000,"sd","14:23:47",4256100
4.44,-0.16,100,"bu","14:23:43",4255100
4.44,-0.16,200,"bu","14:23:42",4255000
4.44,-0.16,1000,"bu","14:23:38",4254800
4.44,-0.16,9000,"bu","14:23:33",4253800
4.44,-0.16,200,"bu","14:23:29",4244800
4.44,-0.16,500,"bu","14:23:29",4244600
4.41,-0.19,100,"sd","14:23:28",4244100
4.41,-0.19,2500,"sd","14:23:28",4244000
4.41,-0.19,400,"sd","14:23:28",4241500
4.42,-0.18,100,"sd","14:23:28",4241100
4.42,-0.18,1000,"sd","14:23:28",4241000
4.42,-0.18,400,"sd","14:23:28",4240000
4.42,-0.18,500,"sd","14:23:28",4239600
4.41,-0.19,1000,"sd","14:23:28",4239100
4.44,-0.16,2000,"bu","14:23:25",4238100
4.44,-0.16,2000,"bu","14:23:12",4236100
4.44,-0.16,800,"bu","14:23:10",4234100
4.41,-0.19,4600,"sd","14:23:09",4233300
4.41,-0.19,1000,"sd","14:23:09",4228700
4.41,-0.19,1000,"sd","14:23:09",4227700
4.42,-0.18,1000,"sd","14:23:09",4226700
4.42,-0.18,1000,"sd","14:23:09",4225700
4.42,-0.18,300,"sd","14:23:09",4224700
4.43,-0.17,100,"sd","14:23:09",4224400
4.44,-0.16,100,"bu","14:23:07",4224300
4.44,-0.16,100,"bu","14:23:06",4224200
4.44,-0.16,300,"bu","14:23:06",4224100
4.44,-0.16,1600,"bu","14:23:04",4223800
4.44,-0.16,3000,"bu","14:23:02",4222200
4.44,-0.16,24800,"bu","14:22:53",4219200
4.44,-0.16,100,"sd","14:22:53",4194400
4.44,-0.16,100,"sd","14:22:53",4194300
4.44,-0.16,1000,"sd","14:22:53",4194200
4.45,-0.15,100,"bu","14:22:50",4193200
4.45,-0.15,10900,"bu","14:22:48",4193100
4.45,-0.15,9100,"bu","14:22:48",4182200
4.45,-0.15,1700,"bu","14:22:47",4173100
4.45,-0.15,300,"bu","14:22:47",4171400
4.45,-0.15,2000,"bu","14:22:45",4171100
4.45,-0.15,500,"bu","14:22:44",4169100
4.44,-0.16,10000,"sd","14:22:43",4168600
4.45,-0.15,20000,"bu","14:22:36",4158600
4.45,-0.15,5000,"bu","14:22:36",4138600
4.45,-0.15,4000,"bu","14:22:36",4133600
4.44,-0.16,2000,"sd","14:22:30",4129600
4.45,-0.15,700,"bu","14:22:29",4127600
4.44,-0.16,3000,"sd","14:22:28",4126900
4.43,-0.17,200,"bu","14:22:24",4123900
4.44,-0.16,800,"sd","14:22:20",4123700
4.44,-0.16,200,"sd","14:22:15",4122900
4.44,-0.16,200,"sd","14:22:15",4122700
4.44,-0.16,2500,"sd","14:22:15",4122500
4.45,-0.15,400,"bu","14:22:06",4120000
4.44,-0.16,100,"sd","14:22:01",4119600
4.44,-0.16,2000,"sd","14:21:58",4119500
4.44,-0.16,100,"bu","14:21:54",4117500
4.44,-0.16,1100,"bu","14:21:54",4117400
4.44,-0.16,700,"bu","14:21:54",4116300
4.44,-0.16,500,"bu","14:21:54",4115600
4.4,-0.2,18700,"sd","14:21:54",4115100
4.41,-0.19,800,"sd","14:21:54",4096400
4.41,-0.19,200,"sd","14:21:51",4095600
4.44,-0.16,3000,"bu","14:21:51",4095400
4.44,-0.16,1000,"bu","14:21:50",4092400
4.4,-0.2,700,"sd","14:21:41",4091400
4.4,-0.2,200,"sd","14:21:41",4090700
4.4,-0.2,2000,"sd","14:21:41",4090500
4.4,-0.2,100,"sd","14:21:41",4088500
4.4,-0.2,200,"sd","14:21:41",4088400
4.41,-0.19,300,"sd","14:21:41",4088200
4.41,-0.19,100,"sd","14:21:41",4087900
4.41,-0.19,200,"sd","14:21:41",4087800
4.41,-0.19,1000,"sd","14:21:41",4087600
4.41,-0.19,200,"sd","14:21:41",4086600
4.44,-0.16,2000,"bu","14:21:36",4086400
4.44,-0.16,5000,"bu","14:21:35",4084400
4.44,-0.16,1000,"bu","14:21:33",4079400
4.44,-0.16,1000,"bu","14:21:30",4078400
4.41,-0.19,800,"sd","14:21:28",4077400
4.41,-0.19,500,"sd","14:21:28",4076600
4.41,-0.19,100,"sd","14:21:28",4076100
4.41,-0.19,1000,"sd","14:21:28",4076000
4.41,-0.19,16500,"sd","14:21:28",4075000
4.42,-0.18,1000,"unknown","14:21:28",4058500
4.42,-0.18,100,"unknown","14:21:28",4057500
4.44,-0.16,100,"bu","14:21:25",4057400
4.44,-0.16,100,"bu","14:21:24",4057300
4.44,-0.16,200,"bu","14:21:22",4057200
4.44,-0.16,1000,"bu","14:21:19",4057000
4.44,-0.16,1000,"bu","14:21:17",4056000
4.44,-0.16,500,"bu","14:21:15",4055000
4.44,-0.16,500,"bu","14:21:15",4054500
4.44,-0.16,100,"bu","14:21:09",4054000
4.44,-0.16,400,"bu","14:21:08",4053900
4.44,-0.16,5000,"bu","14:21:02",4053500
4.41,-0.19,1100,"sd","14:20:59",4048500
4.44,-0.16,200,"sd","14:20:59",4047400
4.45,-0.15,5000,"bu","14:20:56",4047200
4.45,-0.15,1300,"bu","14:20:55",4042200
4.45,-0.15,100,"bu","14:20:54",4040900
4.41,-0.19,9800,"sd","14:20:53",4040800
4.42,-0.18,6000,"sd","14:20:53",4031000
4.42,-0.18,20000,"sd","14:20:53",4025000
4.43,-0.17,1000,"sd","14:20:53",4005000
4.43,-0.17,3000,"sd","14:20:53",4004000
4.43,-0.17,1000,"sd","14:20:53",4001000
4.43,-0.17,1000,"sd","14:20:53",4000000
4.44,-0.16,2200,"sd","14:20:53",3999000
4.44,-0.16,10000,"sd","14:20:53",3996800
4.44,-0.16,2000,"sd","14:20:53",3986800
4.45,-0.15,21000,"bu","14:20:50",3984800
4.45,-0.15,400,"sd","14:20:46",3963800
4.45,-0.15,500,"sd","14:20:46",3963400
4.45,-0.15,2000,"sd","14:20:46",3962900
4.45,-0.15,100,"sd","14:20:43",3960900
4.45,-0.15,1400,"sd","14:20:43",3960800
4.45,-0.15,1300,"sd","14:20:43",3959400
4.45,-0.15,3000,"sd","14:20:43",3958100
4.45,-0.15,200,"sd","14:20:43",3955100
4.46,-0.14,1000,"unknown","14:20:42",3954900
4.47,-0.13,3000,"bu","14:20:39",3953900
4.45,-0.15,20700,"sd","14:20:32",3950900
4.45,-0.15,3500,"sd","14:20:32",3930200
4.46,-0.14,200,"sd","14:20:32",3926700
4.47,-0.13,6700,"sd","14:20:29",3926500
4.47,-0.13,300,"bu","14:20:25",3919800
4.47,-0.13,10000,"bu","14:20:25",3919500
4.47,-0.13,100,"bu","14:20:25",3909500
4.46,-0.14,500,"bu","14:20:25",3909400
4.46,-0.14,2400,"bu","14:20:25",3908900
4.45,-0.15,1500,"sd","14:20:25",3906500
4.45,-0.15,500,"sd","14:20:25",3905000
4.45,-0.15,900,"sd","14:20:25",3904500
4.45,-0.15,100,"sd","14:20:25",3903600
4.46,-0.14,1000,"bu","14:20:21",3903500
4.45,-0.15,900,"sd","14:20:19",3902500
4.45,-0.15,500,"sd","14:20:19",3901600
4.45,-0.15,500,"sd","14:20:19",3901100
4.45,-0.15,100,"sd","14:20:19",3900600
4.45,-0.15,1000,"sd","14:20:19",3900500
4.45,-0.15,3000,"sd","14:20:19",3899500
4.45,-0.15,1000,"sd","14:20:19",3896500
4.45,-0.15,500,"sd","14:20:19",3895500
4.45,-0.15,1000,"sd","14:20:19",3895000
4.45,-0.15,1000,"sd","14:20:19",3894000
4.45,-0.15,500,"sd","14:20:19",3893000
4.46,-0.14,500,"bu","14:20:15",3892500
4.46,-0.14,100,"bu","14:20:15",3892000
4.46,-0.14,2000,"sd","14:20:14",3891900
4.46,-0.14,400,"sd","14:20:14",3889900
4.46,-0.14,4600,"sd","14:20:10",3889500
4.46,-0.14,100,"sd","14:20:10",3884900
4.46,-0.14,300,"sd","14:20:10",3884800
4.47,-0.13,200,"sd","14:20:05",3884500
4.47,-0.13,500,"sd","14:20:05",3884300
4.47,-0.13,200,"sd","14:20:05",3883800
4.47,-0.13,1800,"sd","14:19:58",3883600
4.47,-0.13,1000,"sd","14:19:58",3881800
4.47,-0.13,1000,"sd","14:19:58",3880800
4.47,-0.13,1000,"sd","14:19:58",3879800
4.48,-0.12,200,"sd","14:19:58",3878800
4.48,-0.12,100,"sd","14:19:58",3878600
4.48,-0.12,300,"sd","14:19:58",3878500
4.48,-0.12,100,"sd","14:19:58",3878200
4.48,-0.12,4500,"sd","14:19:58",3878100
4.48,-0.12,500,"sd","14:19:58",3873600
4.48,-0.12,4000,"sd","14:19:58",3873100
4.48,-0.12,5000,"sd","14:19:58",3869100
4.49,-0.11,5000,"bu","14:19:56",3864100
4.48,-0.12,100,"sd","14:19:56",3859100
4.49,-0.11,100,"sd","14:19:43",3859000
4.49,-0.11,100,"sd","14:19:43",3858900
4.49,-0.11,13000,"sd","14:19:43",3858800
4.49,-0.11,2300,"sd","14:19:43",3845800
4.49,-0.11,700,"sd","14:19:40",3843500
4.49,-0.11,500,"sd","14:19:40",3842800
4.49,-0.11,3800,"sd","14:19:40",3842300
4.49,-0.11,20000,"sd","14:19:38",3838500
4.49,-0.11,3500,"sd","14:19:37",3818500
4.49,-0.11,2700,"sd","14:19:35",3815000
4.49,-0.11,6300,"sd","14:19:35",3812300
4.49,-0.11,3700,"sd","14:19:31",3806000
4.49,-0.11,300,"sd","14:19:31",3802300
4.49,-0.11,1700,"sd","14:19:24",3802000
4.49,-0.11,300,"sd","14:19:24",3800300
4.5,-0.1,1200,"bu","14:19:19",3800000
4.5,-0.1,800,"bu","14:19:18",3798800
4.49,-0.11,700,"sd","14:19:18",3798000
4.49,-0.11,100,"sd","14:19:18",3797300
4.49,-0.11,900,"sd","14:19:17",3797200
4.49,-0.11,1000,"sd","14:19:17",3796300
4.5,-0.1,1000,"bu","14:19:15",3795300
4.5,-0.1,500,"sd","14:19:10",3794300
4.5,-0.1,500,"sd","14:19:10",3793800
4.5,-0.1,100,"sd","14:19:10",3793300
4.5,-0.1,1000,"sd","14:19:10",3793200
4.5,-0.1,1000,"sd","14:19:10",3792200
4.5,-0.1,100,"sd","14:19:10",3791200
4.5,-0.1,1900,"sd","14:19:10",3791100
4.5,-0.1,1000,"sd","14:19:08",3789200
4.5,-0.1,1000,"sd","14:19:08",3788200
4.5,-0.1,100,"sd","14:19:08",3787200
4.5,-0.1,9000,"sd","14:19:08",3787100
4.5,-0.1,1000,"sd","14:19:08",3778100
4.5,-0.1,4400,"sd","14:19:08",3777100
4.5,-0.1,300,"sd","14:19:08",3772700
4.5,-0.1,200,"sd","14:19:08",3772400
4.5,-0.1,3000,"sd","14:19:06",3772200
4.5,-0.1,200,"sd","14:19:06",3769200
4.5,-0.1,700,"sd","14:19:06",3769000
4.5,-0.1,500,"sd","14:19:06",3768300
4.5,-0.1,100,"sd","14:19:06",3767800
4.5,-0.1,500,"sd","14:19:06",3767700
4.5,-0.1,1300,"sd","14:19:05",3767200
4.5,-0.1,100,"sd","14:19:05",3765900
4.5,-0.1,2000,"sd","14:19:05",3765800
4.5,-0.1,1000,"sd","14:19:05",3763800
4.5,-0.1,100,"sd","14:19:05",3762800
4.5,-0.1,300,"sd","14:19:05",3762700
4.5,-0.1,5200,"sd","14:19:05",3762400
4.5,-0.1,500,"sd","14:19:03",3757200
4.5,-0.1,100,"sd","14:19:03",3756700
4.5,-0.1,800,"sd","14:19:03",3756600
4.5,-0.1,1000,"sd","14:19:03",3755800
4.5,-0.1,100,"sd","14:19:03",3754800
4.5,-0.1,100,"sd","14:19:03",3754700
4.5,-0.1,100,"sd","14:19:03",3754600
4.5,-0.1,2000,"sd","14:19:03",3754500
4.5,-0.1,100,"sd","14:19:03",3752500
4.5,-0.1,2000,"sd","14:19:03",3752400
4.5,-0.1,400,"sd","14:19:03",3750400
4.5,-0.1,300,"sd","14:19:03",3750000
4.5,-0.1,1300,"sd","14:19:03",3749700
4.5,-0.1,6800,"sd","14:19:03",3748400
4.5,-0.1,100,"sd","14:19:03",3741600
4.5,-0.1,200,"sd","14:19:03",3741500
4.5,-0.1,5000,"sd","14:19:03",3741300
4.5,-0.1,1600,"sd","14:19:03",3736300
4.5,-0.1,600,"sd","14:19:03",3734700
4.5,-0.1,20500,"sd","14:19:03",3734100
4.5,-0.1,1000,"sd","14:19:03",3713600
4.5,-0.1,400,"sd","14:19:03",3712600
4.5,-0.1,500,"sd","14:19:03",3712200
4.5,-0.1,100,"sd","14:19:03",3711700
4.5,-0.1,500,"sd","14:19:03",3711600
4.5,-0.1,2500,"sd","14:19:03",3711100
4.5,-0.1,1000,"sd","14:19:03",3708600
4.5,-0.1,100,"sd","14:19:03",3707600
4.5,-0.1,100,"sd","14:19:03",3707500
4.5,-0.1,1500,"sd","14:19:03",3707400
4.5,-0.1,3000,"sd","14:19:03",3705900
4.5,-0.1,400,"sd","14:19:03",3702900
4.5,-0.1,500,"sd","14:19:03",3702500
4.5,-0.1,1000,"sd","14:19:03",3702000
4.5,-0.1,200,"sd","14:19:03",3701000
4.5,-0.1,1000,"sd","14:19:03",3700800
4.5,-0.1,2000,"sd","14:19:03",3699800
4.5,-0.1,2100,"sd","14:19:03",3697800
4.5,-0.1,2000,"sd","14:19:03",3695700
4.5,-0.1,600,"sd","14:19:03",3693700
4.5,-0.1,1100,"sd","14:19:03",3693100
4.5,-0.1,100,"sd","14:19:03",3692000
4.5,-0.1,1000,"sd","14:19:03",3691900
4.5,-0.1,300,"sd","14:19:03",3690900
4.5,-0.1,3000,"sd","14:19:03",3690600
4.5,-0.1,5300,"sd","14:19:03",3687600
4.5,-0.1,100,"sd","14:19:03",3682300
4.5,-0.1,4000,"sd","14:19:03",3682200
4.5,-0.1,200,"sd","14:19:03",3678200
4.5,-0.1,100,"sd","14:19:03",3678000
4.5,-0.1,300,"sd","14:19:03",3677900
4.5,-0.1,100,"sd","14:19:03",3677600
4.5,-0.1,1100,"sd","14:19:03",3677500
4.5,-0.1,1100,"sd","14:19:03",3676400
4.5,-0.1,10000,"sd","14:19:03",3675300
4.5,-0.1,3200,"sd","14:19:03",3665300
4.5,-0.1,100,"sd","14:19:03",3662100
4.5,-0.1,1500,"sd","14:19:03",3662000
4.5,-0.1,1000,"sd","14:19:03",3660500
4.5,-0.1,400,"sd","14:19:03",3659500
4.5,-0.1,100,"sd","14:19:03",3659100
4.5,-0.1,100,"sd","14:19:03",3659000
4.5,-0.1,700,"sd","14:19:03",3658900
4.5,-0.1,1000,"sd","14:19:03",3658200
4.5,-0.1,100,"sd","14:19:00",3657200
4.5,-0.1,1500,"sd","14:19:00",3657100
4.5,-0.1,28400,"sd","14:19:00",3655600
4.5,-0.1,2600,"sd","14:18:48",3627200
4.5,-0.1,5000,"sd","14:18:47",3624600
4.51,-0.09,1000,"sd","14:18:47",3619600
4.5,-0.1,3000,"sd","14:18:43",3618600
4.53,-0.07,100,"bu","14:18:35",3615600
4.5,-0.1,11000,"sd","14:18:34",3615500
4.5,-0.1,100,"sd","14:18:34",3604500
4.5,-0.1,8000,"sd","14:18:34",3604400
4.5,-0.1,100,"sd","14:18:34",3596400
4.5,-0.1,1000,"sd","14:18:34",3596300
4.5,-0.1,100,"sd","14:18:34",3595300
4.5,-0.1,100,"sd","14:18:34",3595200
4.5,-0.1,100,"sd","14:18:34",3595100
4.5,-0.1,1000,"sd","14:18:34",3595000
4.51,-0.09,1100,"unknown","14:18:34",3594000
4.51,-0.09,1200,"unknown","14:18:34",3592900
4.51,-0.09,100,"unknown","14:18:34",3591700
4.51,-0.09,1000,"sd","14:18:34",3591600
4.52,-0.08,5900,"sd","14:18:34",3590600
4.51,-0.09,100,"sd","14:18:34",3584700
4.51,-0.09,1000,"sd","14:18:34",3584600
4.51,-0.09,100,"sd","14:18:34",3583600
4.51,-0.09,200,"sd","14:18:34",3583500
4.51,-0.09,100,"sd","14:18:34",3583300
4.51,-0.09,3000,"sd","14:18:34",3583200
4.51,-0.09,5000,"sd","14:18:34",3580200
4.52,-0.08,100,"sd","14:18:25",3575200
4.52,-0.08,10000,"sd","14:18:23",3575100
4.52,-0.08,2500,"sd","14:18:19",3565100
4.52,-0.08,500,"sd","14:18:11",3562600
4.52,-0.08,1000,"sd","14:18:10",3562100
4.51,-0.09,500,"sd","14:18:09",3561100
4.51,-0.09,200,"sd","14:18:01",3560600
4.51,-0.09,3200,"sd","14:17:55",3560400
4.51,-0.09,5000,"sd","14:17:55",3557200
4.51,-0.09,1800,"sd","14:17:55",3552200
4.53,-0.07,1900,"bu","14:17:52",3550400
4.51,-0.09,10000,"sd","14:17:51",3548500
4.51,-0.09,5000,"sd","14:17:50",3538500
4.53,-0.07,100,"sd","14:17:12",3533500
4.54,-0.06,1200,"bu","14:16:55",3533400
4.54,-0.06,1600,"bu","14:16:55",3532200
4.52,-0.08,5000,"sd","14:16:52",3530600
4.52,-0.08,1000,"sd","14:16:52",3525600
4.52,-0.08,500,"sd","14:16:52",3524600
4.51,-0.09,13200,"sd","14:16:52",3524100
4.52,-0.08,1000,"sd","14:16:52",3510900
4.52,-0.08,1000,"sd","14:16:52",3509900
4.51,-0.09,1000,"sd","14:16:52",3508900
4.52,-0.08,1000,"sd","14:16:52",3507900
4.51,-0.09,500,"sd","14:16:52",3506900
4.51,-0.09,100,"sd","14:16:52",3506400
4.52,-0.08,2000,"sd","14:16:52",3506300
4.51,-0.09,2000,"sd","14:16:52",3504300
4.52,-0.08,5000,"sd","14:16:52",3502300
4.52,-0.08,500,"sd","14:16:52",3497300
4.51,-0.09,1000,"sd","14:16:52",3496800
4.52,-0.08,300,"sd","14:16:51",3495800
4.51,-0.09,500,"sd","14:16:51",3495500
4.52,-0.08,2000,"sd","14:16:51",3495000
4.51,-0.09,500,"sd","14:16:51",3493000
4.52,-0.08,20200,"sd","14:16:51",3492500
4.53,-0.07,100,"sd","14:16:51",3472300
4.52,-0.08,400,"sd","14:16:51",3472200
4.52,-0.08,100,"sd","14:16:51",3471800
4.52,-0.08,1000,"sd","14:16:51",3471700
4.53,-0.07,500,"sd","14:16:51",3470700
4.52,-0.08,200,"sd","14:16:51",3470200
4.52,-0.08,100,"sd","14:16:51",3470000
4.52,-0.08,10000,"sd","14:16:51",3469900
4.53,-0.07,200,"sd","14:16:51",3459900
4.53,-0.07,100,"sd","14:16:51",3459700
4.53,-0.07,100,"sd","14:16:51",3459600
4.52,-0.08,100,"sd","14:16:51",3459500
4.53,-0.07,100,"sd","14:16:51",3459400
4.53,-0.07,1000,"sd","14:16:51",3459300
4.52,-0.08,2000,"sd","14:16:51",3458300
4.53,-0.07,2000,"sd","14:16:51",3456300
4.53,-0.07,600,"sd","14:16:51",3454300
4.53,-0.07,2000,"sd","14:16:51",3453700
4.53,-0.07,200,"sd","14:16:51",3451700
4.52,-0.08,200,"sd","14:16:51",3451500
4.53,-0.07,4300,"sd","14:16:51",3451300
4.53,-0.07,100,"sd","14:16:51",3447000
4.52,-0.08,100,"sd","14:16:51",3446900
4.52,-0.08,11600,"sd","14:16:51",3446800
4.53,-0.07,2000,"sd","14:16:51",3435200
4.52,-0.08,2000,"sd","14:16:51",3433200
4.53,-0.07,200,"sd","14:16:51",3431200
4.53,-0.07,400,"sd","14:16:51",3431000
4.53,-0.07,700,"sd","14:16:38",3430600
4.53,-0.07,500,"sd","14:16:38",3429900
4.53,-0.07,100,"sd","14:16:38",3429400
4.53,-0.07,200,"sd","14:16:38",3429300
4.53,-0.07,300,"sd","14:16:38",3429100
4.53,-0.07,400,"sd","14:16:38",3428800
4.53,-0.07,2800,"sd","14:16:38",3428400
4.54,-0.06,100,"bu","14:16:32",3425600
4.54,-0.06,700,"sd","14:16:26",3425500
4.54,-0.06,200,"sd","14:16:26",3424800
4.54,-0.06,800,"sd","14:16:26",3424600
4.55,-0.05,100,"sd","14:16:26",3423800
4.54,-0.06,1200,"sd","14:16:16",3423700
4.54,-0.06,1000,"sd","14:16:16",3422500
4.54,-0.06,100,"sd","14:16:16",3421500
4.54,-0.06,200,"sd","14:16:16",3421400
4.54,-0.06,500,"sd","14:16:16",3421200
4.54,-0.06,100,"sd","14:16:16",3420700
4.54,-0.06,500,"sd","14:16:16",3420600
4.54,-0.06,100,"sd","14:16:16",3420100
4.54,-0.06,2000,"sd","14:16:16",3420000
4.54,-0.06,200,"sd","14:16:16",3418000
4.55,-0.05,100,"sd","14:16:16",3417800
4.55,-0.05,400,"sd","14:16:16",3417700
4.54,-0.06,800,"sd","14:15:44",3417300
4.54,-0.06,200,"sd","14:15:44",3416500
4.54,-0.06,1800,"sd","14:15:26",3416300
4.54,-0.06,1000,"sd","14:15:26",3414500
4.54,-0.06,500,"sd","14:15:26",3413500
4.54,-0.06,3400,"sd","14:15:26",3413000
4.55,-0.05,400,"sd","14:15:06",3409600
4.55,-0.05,100,"sd","14:15:06",3409200
4.55,-0.05,100,"bu","14:15:01",3409100
4.55,-0.05,100,"bu","14:14:55",3409000
4.55,-0.05,500,"bu","14:14:54",3408900
4.55,-0.05,100,"bu","14:14:52",3408400
4.55,-0.05,3000,"sd","14:14:43",3408300
4.55,-0.05,100,"sd","14:14:43",3405300
4.55,-0.05,300,"sd","14:14:43",3405200
4.55,-0.05,700,"sd","14:14:40",3404900
4.55,-0.05,300,"sd","14:14:40",3404200
4.55,-0.05,100,"sd","14:14:25",3403900
4.55,-0.05,600,"bu","14:14:19",3403800
4.54,-0.06,600,"sd","14:14:19",3403200
4.54,-0.06,300,"sd","14:14:19",3402600
4.54,-0.06,100,"sd","14:14:19",3402300
4.55,-0.05,1400,"bu","14:14:15",3402200
4.55,-0.05,600,"bu","14:14:15",3400800
4.55,-0.05,200,"bu","14:14:09",3400200
4.55,-0.05,300,"sd","14:14:08",3400000
4.55,-0.05,200,"sd","14:14:08",3399700
4.55,-0.05,2500,"sd","14:14:06",3399500
4.55,-0.05,1200,"sd","14:13:54",3397000
4.55,-0.05,100,"sd","14:13:54",3395800
4.55,-0.05,1000,"sd","14:13:54",3395700
4.55,-0.05,100,"sd","14:13:54",3394700
4.55,-0.05,10000,"sd","14:13:54",3394600
4.55,-0.05,300,"sd","14:13:54",3384600
4.55,-0.05,500,"sd","14:13:54",3384300
4.55,-0.05,2000,"sd","14:13:54",3383800
4.55,-0.05,1000,"sd","14:13:54",3381800
4.56,-0.04,3000,"bu","14:13:23",3380800
4.56,-0.04,100,"bu","14:13:16",3377800
4.56,-0.04,400,"bu","14:12:57",3377700
4.56,-0.04,200,"bu","14:12:57",3377300
4.56,-0.04,1400,"bu","14:12:25",3377100
4.56,-0.04,2400,"bu","14:12:20",3375700
4.56,-0.04,600,"bu","14:12:20",3373300
4.56,-0.04,1000,"bu","14:11:43",3372700
4.56,-0.04,400,"bu","14:10:55",3371700
4.56,-0.04,500,"bu","14:10:42",3371300
4.55,-0.05,1800,"bu","14:10:09",3370800
4.55,-0.05,600,"bu","14:10:09",3369000
4.55,-0.05,2200,"bu","14:10:09",3368400
4.55,-0.05,800,"bu","14:10:09",3366200
4.55,-0.05,2000,"bu","14:10:09",3365400
4.55,-0.05,200,"bu","14:10:07",3363400
4.55,-0.05,500,"bu","14:09:59",3363200
4.55,-0.05,2000,"bu","14:09:52",3362700
4.55,-0.05,200,"bu","14:09:41",3360700
4.55,-0.05,2000,"bu","14:09:38",3360500
4.55,-0.05,100,"bu","14:09:23",3358500
4.54,-0.06,1000,"bu","14:09:18",3358400
4.54,-0.06,200,"bu","14:09:18",3357400
4.54,-0.06,200,"bu","14:09:17",3357200
4.54,-0.06,300,"bu","14:09:17",3357000
4.54,-0.06,1000,"bu","14:09:14",3356700
4.54,-0.06,9000,"bu","14:09:14",3355700
4.54,-0.06,200,"bu","14:09:06",3346700
4.54,-0.06,500,"bu","14:09:03",3346500
4.54,-0.06,500,"bu","14:09:03",3346000
4.54,-0.06,100,"bu","14:09:02",3345500
4.54,-0.06,200,"bu","14:08:57",3345400
4.54,-0.06,300,"bu","14:08:43",3345200
4.54,-0.06,200,"bu","14:08:43",3344900
4.53,-0.07,200,"sd","14:08:17",3344700
4.53,-0.07,1000,"sd","14:08:17",3344500
4.53,-0.07,100,"sd","14:08:17",3343500
4.53,-0.07,900,"sd","14:08:17",3343400
4.54,-0.06,500,"bu","14:08:13",3342500
4.54,-0.06,500,"bu","14:08:13",3342000
4.53,-0.07,100,"sd","14:08:10",3341500
4.53,-0.07,100,"sd","14:08:10",3341400
4.53,-0.07,500,"sd","14:08:10",3341300
4.53,-0.07,1000,"sd","14:08:10",3340800
4.53,-0.07,500,"sd","14:08:10",3339800
4.53,-0.07,800,"sd","14:08:10",3339300
4.53,-0.07,200,"sd","14:08:03",3338500
4.53,-0.07,500,"sd","14:08:03",3338300
4.53,-0.07,100,"sd","14:08:03",3337800
4.53,-0.07,200,"sd","14:08:03",3337700
4.53,-0.07,400,"sd","14:07:37",3337500
4.53,-0.07,500,"sd","14:07:37",3337100
4.53,-0.07,100,"sd","14:07:37",3336600
4.53,-0.07,1000,"sd","14:07:37",3336500
4.53,-0.07,2500,"sd","14:07:37",3335500
4.53,-0.07,100,"sd","14:07:37",3333000
4.53,-0.07,500,"sd","14:07:37",3332900
4.53,-0.07,2000,"sd","14:07:37",3332400
4.53,-0.07,2000,"sd","14:07:37",3330400
4.53,-0.07,100,"sd","14:07:37",3328400
4.53,-0.07,400,"sd","14:07:37",3328300
4.53,-0.07,400,"sd","14:07:37",3327900
4.53,-0.07,100,"sd","14:07:25",3327500
4.54,-0.06,100,"bu","14:07:25",3327400
4.54,-0.06,3100,"bu","14:07:20",3327300
4.54,-0.06,100,"bu","14:07:02",3324200
4.54,-0.06,100,"bu","14:06:54",3324100
4.54,-0.06,200,"sd","14:06:52",3324000
4.54,-0.06,1000,"sd","14:06:52",3323800
4.54,-0.06,200,"sd","14:06:52",3322800
4.54,-0.06,100,"sd","14:06:52",3322600
4.54,-0.06,200,"sd","14:06:52",3322500
4.54,-0.06,2000,"sd","14:06:52",3322300
4.54,-0.06,100,"sd","14:06:52",3320300
4.54,-0.06,200,"sd","14:06:52",3320200
4.54,-0.06,200,"sd","14:06:52",3320000
4.54,-0.06,1000,"sd","14:06:52",3319800
4.54,-0.06,100,"sd","14:06:52",3318800
4.54,-0.06,4600,"sd","14:06:52",3318700
4.54,-0.06,300,"sd","14:06:52",3314100
4.54,-0.06,400,"sd","14:06:52",3313800
4.54,-0.06,1500,"sd","14:06:52",3313400
4.54,-0.06,500,"sd","14:06:45",3311900
4.54,-0.06,100,"sd","14:06:45",3311400
4.54,-0.06,1000,"sd","14:06:45",3311300
4.54,-0.06,400,"sd","14:06:45",3310300
4.54,-0.06,600,"sd","14:06:32",3309900
4.54,-0.06,500,"sd","14:06:32",3309300
4.55,-0.05,500,"bu","14:06:19",3308800
4.55,-0.05,100,"sd","14:05:39",3308300
4.55,-0.05,10000,"sd","14:05:39",3308200
4.55,-0.05,5000,"sd","14:05:39",3298200
4.55,-0.05,200,"sd","14:05:39",3293200
4.55,-0.05,100,"sd","14:05:39",3293000
4.55,-0.05,7100,"sd","14:05:39",3292900
4.55,-0.05,1000,"sd","14:05:38",3285800
4.55,-0.05,500,"sd","14:05:36",3284800
4.55,-0.05,6400,"sd","14:05:02",3284300
4.55,-0.05,3600,"sd","14:05:02",3277900
4.55,-0.05,500,"sd","14:04:59",3274300
4.55,-0.05,500,"bu","14:04:03",3273800
4.55,-0.05,2800,"bu","14:04:03",3273300
4.55,-0.05,12600,"bu","14:04:03",3270500
4.54,-0.06,1600,"sd","14:03:52",3257900
4.54,-0.06,200,"sd","14:03:52",3256300
4.54,-0.06,100,"sd","14:03:52",3256100
4.54,-0.06,100,"sd","14:03:52",3256000
4.55,-0.05,20000,"bu","14:03:40",3255900
4.55,-0.05,1300,"bu","14:03:32",3235900
4.55,-0.05,4200,"bu","14:03:10",3234600
4.55,-0.05,100,"bu","14:03:03",3230400
4.55,-0.05,2000,"bu","14:02:47",3230300
4.55,-0.05,100,"bu","14:02:47",3228300
4.55,-0.05,20000,"bu","14:02:47",3228200
4.55,-0.05,1000,"sd","14:02:47",3208200
4.55,-0.05,200,"sd","14:02:47",3207200
4.55,-0.05,8500,"sd","14:02:47",3207000
4.56,-0.04,500,"bu","14:02:34",3198500
4.56,-0.04,2200,"bu","14:02:34",3198000
4.55,-0.05,5000,"sd","14:02:31",3195800
4.56,-0.04,100,"bu","14:02:13",3190800
4.55,-0.05,500,"sd","14:02:00",3190700
4.56,-0.04,900,"bu","14:01:59",3190200
4.55,-0.05,1800,"sd","14:01:47",3189300
4.55,-0.05,4200,"sd","14:01:41",3187500
4.55,-0.05,8000,"sd","14:01:41",3183300
4.55,-0.05,1500,"sd","14:01:41",3175300
4.55,-0.05,2200,"sd","14:01:41",3173800
4.55,-0.05,200,"sd","14:01:41",3171600
4.55,-0.05,300,"sd","14:01:41",3171400
4.55,-0.05,200,"sd","14:01:41",3171100
4.55,-0.05,100,"sd","14:01:41",3170900
4.55,-0.05,1000,"sd","14:01:41",3170800
4.55,-0.05,2300,"sd","14:01:41",3169800
4.56,-0.04,1200,"bu","14:01:36",3167500
4.55,-0.05,1000,"sd","14:01:31",3166300
4.56,-0.04,100,"bu","14:01:23",3165300
4.56,-0.04,200,"bu","14:01:08",3165200
4.56,-0.04,300,"bu","14:01:08",3165000
4.56,-0.04,400,"bu","14:01:06",3164700
4.56,-0.04,200,"bu","14:01:06",3164300
4.56,-0.04,1400,"bu","14:01:06",3164100
4.55,-0.05,6000,"sd","14:00:50",3162700
4.55,-0.05,8700,"sd","14:00:48",3156700
4.56,-0.04,100,"bu","14:00:42",3148000
4.56,-0.04,100,"bu","14:00:23",3147900
4.55,-0.05,200,"sd","14:00:02",3147800
4.55,-0.05,4300,"sd","14:00:02",3147600
4.55,-0.05,2000,"sd","14:00:02",3143300
4.55,-0.05,2000,"sd","14:00:02",3141300
4.55,-0.05,500,"sd","14:00:02",3139300
4.56,-0.04,1000,"bu","13:59:48",3138800
4.55,-0.05,100,"bu","13:59:34",3137800
4.55,-0.05,500,"sd","13:59:27",3137700
4.55,-0.05,200,"sd","13:59:27",3137200
4.55,-0.05,200,"sd","13:59:27",3137000
4.55,-0.05,1000,"sd","13:59:27",3136800
4.55,-0.05,500,"sd","13:59:26",3135800
4.55,-0.05,2000,"sd","13:59:01",3135300
4.55,-0.05,7500,"bu","13:58:52",3133300
4.55,-0.05,500,"sd","13:58:41",3125800
4.55,-0.05,1000,"sd","13:58:41",3125300
4.55,-0.05,500,"sd","13:58:41",3124300
4.55,-0.05,2100,"sd","13:58:41",3123800
4.55,-0.05,1700,"sd","13:58:34",3121700
4.55,-0.05,5000,"sd","13:58:34",3120000
4.55,-0.05,300,"sd","13:58:34",3115000
4.55,-0.05,2000,"sd","13:58:34",3114700
4.55,-0.05,200,"sd","13:58:34",3112700
4.55,-0.05,100,"sd","13:58:34",3112500
4.55,-0.05,400,"sd","13:58:34",3112400
4.55,-0.05,300,"sd","13:58:34",3112000
4.56,-0.04,2000,"bu","13:58:30",3111700
4.56,-0.04,100,"bu","13:57:54",3109700
4.56,-0.04,100,"bu","13:57:47",3109600
4.55,-0.05,700,"sd","13:57:39",3109500
4.55,-0.05,2300,"sd","13:57:39",3108800
4.55,-0.05,100,"sd","13:57:39",3106500
4.55,-0.05,100,"sd","13:57:39",3106400
4.55,-0.05,3700,"sd","13:57:39",3106300
4.55,-0.05,1000,"sd","13:57:39",3102600
4.55,-0.05,1000,"sd","13:57:39",3101600
4.55,-0.05,1000,"sd","13:57:39",3100600
4.55,-0.05,100,"sd","13:57:39",3099600
4.56,-0.04,200,"bu","13:57:08",3099500
4.56,-0.04,100,"bu","13:57:08",3099300
4.56,-0.04,100,"bu","13:57:05",3099200
4.56,-0.04,1000,"bu","13:56:36",3099100
4.55,-0.05,6300,"sd","13:56:29",3098100
4.55,-0.05,200,"sd","13:56:29",3091800
4.55,-0.05,100,"sd","13:56:29",3091600
4.55,-0.05,1000,"sd","13:56:29",3091500
4.55,-0.05,500,"sd","13:56:29",3090500
4.55,-0.05,100,"sd","13:56:29",3090000
4.55,-0.05,13900,"sd","13:56:29",3089900
4.56,-0.04,1000,"sd","13:56:07",3076000
4.56,-0.04,2800,"sd","13:56:07",3075000
4.56,-0.04,100,"bu","13:55:57",3072200
4.56,-0.04,300,"bu","13:55:44",3072100
4.56,-0.04,500,"sd","13:55:44",3071800
4.56,-0.04,500,"sd","13:55:44",3071300
4.56,-0.04,500,"sd","13:55:44",3070800
4.56,-0.04,400,"sd","13:55:44",3070300
4.56,-0.04,100,"sd","13:55:44",3069900
4.56,-0.04,1000,"sd","13:55:44",3069800
4.56,-0.04,500,"sd","13:55:44",3068800
4.56,-0.04,1500,"sd","13:55:44",3068300
4.56,-0.04,100,"sd","13:55:44",3066800
4.56,-0.04,100,"sd","13:55:44",3066700
4.56,-0.04,100,"sd","13:55:44",3066600
4.56,-0.04,200,"sd","13:55:44",3066500
4.56,-0.04,2000,"sd","13:55:44",3066300
4.56,-0.04,1000,"sd","13:55:44",3064300
4.56,-0.04,500,"sd","13:55:44",3063300
4.56,-0.04,600,"sd","13:55:44",3062800
4.57,-0.03,100,"sd","13:55:21",3062200
4.56,-0.04,100,"sd","13:55:15",3062100
4.56,-0.04,600,"sd","13:54:16",3062000
4.56,-0.04,700,"sd","13:54:10",3061400
4.57,-0.03,300,"sd","13:54:10",3060700
4.57,-0.03,1000,"sd","13:53:44",3060400
4.57,-0.03,300,"sd","13:53:39",3059400
4.57,-0.03,100,"bu","13:53:38",3059100
4.57,-0.03,1000,"bu","13:53:38",3059000
4.57,-0.03,100,"bu","13:53:38",3058000
4.57,-0.03,2800,"bu","13:53:19",3057900
4.57,-0.03,600,"bu","13:52:49",3055100
4.57,-0.03,35800,"bu","13:52:49",3054500
4.57,-0.03,3200,"sd","13:52:15",3018700
4.57,-0.03,500,"sd","13:52:15",3015500
4.57,-0.03,1000,"sd","13:52:15",3015000
4.57,-0.03,500,"sd","13:52:15",3014000
4.57,-0.03,2000,"sd","13:52:15",3013500
4.57,-0.03,200,"sd","13:52:15",3011500
4.57,-0.03,100,"sd","13:52:15",3011300
4.57,-0.03,1000,"sd","13:52:15",3011200
4.57,-0.03,1500,"sd","13:52:15",3010200
4.58,-0.02,500,"bu","13:52:10",3008700
4.57,-0.03,1500,"sd","13:52:08",3008200
4.57,-0.03,1500,"sd","13:52:08",3006700
4.58,-0.02,500,"sd","13:51:37",3005200
4.58,-0.02,1000,"sd","13:51:37",3004700
4.58,-0.02,1200,"sd","13:51:37",3003700
4.58,-0.02,2000,"sd","13:51:37",3002500
4.58,-0.02,900,"sd","13:51:37",3000500
4.58,-0.02,400,"sd","13:51:37",2999600
4.58,-0.02,2200,"sd","13:51:37",2999200
4.58,-0.02,2700,"sd","13:51:37",2997000
4.58,-0.02,3000,"sd","13:51:37",2994300
4.58,-0.02,5000,"sd","13:51:37",2991300
4.58,-0.02,1000,"sd","13:51:37",2986300
4.58,-0.02,200,"sd","13:51:37",2985300
4.58,-0.02,2900,"sd","13:51:37",2985100
4.58,-0.02,500,"sd","13:51:31",2982200
4.58,-0.02,600,"sd","13:51:11",2981700
4.58,-0.02,2000,"sd","13:51:11",2981100
4.58,-0.02,5000,"sd","13:51:11",2979100
4.58,-0.02,700,"sd","13:51:11",2974100
4.58,-0.02,21700,"sd","13:51:11",2973400
4.59,-0.01,1800,"bu","13:50:03",2951700
4.59,-0.01,13200,"bu","13:50:03",2949900
4.58,-0.02,4000,"sd","13:50:02",2936700
4.59,-0.01,100,"bu","13:49:51",2932700
4.59,-0.01,100,"bu","13:49:31",2932600
4.59,-0.01,2000,"bu","13:49:22",2932500
4.58,-0.02,1100,"sd","13:48:36",2930500
4.58,-0.02,1000,"sd","13:48:09",2929400
4.59,-0.01,500,"bu","13:47:53",2928400
4.58,-0.02,4000,"sd","13:47:23",2927900
4.59,-0.01,3000,"bu","13:47:17",2923900
4.59,-0.01,100,"bu","13:46:39",2920900
4.59,-0.01,100,"bu","13:46:34",2920800
4.59,-0.01,200,"bu","13:46:13",2920700
4.59,-0.01,100,"bu","13:46:02",2920500
4.58,-0.02,100,"bu","13:45:43",2920400
4.58,-0.02,10000,"bu","13:45:43",2920300
4.58,-0.02,3100,"bu","13:45:43",2910300
4.58,-0.02,100,"bu","13:45:19",2907200
4.58,-0.02,100,"bu","13:45:17",2907100
4.58,-0.02,400,"bu","13:45:10",2907000
4.58,-0.02,100,"bu","13:45:08",2906600
4.58,-0.02,3000,"bu","13:45:06",2906500
4.58,-0.02,500,"sd","13:44:20",2903500
4.58,-0.02,200,"sd","13:44:20",2903000
4.58,-0.02,1000,"sd","13:44:20",2902800
4.58,-0.02,1500,"sd","13:44:20",2901800
4.58,-0.02,900,"sd","13:44:16",2900300
4.58,-0.02,1100,"sd","13:44:16",2899400
4.58,-0.02,1700,"sd","13:44:13",2898300
4.58,-0.02,600,"sd","13:44:13",2896600
4.58,-0.02,1000,"sd","13:44:13",2896000
4.58,-0.02,1000,"sd","13:44:13",2895000
4.58,-0.02,100,"sd","13:44:13",2894000
4.58,-0.02,100,"sd","13:44:13",2893900
4.58,-0.02,500,"sd","13:44:13",2893800
4.58,-0.02,100,"sd","13:43:43",2893300
4.59,-0.01,200,"bu","13:42:52",2893200
4.59,-0.01,2000,"bu","13:42:45",2893000
4.59,-0.01,100,"bu","13:42:32",2891000
4.59,-0.01,1100,"bu","13:42:25",2890900
4.58,-0.02,100,"sd","13:42:19",2889800
4.59,-0.01,200,"bu","13:42:09",2889700
4.58,-0.02,900,"sd","13:42:01",2889500
4.58,-0.02,600,"sd","13:41:28",2888600
4.58,-0.02,100,"sd","13:41:28",2888000
4.58,-0.02,700,"sd","13:41:28",2887900
4.59,-0.01,5000,"bu","13:41:20",2887200
4.58,-0.02,3000,"sd","13:41:00",2882200
4.58,-0.02,100,"sd","13:40:42",2879200
4.58,-0.02,5000,"sd","13:40:19",2879100
4.58,-0.02,1200,"sd","13:40:14",2874100
4.58,-0.02,8800,"sd","13:40:14",2872900
4.59,-0.01,800,"bu","13:39:51",2864100
4.59,-0.01,100,"bu","13:39:34",2863300
4.58,-0.02,100,"sd","13:39:24",2863200
4.58,-0.02,300,"sd","13:39:20",2863100
4.58,-0.02,100,"sd","13:39:16",2862800
4.58,-0.02,800,"sd","13:39:16",2862700
4.58,-0.02,100,"sd","13:39:16",2861900
4.58,-0.02,100,"sd","13:38:39",2861800
4.58,-0.02,200,"sd","13:38:39",2861700
4.59,-0.01,100,"bu","13:38:34",2861500
4.59,-0.01,500,"bu","13:38:26",2861400
4.59,-0.01,2800,"bu","13:38:17",2860900
4.58,-0.02,300,"sd","13:38:17",2858100
4.58,-0.02,700,"sd","13:38:17",2857800
4.58,-0.02,1300,"sd","13:38:03",2857100
4.58,-0.02,200,"sd","13:38:03",2855800
4.58,-0.02,2000,"sd","13:38:03",2855600
4.58,-0.02,100,"sd","13:38:03",2853600
4.58,-0.02,6400,"sd","13:38:03",2853500
4.59,-0.01,2000,"bu","13:37:58",2847100
4.58,-0.02,2000,"sd","13:37:57",2845100
4.58,-0.02,2000,"sd","13:37:32",2843100
4.58,-0.02,2000,"sd","13:37:27",2841100
4.59,-0.01,100,"bu","13:37:15",2839100
4.59,-0.01,1000,"bu","13:37:09",2839000
4.59,-0.01,2000,"bu","13:37:09",2838000
4.59,-0.01,2000,"bu","13:37:09",2836000
4.59,-0.01,200,"bu","13:37:09",2834000
4.59,-0.01,200,"bu","13:37:09",2833800
4.59,-0.01,3000,"bu","13:37:09",2833600
4.59,-0.01,1600,"bu","13:37:09",2830600
4.59,-0.01,300,"bu","13:36:31",2829000
4.59,-0.01,200,"bu","13:36:15",2828700
4.59,-0.01,300,"bu","13:35:44",2828500
4.59,-0.01,100,"bu","13:35:37",2828200
4.59,-0.01,100,"bu","13:35:34",2828100
4.59,-0.01,200,"bu","13:35:20",2828000
4.58,-0.02,2500,"bu","13:35:10",2827800
4.58,-0.02,100,"bu","13:35:10",2825300
4.58,-0.02,3000,"bu","13:35:10",2825200
4.58,-0.02,2000,"bu","13:35:10",2822200
4.58,-0.02,6300,"bu","13:35:10",2820200
4.58,-0.02,700,"bu","13:35:02",2813900
4.58,-0.02,4000,"bu","13:35:02",2813200
4.58,-0.02,300,"bu","13:35:02",2809200
4.58,-0.02,200,"bu","13:34:48",2808900
4.58,-0.02,300,"bu","13:34:41",2808700
4.58,-0.02,2000,"bu","13:34:13",2808400
4.58,-0.02,2200,"bu","13:34:05",2806400
4.58,-0.02,100,"bu","13:34:05",2804200
4.58,-0.02,100,"bu","13:33:51",2804100
4.58,-0.02,1500,"bu","13:33:36",2804000
4.57,-0.03,700,"bu","13:31:24",2802500
4.57,-0.03,200,"bu","13:31:20",2801800
4.56,-0.04,100,"sd","13:31:02",2801600
4.56,-0.04,2400,"sd","13:31:00",2801500
4.57,-0.03,100,"bu","13:30:23",2799100
4.57,-0.03,300,"bu","13:30:16",2799000
4.57,-0.03,700,"bu","13:30:16",2798700
4.57,-0.03,500,"bu","13:29:51",2798000
4.57,-0.03,400,"bu","13:29:46",2797500
4.57,-0.03,500,"bu","13:29:28",2797100
4.57,-0.03,2000,"bu","13:29:17",2796600
4.57,-0.03,100,"bu","13:29:09",2794600
4.57,-0.03,900,"bu","13:29:09",2794500
4.57,-0.03,1800,"bu","13:28:39",2793600
4.56,-0.04,500,"sd","13:28:17",2791800
4.56,-0.04,500,"sd","13:28:17",2791300
4.56,-0.04,500,"bu","13:28:05",2790800
4.56,-0.04,200,"bu","13:27:59",2790300
4.56,-0.04,1100,"bu","13:27:59",2790100
4.56,-0.04,100,"bu","13:27:50",2789000
4.56,-0.04,7000,"sd","13:27:48",2788900
4.56,-0.04,200,"sd","13:27:48",2781900
4.56,-0.04,100,"sd","13:27:48",2781700
4.56,-0.04,400,"sd","13:27:48",2781600
4.56,-0.04,3000,"sd","13:27:48",2781200
4.56,-0.04,500,"sd","13:27:48",2778200
4.56,-0.04,4900,"sd","13:27:48",2777700
4.57,-0.03,100,"bu","13:26:34",2772800
4.56,-0.04,5100,"sd","13:26:28",2772700
4.56,-0.04,4900,"sd","13:26:28",2767600
4.57,-0.03,2200,"bu","13:26:04",2762700
4.57,-0.03,500,"bu","13:26:04",2760500
4.57,-0.03,200,"bu","13:25:49",2760000
4.57,-0.03,300,"bu","13:25:38",2759800
4.56,-0.04,100,"sd","13:25:03",2759500
4.56,-0.04,1000,"sd","13:25:03",2759400
4.56,-0.04,8900,"sd","13:25:03",2758400
4.57,-0.03,1000,"bu","13:24:56",2749500
4.57,-0.03,2500,"bu","13:24:56",2748500
4.57,-0.03,5500,"bu","13:24:56",2746000
4.56,-0.04,1100,"bu","13:24:43",2740500
4.56,-0.04,600,"bu","13:24:38",2739400
4.55,-0.05,9100,"sd","13:24:37",2738800
4.55,-0.05,200,"sd","13:24:37",2729700
4.55,-0.05,200,"sd","13:24:37",2729500
4.55,-0.05,500,"sd","13:24:37",2729300
4.55,-0.05,1000,"sd","13:24:37",2728800
4.55,-0.05,300,"sd","13:24:37",2727800
4.55,-0.05,2000,"sd","13:24:37",2727500
4.56,-0.04,1000,"bu","13:24:17",2725500
4.56,-0.04,200,"bu","13:24:16",2724500
4.56,-0.04,500,"bu","13:24:15",2724300
4.56,-0.04,2000,"bu","13:24:10",2723800
4.56,-0.04,300,"bu","13:23:29",2721800
4.56,-0.04,10000,"bu","13:23:28",2721500
4.56,-0.04,2800,"sd","13:23:08",2711500
4.56,-0.04,1000,"sd","13:23:08",2708700
4.56,-0.04,100,"bu","13:22:02",2707700
4.55,-0.05,5100,"sd","13:21:50",2707600
4.55,-0.05,3000,"sd","13:21:50",2702500
4.55,-0.05,1000,"sd","13:21:50",2699500
4.55,-0.05,200,"sd","13:21:50",2698500
4.55,-0.05,500,"sd","13:21:50",2698300
4.55,-0.05,200,"sd","13:21:50",2697800
4.56,-0.04,500,"sd","13:21:00",2697600
4.56,-0.04,1500,"sd","13:21:00",2697100
4.56,-0.04,2000,"sd","13:20:30",2695600
4.55,-0.05,200,"sd","13:20:11",2693600
4.55,-0.05,1000,"sd","13:19:40",2693400
4.55,-0.05,1400,"sd","13:19:13",2692400
4.55,-0.05,100,"sd","13:19:13",2691000
4.55,-0.05,500,"sd","13:19:13",2690900
4.55,-0.05,200,"sd","13:19:03",2690400
4.55,-0.05,1000,"bu","13:18:13",2690200
4.55,-0.05,100,"bu","13:18:13",2689200
4.55,-0.05,200,"bu","13:18:13",2689100
4.55,-0.05,100,"bu","13:18:13",2688900
4.55,-0.05,12300,"bu","13:18:07",2688800
4.55,-0.05,400,"bu","13:18:00",2676500
4.55,-0.05,1600,"bu","13:18:00",2676100
4.55,-0.05,1000,"bu","13:17:58",2674500
4.55,-0.05,1000,"bu","13:17:50",2673500
4.55,-0.05,2000,"bu","13:17:47",2672500
4.55,-0.05,1000,"bu","13:17:43",2670500
4.55,-0.05,800,"bu","13:17:40",2669500
4.55,-0.05,1000,"bu","13:17:35",2668700
4.55,-0.05,300,"bu","13:17:22",2667700
4.55,-0.05,4000,"bu","13:17:10",2667400
4.55,-0.05,200,"bu","13:16:54",2663400
4.55,-0.05,100,"bu","13:16:53",2663200
4.55,-0.05,400,"bu","13:16:09",2663100
4.55,-0.05,1000,"bu","13:16:07",2662700
4.55,-0.05,200,"bu","13:15:51",2661700
4.55,-0.05,2900,"bu","13:15:18",2661500
4.53,-0.07,1900,"sd","13:15:17",2658600
4.53,-0.07,300,"sd","13:15:17",2656700
4.53,-0.07,100,"sd","13:15:17",2656400
4.53,-0.07,1000,"sd","13:15:17",2656300
4.53,-0.07,2000,"sd","13:15:17",2655300
4.53,-0.07,100,"sd","13:15:17",2653300
4.54,-0.06,3000,"sd","13:15:17",2653200
4.53,-0.07,200,"sd","13:15:17",2650200
4.54,-0.06,500,"sd","13:15:17",2650000
4.53,-0.07,700,"sd","13:15:17",2649500
4.54,-0.06,100,"sd","13:15:17",2648800
4.54,-0.06,400,"sd","13:15:17",2648700
4.54,-0.06,4700,"sd","13:15:17",2648300
4.54,-0.06,500,"sd","13:15:17",2643600
4.54,-0.06,100,"sd","13:15:17",2643100
4.54,-0.06,1000,"sd","13:15:17",2643000
4.54,-0.06,200,"sd","13:15:17",2642000
4.55,-0.05,1000,"bu","13:15:08",2641800
4.55,-0.05,200,"bu","13:14:49",2640800
4.55,-0.05,1100,"sd","13:14:20",2640600
4.55,-0.05,6800,"sd","13:14:20",2639500
4.55,-0.05,15000,"sd","13:14:20",2632700
4.55,-0.05,2000,"sd","13:14:20",2617700
4.56,-0.04,2500,"sd","13:14:20",2615700
4.55,-0.05,1000,"sd","13:14:20",2613200
4.56,-0.04,100,"sd","13:14:20",2612200
4.55,-0.05,100,"sd","13:14:20",2612100
4.55,-0.05,100,"sd","13:14:20",2612000
4.55,-0.05,100,"sd","13:14:20",2611900
4.55,-0.05,900,"sd","13:14:20",2611800
4.55,-0.05,100,"sd","13:14:20",2610900
4.55,-0.05,1500,"sd","13:14:20",2610800
4.57,-0.03,100,"bu","13:14:03",2609300
4.57,-0.03,100,"bu","13:13:05",2609200
4.56,-0.04,200,"bu","13:13:05",2609100
4.56,-0.04,2000,"sd","13:12:59",2608900
4.56,-0.04,200,"sd","13:12:58",2606900
4.56,-0.04,100,"sd","13:12:13",2606700
4.56,-0.04,1900,"sd","13:12:13",2606600
4.57,-0.03,1000,"bu","13:12:12",2604700
4.57,-0.03,100,"sd","13:10:15",2603700
4.57,-0.03,200,"sd","13:10:15",2603600
4.57,-0.03,3000,"sd","13:09:52",2603400
4.57,-0.03,1300,"bu","13:09:32",2600400
4.57,-0.03,700,"sd","13:08:44",2599100
4.57,-0.03,200,"sd","13:08:30",2598400
4.57,-0.03,300,"sd","13:08:07",2598200
4.57,-0.03,200,"bu","13:08:01",2597900
4.57,-0.03,1400,"bu","13:08:01",2597700
4.57,-0.03,100,"bu","13:07:06",2596300
4.57,-0.03,100,"bu","13:06:59",2596200
4.55,-0.05,600,"bu","13:06:51",2596100
4.55,-0.05,300,"bu","13:06:48",2595500
4.55,-0.05,100,"bu","13:06:24",2595200
4.55,-0.05,100,"bu","13:06:24",2595100
4.55,-0.05,200,"bu","13:06:24",2595000
4.54,-0.06,100,"bu","13:05:40",2594800
4.54,-0.06,400,"sd","13:05:38",2594700
4.54,-0.06,1000,"sd","13:05:38",2594300
4.54,-0.06,2500,"sd","13:05:38",2593300
4.55,-0.05,1200,"bu","13:05:35",2590800
4.55,-0.05,3800,"bu","13:05:35",2589600
4.55,-0.05,1000,"bu","13:05:21",2585800
4.54,-0.06,2500,"sd","13:04:55",2584800
4.53,-0.07,600,"sd","13:04:45",2582300
4.53,-0.07,700,"sd","13:04:02",2581700
4.53,-0.07,4300,"sd","13:04:02",2581000
4.53,-0.07,15700,"sd","13:03:45",2576700
4.53,-0.07,200,"sd","13:03:45",2561000
4.53,-0.07,100,"sd","13:03:45",2560800
4.53,-0.07,500,"sd","13:03:45",2560700
4.53,-0.07,10000,"sd","13:03:45",2560200
4.53,-0.07,300,"sd","13:03:45",2550200
4.53,-0.07,1000,"sd","13:03:45",2549900
4.53,-0.07,5000,"sd","13:03:45",2548900
4.53,-0.07,300,"sd","13:03:45",2543900
4.53,-0.07,200,"sd","13:03:45",2543600
4.53,-0.07,2000,"sd","13:03:45",2543400
4.53,-0.07,100,"sd","13:03:45",2541400
4.53,-0.07,100,"sd","13:03:45",2541300
4.53,-0.07,13000,"sd","13:03:45",2541200
4.53,-0.07,1000,"sd","13:03:45",2528200
4.53,-0.07,300,"sd","13:03:45",2527200
4.54,-0.06,200,"bu","13:03:45",2526900
4.54,-0.06,300,"bu","13:03:45",2526700
4.54,-0.06,300,"bu","13:03:42",2526400
4.54,-0.06,100,"bu","13:03:42",2526100
4.54,-0.06,4000,"bu","13:03:40",2526000
4.54,-0.06,200,"bu","13:03:35",2522000
4.54,-0.06,1000,"sd","13:03:25",2521800
4.54,-0.06,100,"sd","13:03:25",2520800
4.53,-0.07,700,"sd","13:03:08",2520700
4.53,-0.07,500,"sd","13:03:08",2520000
4.53,-0.07,1000,"sd","13:03:08",2519500
4.53,-0.07,1000,"sd","13:03:08",2518500
4.53,-0.07,500,"sd","13:03:08",2517500
4.53,-0.07,500,"sd","13:03:08",2517000
4.54,-0.06,500,"sd","13:03:08",2516500
4.54,-0.06,100,"sd","13:03:08",2516000
4.54,-0.06,5000,"sd","13:03:08",2515900
4.54,-0.06,100,"sd","13:03:08",2510900
4.54,-0.06,3700,"sd","13:03:08",2510800
4.54,-0.06,300,"sd","13:03:08",2507100
4.54,-0.06,200,"sd","13:03:08",2506800
4.54,-0.06,1000,"sd","13:03:08",2506600
4.54,-0.06,4900,"sd","13:03:08",2505600
4.55,-0.05,200,"bu","13:03:05",2500700
4.54,-0.06,5100,"sd","13:02:54",2500500
4.54,-0.06,300,"sd","13:02:54",2495400
4.54,-0.06,500,"sd","13:02:54",2495100
4.54,-0.06,1000,"sd","13:02:54",2494600
4.54,-0.06,1000,"sd","13:02:54",2493600
4.54,-0.06,1000,"sd","13:02:54",2492600
4.54,-0.06,300,"sd","13:02:54",2491600
4.54,-0.06,200,"sd","13:02:54",2491300
4.54,-0.06,100,"sd","13:02:54",2491100
4.54,-0.06,1000,"sd","13:02:54",2491000
4.54,-0.06,200,"sd","13:02:54",2490000
4.54,-0.06,300,"sd","13:02:54",2489800
4.54,-0.06,200,"sd","13:02:54",2489500
4.54,-0.06,300,"sd","13:02:54",2489300
4.54,-0.06,200,"sd","13:02:39",2489000
4.54,-0.06,100,"sd","13:02:39",2488800
4.54,-0.06,3000,"sd","13:02:39",2488700
4.54,-0.06,700,"sd","13:02:39",2485700
4.54,-0.06,500,"sd","13:02:39",2485000
4.54,-0.06,500,"sd","13:02:39",2484500
4.55,-0.05,200,"bu","13:02:35",2484000
4.55,-0.05,3100,"bu","13:02:17",2483800
4.55,-0.05,200,"bu","13:02:01",2480700
4.55,-0.05,100,"bu","13:01:54",2480500
4.55,-0.05,100,"bu","13:01:45",2480400
4.55,-0.05,400,"bu","13:01:38",2480300
4.55,-0.05,100,"sd","13:01:15",2479900
4.55,-0.05,200,"sd","13:01:15",2479800
4.55,-0.05,2000,"sd","13:01:15",2479600
4.55,-0.05,1500,"sd","13:01:15",2477600
4.55,-0.05,300,"sd","13:01:15",2476100
4.55,-0.05,100,"sd","13:01:15",2475800
4.55,-0.05,8000,"sd","13:01:15",2475700
4.55,-0.05,100,"sd","13:01:15",2467700
4.55,-0.05,500,"sd","13:01:15",2467600
4.55,-0.05,6000,"sd","13:01:15",2467100
4.55,-0.05,2000,"sd","13:00:55",2461100
4.55,-0.05,100,"sd","13:00:50",2459100
4.56,-0.04,6800,"sd","13:00:41",2459000
4.56,-0.04,100,"bu","13:00:27",2452200
4.56,-0.04,12500,"bu","13:00:27",2452100
4.56,-0.04,4600,"bu","13:00:27",2439600
4.55,-0.05,1900,"sd","13:00:22",2435000
4.55,-0.05,2200,"sd","13:00:22",2433100
4.55,-0.05,1000,"sd","13:00:19",2430900
4.56,-0.04,500,"bu","13:00:19",2429900
4.55,-0.05,2000,"sd","13:00:18",2429400
4.55,-0.05,2000,"sd","13:00:18",2427400
4.55,-0.05,5200,"sd","13:00:18",2425400
4.54,-0.06,100,"sd","13:00:17",2420200
4.55,-0.05,11000,"sd","13:00:17",2420100
4.54,-0.06,200,"sd","13:00:17",2409100
4.54,-0.06,100,"sd","13:00:17",2408900
4.55,-0.05,3800,"sd","13:00:17",2408800
4.54,-0.06,1700,"sd","13:00:16",2405000
4.55,-0.05,100,"sd","13:00:16",2403300
4.55,-0.05,500,"sd","13:00:15",2403200
4.55,-0.05,1300,"sd","13:00:15",2402700
4.55,-0.05,200,"sd","13:00:14",2401400
4.54,-0.06,500,"sd","13:00:14",2401200
4.55,-0.05,14400,"sd","13:00:13",2400700
4.55,-0.05,500,"sd","13:00:13",2386300
4.55,-0.05,200,"sd","13:00:13",2385800
4.55,-0.05,600,"sd","13:00:13",2385600
4.55,-0.05,1000,"sd","13:00:12",2385000
4.55,-0.05,1000,"sd","13:00:11",2384000
4.55,-0.05,500,"sd","13:00:10",2383000
4.55,-0.05,300,"sd","13:00:09",2382500
4.55,-0.05,300,"sd","13:00:09",2382200
4.55,-0.05,3100,"sd","13:00:08",2381900
4.55,-0.05,1800,"sd","13:00:07",2378800
4.55,-0.05,700,"sd","13:00:06",2377000
4.55,-0.05,200,"sd","13:00:05",2376300
4.55,-0.05,1000,"sd","13:00:05",2376100
4.56,-0.04,100,"bu","13:00:02",2375100
4.55,-0.05,2100,"sd","13:00:02",2375000
4.55,-0.05,200,"sd","13:00:02",2372900
4.55,-0.05,200,"sd","13:00:01",2372700
4.55,-0.05,200,"sd","13:00:01",2372500
4.55,-0.05,16900,"sd","13:00:01",2372300
4.55,-0.05,11500,"sd","11:29:13",2355400
4.55,-0.05,100,"sd","11:29:13",2343900
4.55,-0.05,1000,"sd","11:29:13",2343800
4.55,-0.05,300,"sd","11:29:13",2342800
4.55,-0.05,200,"sd","11:29:13",2342500
4.55,-0.05,500,"sd","11:29:13",2342300
4.55,-0.05,100,"sd","11:29:13",2341800
4.55,-0.05,1000,"sd","11:29:13",2341700
4.55,-0.05,100,"sd","11:29:13",2340700
4.55,-0.05,300,"sd","11:29:13",2340600
4.55,-0.05,5000,"sd","11:29:13",2340300
4.55,-0.05,100,"sd","11:29:13",2335300
4.55,-0.05,2600,"sd","11:29:13",2335200
4.55,-0.05,500,"sd","11:29:13",2332600
4.55,-0.05,2100,"sd","11:29:13",2332100
4.55,-0.05,200,"sd","11:29:13",2330000
4.55,-0.05,100,"sd","11:29:13",2329800
4.56,-0.04,3000,"sd","11:29:13",2329700
4.55,-0.05,200,"sd","11:29:13",2326700
4.56,-0.04,500,"sd","11:29:13",2326500
4.55,-0.05,200,"sd","11:29:13",2326000
4.56,-0.04,500,"sd","11:29:13",2325800
4.55,-0.05,2000,"sd","11:29:13",2325300
4.56,-0.04,500,"sd","11:29:13",2323300
4.55,-0.05,100,"sd","11:29:13",2322800
4.56,-0.04,400,"sd","11:29:13",2322700
4.55,-0.05,100,"sd","11:29:13",2322300
4.56,-0.04,800,"sd","11:29:13",2322200
4.55,-0.05,1000,"sd","11:29:13",2321400
4.56,-0.04,2200,"sd","11:29:13",2320400
4.55,-0.05,500,"sd","11:29:13",2318200
4.56,-0.04,10000,"sd","11:29:13",2317700
4.55,-0.05,2000,"sd","11:29:13",2307700
4.56,-0.04,500,"sd","11:29:13",2305700
4.55,-0.05,500,"sd","11:29:13",2305200
4.55,-0.05,100,"sd","11:29:13",2304700
4.56,-0.04,1000,"sd","11:29:13",2304600
4.55,-0.05,100,"sd","11:29:13",2303600
4.56,-0.04,5000,"sd","11:29:13",2303500
4.55,-0.05,100,"sd","11:29:13",2298500
4.56,-0.04,20000,"sd","11:29:13",2298400
4.55,-0.05,2500,"sd","11:29:13",2278400
4.55,-0.05,5500,"sd","11:29:13",2275900
4.55,-0.05,500,"sd","11:29:13",2270400
4.55,-0.05,14800,"sd","11:29:13",2269900
4.56,-0.04,1200,"sd","11:29:13",2255100
4.56,-0.04,20400,"sd","11:29:13",2253900
4.56,-0.04,3000,"sd","11:29:13",2233500
4.56,-0.04,100,"sd","11:29:13",2230500
4.57,-0.03,5000,"bu","11:29:09",2230400
4.57,-0.03,100,"bu","11:28:55",2225400
4.57,-0.03,2500,"bu","11:28:44",2225300
4.57,-0.03,2500,"bu","11:28:30",2222800
4.57,-0.03,5000,"bu","11:28:15",2220300
4.57,-0.03,3300,"sd","11:26:26",2215300
4.57,-0.03,2200,"sd","11:25:46",2212000
4.57,-0.03,300,"sd","11:25:46",2209800
4.57,-0.03,1200,"sd","11:25:46",2209500
4.57,-0.03,6300,"sd","11:25:46",2208300
4.57,-0.03,4600,"sd","11:24:51",2202000
4.57,-0.03,5400,"sd","11:24:51",2197400
4.57,-0.03,2000,"sd","11:24:38",2192000
4.57,-0.03,2900,"sd","11:24:38",2190000
4.57,-0.03,100,"sd","11:24:38",2187100
4.57,-0.03,100,"sd","11:24:29",2187000
4.57,-0.03,900,"sd","11:24:29",2186900
4.57,-0.03,200,"sd","11:24:29",2186000
4.58,-0.02,300,"bu","11:24:11",2185800
4.58,-0.02,5000,"bu","11:24:08",2185500
4.58,-0.02,1000,"bu","11:24:08",2180500
4.57,-0.03,800,"sd","11:23:22",2179500
4.57,-0.03,1200,"sd","11:23:22",2178700
4.57,-0.03,200,"sd","11:23:22",2177500
4.57,-0.03,100,"sd","11:23:22",2177300
4.57,-0.03,1200,"sd","11:23:22",2177200
4.57,-0.03,100,"sd","11:23:22",2176000
4.57,-0.03,1400,"sd","11:23:22",2175900
4.57,-0.03,3000,"sd","11:22:38",2174500
4.58,-0.02,500,"bu","11:22:34",2171500
4.58,-0.02,1000,"bu","11:22:34",2171000
4.58,-0.02,3200,"bu","11:22:34",2170000
4.58,-0.02,200,"bu","11:20:11",2166800
4.58,-0.02,100,"bu","11:19:58",2166600
4.58,-0.02,5000,"bu","11:19:37",2166500
4.58,-0.02,400,"sd","11:19:27",2161500
4.58,-0.02,100,"sd","11:19:27",2161100
4.58,-0.02,4900,"sd","11:19:16",2161000
4.58,-0.02,3000,"sd","11:19:16",2156100
4.58,-0.02,4100,"sd","11:19:16",2153100
4.58,-0.02,1000,"sd","11:19:16",2149000
4.59,-0.01,3000,"sd","11:18:31",2148000
4.59,-0.01,800,"sd","11:18:31",2145000
4.59,-0.01,1800,"sd","11:17:06",2144200
4.59,-0.01,200,"sd","11:17:06",2142400
4.59,-0.01,800,"sd","11:16:23",2142200
4.59,-0.01,2500,"sd","11:16:23",2141400
4.59,-0.01,1700,"sd","11:16:23",2138900
4.59,-0.01,3800,"sd","11:15:41",2137200
4.59,-0.01,5000,"sd","11:15:41",2133400
4.59,-0.01,1000,"sd","11:15:41",2128400
4.59,-0.01,200,"sd","11:15:41",2127400
4.59,-0.01,2600,"sd","11:14:13",2127200
4.59,-0.01,4100,"sd","11:14:13",2124600
4.59,-0.01,3300,"sd","11:14:13",2120500
4.6,0,700,"bu","11:13:54",2117200
4.59,-0.01,100,"sd","11:13:35",2116500
4.59,-0.01,2000,"bu","11:12:49",2116400
4.59,-0.01,1000,"bu","11:11:57",2114400
4.59,-0.01,10000,"bu","11:11:16",2113400
4.57,-0.03,1000,"bu","11:09:19",2103400
4.57,-0.03,4500,"bu","11:09:19",2102400
4.57,-0.03,100,"bu","11:09:19",2097900
4.57,-0.03,100,"bu","11:09:16",2097800
4.57,-0.03,300,"bu","11:08:56",2097700
4.57,-0.03,400,"bu","11:08:42",2097400
4.57,-0.03,100,"bu","11:08:02",2097000
4.57,-0.03,900,"bu","11:07:53",2096900
4.57,-0.03,400,"bu","11:07:53",2096000
4.57,-0.03,100,"bu","11:07:53",2095600
4.57,-0.03,300,"bu","11:07:52",2095500
4.57,-0.03,200,"bu","11:07:17",2095200
4.57,-0.03,100,"bu","11:07:14",2095000
4.57,-0.03,200,"bu","11:07:01",2094900
4.56,-0.04,3800,"sd","11:07:00",2094700
4.56,-0.04,100,"sd","11:07:00",2090900
4.56,-0.04,100,"sd","11:07:00",2090800
4.56,-0.04,200,"sd","11:04:54",2090700
4.56,-0.04,800,"sd","11:04:54",2090500
4.56,-0.04,200,"bu","11:03:39",2089700
4.56,-0.04,300,"bu","11:03:39",2089500
4.56,-0.04,200,"bu","11:03:39",2089200
4.56,-0.04,1000,"bu","11:03:38",2089000
4.56,-0.04,2000,"bu","11:03:38",2088000
4.56,-0.04,15000,"bu","11:03:33",2086000
4.56,-0.04,1000,"bu","11:03:33",2071000
4.56,-0.04,600,"bu","11:03:27",2070000
4.56,-0.04,1000,"bu","11:03:23",2069400
4.56,-0.04,2000,"bu","11:03:19",2068400
4.56,-0.04,500,"bu","11:02:41",2066400
4.56,-0.04,500,"bu","11:02:37",2065900
4.56,-0.04,200,"bu","11:02:18",2065400
4.56,-0.04,2000,"bu","11:01:51",2065200
4.56,-0.04,300,"bu","11:01:29",2063200
4.56,-0.04,100,"bu","11:01:25",2062900
4.56,-0.04,300,"bu","11:01:18",2062800
4.56,-0.04,200,"bu","11:01:01",2062500
4.56,-0.04,1300,"bu","11:00:33",2062300
4.56,-0.04,700,"bu","11:00:33",2061000
4.55,-0.05,4000,"sd","10:59:19",2060300
4.56,-0.04,200,"bu","10:59:16",2056300
4.56,-0.04,200,"bu","10:59:11",2056100
4.55,-0.05,400,"sd","10:58:51",2055900
4.55,-0.05,3000,"sd","10:58:40",2055500
4.55,-0.05,25100,"sd","10:58:15",2052500
4.55,-0.05,200,"sd","10:58:15",2027400
4.55,-0.05,100,"sd","10:58:15",2027200
4.55,-0.05,200,"sd","10:58:15",2027100
4.55,-0.05,500,"sd","10:58:15",2026900
4.55,-0.05,2000,"sd","10:58:15",2026400
4.55,-0.05,100,"sd","10:58:15",2024400
4.55,-0.05,1000,"sd","10:58:15",2024300
4.55,-0.05,200,"sd","10:58:15",2023300
4.55,-0.05,100,"sd","10:58:15",2023100
4.55,-0.05,2500,"sd","10:58:15",2023000
4.55,-0.05,100,"sd","10:58:15",2020500
4.55,-0.05,100,"sd","10:58:15",2020400
4.55,-0.05,1000,"sd","10:58:15",2020300
4.55,-0.05,2000,"sd","10:58:15",2019300
4.55,-0.05,100,"sd","10:58:15",2017300
4.55,-0.05,100,"sd","10:58:15",2017200
4.55,-0.05,300,"sd","10:58:15",2017100
4.55,-0.05,1500,"sd","10:58:15",2016800
4.55,-0.05,600,"sd","10:58:15",2015300
4.55,-0.05,500,"sd","10:58:15",2014700
4.55,-0.05,900,"sd","10:58:15",2014200
4.55,-0.05,500,"sd","10:58:15",2013300
4.55,-0.05,2500,"sd","10:58:15",2012800
4.55,-0.05,1500,"sd","10:58:15",2010300
4.55,-0.05,300,"sd","10:58:15",2008800
4.55,-0.05,1000,"sd","10:58:15",2008500
4.55,-0.05,100,"sd","10:58:15",2007500
4.55,-0.05,17900,"sd","10:58:15",2007400
4.55,-0.05,200,"sd","10:58:15",1989500
4.55,-0.05,100,"sd","10:58:15",1989300
4.55,-0.05,100,"sd","10:58:15",1989200
4.55,-0.05,500,"sd","10:58:15",1989100
4.55,-0.05,500,"sd","10:58:15",1988600
4.55,-0.05,300,"sd","10:58:15",1988100
4.55,-0.05,100,"sd","10:58:15",1987800
4.55,-0.05,300,"sd","10:58:15",1987700
4.55,-0.05,500,"sd","10:58:15",1987400
4.55,-0.05,13200,"sd","10:58:15",1986900
4.55,-0.05,200,"sd","10:58:15",1973700
4.55,-0.05,2000,"sd","10:58:15",1973500
4.55,-0.05,100,"sd","10:58:15",1971500
4.55,-0.05,500,"sd","10:58:15",1971400
4.55,-0.05,500,"sd","10:58:15",1970900
4.55,-0.05,100,"sd","10:58:15",1970400
4.55,-0.05,2200,"sd","10:58:15",1970300
4.55,-0.05,10500,"sd","10:58:15",1968100
4.55,-0.05,19400,"sd","10:58:15",1957600
4.55,-0.05,3000,"sd","10:58:15",1938200
4.55,-0.05,1000,"sd","10:58:15",1935200
4.55,-0.05,1000,"sd","10:58:15",1934200
4.55,-0.05,200,"sd","10:58:15",1933200
4.55,-0.05,500,"sd","10:58:15",1933000
4.56,-0.04,600,"sd","10:58:02",1932500
4.56,-0.04,100,"sd","10:58:02",1931900
4.56,-0.04,900,"sd","10:58:02",1931800
4.56,-0.04,300,"sd","10:58:02",1930900
4.56,-0.04,500,"sd","10:58:02",1930600
4.56,-0.04,1000,"sd","10:58:02",1930100
4.56,-0.04,200,"sd","10:58:01",1929100
4.56,-0.04,500,"sd","10:58:01",1928900
4.56,-0.04,4000,"sd","10:58:01",1928400
4.56,-0.04,5000,"sd","10:58:01",1924400
4.56,-0.04,100,"sd","10:58:01",1919400
4.56,-0.04,900,"sd","10:57:35",1919300
4.56,-0.04,500,"sd","10:57:35",1918400
4.56,-0.04,3600,"sd","10:57:35",1917900
4.56,-0.04,500,"sd","10:57:34",1914300
4.56,-0.04,100,"sd","10:57:34",1913800
4.56,-0.04,1000,"sd","10:57:34",1913700
4.56,-0.04,1400,"sd","10:57:34",1912700
4.57,-0.03,1000,"bu","10:57:21",1911300
4.57,-0.03,2000,"bu","10:57:21",1910300
4.56,-0.04,600,"sd","10:57:17",1908300
4.56,-0.04,200,"sd","10:57:17",1907700
4.56,-0.04,500,"sd","10:57:17",1907500
4.56,-0.04,3600,"sd","10:57:17",1907000
4.56,-0.04,100,"sd","10:57:17",1903400
4.56,-0.04,100,"sd","10:56:34",1903300
4.57,-0.03,500,"bu","10:56:20",1903200
4.57,-0.03,500,"bu","10:56:00",1902700
4.57,-0.03,200,"bu","10:55:52",1902200
4.57,-0.03,100,"bu","10:55:16",1902000
4.56,-0.04,500,"sd","10:54:05",1901900
4.56,-0.04,500,"sd","10:54:05",1901400
4.56,-0.04,1200,"sd","10:54:05",1900900
4.56,-0.04,1500,"bu","10:53:23",1899700
4.56,-0.04,1000,"bu","10:53:23",1898200
4.56,-0.04,2300,"bu","10:53:23",1897200
4.56,-0.04,4000,"bu","10:53:18",1894900
4.56,-0.04,6000,"bu","10:53:18",1890900
4.56,-0.04,3000,"bu","10:53:14",1884900
4.55,-0.05,50000,"sd","10:52:43",1881900
4.56,-0.04,20000,"bu","10:52:41",1831900
4.56,-0.04,5000,"bu","10:52:36",1811900
4.56,-0.04,300,"bu","10:52:36",1806900
4.55,-0.05,200,"sd","10:52:35",1806600
4.56,-0.04,1000,"bu","10:52:33",1806400
4.56,-0.04,100,"bu","10:52:22",1805400
4.55,-0.05,400,"sd","10:52:20",1805300
4.55,-0.05,7600,"sd","10:52:20",1804900
4.56,-0.04,500,"bu","10:52:17",1797300
4.56,-0.04,100,"bu","10:52:03",1796800
4.56,-0.04,500,"bu","10:51:58",1796700
4.56,-0.04,1400,"bu","10:51:50",1796200
4.56,-0.04,300,"bu","10:51:50",1794800
4.55,-0.05,92400,"sd","10:51:49",1794500
4.55,-0.05,100,"sd","10:51:49",1702100
4.55,-0.05,3000,"sd","10:51:49",1702000
4.55,-0.05,1000,"sd","10:51:49",1699000
4.55,-0.05,3500,"sd","10:51:49",1698000
4.56,-0.04,1000,"bu","10:51:29",1694500
4.55,-0.05,1500,"sd","10:51:27",1693500
4.56,-0.04,500,"bu","10:51:22",1692000
4.56,-0.04,300,"bu","10:51:19",1691500
4.56,-0.04,200,"bu","10:51:19",1691200
4.56,-0.04,4500,"bu","10:51:19",1691000
4.56,-0.04,200,"bu","10:51:14",1686500
4.56,-0.04,1000,"bu","10:51:12",1686300
4.56,-0.04,2000,"bu","10:50:53",1685300
4.56,-0.04,100,"bu","10:50:34",1683300
4.56,-0.04,1000,"bu","10:50:33",1683200
4.56,-0.04,200,"sd","10:50:29",1682200
4.56,-0.04,300,"sd","10:50:29",1682000
4.56,-0.04,7500,"sd","10:50:29",1681700
4.56,-0.04,100,"sd","10:50:24",1674200
4.56,-0.04,100,"sd","10:50:24",1674100
4.56,-0.04,2500,"sd","10:50:24",1674000
4.56,-0.04,200,"sd","10:50:24",1671500
4.56,-0.04,300,"sd","10:50:24",1671300
4.56,-0.04,100,"sd","10:50:24",1671000
4.56,-0.04,100,"sd","10:50:24",1670900
4.56,-0.04,900,"sd","10:50:24",1670800
4.56,-0.04,500,"sd","10:50:24",1669900
4.56,-0.04,100,"sd","10:50:24",1669400
4.56,-0.04,5000,"sd","10:50:24",1669300
4.56,-0.04,100,"sd","10:50:24",1664300
4.56,-0.04,100,"sd","10:50:22",1664200
4.56,-0.04,3000,"sd","10:50:22",1664100
4.56,-0.04,1000,"sd","10:50:22",1661100
4.56,-0.04,900,"sd","10:50:22",1660100
4.56,-0.04,2100,"sd","10:49:54",1659200
4.56,-0.04,100,"sd","10:49:54",1657100
4.56,-0.04,500,"sd","10:49:54",1657000
4.56,-0.04,1900,"sd","10:49:54",1656500
4.56,-0.04,400,"sd","10:49:54",1654600
4.56,-0.04,200,"sd","10:49:54",1654200
4.56,-0.04,30000,"sd","10:49:54",1654000
4.56,-0.04,3000,"sd","10:49:54",1624000
4.56,-0.04,1000,"sd","10:49:54",1621000
4.56,-0.04,200,"sd","10:49:54",1620000
4.56,-0.04,1100,"sd","10:49:54",1619800
4.56,-0.04,900,"sd","10:49:48",1618700
4.56,-0.04,500,"sd","10:49:48",1617800
4.56,-0.04,1000,"sd","10:49:48",1617300
4.56,-0.04,5300,"sd","10:49:48",1616300
4.56,-0.04,300,"sd","10:49:48",1611000
4.56,-0.04,1000,"sd","10:49:48",1610700
4.56,-0.04,1000,"sd","10:49:10",1609700
4.57,-0.03,1200,"bu","10:49:07",1608700
4.57,-0.03,200,"bu","10:48:44",1607500
4.57,-0.03,100,"bu","10:48:39",1607300
4.57,-0.03,1900,"bu","10:48:34",1607200
4.57,-0.03,500,"bu","10:47:43",1605300
4.57,-0.03,2800,"bu","10:47:37",1604800
4.57,-0.03,700,"bu","10:47:37",1602000
4.57,-0.03,1500,"bu","10:47:37",1601300
4.56,-0.04,500,"sd","10:47:16",1599800
4.56,-0.04,100,"sd","10:47:16",1599300
4.56,-0.04,200,"sd","10:47:16",1599200
4.56,-0.04,100,"sd","10:47:16",1599000
4.56,-0.04,100,"sd","10:47:16",1598900
4.56,-0.04,1000,"sd","10:47:16",1598800
4.56,-0.04,7000,"sd","10:47:16",1597800
4.56,-0.04,300,"sd","10:47:16",1590800
4.56,-0.04,700,"sd","10:47:16",1590500
4.57,-0.03,1000,"bu","10:47:06",1589800
4.57,-0.03,1000,"bu","10:46:53",1588800
4.57,-0.03,200,"bu","10:46:44",1587800
4.57,-0.03,500,"bu","10:46:35",1587600
4.57,-0.03,800,"bu","10:46:32",1587100
4.57,-0.03,200,"bu","10:46:32",1586300
4.57,-0.03,100,"bu","10:46:32",1586100
4.57,-0.03,400,"bu","10:46:32",1586000
4.57,-0.03,500,"bu","10:46:24",1585600
4.57,-0.03,1000,"bu","10:46:24",1585100
4.57,-0.03,5000,"bu","10:46:20",1584100
4.57,-0.03,200,"bu","10:46:04",1579100
4.57,-0.03,100,"bu","10:45:53",1578900
4.56,-0.04,3000,"sd","10:45:53",1578800
4.56,-0.04,300,"sd","10:45:34",1575800
4.57,-0.03,200,"bu","10:45:28",1575500
4.57,-0.03,5700,"bu","10:45:13",1575300
4.57,-0.03,1000,"sd","10:45:12",1569600
4.57,-0.03,100,"sd","10:45:12",1568600
4.57,-0.03,1000,"sd","10:45:12",1568500
4.57,-0.03,100,"sd","10:45:12",1567500
4.57,-0.03,1000,"sd","10:45:12",1567400
4.57,-0.03,100,"sd","10:45:12",1566400
4.57,-0.03,1000,"sd","10:45:12",1566300
4.57,-0.03,500,"sd","10:45:12",1565300
4.57,-0.03,100,"sd","10:45:12",1564800
4.57,-0.03,100,"sd","10:45:12",1564700
4.57,-0.03,100,"sd","10:45:12",1564600
4.57,-0.03,200,"sd","10:45:12",1564500
4.57,-0.03,100,"sd","10:45:12",1564300
4.57,-0.03,5000,"sd","10:45:12",1564200
4.57,-0.03,500,"sd","10:45:12",1559200
4.57,-0.03,200,"sd","10:45:10",1558700
4.58,-0.02,600,"sd","10:44:08",1558500
4.58,-0.02,1000,"sd","10:44:08",1557900
4.58,-0.02,100,"sd","10:44:08",1556900
4.58,-0.02,1200,"sd","10:44:08",1556800
4.58,-0.02,100,"sd","10:44:08",1555600
4.58,-0.02,500,"sd","10:44:08",1555500
4.58,-0.02,200,"sd","10:44:08",1555000
4.58,-0.02,4400,"sd","10:44:08",1554800
4.58,-0.02,200,"sd","10:44:08",1550400
4.58,-0.02,2000,"sd","10:44:08",1550200
4.58,-0.02,200,"sd","10:44:08",1548200
4.58,-0.02,500,"sd","10:44:08",1548000
4.58,-0.02,300,"sd","10:44:08",1547500
4.58,-0.02,100,"sd","10:44:08",1547200
4.58,-0.02,100,"sd","10:44:08",1547100
4.58,-0.02,200,"sd","10:44:08",1547000
4.58,-0.02,10000,"sd","10:44:08",1546800
4.58,-0.02,200,"sd","10:44:08",1536800
4.58,-0.02,500,"sd","10:44:08",1536600
4.58,-0.02,3600,"sd","10:44:08",1536100
4.58,-0.02,500,"sd","10:44:07",1532500
4.58,-0.02,100,"sd","10:44:07",1532000
4.58,-0.02,4400,"sd","10:44:07",1531900
4.58,-0.02,3000,"sd","10:43:56",1527500
4.59,-0.01,2000,"bu","10:43:39",1524500
4.59,-0.01,700,"bu","10:43:39",1522500
4.58,-0.02,4100,"sd","10:43:39",1521800
4.58,-0.02,100,"sd","10:43:39",1517700
4.58,-0.02,5800,"sd","10:43:39",1517600
4.59,-0.01,100,"bu","10:43:34",1511800
4.59,-0.01,1000,"bu","10:42:38",1511700
4.58,-0.02,2100,"sd","10:42:27",1510700
4.58,-0.02,2000,"sd","10:42:21",1508600
4.59,-0.01,700,"bu","10:42:10",1506600
4.59,-0.01,200,"bu","10:42:02",1505900
4.59,-0.01,200,"bu","10:41:57",1505700
4.59,-0.01,100,"bu","10:41:45",1505500
4.59,-0.01,200,"bu","10:41:14",1505400
4.59,-0.01,100,"bu","10:41:05",1505200
4.59,-0.01,100,"bu","10:40:36",1505100
4.59,-0.01,2000,"bu","10:39:57",1505000
4.58,-0.02,100,"sd","10:39:31",1503000
4.58,-0.02,300,"sd","10:39:31",1502900
4.59,-0.01,400,"bu","10:39:28",1502600
4.59,-0.01,5000,"bu","10:39:13",1502200
4.59,-0.01,100,"bu","10:38:34",1497200
4.59,-0.01,3000,"bu","10:38:33",1497100
4.59,-0.01,300,"bu","10:38:28",1494100
4.59,-0.01,200,"bu","10:38:13",1493800
4.59,-0.01,100,"sd","10:38:03",1493600
4.59,-0.01,100,"sd","10:38:03",1493500
4.59,-0.01,200,"sd","10:38:03",1493400
4.59,-0.01,4100,"sd","10:38:03",1493200
4.59,-0.01,200,"sd","10:38:03",1489100
4.59,-0.01,2100,"sd","10:38:03",1488900
4.59,-0.01,2000,"sd","10:38:03",1486800
4.59,-0.01,300,"sd","10:38:03",1484800
4.59,-0.01,100,"sd","10:38:03",1484500
4.59,-0.01,2000,"sd","10:38:03",1484400
4.59,-0.01,4400,"sd","10:38:03",1482400
4.6,0,100,"bu","10:37:29",1478000
4.59,-0.01,100,"sd","10:37:12",1477900
4.59,-0.01,500,"sd","10:37:11",1477800
4.59,-0.01,100,"sd","10:37:11",1477300
4.59,-0.01,1300,"sd","10:37:11",1477200
4.59,-0.01,100,"sd","10:37:00",1475900
4.59,-0.01,100,"sd","10:36:51",1475800
4.59,-0.01,100,"sd","10:36:33",1475700
4.59,-0.01,500,"sd","10:36:09",1475600
4.59,-0.01,2000,"sd","10:35:13",1475100
4.59,-0.01,200,"sd","10:34:57",1473100
4.59,-0.01,300,"sd","10:34:57",1472900
4.59,-0.01,800,"sd","10:34:28",1472600
4.59,-0.01,10000,"sd","10:34:24",1471800
4.59,-0.01,10000,"bu","10:34:01",1461800
4.59,-0.01,3900,"bu","10:34:01",1451800
4.59,-0.01,200,"bu","10:34:00",1447900
4.59,-0.01,1000,"bu","10:33:58",1447700
4.59,-0.01,100,"bu","10:33:48",1446700
4.59,-0.01,200,"bu","10:33:41",1446600
4.59,-0.01,300,"bu","10:32:51",1446400
4.59,-0.01,100,"bu","10:32:49",1446100
4.59,-0.01,500,"bu","10:32:29",1446000
4.59,-0.01,2000,"sd","10:32:03",1445500
4.59,-0.01,10000,"sd","10:32:03",1443500
4.59,-0.01,100,"sd","10:32:03",1433500
4.59,-0.01,300,"sd","10:32:03",1433400
4.59,-0.01,1300,"sd","10:32:03",1433100
4.59,-0.01,300,"sd","10:31:21",1431800
4.6,0,2100,"bu","10:31:18",1431500
4.6,0,3000,"bu","10:30:14",1429400
4.6,0,300,"bu","10:30:14",1426400
4.6,0,1000,"bu","10:29:39",1426100
4.59,-0.01,1000,"sd","10:29:28",1425100
4.59,-0.01,300,"sd","10:29:25",1424100
4.59,-0.01,200,"sd","10:29:25",1423800
4.59,-0.01,400,"sd","10:29:07",1423600
4.59,-0.01,2000,"sd","10:28:19",1423200
4.59,-0.01,400,"sd","10:28:19",1421200
4.59,-0.01,300,"sd","10:28:19",1420800
4.59,-0.01,1000,"sd","10:28:19",1420500
4.59,-0.01,5700,"sd","10:28:19",1419500
4.59,-0.01,600,"sd","10:28:19",1413800
4.59,-0.01,600,"sd","10:27:00",1413200
4.59,-0.01,1700,"bu","10:26:59",1412600
4.59,-0.01,2000,"bu","10:26:51",1410900
4.59,-0.01,800,"bu","10:26:51",1408900
4.59,-0.01,200,"bu","10:25:45",1408100
4.59,-0.01,200,"bu","10:25:39",1407900
4.59,-0.01,300,"sd","10:25:25",1407700
4.59,-0.01,400,"sd","10:25:25",1407400
4.59,-0.01,800,"sd","10:25:25",1407000
4.6,0,5900,"bu","10:25:20",1406200
4.6,0,1200,"bu","10:25:20",1400300
4.6,0,300,"bu","10:24:48",1399100
4.6,0,100,"bu","10:24:27",1398800
4.59,-0.01,200,"sd","10:24:26",1398700
4.6,0,1400,"bu","10:23:27",1398500
4.6,0,7800,"bu","10:23:27",1397100
4.6,0,15000,"bu","10:23:27",1389300
4.6,0,3200,"bu","10:23:27",1374300
4.6,0,8000,"bu","10:23:27",1371100
4.6,0,100,"bu","10:23:27",1363100
4.6,0,100,"bu","10:23:27",1363000
4.6,0,1000,"bu","10:23:27",1362900
4.6,0,4000,"bu","10:23:27",1361900
4.6,0,57000,"bu","10:23:27",1357900
4.59,-0.01,2400,"bu","10:23:27",1300900
4.59,-0.01,500,"bu","10:23:16",1298500
4.59,-0.01,200,"bu","10:22:54",1298000
4.59,-0.01,400,"bu","10:22:53",1297800
4.59,-0.01,1000,"bu","10:22:53",1297400
4.59,-0.01,500,"bu","10:22:23",1296400
4.59,-0.01,1000,"bu","10:22:23",1295900
4.59,-0.01,100,"sd","10:21:40",1294900
4.59,-0.01,200,"sd","10:21:40",1294800
4.59,-0.01,300,"bu","10:21:00",1294600
4.59,-0.01,100,"bu","10:20:27",1294300
4.58,-0.02,500,"sd","10:20:14",1294200
4.58,-0.02,800,"sd","10:19:16",1293700
4.58,-0.02,500,"sd","10:19:16",1292900
4.58,-0.02,300,"sd","10:19:16",1292400
4.58,-0.02,500,"sd","10:19:16",1292100
4.58,-0.02,7100,"sd","10:19:16",1291600
4.58,-0.02,200,"sd","10:19:16",1284500
4.58,-0.02,10000,"sd","10:19:16",1284300
4.58,-0.02,1000,"sd","10:19:16",1274300
4.58,-0.02,100,"sd","10:18:34",1273300
4.58,-0.02,200,"sd","10:17:09",1273200
4.6,0,1100,"bu","10:16:56",1273000
4.59,-0.01,900,"bu","10:16:56",1271900
4.59,-0.01,800,"sd","10:16:34",1271000
4.59,-0.01,200,"sd","10:16:34",1270200
4.59,-0.01,1000,"sd","10:16:34",1270000
4.59,-0.01,600,"sd","10:16:34",1269000
4.59,-0.01,1500,"sd","10:16:34",1268400
4.59,-0.01,500,"sd","10:16:25",1266900
4.59,-0.01,5500,"sd","10:16:25",1266400
4.6,0,100,"bu","10:16:14",1260900
4.59,-0.01,500,"sd","10:15:10",1260800
4.6,0,2000,"bu","10:14:57",1260300
4.6,0,200,"bu","10:14:34",1258300
4.59,-0.01,100,"sd","10:14:32",1258100
4.59,-0.01,3900,"bu","10:14:17",1258000
4.58,-0.02,5000,"bu","10:14:05",1254100
4.58,-0.02,2000,"bu","10:14:05",1249100
4.58,-0.02,1000,"bu","10:14:04",1247100
4.58,-0.02,4600,"bu","10:14:04",1246100
4.58,-0.02,300,"bu","10:13:39",1241500
4.58,-0.02,100,"bu","10:13:13",1241200
4.58,-0.02,400,"bu","10:13:13",1241100
4.57,-0.03,100,"sd","10:13:08",1240700
4.57,-0.03,6100,"sd","10:13:01",1240600
4.58,-0.02,7500,"bu","10:13:00",1234500
4.58,-0.02,100,"bu","10:12:50",1227000
4.58,-0.02,100,"bu","10:12:44",1226900
4.58,-0.02,300,"bu","10:12:18",1226800
4.58,-0.02,500,"bu","10:11:58",1226500
4.58,-0.02,1000,"bu","10:11:54",1226000
4.57,-0.03,10000,"sd","10:11:54",1225000
4.57,-0.03,3000,"sd","10:11:49",1215000
4.58,-0.02,1800,"bu","10:11:42",1212000
4.57,-0.03,200,"sd","10:11:05",1210200
4.57,-0.03,600,"bu","10:10:52",1210000
4.57,-0.03,100,"bu","10:10:49",1209400
4.55,-0.05,10000,"sd","10:09:52",1209300
4.55,-0.05,25000,"sd","10:09:48",1199300
4.55,-0.05,500,"sd","10:09:48",1174300
4.55,-0.05,3000,"sd","10:09:48",1173800
4.55,-0.05,500,"sd","10:09:48",1170800
4.55,-0.05,100,"sd","10:09:48",1170300
4.55,-0.05,500,"sd","10:09:48",1170200
4.55,-0.05,4000,"sd","10:09:48",1169700
4.55,-0.05,500,"sd","10:09:48",1165700
4.55,-0.05,300,"sd","10:09:48",1165200
4.55,-0.05,500,"sd","10:09:48",1164900
4.55,-0.05,500,"sd","10:09:47",1164400
4.56,-0.04,55000,"sd","10:09:47",1163900
4.56,-0.04,200,"sd","10:09:47",1108900
4.56,-0.04,200,"sd","10:09:47",1108700
4.56,-0.04,500,"sd","10:09:47",1108500
4.56,-0.04,1000,"sd","10:09:47",1108000
4.56,-0.04,100,"sd","10:09:47",1107000
4.56,-0.04,1000,"sd","10:09:47",1106900
4.56,-0.04,1000,"sd","10:09:47",1105900
4.56,-0.04,100,"sd","10:09:47",1104900
4.56,-0.04,500,"sd","10:09:47",1104800
4.56,-0.04,400,"sd","10:09:47",1104300
4.56,-0.04,500,"sd","10:09:47",1103900
4.56,-0.04,500,"sd","10:09:47",1103400
4.57,-0.03,200,"sd","10:09:47",1102900
4.57,-0.03,100,"sd","10:09:47",1102700
4.57,-0.03,1300,"sd","10:09:47",1102600
4.57,-0.03,3700,"sd","10:09:21",1101300
4.57,-0.03,100,"sd","10:09:21",1097600
4.57,-0.03,1000,"sd","10:09:21",1097500
4.57,-0.03,100,"sd","10:09:21",1096500
4.57,-0.03,100,"sd","10:09:21",1096400
4.58,-0.02,1000,"bu","10:09:18",1096300
4.58,-0.02,500,"sd","10:09:08",1095300
4.58,-0.02,200,"sd","10:09:08",1094800
4.58,-0.02,3500,"sd","10:09:08",1094600
4.58,-0.02,6500,"sd","10:09:04",1091100
4.58,-0.02,200,"sd","10:09:04",1084600
4.58,-0.02,800,"sd","10:09:04",1084400
4.58,-0.02,200,"sd","10:09:04",1083600
4.58,-0.02,2000,"sd","10:09:04",1083400
4.58,-0.02,100,"sd","10:09:04",1081400
4.58,-0.02,100,"sd","10:09:04",1081300
4.58,-0.02,2300,"sd","10:09:04",1081200
4.58,-0.02,3100,"sd","10:09:04",1078900
4.58,-0.02,600,"sd","10:09:04",1075800
4.58,-0.02,2000,"sd","10:09:04",1075200
4.58,-0.02,2100,"sd","10:09:04",1073200
4.58,-0.02,900,"sd","10:08:31",1071100
4.59,-0.01,2800,"sd","10:08:26",1070200
4.59,-0.01,2200,"sd","10:08:26",1067400
4.59,-0.01,200,"sd","10:08:26",1065200
4.59,-0.01,300,"sd","10:08:26",1065000
4.59,-0.01,500,"sd","10:08:26",1064700
4.59,-0.01,1300,"sd","10:08:26",1064200
4.6,0,5000,"bu","10:08:17",1062900
4.59,-0.01,700,"sd","10:08:11",1057900
4.59,-0.01,4000,"sd","10:08:11",1057200
4.59,-0.01,1000,"sd","10:08:11",1053200
4.59,-0.01,200,"sd","10:08:11",1052200
4.59,-0.01,500,"sd","10:08:11",1052000
4.59,-0.01,5000,"sd","10:08:11",1051500
4.59,-0.01,400,"sd","10:08:11",1046500
4.59,-0.01,200,"sd","10:08:11",1046100
4.59,-0.01,5000,"sd","10:08:11",1045900
4.59,-0.01,100,"sd","10:08:11",1040900
4.59,-0.01,2900,"sd","10:08:11",1040800
4.6,0,10000,"bu","10:07:52",1037900
4.6,0,1400,"bu","10:07:49",1027900
4.6,0,800,"bu","10:07:35",1026500
4.59,-0.01,4100,"sd","10:07:34",1025700
4.59,-0.01,3000,"sd","10:07:34",1021600
4.59,-0.01,400,"sd","10:07:34",1018600
4.59,-0.01,1000,"sd","10:07:34",1018200
4.59,-0.01,500,"sd","10:07:34",1017200
4.59,-0.01,100,"sd","10:07:34",1016700
4.59,-0.01,500,"sd","10:07:34",1016600
4.59,-0.01,1100,"sd","10:07:34",1016100
4.59,-0.01,500,"sd","10:07:34",1015000
4.59,-0.01,500,"sd","10:07:34",1014500
4.59,-0.01,5000,"sd","10:07:34",1014000
4.59,-0.01,1000,"sd","10:07:34",1009000
4.59,-0.01,4300,"sd","10:07:34",1008000
4.6,0,100,"sd","10:07:06",1003700
4.6,0,22000,"sd","10:07:06",1003600
4.6,0,300,"sd","10:07:06",981600
4.6,0,1700,"sd","10:06:32",981300
4.6,0,1000,"sd","10:06:32",979600
4.6,0,7300,"sd","10:06:32",978600
4.6,0,3300,"sd","10:06:31",971300
4.61,0.01,500,"bu","10:06:20",968000
4.6,0,3300,"bu","10:06:07",967500
4.6,0,5000,"bu","10:06:07",964200
4.6,0,100,"bu","10:06:07",959200
4.6,0,1000,"bu","10:05:55",959100
4.6,0,8900,"bu","10:05:54",958100
4.6,0,1100,"bu","10:05:54",949200
4.6,0,700,"sd","10:05:15",948100
4.6,0,300,"sd","10:05:12",947400
4.6,0,1500,"sd","10:05:12",947100
4.6,0,3000,"sd","10:05:12",945600
4.6,0,200,"sd","10:05:12",942600
4.61,0.01,1000,"bu","10:05:02",942400
4.6,0,100,"sd","10:04:59",941400
4.6,0,100,"sd","10:04:59",941300
4.6,0,1800,"sd","10:04:59",941200
4.6,0,1000,"sd","10:04:57",939400
4.6,0,1700,"sd","10:04:57",938400
4.6,0,300,"sd","10:04:37",936700
4.6,0,200,"sd","10:04:37",936400
4.6,0,400,"sd","10:04:37",936200
4.6,0,2000,"sd","10:04:37",935800
4.6,0,200,"sd","10:04:37",933800
4.6,0,800,"sd","10:04:37",933600
4.6,0,500,"sd","10:04:37",932800
4.6,0,100,"sd","10:04:37",932300
4.6,0,500,"sd","10:04:37",932200
4.6,0,10000,"sd","10:04:37",931700
4.6,0,300,"sd","10:04:37",921700
4.6,0,1500,"sd","10:04:37",921400
4.6,0,200,"sd","10:04:37",919900
4.6,0,500,"sd","10:04:37",919700
4.6,0,8500,"sd","10:04:37",919200
4.6,0,100,"sd","10:04:37",910700
4.6,0,6000,"sd","10:04:37",910600
4.6,0,500,"sd","10:04:37",904600
4.6,0,100,"sd","10:04:37",904100
4.6,0,2000,"sd","10:04:37",904000
4.6,0,2800,"sd","10:04:37",902000
4.6,0,200,"sd","10:04:37",899200
4.6,0,200,"sd","10:04:37",899000
4.6,0,100,"sd","10:04:37",898800
4.6,0,500,"sd","10:04:37",898700
4.6,0,13000,"sd","10:04:37",898200
4.6,0,100,"sd","10:04:37",885200
4.6,0,8400,"sd","10:04:37",885100
4.61,0.01,300,"bu","10:04:17",876700
4.61,0.01,1600,"bu","10:04:17",876400
4.61,0.01,1400,"bu","10:03:48",874800
4.61,0.01,8600,"bu","10:03:48",873400
4.6,0,2300,"sd","10:03:46",864800
4.6,0,7800,"sd","10:03:46",862500
4.61,0.01,500,"bu","10:03:44",854700
4.61,0.01,1000,"bu","10:03:14",854200
4.61,0.01,100,"bu","10:03:12",853200
4.61,0.01,600,"bu","10:03:03",853100
4.61,0.01,5200,"bu","10:02:58",852500
4.61,0.01,1000,"bu","10:02:34",847300
4.61,0.01,1000,"bu","10:02:34",846300
4.61,0.01,1000,"bu","10:02:34",845300
4.61,0.01,900,"bu","10:01:37",844300
4.61,0.01,100,"bu","10:01:18",843400
4.6,0,1200,"sd","10:00:52",843300
4.6,0,500,"sd","10:00:52",842100
4.6,0,300,"sd","10:00:52",841600
4.6,0,300,"sd","10:00:39",841300
4.6,0,1000,"sd","10:00:00",841000
4.6,0,8300,"sd","09:59:17",840000
4.6,0,1000,"sd","09:59:17",831700
4.6,0,700,"sd","09:59:17",830700
4.61,0.01,500,"bu","09:58:38",830000
4.6,0,1100,"sd","09:58:31",829500
4.61,0.01,500,"bu","09:58:20",828400
4.61,0.01,1000,"bu","09:57:37",827900
4.61,0.01,100,"sd","09:57:20",826900
4.61,0.01,900,"sd","09:57:20",826800
4.61,0.01,500,"sd","09:57:17",825900
4.61,0.01,2700,"sd","09:57:13",825400
4.61,0.01,800,"sd","09:57:13",822700
4.61,0.01,200,"sd","09:57:13",821900
4.61,0.01,1300,"sd","09:57:13",821700
4.62,0.02,800,"bu","09:56:22",820400
4.62,0.02,100,"bu","09:56:22",819600
4.62,0.02,500,"bu","09:56:22",819500
4.62,0.02,100,"bu","09:56:22",819000
4.61,0.01,7000,"sd","09:55:46",818900
4.61,0.01,1400,"sd","09:55:02",811900
4.62,0.02,100,"bu","09:54:28",810500
4.61,0.01,10000,"bu","09:54:22",810400
4.61,0.01,300,"bu","09:54:22",800400
4.6,0,8200,"sd","09:54:19",800100
4.6,0,1000,"sd","09:54:19",791900
4.6,0,100,"sd","09:54:19",790900
4.6,0,500,"sd","09:54:19",790800
4.6,0,3900,"sd","09:54:19",790300
4.6,0,300,"sd","09:54:06",786400
4.6,0,5800,"sd","09:53:56",786100
4.6,0,2500,"sd","09:53:56",780300
4.6,0,100,"sd","09:53:54",777800
4.6,0,500,"sd","09:53:41",777700
4.61,0.01,50000,"bu","09:53:25",777200
4.61,0.01,1000,"bu","09:53:25",727200
4.61,0.01,100,"bu","09:53:25",726200
4.61,0.01,5000,"bu","09:53:25",726100
4.61,0.01,9400,"bu","09:53:25",721100
4.61,0.01,2000,"bu","09:53:25",711700
4.61,0.01,4700,"bu","09:53:25",709700
4.61,0.01,300,"sd","09:53:13",705000
4.61,0.01,4700,"sd","09:53:13",704700
4.62,0.02,100,"bu","09:53:02",700000
4.61,0.01,300,"sd","09:52:52",699900
4.61,0.01,1700,"sd","09:52:52",699600
4.62,0.02,200,"bu","09:52:47",697900
4.61,0.01,8500,"sd","09:52:35",697700
4.62,0.02,500,"sd","09:51:22",689200
4.62,0.02,10000,"sd","09:51:22",688700
4.62,0.02,500,"sd","09:51:22",678700
4.62,0.02,100,"sd","09:51:21",678200
4.62,0.02,2700,"sd","09:51:21",678100
4.62,0.02,700,"sd","09:51:21",675400
4.62,0.02,200,"sd","09:51:21",674700
4.62,0.02,2800,"sd","09:51:21",674500
4.62,0.02,1700,"sd","09:50:27",671700
4.62,0.02,300,"sd","09:50:27",670000
4.62,0.02,600,"sd","09:50:27",669700
4.62,0.02,2400,"sd","09:50:27",669100
4.63,0.03,1500,"bu","09:50:11",666700
4.62,0.02,300,"sd","09:49:57",665200
4.62,0.02,400,"sd","09:49:57",664900
4.62,0.02,300,"sd","09:49:57",664500
4.63,0.03,1000,"bu","09:49:47",664200
4.63,0.03,100,"bu","09:49:13",663200
4.63,0.03,500,"bu","09:48:59",663100
4.63,0.03,1000,"bu","09:48:33",662600
4.63,0.03,100,"bu","09:48:28",661600
4.63,0.03,3000,"bu","09:48:27",661500
4.63,0.03,100,"bu","09:47:59",658500
4.63,0.03,500,"bu","09:47:56",658400
4.63,0.03,300,"bu","09:47:45",657900
4.63,0.03,400,"bu","09:47:10",657600
4.63,0.03,1000,"bu","09:47:10",657200
4.63,0.03,400,"bu","09:47:10",656200
4.63,0.03,100,"bu","09:46:22",655800
4.63,0.03,500,"bu","09:46:21",655700
4.63,0.03,5000,"bu","09:46:21",655200
4.63,0.03,300,"bu","09:46:21",650200
4.63,0.03,200,"bu","09:46:21",649900
4.63,0.03,200,"bu","09:46:12",649700
4.63,0.03,800,"bu","09:46:12",649500
4.63,0.03,2000,"bu","09:45:46",648700
4.62,0.02,1000,"sd","09:45:11",646700
4.62,0.02,1900,"bu","09:44:40",645700
4.62,0.02,6800,"bu","09:44:40",643800
4.62,0.02,1100,"bu","09:44:38",637000
4.62,0.02,100,"bu","09:44:38",635900
4.62,0.02,3800,"bu","09:44:38",635800
4.62,0.02,3200,"bu","09:44:31",632000
4.62,0.02,2000,"bu","09:44:25",628800
4.62,0.02,1300,"bu","09:44:17",626800
4.62,0.02,8900,"bu","09:44:14",625500
4.62,0.02,1100,"bu","09:44:14",616600
4.62,0.02,500,"bu","09:44:01",615500
4.62,0.02,900,"bu","09:43:56",615000
4.62,0.02,200,"bu","09:43:55",614100
4.62,0.02,5000,"bu","09:43:55",613900
4.62,0.02,100,"bu","09:43:55",608900
4.62,0.02,1000,"bu","09:43:55",608800
4.62,0.02,2800,"bu","09:43:55",607800
4.61,0.01,800,"sd","09:43:49",605000
4.61,0.01,10000,"sd","09:43:07",604200
4.61,0.01,100,"bu","09:42:58",594200
4.61,0.01,100,"bu","09:42:58",594100
4.61,0.01,8800,"bu","09:42:58",594000
4.61,0.01,2700,"bu","09:42:55",585200
4.61,0.01,200,"bu","09:42:28",582500
4.61,0.01,500,"bu","09:42:16",582300
4.61,0.01,700,"sd","09:41:57",581800
4.61,0.01,500,"sd","09:41:57",581100
4.61,0.01,4000,"sd","09:41:57",580600
4.61,0.01,500,"sd","09:41:57",576600
4.61,0.01,3000,"sd","09:41:43",576100
4.61,0.01,2000,"sd","09:41:37",573100
4.61,0.01,1300,"bu","09:41:20",571100
4.61,0.01,600,"bu","09:41:20",569800
4.61,0.01,100,"bu","09:41:20",569200
4.61,0.01,2000,"bu","09:41:20",569100
4.61,0.01,500,"bu","09:41:20",567100
4.61,0.01,10000,"bu","09:41:02",566600
4.6,0,2000,"sd","09:41:01",556600
4.61,0.01,400,"bu","09:40:41",554600
4.61,0.01,100,"bu","09:40:21",554200
4.6,0,2500,"sd","09:39:50",554100
4.6,0,5000,"sd","09:39:50",551600
4.61,0.01,3800,"bu","09:39:47",546600
4.61,0.01,3600,"bu","09:39:44",542800
4.61,0.01,1100,"bu","09:39:32",539200
4.61,0.01,1600,"bu","09:39:32",538100
4.61,0.01,100,"bu","09:39:05",536500
4.6,0,7400,"sd","09:38:56",536400
4.6,0,200,"sd","09:38:56",529000
4.6,0,400,"sd","09:38:56",528800
4.6,0,100,"sd","09:38:56",528400
4.6,0,500,"sd","09:38:56",528300
4.6,0,500,"sd","09:38:56",527800
4.6,0,900,"sd","09:38:56",527300
4.61,0.01,700,"bu","09:37:58",526400
4.6,0,100,"sd","09:37:48",525700
4.6,0,5000,"sd","09:37:22",525600
4.6,0,1000,"sd","09:36:08",520600
4.6,0,200,"bu","09:36:07",519600
4.6,0,2400,"bu","09:36:07",519400
4.6,0,3000,"bu","09:36:07",517000
4.6,0,5000,"bu","09:36:07",514000
4.6,0,1000,"bu","09:36:07",509000
4.6,0,2400,"bu","09:36:07",508000
4.6,0,1500,"bu","09:35:59",505600
4.6,0,100,"bu","09:35:56",504100
4.59,-0.01,5000,"sd","09:35:49",504000
4.6,0,10000,"bu","09:35:47",499000
4.59,-0.01,700,"sd","09:35:30",489000
4.59,-0.01,4300,"sd","09:35:30",488300
4.59,-0.01,5700,"sd","09:35:23",484000
4.59,-0.01,300,"sd","09:35:23",478300
4.59,-0.01,700,"sd","09:34:26",478000
4.59,-0.01,3000,"sd","09:34:26",477300
4.59,-0.01,100,"sd","09:34:26",474300
4.59,-0.01,500,"sd","09:34:26",474200
4.59,-0.01,100,"sd","09:34:26",473700
4.59,-0.01,500,"sd","09:34:26",473600
4.59,-0.01,100,"sd","09:34:26",473100
4.6,0,200,"bu","09:34:03",473000
4.59,-0.01,5000,"sd","09:33:53",472800
4.6,0,800,"bu","09:33:43",467800
4.6,0,1500,"bu","09:33:43",467000
4.6,0,2000,"bu","09:33:13",465500
4.6,0,1500,"sd","09:33:12",463500
4.6,0,2300,"sd","09:33:10",462000
4.6,0,100,"sd","09:33:07",459700
4.6,0,6100,"sd","09:32:57",459600
4.6,0,100,"sd","09:32:57",453500
4.6,0,3800,"sd","09:32:57",453400
4.6,0,5000,"sd","09:32:50",449600
4.61,0.01,200,"bu","09:32:46",444600
4.6,0,200,"sd","09:32:34",444400
4.6,0,1000,"sd","09:32:29",444200
4.6,0,200,"sd","09:32:29",443200
4.6,0,1800,"sd","09:32:29",443000
4.6,0,5000,"sd","09:32:10",441200
4.6,0,300,"bu","09:31:39",436200
4.6,0,500,"bu","09:31:39",435900
4.6,0,2400,"bu","09:31:39",435400
4.6,0,1000,"bu","09:31:32",433000
4.6,0,400,"bu","09:31:21",432000
4.6,0,1200,"sd","09:31:18",431600
4.6,0,2300,"sd","09:31:10",430400
4.6,0,100,"sd","09:31:10",428100
4.6,0,1000,"sd","09:31:10",428000
4.6,0,1600,"sd","09:31:10",427000
4.6,0,500,"bu","09:30:31",425400
4.6,0,6900,"bu","09:30:31",424900
4.6,0,1000,"sd","09:30:21",418000
4.6,0,500,"sd","09:30:21",417000
4.6,0,100,"sd","09:30:21",416500
4.6,0,400,"sd","09:30:21",416400
4.6,0,500,"sd","09:30:21",416000
4.6,0,600,"sd","09:30:21",415500
4.6,0,1900,"sd","09:29:56",414900
4.6,0,200,"sd","09:29:54",413000
4.6,0,2800,"sd","09:29:54",412800
4.6,0,2200,"sd","09:29:43",410000
4.6,0,200,"sd","09:29:43",407800
4.6,0,500,"sd","09:29:43",407600
4.6,0,2000,"sd","09:29:43",407100
4.6,0,100,"sd","09:29:43",405100
4.6,0,100,"sd","09:29:36",405000
4.6,0,800,"sd","09:29:27",404900
4.6,0,1000,"sd","09:29:27",404100
4.6,0,100,"sd","09:29:27",403100
4.6,0,500,"sd","09:29:27",403000
4.6,0,2600,"sd","09:29:27",402500
4.6,0,100,"sd","09:29:25",399900
4.6,0,3300,"sd","09:29:25",399800
4.6,0,200,"sd","09:29:25",396500
4.6,0,1500,"sd","09:29:25",396300
4.6,0,15000,"sd","09:29:07",394800
4.6,0,900,"sd","09:28:59",379800
4.61,0.01,300,"bu","09:28:58",378900
4.61,0.01,100,"bu","09:28:44",378600
4.61,0.01,1000,"bu","09:28:32",378500
4.61,0.01,200,"bu","09:28:30",377500
4.61,0.01,200,"bu","09:28:29",377300
4.61,0.01,100,"bu","09:28:12",377100
4.61,0.01,1000,"bu","09:28:12",377000
4.61,0.01,1100,"bu","09:28:12",376000
4.61,0.01,100,"bu","09:28:12",374900
4.61,0.01,1800,"bu","09:28:12",374800
4.61,0.01,200,"bu","09:28:08",373000
4.61,0.01,100,"bu","09:28:05",372800
4.61,0.01,100,"bu","09:27:57",372700
4.61,0.01,300,"bu","09:27:52",372600
4.61,0.01,2100,"bu","09:27:42",372300
4.61,0.01,400,"bu","09:27:23",370200
4.61,0.01,200,"bu","09:27:23",369800
4.61,0.01,300,"bu","09:27:22",369600
4.61,0.01,100,"bu","09:27:16",369300
4.6,0,6600,"sd","09:26:51",369200
4.6,0,100,"sd","09:26:51",362600
4.6,0,600,"sd","09:26:51",362500
4.6,0,100,"sd","09:26:51",361900
4.6,0,1000,"sd","09:26:51",361800
4.6,0,900,"sd","09:26:51",360800
4.6,0,200,"sd","09:26:51",359900
4.6,0,500,"sd","09:26:51",359700
4.61,0.01,200,"bu","09:26:23",359200
4.6,0,10000,"sd","09:26:11",359000
4.6,0,100,"sd","09:25:34",349000
4.62,0.02,200,"bu","09:25:02",348900
4.6,0,1000,"bu","09:25:00",348700
4.6,0,8400,"bu","09:25:00",347700
4.6,0,5000,"bu","09:24:56",339300
4.6,0,100,"bu","09:24:48",334300
4.6,0,3000,"bu","09:24:48",334200
4.6,0,1000,"bu","09:24:48",331200
4.6,0,200,"bu","09:24:48",330200
4.6,0,700,"bu","09:24:48",330000
4.6,0,200,"bu","09:24:45",329300
4.6,0,200,"bu","09:24:21",329100
4.59,-0.01,500,"sd","09:24:17",328900
4.59,-0.01,500,"sd","09:24:17",328400
4.6,0,3300,"bu","09:24:12",327900
4.59,-0.01,800,"sd","09:24:04",324600
4.59,-0.01,100,"sd","09:24:04",323800
4.59,-0.01,400,"sd","09:24:04",323700
4.59,-0.01,700,"sd","09:24:04",323300
4.59,-0.01,200,"sd","09:23:42",322600
4.6,0,100,"sd","09:23:29",322400
4.6,0,500,"sd","09:23:29",322300
4.6,0,500,"sd","09:23:29",321800
4.6,0,100,"sd","09:23:29",321300
4.6,0,500,"sd","09:23:29",321200
4.6,0,3700,"sd","09:23:29",320700
4.6,0,800,"sd","09:23:29",317000
4.6,0,1300,"sd","09:23:29",316200
4.6,0,200,"sd","09:23:29",314900
4.6,0,1000,"sd","09:23:29",314700
4.6,0,5400,"sd","09:23:29",313700
4.6,0,300,"sd","09:23:29",308300
4.6,0,3500,"sd","09:23:29",308000
4.6,0,500,"sd","09:23:29",304500
4.6,0,100,"sd","09:23:29",304000
4.61,0.01,1000,"bu","09:23:27",303900
4.6,0,600,"sd","09:23:10",302900
4.6,0,4000,"sd","09:23:10",302300
4.6,0,10000,"sd","09:23:10",298300
4.6,0,1100,"sd","09:23:10",288300
4.6,0,500,"sd","09:23:10",287200
4.6,0,1000,"sd","09:23:10",286700
4.6,0,500,"sd","09:23:10",285700
4.6,0,100,"sd","09:23:10",285200
4.6,0,100,"sd","09:23:10",285100
4.6,0,1000,"sd","09:23:10",285000
4.6,0,500,"sd","09:23:10",284000
4.6,0,100,"sd","09:23:10",283500
4.62,0.02,200,"sd","09:22:52",283400
4.6,0,3000,"sd","09:22:52",283200
4.62,0.02,4500,"sd","09:22:52",280200
4.6,0,1000,"sd","09:22:52",275700
4.62,0.02,1000,"sd","09:22:52",274700
4.6,0,5000,"sd","09:22:52",273700
4.62,0.02,20000,"sd","09:22:52",268700
4.6,0,200,"sd","09:22:52",248700
4.62,0.02,6600,"sd","09:22:52",248500
4.6,0,100,"sd","09:22:52",241900
4.62,0.02,4400,"sd","09:22:52",241800
4.6,0,500,"sd","09:22:52",237400
4.61,0.01,500,"sd","09:22:52",236900
4.61,0.01,1000,"sd","09:22:52",236400
4.61,0.01,5000,"sd","09:22:52",235400
4.62,0.02,2000,"sd","09:22:52",230400
4.62,0.02,5100,"sd","09:22:36",228400
4.62,0.02,2900,"sd","09:22:36",223300
4.62,0.02,100,"sd","09:22:34",220400
4.63,0.03,300,"sd","09:22:14",220300
4.63,0.03,1900,"sd","09:22:14",220000
4.63,0.03,1200,"sd","09:22:03",218100
4.63,0.03,3500,"sd","09:22:02",216900
4.63,0.03,300,"sd","09:22:02",213400
4.63,0.03,800,"sd","09:22:00",213100
4.63,0.03,400,"sd","09:22:00",212300
4.64,0.04,600,"bu","09:21:44",211900
4.64,0.04,200,"bu","09:21:40",211300
4.65,0.05,200,"bu","09:21:21",211100
4.63,0.03,900,"sd","09:21:15",210900
4.63,0.03,9100,"sd","09:21:15",210000
4.65,0.05,200,"bu","09:21:02",200900
4.63,0.03,500,"sd","09:20:54",200700
4.65,0.05,200,"bu","09:20:53",200200
4.65,0.05,400,"bu","09:20:49",200000
4.65,0.05,200,"bu","09:20:41",199600
4.65,0.05,900,"bu","09:20:29",199400
4.65,0.05,500,"bu","09:20:29",198500
4.65,0.05,700,"bu","09:20:29",198000
4.65,0.05,2900,"bu","09:20:29",197300
4.65,0.05,1800,"bu","09:20:17",194400
4.64,0.04,200,"bu","09:20:17",192600
4.65,0.05,200,"bu","09:19:52",192400
4.62,0.02,500,"sd","09:19:39",192200
4.62,0.02,2700,"sd","09:19:39",191700
4.62,0.02,1800,"sd","09:19:39",189000
4.65,0.05,100,"bu","09:19:38",187200
4.65,0.05,100,"bu","09:19:38",187100
4.62,0.02,100,"sd","09:19:34",187000
4.64,0.04,300,"bu","09:19:22",186900
4.62,0.02,100,"sd","09:19:08",186600
4.62,0.02,100,"sd","09:19:08",186500
4.62,0.02,1500,"sd","09:18:55",186400
4.62,0.02,500,"sd","09:18:55",184900
4.62,0.02,100,"sd","09:18:46",184400
4.64,0.04,200,"bu","09:18:46",184300
4.61,0.01,400,"sd","09:18:10",184100
4.6,0,6200,"bu","09:17:55",183700
4.6,0,4600,"bu","09:17:53",177500
4.6,0,200,"bu","09:17:49",172900
4.6,0,100,"bu","09:17:47",172700
4.6,0,1000,"bu","09:17:45",172600
4.6,0,1000,"bu","09:17:42",171600
4.6,0,3500,"bu","09:17:34",170600
4.6,0,100,"bu","09:17:30",167100
4.6,0,1800,"bu","09:17:30",167000
4.6,0,3200,"bu","09:17:30",165200
4.6,0,1000,"bu","09:17:28",162000
4.6,0,10000,"bu","09:17:26",161000
4.6,0,2500,"bu","09:17:26",151000
4.6,0,300,"bu","09:17:24",148500
4.6,0,100,"bu","09:17:22",148200
4.6,0,1500,"sd","09:17:15",148100
4.6,0,500,"sd","09:17:15",146600
4.6,0,100,"sd","09:17:15",146100
4.6,0,400,"sd","09:17:15",146000
4.6,0,5000,"sd","09:17:15",145600
4.6,0,2400,"sd","09:17:15",140600
4.66,0.06,100,"bu","09:17:12",138200
4.66,0.06,300,"bu","09:17:11",138100
4.66,0.06,100,"bu","09:17:11",137800
4.65,0.05,200,"bu","09:17:11",137700
4.65,0.05,9400,"bu","09:17:11",137500
4.65,0.05,400,"bu","09:17:06",128100
4.6,0,1000,"bu","09:16:57",127700
4.65,0.05,200,"bu","09:16:39",126700
4.65,0.05,300,"bu","09:16:39",126500
4.62,0.02,100,"bu","09:16:39",126200
4.62,0.02,200,"bu","09:16:39",126000
4.65,0.05,100,"bu","09:16:39",126100
4.65,0.05,100,"bu","09:16:39",125800
4.61,0.01,200,"bu","09:16:39",125700
4.65,0.05,100,"bu","09:16:39",125500
4.61,0.01,100,"bu","09:16:39",125400
4.65,0.05,5000,"bu","09:16:39",125300
4.61,0.01,200,"bu","09:16:39",120300
4.65,0.05,1000,"bu","09:16:39",120100
4.61,0.01,400,"bu","09:16:39",119100
4.65,0.05,200,"bu","09:16:39",118700
4.6,0,5000,"bu","09:16:39",118500
4.6,0,100,"bu","09:16:39",113500
4.64,0.04,1000,"bu","09:16:39",113400
4.64,0.04,100,"bu","09:16:39",112400
4.64,0.04,300,"bu","09:16:39",112300
4.63,0.03,100,"bu","09:16:39",112000
4.63,0.03,200,"bu","09:16:39",111900
4.6,0,1000,"bu","09:16:31",111700
4.6,0,1900,"bu","09:16:24",110700
4.6,0,3100,"bu","09:16:24",108800
4.6,0,1900,"bu","09:16:18",105700
4.6,0,3100,"bu","09:16:18",103800
4.59,-0.01,200,"sd","09:16:07",100700
4.6,0,5000,"bu","09:16:04",100500
4.6,0,500,"bu","09:16:01",95500
4.6,0,1000,"bu","09:15:55",95000
4.6,0,2400,"bu","09:15:45",94000
4.6,0,7600,"bu","09:15:45",91600
4.6,0,2400,"bu","09:15:37",84000
4.6,0,2600,"bu","09:15:37",81600
4.6,0,400,"bu","09:15:25",79000
4.6,0,100,"bu","09:15:25",78600
4.6,0,1200,"bu","09:15:19",78500
4.6,0,77300,"bu","09:15:01",77300
