"price","change","match_qtty","side","time","total_vol"
36400,100,25400,"bu","14:45:01",356800
36200,-100,900,"unknown","14:28:29",331400
36200,-100,100,"sd","14:28:28",330500
36100,-200,1000,"sd","14:27:33",330400
36200,-100,1500,"bu","14:27:31",329400
36200,-100,100,"bu","14:26:56",327900
36200,-100,700,"bu","14:26:53",327800
36200,-100,1000,"bu","14:25:34",327100
36200,-100,100,"bu","14:25:26",326100
36200,-100,200,"bu","14:25:04",326000
36100,-200,500,"sd","14:22:41",325800
36100,-200,1000,"sd","14:22:05",325300
36100,-200,1000,"sd","14:21:58",324300
36100,-200,200,"sd","14:21:02",323300
36200,-100,500,"bu","14:20:16",323100
36200,-100,100,"sd","14:20:10",322600
36200,-100,200,"sd","14:19:58",322500
36200,-100,300,"sd","14:19:57",322300
36200,-100,1000,"sd","14:19:45",322000
36200,-100,700,"sd","14:19:08",321000
36200,-100,12000,"sd","14:18:56",320300
36200,-100,500,"sd","14:18:06",308300
36200,-100,1000,"sd","14:16:40",307800
36200,-100,300,"sd","14:15:58",306800
36200,-100,1000,"bu","14:15:55",306500
36200,-100,5000,"bu","14:15:18",305500
36200,-100,500,"bu","14:15:00",300500
36200,-100,400,"bu","14:14:55",300000
36200,-100,1000,"bu","14:14:39",299600
36200,-100,100,"bu","14:14:32",298600
36200,-100,100,"bu","14:14:31",298500
36200,-100,1000,"bu","14:13:53",298400
36200,-100,300,"bu","14:13:33",297400
36100,-200,300,"sd","14:12:43",297100
36200,-100,1500,"bu","14:12:33",296800
36200,-100,100,"bu","14:12:01",295300
36100,-200,700,"sd","14:08:25",295200
36100,-200,200,"bu","14:08:03",294500
36100,-200,100,"bu","14:07:59",294300
36100,-200,500,"sd","14:07:46",294200
36100,-200,1500,"sd","14:07:36",293700
36100,-200,2000,"sd","14:07:33",292200
36100,-200,600,"sd","14:07:27",290200
36100,-200,500,"sd","14:07:24",289600
36100,-200,1000,"sd","14:07:22",289100
36100,-200,3000,"sd","14:07:03",288100
36100,-200,100,"sd","14:06:55",285100
36100,-200,1000,"sd","14:06:19",285000
36100,-200,2000,"sd","14:06:10",284000
36100,-200,500,"sd","14:05:38",282000
36100,-200,1500,"sd","14:04:41",281500
36100,-200,1000,"sd","14:03:43",280000
36200,-100,500,"bu","14:02:02",279000
36200,-100,5000,"bu","14:01:22",278500
36200,-100,400,"bu","13:59:44",273500
36200,-100,300,"bu","13:59:32",273100
36200,-100,1000,"bu","13:58:06",272800
36100,-200,1000,"sd","13:55:19",271800
36100,-200,2000,"sd","13:51:32",270800
36100,-200,2000,"sd","13:50:59",268800
36100,-200,500,"sd","13:50:35",266800
36100,-200,5000,"sd","13:50:09",266300
36100,-200,8000,"sd","13:49:49",261300
36200,-100,1000,"sd","13:49:28",253300
36200,-100,2400,"sd","13:48:57",252300
36200,-100,100,"bu","13:47:49",249900
36200,-100,1000,"bu","13:47:48",249800
36200,-100,1000,"bu","13:47:36",248800
36200,-100,5000,"unknown","13:46:51",247800
36200,-100,200,"sd","13:45:04",242800
36200,-100,500,"sd","13:44:38",242600
36200,-100,200,"sd","13:43:23",242100
36200,-100,200,"sd","13:43:19",241900
36200,-100,1100,"sd","13:43:03",241700
36200,-100,200,"sd","13:39:46",240600
36200,-100,1000,"sd","13:38:36",240400
36200,-100,1000,"sd","13:38:13",239400
36200,-100,500,"unknown","13:36:40",238400
36200,-100,300,"bu","13:36:08",237900
36200,-100,1200,"bu","13:35:49",237600
36200,-100,600,"sd","13:35:34",236400
36200,-100,500,"sd","13:35:19",235800
36200,-100,400,"sd","13:35:03",235300
36200,-100,600,"sd","13:33:12",234900
36200,-100,100,"bu","13:33:00",234300
36200,-100,200,"bu","13:32:47",234200
36200,-100,100,"bu","13:32:42",234000
36200,-100,1500,"bu","13:32:39",233900
36200,-100,500,"bu","13:32:14",232400
36200,-100,100,"bu","13:31:45",231900
36200,-100,200,"bu","13:29:25",231800
36200,-100,500,"bu","13:27:14",231600
36100,-200,400,"sd","13:26:08",231100
36100,-200,5000,"sd","13:24:56",230700
36200,-100,1000,"sd","13:24:39",225700
36300,0,100,"bu","13:24:11",224700
36200,-100,200,"sd","13:24:10",224600
36200,-100,800,"sd","13:23:59",224400
36200,-100,200,"sd","13:22:16",223600
36200,-100,400,"sd","13:21:50",223400
36300,0,400,"bu","13:21:13",223000
36300,0,1000,"bu","13:20:50",222600
36200,-100,2400,"sd","13:20:44",221600
36200,-100,1000,"bu","13:20:41",219200
36200,-100,2000,"bu","13:20:31",218200
36200,-100,4000,"bu","13:20:22",216200
36200,-100,600,"bu","13:19:52",212200
36100,-200,100,"sd","13:19:46",211600
36200,-100,100,"bu","13:19:34",211500
36200,-100,1100,"bu","13:19:18",211400
36200,-100,700,"bu","13:19:08",210300
36100,-200,400,"sd","13:17:38",209600
36200,-100,1400,"bu","13:17:09",209200
36100,-200,3000,"sd","13:16:45",207800
36200,-100,1000,"bu","13:16:10",204800
36200,-100,500,"bu","13:15:57",203800
36200,-100,100,"bu","13:15:08",203300
36100,-200,500,"sd","13:13:16",203200
36200,-100,500,"bu","13:12:37",202700
36200,-100,500,"bu","13:11:40",202200
36100,-200,1000,"sd","13:11:31",201700
36200,-100,100,"bu","13:11:13",200700
36200,-100,100,"bu","13:10:59",200600
36200,-100,2000,"bu","13:10:43",200500
36100,-200,1900,"sd","13:10:07",198500
36200,-100,100,"bu","13:08:33",196600
36200,-100,500,"bu","13:08:20",196500
36200,-100,300,"bu","13:08:07",196000
36200,-100,2000,"bu","13:07:03",195700
36100,-200,2000,"sd","13:06:06",193700
36100,-200,100,"sd","13:05:13",191700
36200,-100,500,"bu","13:04:20",191600
36200,-100,1000,"bu","13:03:56",191100
36100,-200,300,"bu","13:01:38",190100
36100,-200,3200,"sd","13:01:27",189800
36100,-200,500,"sd","13:01:14",186600
36100,-200,100,"sd","13:01:02",186100
36100,-200,600,"sd","13:00:04",186000
36100,-200,10000,"sd","13:00:03",185400
36200,-100,300,"bu","11:22:18",175400
36200,-100,100,"bu","11:14:34",175100
36200,-100,900,"bu","11:13:28",175000
36200,-100,500,"sd","11:12:47",174100
36200,-100,1000,"sd","11:12:38",173600
36200,-100,1000,"sd","11:12:22",172600
36200,-100,500,"sd","11:11:16",171600
36200,-100,200,"sd","11:09:29",171100
36200,-100,100,"sd","11:07:12",170900
36200,-100,900,"sd","11:06:30",170800
36200,-100,1000,"sd","11:05:57",169900
36200,-100,1000,"sd","11:05:43",168900
36300,0,600,"bu","10:59:28",167900
36300,0,200,"bu","10:59:02",167300
36200,-100,1000,"sd","10:58:55",167100
36200,-100,600,"sd","10:58:19",166100
36200,-100,500,"sd","10:57:51",165500
36200,-100,100,"sd","10:56:30",165000
36200,-100,500,"sd","10:54:52",164900
36300,0,300,"bu","10:54:48",164400
36300,0,1000,"bu","10:54:23",164100
36300,0,2000,"bu","10:51:04",163100
36300,0,300,"bu","10:51:03",161100
36300,0,200,"bu","10:50:15",160800
36300,0,100,"bu","10:46:20",160600
36300,0,500,"bu","10:43:30",160500
36300,0,1000,"bu","10:43:15",160000
36300,0,4700,"bu","10:42:54",159000
36300,0,500,"bu","10:42:34",154300
36200,-100,100,"sd","10:41:56",153800
36200,-100,2000,"sd","10:40:44",153700
36200,-100,200,"sd","10:39:37",151700
36200,-100,1500,"sd","10:38:42",151500
36200,-100,500,"sd","10:37:36",150000
36200,-100,1000,"sd","10:37:22",149500
36200,-100,1000,"sd","10:36:33",148500
36200,-100,100,"sd","10:36:01",147500
36300,0,100,"bu","10:33:38",147400
36300,0,700,"bu","10:33:18",147300
36300,0,900,"bu","10:33:10",146600
36300,0,10200,"bu","10:32:20",145700
36200,-100,500,"sd","10:30:19",135500
36200,-100,1000,"sd","10:30:13",135000
36200,-100,400,"sd","10:29:46",134000
36200,-100,200,"sd","10:27:58",133600
36200,-100,200,"sd","10:27:50",133400
36200,-100,500,"sd","10:27:20",133200
36200,-100,500,"sd","10:27:12",132700
36200,-100,1000,"sd","10:26:26",132200
36200,-100,100,"sd","10:22:33",131200
36200,-100,100,"sd","10:21:01",131100
36300,0,3200,"sd","10:17:42",131000
36300,0,3000,"sd","10:17:10",127800
36400,100,1000,"bu","10:14:23",124800
36400,100,3900,"sd","10:13:32",123800
36400,100,100,"sd","10:10:24",119900
36400,100,100,"sd","10:09:02",119800
36400,100,100,"sd","10:07:36",119700
36400,100,300,"sd","10:07:15",119600
36400,100,900,"bu","10:06:16",119300
36400,100,1100,"bu","10:05:44",118400
36400,100,900,"bu","10:04:57",117300
36400,100,4200,"bu","10:04:02",116400
36400,100,1000,"sd","10:03:17",112200
36400,100,2500,"unknown","10:01:32",111200
36500,200,2000,"bu","10:00:41",108700
36500,200,500,"bu","09:59:11",106700
36500,200,500,"bu","09:57:57",106200
36500,200,1000,"bu","09:57:30",105700
36400,100,8000,"sd","09:56:46",104700
36400,100,100,"bu","09:56:33",96700
36300,0,1500,"sd","09:54:01",96600
36300,0,400,"bu","09:53:15",95100
36300,0,1000,"bu","09:52:38",94700
36200,-100,100,"sd","09:52:24",93700
36200,-100,100,"sd","09:51:59",93600
36300,0,200,"bu","09:51:54",93500
36300,0,300,"bu","09:51:45",93300
36300,0,1000,"bu","09:51:42",93000
36300,0,600,"bu","09:51:27",92000
36300,0,500,"bu","09:50:33",91400
36300,0,100,"bu","09:49:22",90900
36300,0,2000,"bu","09:49:11",90800
36200,-100,200,"sd","09:49:10",88800
36300,0,100,"bu","09:49:01",88600
36300,0,800,"bu","09:48:55",88500
36300,0,200,"bu","09:46:08",87700
36300,0,200,"bu","09:44:20",87500
36200,-100,2000,"sd","09:44:07",87300
36200,-100,5500,"sd","09:44:01",85300
36200,-100,2200,"sd","09:39:07",79800
36100,-200,200,"unknown","09:38:44",77600
36100,-200,1200,"sd","09:38:25",77400
36100,-200,400,"sd","09:37:21",76200
36200,-100,100,"bu","09:37:02",75800
36100,-200,200,"unknown","09:37:01",75700
36100,-200,3000,"sd","09:36:44",75500
36100,-200,100,"sd","09:36:34",72500
36100,-200,300,"sd","09:34:18",72400
36100,-200,1500,"sd","09:34:05",72100
36100,-200,500,"sd","09:33:47",70600
36100,-200,2000,"sd","09:33:31",70100
36100,-200,1000,"sd","09:33:11",68100
36200,-100,100,"bu","09:33:03",67100
36200,-100,100,"bu","09:32:37",67000
36200,-100,100,"bu","09:31:39",66900
36200,-100,1100,"unknown","09:31:26",66800
36300,0,100,"bu","09:30:18",65700
36300,0,100,"bu","09:30:05",65600
36300,0,700,"bu","09:30:02",65500
36300,0,300,"sd","09:29:22",64800
36300,0,8000,"sd","09:28:50",64500
36400,100,3500,"sd","09:28:16",56500
36400,100,1000,"sd","09:28:12",53000
36400,100,2500,"sd","09:27:57",52000
36400,100,1000,"sd","09:27:51",49500
36400,100,100,"sd","09:27:42",48500
36400,100,1000,"sd","09:26:24",48400
36500,200,4000,"bu","09:24:28",47400
36500,200,100,"bu","09:24:26",43400
36500,200,100,"bu","09:24:13",43300
36500,200,1000,"bu","09:22:10",43200
36500,200,300,"bu","09:21:55",42200
36500,200,1000,"bu","09:21:02",41900
36400,100,1000,"sd","09:20:06",40900
36500,200,200,"bu","09:18:19",39900
36500,200,3000,"bu","09:18:02",39700
36500,200,200,"bu","09:18:00",36700
36500,200,200,"bu","09:17:25",36500
36400,100,1000,"sd","09:16:39",36300
36400,100,700,"sd","09:16:32",35300
36400,100,100,"sd","09:15:26",34600
36400,100,3300,"sd","09:12:41",34500
36500,200,600,"sd","09:10:22",31200
36500,200,500,"bu","09:09:33",30600
36500,200,100,"unknown","09:07:53",30100
36500,200,900,"sd","09:07:52",30000
36500,200,200,"bu","09:07:50",29100
36500,200,400,"bu","09:07:39",28900
36900,600,24000,"bu","09:07:35",28500
36500,200,100,"sd","09:05:55",4500
36500,200,400,"bu","09:05:31",4400
36400,100,500,"sd","09:02:22",4000
36500,200,2000,"bu","09:02:09",3500
36500,200,200,"bu","09:02:01",1500
36500,200,400,"bu","09:00:45",1300
36500,200,100,"sd","09:00:14",900
36300,0,600,"sd","09:00:07",800
36300,0,200,"sd","09:00:06",200
