"price","change","match_qtty","side","time","total_vol"
33250,-500,39300,"unknown","14:45:00",789500
33300,-450,100,"bu","14:29:38",750200
33250,-500,600,"sd","14:29:35",750100
33250,-500,400,"sd","14:29:35",749500
33300,-450,100,"bu","14:29:21",749100
33300,-450,200,"bu","14:29:21",749000
33300,-450,100,"bu","14:29:16",748800
33300,-450,100,"bu","14:29:16",748700
33300,-450,200,"bu","14:29:16",748600
33300,-450,100,"bu","14:29:16",748400
33300,-450,2500,"bu","14:29:16",748300
33250,-500,100,"sd","14:29:15",745800
33250,-500,100,"sd","14:29:15",745700
33250,-500,1000,"sd","14:29:15",745600
33250,-500,1800,"sd","14:29:15",744600
33300,-450,100,"bu","14:28:40",742800
33300,-450,500,"bu","14:28:38",742700
33300,-450,1000,"bu","14:28:29",742200
33300,-450,500,"bu","14:28:27",741200
33300,-450,200,"bu","14:28:16",740700
33300,-450,200,"bu","14:28:12",740500
33300,-450,500,"bu","14:28:12",740300
33250,-500,200,"sd","14:28:11",739800
33300,-450,500,"bu","14:28:10",739600
33300,-450,500,"bu","14:28:06",739100
33300,-450,1000,"bu","14:27:58",738600
33300,-450,500,"bu","14:27:55",737600
33300,-450,1800,"bu","14:27:48",737100
33300,-450,100,"bu","14:27:45",735300
33300,-450,500,"bu","14:27:26",735200
33300,-450,300,"bu","14:27:25",734700
33300,-450,300,"bu","14:27:22",734400
33300,-450,500,"bu","14:27:22",734100
33300,-450,200,"bu","14:27:22",733600
33300,-450,1000,"bu","14:27:05",733400
33300,-450,400,"bu","14:27:01",732400
33300,-450,500,"bu","14:26:30",732000
33300,-450,500,"bu","14:26:30",731500
33250,-500,400,"sd","14:26:27",731000
33250,-500,200,"sd","14:25:50",730600
33250,-500,400,"sd","14:25:40",730400
33250,-500,200,"sd","14:25:40",730000
33250,-500,500,"sd","14:25:40",729800
33250,-500,200,"sd","14:25:40",729300
33250,-500,300,"sd","14:25:40",729100
33250,-500,200,"sd","14:25:39",728800
33300,-450,300,"bu","14:25:32",728600
33250,-500,500,"sd","14:25:14",728300
33250,-500,100,"sd","14:24:59",727800
33250,-500,200,"sd","14:24:59",727700
33250,-500,200,"sd","14:24:59",727500
33250,-500,100,"sd","14:24:59",727300
33300,-450,100,"bu","14:24:54",727200
33300,-450,100,"bu","14:24:43",727100
33300,-450,1000,"bu","14:24:30",727000
33250,-500,100,"sd","14:24:18",726000
33250,-500,200,"sd","14:23:38",725900
33250,-500,200,"sd","14:23:38",725700
33250,-500,100,"sd","14:23:38",725500
33250,-500,100,"sd","14:23:38",725400
33250,-500,400,"sd","14:23:38",725300
33250,-500,200,"sd","14:23:24",724900
33300,-450,300,"bu","14:23:14",724700
33300,-450,600,"sd","14:22:32",724400
33300,-450,100,"sd","14:22:32",723800
33300,-450,400,"sd","14:22:25",723700
33300,-450,100,"sd","14:22:20",723300
33300,-450,100,"sd","14:22:20",723200
33300,-450,200,"sd","14:22:20",723100
33300,-450,600,"sd","14:22:20",722900
33300,-450,400,"sd","14:22:14",722300
33300,-450,4600,"sd","14:22:14",721900
33300,-450,300,"sd","14:22:12",717300
33300,-450,500,"sd","14:22:03",717000
33300,-450,500,"sd","14:21:44",716500
33300,-450,700,"sd","14:21:36",716000
33300,-450,300,"sd","14:21:26",715300
33300,-450,500,"sd","14:21:14",715000
33300,-450,600,"sd","14:21:00",714500
33300,-450,100,"sd","14:21:00",713900
33300,-450,300,"sd","14:21:00",713800
33400,-350,200,"bu","14:20:39",713500
33300,-450,900,"sd","14:20:29",713300
33350,-400,100,"sd","14:20:29",712400
33350,-400,1000,"bu","14:20:23",712300
33350,-400,800,"bu","14:20:23",711300
33350,-400,100,"bu","14:20:23",710500
33350,-400,100,"bu","14:20:08",710400
33300,-450,800,"sd","14:19:57",710300
33300,-450,200,"sd","14:19:57",709500
33300,-450,100,"sd","14:19:53",709300
33300,-450,2900,"sd","14:19:45",709200
33300,-450,100,"sd","14:19:45",706300
33300,-450,5000,"sd","14:19:45",706200
33300,-450,200,"sd","14:19:45",701200
33300,-450,200,"sd","14:19:45",701000
33300,-450,1100,"sd","14:19:45",700800
33300,-450,1900,"sd","14:19:29",699700
33300,-450,100,"sd","14:19:29",697800
33300,-450,100,"sd","14:19:08",697700
33300,-450,400,"sd","14:19:08",697600
33300,-450,100,"sd","14:19:01",697200
33300,-450,200,"sd","14:19:01",697100
33300,-450,1000,"sd","14:19:01",696900
33300,-450,3200,"sd","14:19:01",695900
33300,-450,300,"sd","14:19:01",692700
33300,-450,200,"sd","14:19:01",692400
33300,-450,100,"sd","14:18:50",692200
33300,-450,100,"sd","14:18:50",692100
33350,-400,800,"bu","14:18:48",692000
33350,-400,200,"bu","14:18:48",691200
33350,-400,200,"sd","14:18:37",691000
33350,-400,500,"sd","14:18:37",690800
33350,-400,100,"sd","14:18:37",690300
33350,-400,100,"sd","14:18:32",690200
33350,-400,400,"sd","14:18:32",690100
33350,-400,100,"sd","14:18:28",689700
33350,-400,400,"sd","14:18:28",689600
33350,-400,400,"sd","14:18:28",689200
33350,-400,700,"sd","14:18:24",688800
33350,-400,100,"sd","14:18:24",688100
33350,-400,200,"sd","14:18:24",688000
33350,-400,700,"sd","14:18:20",687800
33350,-400,100,"sd","14:18:20",687100
33350,-400,200,"sd","14:18:20",687000
33350,-400,800,"sd","14:18:16",686800
33350,-400,500,"sd","14:18:16",686000
33350,-400,100,"sd","14:18:16",685500
33350,-400,2000,"sd","14:18:16",685400
33350,-400,500,"sd","14:18:16",683400
33350,-400,100,"sd","14:18:16",682900
33350,-400,300,"sd","14:18:05",682800
33400,-350,100,"bu","14:18:02",682500
33350,-400,100,"sd","14:17:55",682400
33400,-350,100,"bu","14:17:24",682300
33400,-350,100,"sd","14:17:13",682200
33450,-300,1500,"bu","14:16:44",682100
33450,-300,2600,"bu","14:16:44",680600
33400,-350,600,"bu","14:16:44",678000
33400,-350,100,"sd","14:16:36",677400
33400,-350,1300,"sd","14:16:36",677300
33450,-300,600,"bu","14:16:30",676000
33400,-350,1000,"sd","14:16:21",675400
33400,-350,1000,"bu","14:15:46",674400
33400,-350,200,"bu","14:15:46",673400
33400,-350,100,"bu","14:15:21",673200
33400,-350,100,"bu","14:15:13",673100
33400,-350,100,"bu","14:15:01",673000
33350,-400,300,"bu","14:14:13",672900
33350,-400,200,"bu","14:14:11",672600
33350,-400,100,"bu","14:14:11",672400
33350,-400,200,"bu","14:14:11",672300
33350,-400,1000,"bu","14:14:06",672100
33350,-400,1000,"bu","14:14:04",671100
33350,-400,1000,"bu","14:14:00",670100
33350,-400,500,"bu","14:13:54",669100
33350,-400,100,"bu","14:13:49",668600
33350,-400,1000,"bu","14:13:46",668500
33350,-400,100,"bu","14:13:40",667500
33350,-400,100,"bu","14:13:37",667400
33350,-400,5000,"bu","14:13:34",667300
33350,-400,5000,"bu","14:13:31",662300
33350,-400,500,"bu","14:13:20",657300
33350,-400,3000,"bu","14:13:07",656800
33350,-400,200,"bu","14:12:59",653800
33350,-400,5000,"bu","14:12:08",653600
33350,-400,100,"bu","14:11:58",648600
33350,-400,100,"bu","14:11:49",648500
33300,-450,200,"bu","14:10:35",648400
33300,-450,200,"bu","14:10:35",648200
33300,-450,2000,"bu","14:10:29",648000
33300,-450,5000,"bu","14:10:26",646000
33300,-450,100,"bu","14:10:23",641000
33300,-450,300,"bu","14:10:19",640900
33300,-450,100,"bu","14:10:16",640600
33300,-450,2300,"bu","14:10:03",640500
33300,-450,400,"bu","14:10:03",638200
33250,-500,500,"sd","14:09:57",637800
33250,-500,100,"sd","14:09:34",637300
33250,-500,400,"sd","14:09:03",637200
33250,-500,2400,"sd","14:08:29",636800
33250,-500,500,"sd","14:08:29",634400
33250,-500,100,"sd","14:08:29",633900
33250,-500,200,"sd","14:08:29",633800
33250,-500,100,"sd","14:08:29",633600
33250,-500,100,"sd","14:08:29",633500
33250,-500,100,"sd","14:08:29",633400
33250,-500,500,"sd","14:08:29",633300
33250,-500,200,"sd","14:08:29",632800
33250,-500,100,"sd","14:08:29",632600
33250,-500,700,"sd","14:08:29",632500
33250,-500,200,"sd","14:08:18",631800
33250,-500,100,"sd","14:07:47",631600
33250,-500,500,"sd","14:07:33",631500
33250,-500,300,"sd","14:07:33",631000
33250,-500,200,"sd","14:07:08",630700
33300,-450,100,"bu","14:07:01",630500
33300,-450,300,"bu","14:06:57",630400
33300,-450,200,"bu","14:06:29",630100
33300,-450,1000,"sd","14:04:41",629900
33300,-450,100,"bu","14:03:33",628900
33300,-450,200,"bu","14:03:31",628800
33300,-450,100,"sd","14:03:26",628600
33300,-450,5000,"sd","14:03:26",628500
33300,-450,2000,"sd","14:03:26",623500
33300,-450,700,"bu","14:02:54",621500
33300,-450,1000,"bu","14:02:42",620800
33300,-450,300,"bu","14:02:34",619800
33300,-450,200,"bu","14:02:34",619500
33300,-450,1800,"sd","14:02:09",619300
33300,-450,200,"sd","14:02:05",617500
33300,-450,300,"sd","14:02:05",617300
33300,-450,200,"sd","14:01:59",617000
33300,-450,9800,"sd","14:01:59",616800
33300,-450,200,"sd","14:01:44",607000
33300,-450,200,"sd","14:01:44",606800
33300,-450,100,"sd","14:01:44",606600
33300,-450,200,"sd","14:01:42",606500
33300,-450,200,"sd","14:01:06",606300
33300,-450,300,"sd","13:59:22",606100
33300,-450,300,"bu","13:59:14",605800
33300,-450,1000,"sd","13:59:01",605500
33300,-450,1500,"sd","13:59:01",604500
33300,-450,100,"sd","13:59:01",603000
33300,-450,100,"sd","13:59:01",602900
33300,-450,100,"sd","13:59:00",602800
33300,-450,400,"sd","13:59:00",602700
33300,-450,100,"sd","13:58:59",602300
33300,-450,200,"sd","13:58:59",602200
33300,-450,700,"sd","13:58:47",602000
33300,-450,100,"sd","13:58:47",601300
33300,-450,2000,"sd","13:58:47",601200
33300,-450,2200,"sd","13:58:47",599200
33300,-450,500,"sd","13:58:38",597000
33300,-450,2300,"sd","13:58:17",596500
33300,-450,100,"sd","13:58:17",594200
33300,-450,300,"sd","13:58:17",594100
33300,-450,200,"sd","13:58:17",593800
33300,-450,100,"sd","13:58:17",593600
33300,-450,400,"sd","13:58:17",593500
33300,-450,100,"sd","13:58:17",593100
33300,-450,400,"sd","13:58:17",593000
33300,-450,600,"sd","13:58:15",592600
33300,-450,100,"sd","13:58:15",592000
33300,-450,100,"sd","13:58:15",591900
33300,-450,200,"sd","13:58:15",591800
33300,-450,500,"sd","13:58:09",591600
33300,-450,1000,"sd","13:58:09",591100
33300,-450,500,"sd","13:58:09",590100
33300,-450,700,"sd","13:58:03",589600
33300,-450,100,"sd","13:58:03",588900
33300,-450,300,"sd","13:58:03",588800
33300,-450,200,"sd","13:58:03",588500
33300,-450,500,"sd","13:58:03",588300
33300,-450,300,"sd","13:58:03",587800
33300,-450,1000,"sd","13:58:03",587500
33300,-450,500,"sd","13:58:03",586500
33300,-450,100,"sd","13:58:03",586000
33300,-450,100,"sd","13:58:03",585900
33300,-450,100,"sd","13:58:03",585800
33300,-450,1000,"sd","13:58:03",585700
33300,-450,100,"sd","13:58:03",584700
33300,-450,500,"sd","13:58:03",584600
33300,-450,4500,"sd","13:58:03",584100
33350,-400,3000,"sd","13:57:45",579600
33350,-400,500,"sd","13:57:45",576600
33350,-400,2000,"sd","13:57:45",576100
33350,-400,600,"sd","13:57:45",574100
33350,-400,2400,"bu","13:57:06",573500
33350,-400,1000,"sd","13:56:50",571100
33350,-400,100,"sd","13:56:50",570100
33350,-400,500,"sd","13:56:50",570000
33350,-400,100,"sd","13:56:50",569500
33350,-400,900,"sd","13:56:50",569400
33350,-400,1100,"sd","13:54:45",568500
33350,-400,1100,"sd","13:54:45",567400
33350,-400,800,"sd","13:54:45",566300
33400,-350,200,"bu","13:54:37",565500
33350,-400,200,"sd","13:54:29",565300
33350,-400,100,"sd","13:54:29",565100
33350,-400,2000,"sd","13:54:29",565000
33350,-400,100,"sd","13:54:29",563000
33400,-350,100,"bu","13:54:03",562900
33400,-350,100,"bu","13:53:01",562800
33400,-350,100,"sd","13:52:36",562700
33400,-350,100,"sd","13:52:36",562600
33400,-350,100,"sd","13:52:36",562500
33400,-350,800,"sd","13:52:36",562400
33400,-350,2000,"sd","13:52:35",561600
33400,-350,200,"sd","13:52:25",559600
33400,-350,500,"bu","13:51:46",559400
33400,-350,100,"bu","13:51:35",558900
33400,-350,500,"bu","13:51:35",558800
33400,-350,1400,"bu","13:51:35",558300
33400,-350,500,"bu","13:51:20",556900
33350,-400,100,"sd","13:50:39",556400
33350,-400,300,"sd","13:50:04",556300
33350,-400,100,"sd","13:49:39",556000
33350,-400,100,"sd","13:49:39",555900
33350,-400,100,"sd","13:49:39",555800
33350,-400,500,"sd","13:49:39",555700
33350,-400,1000,"sd","13:49:39",555200
33350,-400,100,"sd","13:49:39",554200
33350,-400,100,"sd","13:49:39",554100
33350,-400,100,"sd","13:49:39",554000
33350,-400,900,"sd","13:49:39",553900
33400,-350,100,"bu","13:49:35",553000
33400,-350,100,"bu","13:49:32",552900
33400,-350,100,"bu","13:49:17",552800
33400,-350,400,"bu","13:48:37",552700
33350,-400,100,"sd","13:48:07",552300
33350,-400,2000,"sd","13:47:56",552200
33300,-450,100,"sd","13:46:54",550200
33400,-350,500,"bu","13:46:42",550100
33400,-350,1500,"bu","13:46:42",549600
33400,-350,500,"bu","13:46:42",548100
33350,-400,800,"sd","13:46:13",547600
33350,-400,200,"sd","13:46:13",546800
33350,-400,300,"sd","13:45:54",546600
33350,-400,1500,"sd","13:45:42",546300
33350,-400,500,"sd","13:45:42",544800
33400,-350,200,"bu","13:45:31",544300
33450,-300,4600,"bu","13:43:58",544100
33400,-350,400,"bu","13:43:58",539500
33350,-400,300,"sd","13:43:19",539100
33350,-400,200,"sd","13:43:19",538800
33350,-400,300,"sd","13:43:19",538600
33350,-400,3000,"sd","13:43:19",538300
33350,-400,500,"sd","13:43:19",535300
33350,-400,100,"sd","13:43:19",534800
33350,-400,200,"sd","13:43:19",534700
33350,-400,300,"sd","13:43:19",534500
33350,-400,100,"sd","13:43:19",534200
33350,-400,500,"sd","13:43:19",534100
33350,-400,1600,"sd","13:43:19",533600
33400,-350,300,"sd","13:43:02",532000
33400,-350,200,"sd","13:43:02",531700
33400,-350,300,"bu","13:42:06",531500
33400,-350,1100,"bu","13:41:42",531200
33400,-350,200,"bu","13:41:42",530100
33400,-350,200,"bu","13:41:32",529900
33400,-350,1000,"bu","13:40:50",529700
33350,-400,3400,"sd","13:40:45",528700
33350,-400,500,"sd","13:40:45",525300
33350,-400,100,"sd","13:40:45",524800
33350,-400,500,"sd","13:40:45",524700
33350,-400,500,"sd","13:40:45",524200
33350,-400,5000,"sd","13:40:45",523700
33400,-350,1000,"sd","13:40:37",518700
33400,-350,1000,"sd","13:40:37",517700
33400,-350,100,"sd","13:40:37",516700
33400,-350,5000,"sd","13:40:37",516600
33400,-350,300,"sd","13:40:37",511600
33400,-350,1200,"sd","13:40:37",511300
33450,-300,200,"sd","13:40:23",510100
33450,-300,2000,"sd","13:40:23",509900
33500,-250,1500,"bu","13:39:23",507900
33500,-250,200,"bu","13:39:23",506400
33450,-300,400,"bu","13:37:51",506200
33450,-300,100,"bu","13:37:35",505800
33400,-350,500,"bu","13:36:24",505700
33400,-350,800,"bu","13:36:24",505200
33400,-350,200,"sd","13:36:21",504400
33400,-350,100,"sd","13:36:16",504200
33400,-350,100,"sd","13:35:46",504100
33400,-350,100,"sd","13:35:46",504000
33400,-350,2000,"sd","13:35:46",503900
33400,-350,100,"sd","13:35:46",501900
33400,-350,3000,"sd","13:35:46",501800
33450,-300,100,"sd","13:35:18",498800
33500,-250,1000,"sd","13:34:18",498700
33500,-250,500,"sd","13:33:28",497700
33500,-250,500,"bu","13:32:22",497200
33500,-250,100,"bu","13:32:16",496700
33550,-200,100,"bu","13:31:48",496600
33350,-400,100,"sd","13:31:38",496500
33500,-250,100,"bu","13:31:24",496400
33500,-250,600,"bu","13:31:24",496300
33400,-350,500,"sd","13:30:55",495700
33350,-400,1600,"sd","13:30:42",495200
33350,-400,100,"sd","13:30:42",493600
33350,-400,100,"sd","13:30:42",493500
33350,-400,2000,"sd","13:30:42",493400
33350,-400,5000,"sd","13:30:42",491400
33350,-400,100,"sd","13:30:42",486400
33350,-400,500,"sd","13:30:42",486300
33350,-400,500,"sd","13:30:42",485800
33350,-400,200,"sd","13:30:42",485300
33400,-350,500,"sd","13:30:42",485100
33400,-350,1000,"sd","13:29:59",484600
33400,-350,100,"sd","13:29:59",483600
33400,-350,900,"sd","13:29:59",483500
33400,-350,100,"sd","13:29:59",482600
33400,-350,200,"sd","13:29:59",482500
33400,-350,500,"sd","13:29:59",482300
33400,-350,500,"sd","13:29:59",481800
33400,-350,200,"sd","13:29:59",481300
33400,-350,100,"sd","13:29:59",481100
33400,-350,200,"sd","13:29:59",481000
33400,-350,700,"sd","13:29:59",480800
33400,-350,200,"sd","13:29:59",480100
33400,-350,500,"sd","13:29:59",479900
33400,-350,1000,"sd","13:29:59",479400
33400,-350,1000,"sd","13:29:59",478400
33450,-300,1000,"bu","13:29:50",477400
33450,-300,200,"sd","13:29:30",476400
33450,-300,1000,"sd","13:29:30",476200
33500,-250,200,"bu","13:28:54",475200
33400,-350,2000,"sd","13:28:53",475000
33450,-300,100,"sd","13:28:53",473000
33450,-300,900,"sd","13:28:53",472900
33450,-300,100,"sd","13:28:53",472000
33450,-300,100,"sd","13:28:53",471900
33450,-300,100,"sd","13:28:53",471800
33450,-300,100,"sd","13:28:53",471700
33450,-300,600,"sd","13:28:53",471600
33500,-250,2000,"bu","13:28:39",471000
33500,-250,200,"bu","13:28:28",469000
33500,-250,500,"bu","13:28:28",468800
33500,-250,2000,"bu","13:28:28",468300
33500,-250,1300,"bu","13:28:28",466300
33500,-250,500,"bu","13:28:10",465000
33500,-250,100,"bu","13:27:59",464500
33450,-300,3000,"bu","13:27:41",464400
33450,-300,200,"bu","13:27:41",461400
33450,-300,16200,"bu","13:27:41",461200
33400,-350,100,"sd","13:27:00",445000
33400,-350,300,"sd","13:25:56",444900
33450,-300,600,"bu","13:25:41",444600
33450,-300,400,"bu","13:25:41",444000
33450,-300,4300,"bu","13:25:06",443600
33450,-300,300,"bu","13:24:43",439300
33400,-350,100,"sd","13:24:35",439000
33400,-350,100,"sd","13:24:35",438900
33400,-350,900,"bu","13:23:49",438800
33400,-350,500,"bu","13:23:49",437900
33400,-350,100,"sd","13:23:31",437400
33400,-350,3500,"sd","13:23:31",437300
33400,-350,300,"bu","13:22:34",433800
33350,-400,300,"sd","13:20:35",433500
33350,-400,200,"sd","13:20:35",433200
33350,-400,100,"sd","13:19:14",433000
33350,-400,100,"sd","13:19:14",432900
33350,-400,500,"sd","13:19:14",432800
33350,-400,200,"sd","13:19:14",432300
33350,-400,5000,"sd","13:19:14",432100
33350,-400,1000,"sd","13:19:14",427100
33350,-400,100,"sd","13:19:14",426100
33350,-400,300,"sd","13:19:14",426000
33400,-350,1000,"sd","13:19:14",425700
33400,-350,100,"sd","13:19:14",424700
33400,-350,100,"sd","13:19:14",424600
33400,-350,3000,"sd","13:19:14",424500
33400,-350,1000,"sd","13:19:14",421500
33400,-350,2500,"sd","13:19:14",420500
33400,-350,200,"sd","13:18:47",418000
33450,-300,300,"bu","13:18:39",417800
33450,-300,700,"sd","13:18:29",417500
33450,-300,2100,"bu","13:18:28",416800
33450,-300,200,"bu","13:18:28",414700
33400,-350,600,"sd","13:18:18",414500
33400,-350,300,"sd","13:18:18",413900
33400,-350,100,"sd","13:18:18",413600
33450,-300,1000,"sd","13:17:49",413500
33450,-300,1000,"sd","13:17:49",412500
33450,-300,1000,"sd","13:17:37",411500
33450,-300,500,"sd","13:17:35",410500
33450,-300,500,"sd","13:17:24",410000
33450,-300,1000,"sd","13:17:14",409500
33450,-300,1000,"sd","13:16:48",408500
33500,-250,1100,"sd","13:16:17",407500
33500,-250,1400,"bu","13:16:03",406400
33500,-250,500,"bu","13:16:03",405000
33500,-250,100,"bu","13:15:20",404500
33500,-250,300,"bu","13:14:47",404400
33450,-300,100,"sd","13:14:44",404100
33450,-300,100,"bu","13:14:27",404000
33450,-300,100,"bu","13:14:23",403900
33450,-300,1000,"bu","13:14:05",403800
33450,-300,300,"bu","13:14:00",402800
33450,-300,500,"bu","13:13:51",402500
33450,-300,500,"bu","13:13:51",402000
33450,-300,100,"bu","13:13:50",401500
33450,-300,3000,"bu","13:13:44",401400
33450,-300,1000,"bu","13:13:30",398400
33450,-300,300,"bu","13:13:14",397400
33450,-300,100,"bu","13:13:04",397100
33400,-350,200,"sd","13:11:03",397000
33400,-350,100,"sd","13:11:03",396800
33400,-350,200,"sd","13:11:03",396700
33400,-350,1000,"bu","13:09:58",396500
33400,-350,1900,"bu","13:09:56",395500
33400,-350,400,"bu","13:09:40",393600
33400,-350,1500,"bu","13:09:17",393200
33400,-350,200,"sd","13:09:16",391700
33400,-350,100,"bu","13:09:16",391500
33400,-350,700,"bu","13:09:16",391400
33400,-350,200,"bu","13:09:01",390700
33400,-350,1000,"bu","13:08:59",390500
33350,-400,500,"sd","13:08:57",389500
33400,-350,500,"bu","13:08:54",389000
33400,-350,500,"bu","13:08:54",388500
33400,-350,1000,"bu","13:08:44",388000
33400,-350,500,"bu","13:08:38",387000
33400,-350,100,"bu","13:08:34",386500
33400,-350,1000,"bu","13:08:31",386400
33400,-350,100,"bu","13:08:26",385400
33400,-350,1800,"bu","13:08:23",385300
33400,-350,200,"bu","13:08:23",383500
33400,-350,200,"bu","13:08:21",383300
33400,-350,500,"bu","13:08:21",383100
33400,-350,3300,"bu","13:08:21",382600
33400,-350,100,"bu","13:08:17",379300
33400,-350,100,"bu","13:08:10",379200
33400,-350,500,"bu","13:07:58",379100
33400,-350,200,"bu","13:07:24",378600
33400,-350,100,"bu","13:07:19",378400
33350,-400,1200,"sd","13:07:15",378300
33350,-400,100,"sd","13:07:15",377100
33350,-400,100,"sd","13:07:15",377000
33350,-400,100,"sd","13:07:15",376900
33400,-350,200,"bu","13:07:12",376800
33400,-350,500,"bu","13:06:33",376600
33400,-350,1500,"bu","13:06:01",376100
33350,-400,800,"sd","13:05:12",374600
33350,-400,100,"bu","13:03:47",373800
33350,-400,500,"bu","13:03:32",373700
33300,-450,400,"sd","13:02:44",373200
33300,-450,100,"sd","13:02:44",372800
33300,-450,100,"sd","13:02:44",372700
33300,-450,500,"sd","13:02:44",372600
33300,-450,100,"sd","13:02:44",372100
33300,-450,1000,"sd","13:02:44",372000
33300,-450,100,"sd","13:02:44",371000
33300,-450,200,"sd","13:02:44",370900
33350,-400,100,"sd","13:02:44",370700
33350,-400,100,"sd","13:02:44",370600
33350,-400,100,"sd","13:02:44",370500
33350,-400,200,"sd","13:02:44",370400
33350,-400,500,"sd","13:02:42",370200
33350,-400,300,"sd","13:02:39",369700
33350,-400,100,"sd","13:02:39",369400
33350,-400,100,"sd","13:02:39",369300
33350,-400,100,"sd","13:02:39",369200
33350,-400,200,"sd","13:02:39",369100
33350,-400,100,"sd","13:02:39",368900
33350,-400,200,"sd","13:02:39",368800
33350,-400,100,"sd","13:02:39",368600
33350,-400,200,"sd","13:02:16",368500
33350,-400,100,"sd","13:02:09",368300
33350,-400,400,"sd","13:01:59",368200
33350,-400,200,"sd","13:01:49",367800
33350,-400,100,"sd","13:01:49",367600
33350,-400,100,"sd","13:01:49",367500
33350,-400,100,"sd","13:01:49",367400
33350,-400,100,"sd","13:01:15",367300
33350,-400,200,"sd","13:00:42",367200
33350,-400,300,"sd","13:00:42",367000
33350,-400,100,"sd","13:00:42",366700
33350,-400,400,"sd","13:00:42",366600
33350,-400,100,"sd","13:00:12",366200
33400,-350,100,"bu","13:00:11",366100
33400,-350,100,"bu","13:00:11",366000
33400,-350,200,"bu","13:00:06",365900
33400,-350,100,"sd","13:00:05",365700
33400,-350,100,"sd","13:00:05",365600
33400,-350,500,"sd","13:00:05",365500
33400,-350,200,"sd","13:00:05",365000
33400,-350,100,"sd","13:00:05",364800
33400,-350,500,"sd","13:00:05",364700
33400,-350,500,"sd","13:00:05",364200
33450,-300,100,"sd","13:00:05",363700
33450,-300,1000,"sd","13:00:05",363600
33450,-300,900,"sd","13:00:04",362600
33450,-300,100,"sd","13:00:04",361700
33500,-250,100,"sd","13:00:04",361600
33500,-250,5000,"bu","11:29:50",361500
33500,-250,100,"bu","11:29:08",356500
33500,-250,100,"bu","11:28:26",356400
33500,-250,4500,"bu","11:27:47",356300
33500,-250,100,"bu","11:27:28",351800
33500,-250,200,"bu","11:26:45",351700
33450,-300,500,"bu","11:26:44",351500
33450,-300,300,"bu","11:26:33",351000
33450,-300,1000,"sd","11:26:04",350700
33450,-300,100,"sd","11:26:04",349700
33450,-300,300,"bu","11:24:49",349600
33450,-300,200,"bu","11:24:49",349300
33450,-300,200,"bu","11:24:49",349100
33450,-300,1000,"bu","11:24:49",348900
33450,-300,200,"bu","11:24:49",347900
33450,-300,100,"bu","11:23:48",347700
33450,-300,200,"bu","11:23:10",347600
33450,-300,300,"bu","11:23:10",347400
33400,-350,500,"bu","11:22:22",347100
33400,-350,200,"sd","11:22:15",346600
33400,-350,800,"sd","11:22:06",346400
33350,-400,100,"sd","11:20:42",345600
33350,-400,1500,"sd","11:19:24",345500
33400,-350,100,"sd","11:19:24",344000
33400,-350,5000,"sd","11:19:24",343900
33400,-350,100,"sd","11:19:24",338900
33400,-350,100,"sd","11:19:24",338800
33400,-350,1000,"sd","11:19:24",338700
33400,-350,200,"sd","11:19:24",337700
33400,-350,1200,"sd","11:19:24",337500
33400,-350,500,"sd","11:19:24",336300
33400,-350,200,"sd","11:19:24",335800
33400,-350,200,"sd","11:19:24",335600
33450,-300,4000,"sd","11:19:24",335400
33450,-300,100,"sd","11:19:24",331400
33450,-300,1000,"sd","11:19:24",331300
33450,-300,500,"sd","11:19:24",330300
33450,-300,1000,"sd","11:19:24",329800
33450,-300,800,"sd","11:19:24",328800
33500,-250,3000,"sd","11:19:24",328000
33500,-250,100,"sd","11:19:24",325000
33500,-250,500,"sd","11:19:24",324900
33500,-250,100,"sd","11:19:24",324400
33500,-250,200,"sd","11:19:24",324300
33500,-250,500,"sd","11:19:24",324100
33500,-250,100,"sd","11:19:24",323600
33500,-250,2000,"sd","11:19:24",323500
33500,-250,1000,"sd","11:19:24",321500
33500,-250,1000,"sd","11:19:24",320500
33500,-250,100,"sd","11:19:24",319500
33500,-250,1000,"sd","11:19:24",319400
33500,-250,200,"sd","11:19:24",318400
33500,-250,100,"sd","11:19:24",318200
33500,-250,500,"sd","11:19:24",318100
33500,-250,500,"sd","11:19:24",317600
33500,-250,1600,"sd","11:19:24",317100
33500,-250,1000,"sd","11:19:23",315500
33500,-250,100,"sd","11:19:08",314500
33500,-250,500,"sd","11:19:08",314400
33500,-250,100,"sd","11:19:08",313900
33500,-250,300,"sd","11:19:08",313800
33500,-250,700,"sd","11:17:53",313500
33500,-250,100,"sd","11:17:53",312800
33500,-250,1000,"sd","11:17:53",312700
33500,-250,3200,"sd","11:17:53",311700
33500,-250,1000,"sd","11:17:39",308500
33500,-250,100,"sd","11:17:39",307500
33500,-250,700,"sd","11:17:15",307400
33500,-250,900,"sd","11:17:11",306700
33500,-250,1000,"sd","11:17:11",305800
33500,-250,5200,"sd","11:17:11",304800
33500,-250,1700,"sd","11:17:11",299600
33500,-250,500,"sd","11:17:11",297900
33500,-250,5000,"sd","11:17:11",297400
33500,-250,500,"sd","11:17:11",292400
33500,-250,200,"sd","11:17:11",291900
33500,-250,700,"sd","11:16:48",291700
33550,-200,200,"bu","11:16:34",291000
33550,-200,300,"bu","11:16:00",290800
33550,-200,100,"bu","11:15:17",290500
33550,-200,1000,"bu","11:14:40",290400
33550,-200,1500,"bu","11:14:19",289400
33550,-200,1500,"bu","11:14:19",287900
33500,-250,5000,"sd","11:13:39",286400
33550,-200,500,"bu","11:13:09",281400
33550,-200,400,"bu","11:13:09",280900
33550,-200,2700,"bu","11:12:46",280500
33500,-250,2000,"sd","11:12:39",277800
33550,-200,1000,"bu","11:12:27",275800
33500,-250,500,"sd","11:12:13",274800
33550,-200,1000,"bu","11:12:02",274300
33550,-200,400,"sd","11:11:31",273300
33550,-200,600,"bu","11:11:17",272900
33500,-250,100,"sd","11:11:06",272300
33550,-200,500,"bu","11:11:00",272200
33550,-200,200,"bu","11:10:42",271700
33550,-200,400,"bu","11:10:23",271500
33550,-200,100,"bu","11:09:50",271100
33550,-200,200,"bu","11:07:53",271000
33550,-200,100,"bu","11:07:53",270800
33550,-200,100,"bu","11:07:24",270700
33550,-200,500,"bu","11:06:59",270600
33550,-200,100,"sd","11:06:37",270100
33550,-200,100,"sd","11:06:37",270000
33550,-200,500,"sd","11:06:37",269900
33550,-200,300,"sd","11:06:32",269400
33550,-200,200,"sd","11:06:24",269100
33550,-200,3800,"sd","11:06:24",268900
33550,-200,200,"sd","11:05:10",265100
33550,-200,200,"sd","11:05:10",264900
33550,-200,2800,"sd","11:04:59",264700
33550,-200,2000,"sd","11:04:59",261900
33550,-200,200,"sd","11:04:59",259900
33550,-200,100,"sd","11:04:53",259700
33550,-200,900,"sd","11:04:53",259600
33550,-200,3100,"sd","11:03:33",258700
33600,-150,500,"sd","11:03:01",255600
33600,-150,1000,"sd","11:03:01",255100
33600,-150,400,"sd","11:03:01",254100
33650,-100,100,"bu","11:01:31",253700
33600,-150,2000,"sd","11:01:11",253600
33600,-150,1400,"bu","11:01:03",251600
33600,-150,600,"bu","11:00:50",250200
33600,-150,1000,"bu","11:00:50",249600
33600,-150,400,"bu","11:00:50",248600
33550,-200,800,"sd","11:00:45",248200
33550,-200,200,"bu","11:00:31",247400
33550,-200,100,"sd","11:00:28",247200
33550,-200,200,"sd","11:00:28",247100
33550,-200,400,"bu","11:00:13",246900
33550,-200,200,"bu","11:00:11",246500
33550,-200,300,"sd","10:59:33",246300
33550,-200,100,"sd","10:59:33",246000
33550,-200,1000,"bu","10:59:23",245900
33550,-200,100,"bu","10:58:59",244900
33550,-200,900,"sd","10:58:50",244800
33550,-200,1100,"bu","10:58:48",243900
33550,-200,400,"sd","10:58:41",242800
33550,-200,200,"sd","10:58:41",242400
33550,-200,500,"sd","10:58:41",242200
33550,-200,100,"sd","10:58:41",241700
33550,-200,800,"sd","10:58:41",241600
33550,-200,1900,"sd","10:58:41",240800
33600,-150,100,"bu","10:57:48",238900
33600,-150,100,"bu","10:57:29",238800
33600,-150,200,"bu","10:56:51",238700
33600,-150,200,"sd","10:56:12",238500
33550,-200,100,"sd","10:55:18",238300
33550,-200,200,"sd","10:55:18",238200
33550,-200,500,"sd","10:55:18",238000
33550,-200,2000,"sd","10:55:18",237500
33550,-200,100,"sd","10:55:18",235500
33550,-200,200,"sd","10:55:18",235400
33600,-150,200,"sd","10:55:18",235200
33600,-150,100,"sd","10:55:18",235000
33600,-150,1000,"sd","10:55:18",234900
33600,-150,100,"sd","10:55:18",233900
33600,-150,100,"sd","10:55:18",233800
33600,-150,100,"sd","10:55:18",233700
33600,-150,300,"sd","10:55:18",233600
33600,-150,1000,"sd","10:55:18",233300
33600,-150,3000,"sd","10:55:18",232300
33600,-150,200,"sd","10:55:18",229300
33600,-150,100,"sd","10:55:18",229100
33600,-150,200,"sd","10:55:18",229000
33600,-150,300,"sd","10:55:18",228800
33600,-150,200,"sd","10:55:18",228500
33600,-150,100,"sd","10:54:04",228300
33600,-150,1200,"sd","10:53:30",228200
33600,-150,400,"sd","10:53:30",227000
33650,-100,100,"bu","10:52:40",226600
33650,-100,100,"bu","10:52:28",226500
33650,-100,400,"sd","10:52:18",226400
33650,-100,500,"sd","10:52:18",226000
33700,-50,200,"bu","10:52:10",225500
33650,-100,500,"sd","10:52:01",225300
33650,-100,100,"sd","10:51:31",224800
33650,-100,1000,"sd","10:51:23",224700
33650,-100,900,"bu","10:51:02",223700
33600,-150,100,"sd","10:50:55",222800
33650,-100,100,"sd","10:50:36",222700
33650,-100,900,"sd","10:50:35",222600
33650,-100,200,"sd","10:50:35",221700
33650,-100,200,"sd","10:50:35",221500
33650,-100,200,"sd","10:50:35",221300
33650,-100,200,"sd","10:50:35",221100
33650,-100,800,"sd","10:50:35",220900
33650,-100,200,"sd","10:49:42",220100
33650,-100,200,"sd","10:49:42",219900
33650,-100,100,"sd","10:49:07",219700
33650,-100,300,"sd","10:49:07",219600
33650,-100,100,"sd","10:49:07",219300
33650,-100,100,"sd","10:49:07",219200
33650,-100,100,"sd","10:49:07",219100
33650,-100,400,"sd","10:49:07",219000
33650,-100,1000,"sd","10:49:01",218600
33650,-100,2000,"sd","10:48:41",217600
33650,-100,1500,"sd","10:47:37",215600
33650,-100,2500,"sd","10:47:13",214100
33650,-100,1000,"sd","10:46:39",211600
33650,-100,1600,"sd","10:45:59",210600
33650,-100,1000,"sd","10:45:59",209000
33650,-100,100,"sd","10:45:59",208000
33650,-100,1000,"sd","10:45:59",207900
33650,-100,100,"sd","10:45:59",206900
33700,-50,600,"sd","10:44:08",206800
33700,-50,400,"bu","10:44:01",206200
33700,-50,100,"bu","10:43:08",205800
33700,-50,500,"sd","10:43:05",205700
33700,-50,200,"sd","10:42:53",205200
33700,-50,100,"bu","10:42:45",205000
33700,-50,700,"bu","10:42:45",204900
33700,-50,200,"bu","10:42:38",204200
33700,-50,200,"bu","10:42:10",204000
33700,-50,1500,"sd","10:42:09",203800
33700,-50,2400,"sd","10:42:09",202300
33700,-50,100,"bu","10:41:53",199900
33700,-50,2000,"bu","10:41:53",199800
33700,-50,500,"bu","10:41:53",197800
33700,-50,500,"bu","10:41:12",197300
33700,-50,500,"sd","10:40:54",196800
33700,-50,400,"sd","10:40:54",196300
33700,-50,500,"sd","10:40:54",195900
33700,-50,100,"sd","10:40:54",195400
33700,-50,200,"sd","10:40:54",195300
33700,-50,100,"sd","10:40:54",195100
33700,-50,2000,"sd","10:40:54",195000
33700,-50,1000,"sd","10:40:42",193000
33700,-50,500,"sd","10:40:31",192000
33700,-50,1000,"sd","10:39:32",191500
33700,-50,1400,"sd","10:39:03",190500
33700,-50,2000,"sd","10:39:03",189100
33750,0,100,"bu","10:37:42",187100
33750,0,200,"bu","10:35:11",187000
33750,0,100,"bu","10:34:27",186800
33750,0,300,"bu","10:34:27",186700
33750,0,600,"bu","10:34:27",186400
33750,0,2900,"bu","10:34:27",185800
33750,0,200,"bu","10:33:15",182900
33750,0,1900,"bu","10:32:51",182700
33750,0,200,"bu","10:32:51",180800
33750,0,2000,"bu","10:32:51",180600
33750,0,200,"bu","10:32:51",178600
33750,0,500,"bu","10:32:18",178400
33700,-50,100,"sd","10:32:04",177900
33750,0,900,"bu","10:31:57",177800
33750,0,100,"bu","10:31:57",176900
33750,0,100,"bu","10:31:54",176800
33700,-50,100,"sd","10:29:57",176700
33700,-50,500,"sd","10:29:06",176600
33700,-50,200,"sd","10:29:06",176100
33700,-50,100,"bu","10:27:47",175900
33650,-100,100,"sd","10:27:26",175800
33700,-50,100,"bu","10:26:58",175700
33700,-50,100,"bu","10:26:44",175600
33700,-50,200,"sd","10:26:03",175500
33700,-50,300,"sd","10:26:03",175300
33700,-50,200,"sd","10:26:03",175000
33700,-50,200,"sd","10:26:03",174800
33700,-50,800,"sd","10:26:03",174600
33700,-50,1800,"sd","10:26:02",173800
33700,-50,100,"sd","10:26:02",172000
33700,-50,500,"sd","10:26:02",171900
33700,-50,100,"sd","10:26:02",171400
33700,-50,100,"sd","10:26:02",171300
33700,-50,100,"sd","10:26:02",171200
33700,-50,100,"sd","10:25:53",171100
33700,-50,100,"sd","10:25:44",171000
33700,-50,200,"sd","10:25:25",170900
33700,-50,300,"sd","10:25:25",170700
33700,-50,200,"sd","10:25:16",170400
33700,-50,100,"sd","10:25:16",170200
33700,-50,100,"sd","10:25:16",170100
33750,0,200,"bu","10:25:07",170000
33700,-50,100,"sd","10:24:18",169800
33700,-50,200,"sd","10:24:18",169700
33700,-50,2000,"sd","10:24:18",169500
33700,-50,2000,"sd","10:24:18",167500
33700,-50,700,"sd","10:24:18",165500
33700,-50,100,"sd","10:23:51",164800
33700,-50,200,"sd","10:21:53",164700
33700,-50,300,"sd","10:21:53",164500
33750,0,100,"bu","10:18:41",164200
33700,-50,600,"sd","10:18:39",164100
33750,0,500,"bu","10:18:09",163500
33750,0,200,"sd","10:17:56",163000
33750,0,300,"bu","10:17:40",162800
33750,0,100,"sd","10:16:43",162500
33750,0,300,"sd","10:16:43",162400
33750,0,1000,"sd","10:16:43",162100
33750,0,100,"sd","10:15:50",161100
33750,0,1400,"sd","10:15:46",161000
33750,0,500,"sd","10:15:46",159600
33750,0,500,"sd","10:15:46",159100
33750,0,1600,"sd","10:15:46",158600
33750,0,400,"sd","10:12:36",157000
33750,0,1000,"sd","10:12:36",156600
33750,0,400,"sd","10:12:36",155600
33750,0,100,"sd","10:11:29",155200
33750,0,1000,"sd","10:11:06",155100
33750,0,100,"sd","10:10:11",154100
33750,0,700,"sd","10:10:09",154000
33800,50,100,"bu","10:09:53",153300
33750,0,500,"sd","10:09:40",153200
33750,0,2500,"sd","10:09:40",152700
33750,0,2500,"bu","10:08:20",150200
33750,0,1000,"bu","10:08:10",147700
33750,0,4000,"bu","10:07:24",146700
33700,-50,100,"sd","10:07:23",142700
33750,0,500,"bu","10:06:02",142600
33750,0,1000,"bu","10:05:42",142100
33750,0,300,"bu","10:05:41",141100
33700,-50,200,"sd","10:05:39",140800
33700,-50,400,"sd","10:05:39",140600
33700,-50,1000,"sd","10:05:39",140200
33700,-50,100,"sd","10:05:39",139200
33700,-50,100,"sd","10:05:35",139100
33700,-50,500,"sd","10:05:35",139000
33700,-50,200,"sd","10:05:35",138500
33700,-50,200,"sd","10:05:35",138300
33700,-50,800,"sd","10:05:17",138100
33750,0,300,"bu","10:05:12",137300
33750,0,400,"bu","10:04:51",137000
33750,0,100,"bu","10:04:51",136600
33750,0,500,"sd","10:04:06",136500
33750,0,7300,"sd","10:04:06",136000
33750,0,300,"sd","10:04:06",128700
33750,0,300,"sd","10:04:06",128400
33750,0,300,"sd","10:04:06",128100
33750,0,200,"sd","10:04:06",127800
33750,0,1800,"sd","10:03:43",127600
33750,0,400,"sd","10:03:43",125800
33750,0,700,"sd","10:03:43",125400
33750,0,100,"sd","10:03:26",124700
33750,0,1000,"sd","10:02:35",124600
33750,0,200,"sd","10:01:22",123600
33800,50,200,"bu","10:01:04",123400
33800,50,100,"bu","10:00:41",123200
33800,50,2200,"bu","10:00:35",123100
33800,50,300,"bu","10:00:25",120900
33800,50,1000,"bu","10:00:21",120600
33800,50,200,"bu","10:00:21",119600
33800,50,500,"bu","10:00:21",119400
33800,50,300,"bu","10:00:21",118900
33800,50,100,"bu","09:59:27",118600
33750,0,500,"bu","09:58:30",118500
33750,0,100,"bu","09:58:30",118000
33750,0,400,"bu","09:58:30",117900
33750,0,400,"bu","09:58:27",117500
33750,0,100,"sd","09:57:32",117100
33750,0,100,"sd","09:57:32",117000
33750,0,200,"sd","09:56:22",116900
33750,0,100,"bu","09:56:17",116700
33750,0,100,"bu","09:56:07",116600
33750,0,400,"bu","09:55:46",116500
33750,0,2000,"bu","09:55:37",116100
33800,50,3000,"bu","09:54:56",114100
33750,0,100,"bu","09:54:50",111100
33750,0,200,"bu","09:54:42",111000
33750,0,100,"bu","09:54:28",110800
33750,0,100,"sd","09:54:17",110700
33750,0,1000,"sd","09:54:17",110600
33750,0,500,"sd","09:54:17",109600
33750,0,300,"sd","09:54:17",109100
33750,0,1000,"sd","09:54:17",108800
33750,0,200,"sd","09:54:17",107800
33750,0,400,"sd","09:54:17",107600
33750,0,500,"sd","09:54:17",107200
33750,0,100,"sd","09:54:17",106700
33750,0,500,"sd","09:54:17",106600
33800,50,500,"bu","09:53:24",106100
33800,50,200,"sd","09:53:09",105600
33800,50,100,"sd","09:53:09",105400
33800,50,200,"sd","09:53:09",105300
33800,50,900,"sd","09:53:09",105100
33800,50,100,"sd","09:52:45",104200
33850,100,1000,"bu","09:52:11",104100
33850,100,300,"bu","09:51:48",103100
33800,50,200,"sd","09:51:46",102800
33800,50,100,"sd","09:51:46",102600
33800,50,200,"sd","09:51:46",102500
33800,50,800,"sd","09:51:25",102300
33800,50,100,"sd","09:51:25",101500
33800,50,100,"sd","09:51:25",101400
33800,50,500,"sd","09:51:11",101300
33800,50,500,"sd","09:49:15",100800
33800,50,500,"sd","09:49:15",100300
33800,50,300,"sd","09:49:15",99800
33850,100,100,"bu","09:48:57",99500
33850,100,100,"bu","09:48:57",99400
33850,100,100,"bu","09:48:57",99300
33850,100,1400,"bu","09:48:57",99200
33800,50,500,"sd","09:48:15",97800
33800,50,200,"sd","09:48:15",97300
33800,50,300,"sd","09:48:15",97100
33800,50,600,"sd","09:46:08",96800
33800,50,400,"bu","09:45:33",96200
33800,50,1000,"sd","09:45:12",95800
33800,50,100,"sd","09:45:12",94800
33800,50,2000,"sd","09:45:12",94700
33800,50,100,"sd","09:45:12",92700
33800,50,400,"sd","09:45:12",92600
33800,50,500,"sd","09:44:38",92200
33800,50,100,"sd","09:44:38",91700
33800,50,400,"sd","09:44:38",91600
33800,50,500,"sd","09:43:37",91200
33850,100,600,"bu","09:42:47",90700
33850,100,100,"bu","09:42:47",90100
33850,100,1300,"bu","09:42:47",90000
33850,100,100,"bu","09:42:10",88700
33850,100,300,"bu","09:41:29",88600
33850,100,100,"bu","09:40:48",88300
33850,100,200,"bu","09:40:11",88200
33800,50,100,"sd","09:40:10",88000
33800,50,100,"sd","09:40:10",87900
33800,50,500,"sd","09:40:10",87800
33850,100,1000,"bu","09:39:51",87300
33850,100,100,"sd","09:38:49",86300
33850,100,300,"sd","09:38:49",86200
33850,100,2000,"sd","09:38:49",85900
33850,100,4600,"sd","09:38:49",83900
33900,150,200,"sd","09:38:29",79300
33900,150,1000,"sd","09:38:28",79100
33900,150,200,"sd","09:38:28",78100
33900,150,100,"sd","09:37:39",77900
33900,150,100,"sd","09:37:39",77800
33950,200,200,"sd","09:37:35",77700
33950,200,400,"sd","09:37:35",77500
33950,200,100,"sd","09:37:14",77100
33950,200,400,"sd","09:37:14",77000
33950,200,300,"sd","09:37:14",76600
33950,200,1000,"sd","09:37:07",76300
33950,200,1000,"sd","09:36:34",75300
33950,200,1000,"sd","09:36:30",74300
33950,200,200,"sd","09:36:06",73300
33950,200,4400,"sd","09:36:01",73100
33950,200,2100,"sd","09:35:19",68700
34000,250,100,"sd","09:34:12",66600
34000,250,100,"sd","09:34:12",66500
34000,250,300,"sd","09:33:55",66400
34000,250,300,"sd","09:33:55",66100
34000,250,400,"sd","09:33:55",65800
34000,250,9600,"sd","09:33:46",65400
34000,250,400,"sd","09:33:46",55800
34000,250,200,"sd","09:33:34",55400
34000,250,300,"sd","09:33:19",55200
34000,250,1000,"sd","09:33:07",54900
34000,250,100,"sd","09:32:39",53900
34000,250,4900,"sd","09:32:39",53800
34000,250,100,"sd","09:32:06",48900
34000,250,400,"sd","09:32:06",48800
34000,250,500,"sd","09:32:04",48400
34000,250,200,"sd","09:31:29",47900
34050,300,2300,"bu","09:30:10",47700
34050,300,700,"bu","09:30:10",45400
34000,250,100,"sd","09:30:08",44700
34000,250,1000,"sd","09:29:37",44600
34000,250,800,"sd","09:29:05",43600
34000,250,2200,"sd","09:29:05",42800
34050,300,1300,"sd","09:28:34",40600
34050,300,500,"bu","09:28:03",39300
34050,300,600,"bu","09:28:03",38800
34050,300,1000,"bu","09:27:52",38200
34050,300,1000,"bu","09:27:42",37200
34050,300,200,"bu","09:27:36",36200
34050,300,200,"bu","09:27:36",36000
34050,300,100,"bu","09:27:36",35800
34050,300,400,"bu","09:27:23",35700
34050,300,300,"bu","09:26:51",35300
34050,300,2000,"sd","09:25:59",35000
34100,350,2300,"bu","09:25:43",33000
34100,350,100,"bu","09:25:38",30700
34100,350,600,"bu","09:25:22",30600
34100,350,300,"sd","09:25:15",30000
34150,400,1000,"bu","09:25:02",29700
34000,250,800,"sd","09:24:40",28700
34050,300,100,"sd","09:24:40",27900
34050,300,100,"sd","09:24:40",27800
34200,450,700,"bu","09:24:39",27700
34200,450,500,"bu","09:24:39",27000
34100,350,300,"bu","09:24:39",26500
34100,350,200,"bu","09:24:30",26200
34100,350,100,"sd","09:24:27",26000
34100,350,1000,"sd","09:24:27",25900
34150,400,400,"sd","09:24:27",24900
34150,400,500,"bu","09:24:22",24500
34150,400,100,"bu","09:24:22",24000
34150,400,300,"bu","09:24:15",23900
34150,400,100,"bu","09:24:15",23600
34150,400,100,"bu","09:24:15",23500
34150,400,100,"bu","09:24:15",23400
34150,400,200,"bu","09:24:15",23300
34150,400,100,"bu","09:24:15",23100
34150,400,600,"bu","09:24:15",23000
34150,400,400,"bu","09:24:03",22400
34150,400,500,"bu","09:24:03",22000
34150,400,200,"bu","09:23:46",21500
34150,400,300,"bu","09:23:28",21300
34100,350,100,"bu","09:23:09",21000
34100,350,900,"sd","09:23:08",20900
34100,350,100,"bu","09:23:02",19000
34100,350,1000,"bu","09:23:02",20000
34050,300,100,"bu","09:22:41",18900
34050,300,500,"bu","09:22:41",18800
34000,250,200,"sd","09:22:27",18300
34000,250,800,"bu","09:21:55",18100
34050,300,200,"sd","09:21:43",17300
34050,300,100,"bu","09:21:41",17100
34050,300,200,"bu","09:21:41",17000
34050,300,600,"bu","09:21:32",16800
34050,300,200,"bu","09:21:32",16200
34050,300,400,"bu","09:21:27",16000
34050,300,400,"bu","09:21:08",15600
34050,300,500,"bu","09:21:08",15200
34000,250,100,"bu","09:21:08",14700
34000,250,100,"bu","09:21:08",14600
34000,250,100,"bu","09:21:08",14500
34000,250,500,"bu","09:21:08",14400
34000,250,100,"bu","09:21:08",13900
34000,250,1000,"bu","09:21:08",13800
33950,200,100,"sd","09:20:47",12800
33950,200,800,"sd","09:20:47",12700
33950,200,100,"sd","09:20:47",11900
33950,200,100,"sd","09:20:43",11800
33950,200,100,"sd","09:19:51",11700
33950,200,200,"sd","09:19:51",11600
33950,200,100,"sd","09:19:29",11400
33950,200,2000,"bu","09:19:21",11300
33950,200,100,"bu","09:19:21",9300
33950,200,600,"bu","09:19:21",9200
33900,150,100,"sd","09:19:16",8600
33950,200,400,"bu","09:19:03",8500
33900,150,600,"bu","09:19:03",8100
33900,150,400,"sd","09:19:02",7500
33900,150,500,"bu","09:18:55",7100
33900,150,500,"bu","09:18:55",6600
33900,150,100,"bu","09:18:55",6100
33850,100,300,"sd","09:18:49",6000
33850,100,500,"bu","09:17:15",5700
33850,100,100,"bu","09:17:15",5200
33850,100,500,"bu","09:16:46",5100
33850,100,700,"bu","09:16:30",4600
33850,100,1000,"bu","09:16:06",3900
33850,100,100,"bu","09:16:04",2900
33850,100,100,"bu","09:15:31",2800
33800,50,100,"sd","09:15:29",2700
33850,100,2600,"bu","09:15:00",2600
