"price","change","match_qtty","side","time","total_vol"
27700,-200,111600,"sd","14:45:02",3423900
27750,-150,300,"bu","14:29:59",3312300
27750,-150,200,"bu","14:29:46",3312000
27750,-150,100,"bu","14:29:44",3311800
27750,-150,200,"sd","14:29:40",3311700
27750,-150,100,"sd","14:29:40",3311500
27750,-150,600,"sd","14:29:40",3311400
27750,-150,400,"sd","14:29:39",3310800
27750,-150,200,"sd","14:29:39",3310400
27750,-150,2000,"sd","14:29:39",3310200
27750,-150,3200,"sd","14:29:38",3308200
27750,-150,3200,"sd","14:29:26",3305000
27800,-100,1400,"bu","14:29:24",3301800
27750,-150,3200,"sd","14:29:14",3300400
27750,-150,3200,"bu","14:29:08",3297200
27700,-200,3200,"sd","14:29:07",3294000
27750,-150,200,"bu","14:29:00",3290800
27700,-200,600,"sd","14:28:59",3290600
27750,-150,1000,"bu","14:28:54",3290000
27750,-150,100,"bu","14:28:49",3289000
27750,-150,100,"bu","14:28:49",3288900
27700,-200,3200,"sd","14:28:47",3288800
27750,-150,400,"bu","14:28:47",3285600
27750,-150,600,"bu","14:28:46",3285200
27750,-150,700,"bu","14:28:43",3284600
27750,-150,300,"sd","14:28:42",3283900
27800,-100,100,"bu","14:28:37",3283600
27800,-100,100,"bu","14:28:26",3283500
27700,-200,200,"sd","14:28:20",3283400
27750,-150,300,"sd","14:28:20",3283200
27750,-150,200,"bu","14:28:20",3282900
27750,-150,3400,"bu","14:28:18",3282700
27750,-150,100,"bu","14:28:14",3279300
27750,-150,5000,"bu","14:28:05",3279200
27750,-150,200,"sd","14:28:03",3274200
27750,-150,400,"sd","14:28:03",3274000
27800,-100,100,"bu","14:28:03",3273600
27750,-150,500,"bu","14:27:52",3273500
27750,-150,1500,"bu","14:27:52",3273000
27750,-150,100,"bu","14:27:51",3271500
27750,-150,500,"bu","14:27:49",3271400
27750,-150,400,"bu","14:27:42",3270900
27700,-200,100,"sd","14:27:42",3270500
27700,-200,300,"sd","14:27:42",3270400
27700,-200,100,"sd","14:27:42",3270100
27700,-200,400,"sd","14:27:42",3270000
27700,-200,2800,"sd","14:27:42",3269600
27750,-150,100,"bu","14:27:40",3266800
27700,-200,3200,"sd","14:27:38",3266700
27750,-150,100,"bu","14:27:35",3263500
27750,-150,100,"bu","14:27:28",3263400
27750,-150,200,"bu","14:27:27",3263300
27750,-150,100,"bu","14:27:18",3263100
27750,-150,100,"bu","14:27:17",3263000
27750,-150,100,"bu","14:27:13",3262900
27750,-150,400,"bu","14:27:08",3262800
27750,-150,100,"bu","14:27:05",3262400
27700,-200,500,"sd","14:27:03",3262300
27750,-150,500,"bu","14:26:58",3261800
27750,-150,200,"bu","14:26:58",3261300
27750,-150,10000,"bu","14:26:58",3261100
27750,-150,6200,"bu","14:26:58",3251100
27750,-150,100,"bu","14:26:58",3244900
27750,-150,200,"bu","14:26:56",3244800
27750,-150,100,"bu","14:26:54",3244600
27750,-150,100,"bu","14:26:42",3244500
27750,-150,500,"bu","14:26:41",3244400
27750,-150,100,"bu","14:26:31",3243900
27700,-200,500,"sd","14:26:24",3243800
27750,-150,100,"bu","14:26:19",3243300
27750,-150,1000,"bu","14:26:16",3243200
27750,-150,100,"bu","14:26:13",3242200
27750,-150,200,"bu","14:26:10",3242100
27750,-150,100,"bu","14:26:08",3241900
27750,-150,900,"bu","14:26:06",3241800
27750,-150,200,"bu","14:26:04",3240900
27700,-200,500,"sd","14:26:03",3240700
27750,-150,100,"bu","14:25:56",3240200
27700,-200,500,"sd","14:25:46",3240100
27700,-200,500,"sd","14:25:45",3239600
27750,-150,100,"bu","14:25:45",3239100
27750,-150,100,"bu","14:25:33",3239000
27750,-150,100,"bu","14:25:22",3238900
27700,-200,500,"sd","14:25:11",3238800
27750,-150,100,"bu","14:25:10",3238300
27700,-200,500,"sd","14:25:07",3238200
27750,-150,100,"bu","14:25:06",3237700
27700,-200,200,"sd","14:25:01",3237600
27750,-150,100,"bu","14:24:59",3237400
27750,-150,100,"bu","14:24:47",3237300
27750,-150,500,"bu","14:24:43",3237200
27750,-150,100,"bu","14:24:36",3236700
27700,-200,600,"sd","14:24:28",3236600
27750,-150,100,"bu","14:24:24",3236000
27750,-150,100,"bu","14:24:13",3235900
27750,-150,500,"bu","14:24:12",3235800
27750,-150,100,"bu","14:24:01",3235300
27700,-200,500,"sd","14:23:50",3235200
27750,-150,100,"bu","14:23:50",3234700
27750,-150,1500,"bu","14:23:40",3234600
27700,-200,100,"sd","14:23:39",3233100
27750,-150,100,"bu","14:23:38",3233000
27750,-150,100,"bu","14:23:27",3232900
27700,-200,400,"sd","14:23:25",3232800
27750,-150,100,"bu","14:23:15",3232400
27700,-200,500,"sd","14:23:11",3232300
27750,-150,100,"bu","14:23:04",3231800
27700,-200,1600,"sd","14:23:03",3231700
27700,-200,300,"bu","14:22:56",3230100
27700,-200,3000,"bu","14:22:56",3229800
27700,-200,3300,"bu","14:22:56",3226800
27700,-200,100,"bu","14:22:53",3223500
27700,-200,100,"bu","14:22:52",3223400
27700,-200,100,"bu","14:22:41",3223300
27650,-250,600,"sd","14:22:32",3223200
27700,-200,400,"bu","14:22:29",3222600
27700,-200,100,"bu","14:22:29",3222200
27650,-250,1600,"sd","14:22:26",3222100
27700,-200,100,"bu","14:22:25",3220500
27700,-200,100,"bu","14:22:23",3220400
27700,-200,1000,"bu","14:22:22",3220300
27700,-200,500,"bu","14:22:22",3219300
27700,-200,100,"bu","14:22:18",3218800
27700,-200,100,"bu","14:22:17",3218700
27700,-200,200,"bu","14:22:14",3218600
27700,-200,100,"bu","14:22:06",3218400
27650,-250,1600,"sd","14:22:01",3218300
27700,-200,1200,"bu","14:21:57",3216700
27700,-200,200,"bu","14:21:57",3215500
27700,-200,100,"bu","14:21:55",3215300
27650,-250,500,"sd","14:21:54",3215200
27700,-200,1000,"bu","14:21:45",3214700
27700,-200,100,"bu","14:21:43",3213700
27700,-200,1000,"sd","14:21:34",3213600
27700,-200,200,"sd","14:21:34",3212600
27750,-150,100,"bu","14:21:32",3212400
27650,-250,2700,"sd","14:21:27",3212300
27750,-150,100,"bu","14:21:21",3209600
27650,-250,1600,"sd","14:21:18",3209500
27650,-250,500,"sd","14:21:16",3207900
27650,-250,3500,"sd","14:21:14",3207400
27700,-200,200,"sd","14:21:14",3203900
27750,-150,600,"bu","14:21:09",3203700
27750,-150,100,"bu","14:21:09",3203100
27700,-200,600,"bu","14:21:07",3203000
27650,-250,1600,"sd","14:21:04",3202400
27650,-250,3700,"sd","14:21:02",3200800
27700,-200,100,"bu","14:20:58",3197100
27700,-200,100,"bu","14:20:55",3197000
27700,-200,500,"sd","14:20:54",3196900
27700,-200,500,"sd","14:20:54",3196400
27700,-200,2000,"sd","14:20:54",3195900
27700,-200,500,"sd","14:20:54",3193900
27700,-200,200,"sd","14:20:54",3193400
27700,-200,2000,"sd","14:20:54",3193200
27700,-200,500,"sd","14:20:54",3191200
27700,-200,1000,"sd","14:20:54",3190700
27700,-200,500,"sd","14:20:54",3189700
27700,-200,1500,"sd","14:20:54",3189200
27700,-200,1000,"sd","14:20:53",3187700
27700,-200,100,"sd","14:20:53",3186700
27700,-200,100,"sd","14:20:53",3186600
27700,-200,400,"sd","14:20:53",3186500
27700,-200,3300,"sd","14:20:51",3186100
27800,-100,100,"bu","14:20:46",3182800
27700,-200,1600,"sd","14:20:42",3182700
27700,-200,500,"sd","14:20:36",3181100
27800,-100,200,"bu","14:20:35",3180600
27800,-100,500,"bu","14:20:29",3180400
27700,-200,2700,"sd","14:20:28",3179900
27800,-100,1000,"bu","14:20:26",3177200
27800,-100,100,"bu","14:20:23",3176200
27800,-100,100,"bu","14:20:20",3176100
27800,-100,100,"bu","14:20:12",3176000
27750,-150,300,"bu","14:20:08",3175900
27750,-150,300,"bu","14:20:08",3175600
27750,-150,100,"bu","14:20:00",3175300
27700,-200,600,"sd","14:19:58",3175200
27700,-200,10900,"bu","14:19:55",3174600
27700,-200,100,"bu","14:19:54",3163700
27700,-200,100,"bu","14:19:53",3163600
27700,-200,100,"bu","14:19:49",3163500
27700,-200,200,"bu","14:19:49",3163400
27700,-200,2000,"bu","14:19:47",3163200
27700,-200,100,"bu","14:19:45",3161200
27700,-200,100,"bu","14:19:37",3161100
27700,-200,100,"bu","14:19:26",3161000
27650,-250,100,"sd","14:19:25",3160900
27700,-200,100,"bu","14:19:22",3160800
27700,-200,10000,"bu","14:19:22",3160700
27650,-250,500,"sd","14:19:19",3150700
27700,-200,200,"bu","14:19:18",3150200
27700,-200,100,"bu","14:19:14",3150000
27700,-200,100,"bu","14:19:14",3149900
27700,-200,500,"bu","14:19:11",3149800
27700,-200,100,"bu","14:19:06",3149300
27700,-200,500,"bu","14:19:06",3149200
27700,-200,500,"bu","14:19:05",3148700
27700,-200,100,"bu","14:19:03",3148200
27700,-200,1000,"bu","14:18:59",3148100
27700,-200,1000,"bu","14:18:59",3147100
27700,-200,100,"bu","14:18:59",3146100
27700,-200,100,"bu","14:18:59",3146000
27700,-200,200,"bu","14:18:59",3145900
27700,-200,100,"bu","14:18:59",3145700
27700,-200,100,"bu","14:18:59",3145600
27700,-200,1000,"bu","14:18:59",3145500
27700,-200,1000,"bu","14:18:59",3144500
27700,-200,500,"bu","14:18:59",3143500
27700,-200,700,"bu","14:18:59",3143000
27700,-200,100,"bu","14:18:59",3142300
27700,-200,200,"bu","14:18:59",3142200
27700,-200,100,"bu","14:18:59",3142000
27700,-200,100,"bu","14:18:59",3141900
27700,-200,500,"unknown","14:18:59",3141800
27700,-200,300,"sd","14:18:59",3141300
27700,-200,100,"sd","14:18:59",3141000
27700,-200,1000,"sd","14:18:59",3140900
27700,-200,200,"sd","14:18:59",3139900
27700,-200,500,"sd","14:18:59",3139700
27700,-200,100,"sd","14:18:59",3139200
27700,-200,100,"sd","14:18:59",3139100
27700,-200,200,"sd","14:18:59",3139000
27700,-200,1000,"sd","14:18:59",3138800
27700,-200,100,"sd","14:18:59",3137800
27700,-200,200,"sd","14:18:59",3137700
27700,-200,200,"sd","14:18:59",3137500
27700,-200,500,"sd","14:18:59",3137300
27700,-200,500,"sd","14:18:59",3136800
27700,-200,500,"sd","14:18:59",3136300
27700,-200,200,"sd","14:18:59",3135800
27700,-200,4800,"sd","14:18:54",3135600
27700,-200,500,"sd","14:18:54",3130800
27700,-200,500,"sd","14:18:54",3130300
27700,-200,200,"sd","14:18:54",3129800
27700,-200,500,"sd","14:18:54",3129600
27700,-200,100,"sd","14:18:54",3129100
27700,-200,300,"sd","14:18:54",3129000
27700,-200,500,"sd","14:18:54",3128700
27700,-200,2000,"sd","14:18:54",3128200
27700,-200,1000,"sd","14:18:54",3126200
27700,-200,500,"sd","14:18:53",3125200
27700,-200,200,"sd","14:18:53",3124700
27700,-200,29000,"sd","14:18:53",3124500
27700,-200,2200,"sd","14:18:53",3095500
27700,-200,100,"sd","14:18:53",3093300
27700,-200,5000,"sd","14:18:53",3093200
27700,-200,1000,"sd","14:18:53",3088200
27700,-200,200,"sd","14:18:53",3087200
27700,-200,1300,"sd","14:18:53",3087000
27700,-200,100,"sd","14:18:53",3085700
27700,-200,500,"sd","14:18:53",3085600
27700,-200,5000,"sd","14:18:53",3085100
27700,-200,200,"sd","14:18:53",3080100
27700,-200,200,"sd","14:18:53",3079900
27700,-200,500,"sd","14:18:53",3079700
27700,-200,100,"sd","14:18:53",3079200
27700,-200,500,"sd","14:18:53",3079100
27700,-200,100,"sd","14:18:53",3078600
27700,-200,100,"sd","14:18:53",3078500
27700,-200,100,"sd","14:18:53",3078400
27700,-200,10000,"sd","14:18:53",3078300
27700,-200,2000,"sd","14:18:53",3068300
27700,-200,100,"sd","14:18:53",3066300
27700,-200,100,"sd","14:18:53",3066200
27700,-200,200,"sd","14:18:53",3066100
27700,-200,500,"sd","14:18:53",3065900
27700,-200,100,"sd","14:18:53",3065400
27700,-200,1000,"sd","14:18:53",3065300
27700,-200,1000,"sd","14:18:53",3064300
27700,-200,100,"sd","14:18:53",3063300
27700,-200,5000,"sd","14:18:53",3063200
27700,-200,1000,"sd","14:18:53",3058200
27700,-200,3100,"sd","14:18:53",3057200
27700,-200,2000,"sd","14:18:53",3054100
27700,-200,200,"sd","14:18:53",3052100
27700,-200,500,"sd","14:18:53",3051900
27700,-200,100,"sd","14:18:53",3051400
27700,-200,100,"sd","14:18:53",3051300
27700,-200,100,"sd","14:18:53",3051200
27700,-200,100,"sd","14:18:53",3051100
27700,-200,500,"sd","14:18:53",3051000
27700,-200,100,"sd","14:18:53",3050500
27700,-200,2100,"sd","14:18:53",3050400
27700,-200,200,"sd","14:18:53",3048300
27700,-200,700,"sd","14:18:53",3048100
27700,-200,1000,"sd","14:18:53",3047400
27700,-200,500,"sd","14:18:53",3046400
27700,-200,1400,"sd","14:18:53",3045900
27700,-200,300,"sd","14:18:53",3044500
27700,-200,300,"sd","14:18:53",3044200
27700,-200,500,"sd","14:18:53",3043900
27700,-200,7800,"sd","14:18:53",3043400
27750,-150,100,"bu","14:18:51",3035600
27750,-150,500,"bu","14:18:44",3035500
27700,-200,500,"sd","14:18:40",3035000
27750,-150,100,"bu","14:18:40",3034500
27750,-150,500,"bu","14:18:37",3034400
27750,-150,100,"bu","14:18:28",3033900
27700,-200,3200,"sd","14:18:27",3033800
27750,-150,100,"bu","14:18:24",3030600
27750,-150,200,"bu","14:18:21",3030500
27750,-150,100,"bu","14:18:17",3030300
27750,-150,300,"bu","14:18:17",3030200
27750,-150,300,"bu","14:18:11",3029900
27750,-150,700,"bu","14:18:11",3029600
27750,-150,500,"bu","14:18:09",3028900
27700,-200,3200,"sd","14:18:08",3028400
27750,-150,100,"bu","14:18:05",3025200
27700,-200,100,"sd","14:18:04",3025100
27700,-200,300,"sd","14:18:04",3025000
27700,-200,100,"sd","14:18:04",3024700
27700,-200,100,"sd","14:18:04",3024600
27700,-200,5900,"sd","14:18:04",3024500
27700,-200,300,"sd","14:18:04",3018600
27700,-200,100,"sd","14:18:04",3018300
27700,-200,100,"sd","14:18:04",3018200
27700,-200,100,"sd","14:18:04",3018100
27700,-200,200,"sd","14:18:04",3018000
27700,-200,600,"sd","14:18:02",3017800
27750,-150,1500,"bu","14:18:00",3017200
27750,-150,100,"bu","14:18:00",3015700
27750,-150,100,"sd","14:17:55",3015600
27800,-100,100,"bu","14:17:54",3015500
27700,-200,3200,"sd","14:17:49",3015400
27800,-100,100,"bu","14:17:42",3012200
27750,-150,1800,"sd","14:17:40",3012100
27700,-200,1400,"sd","14:17:40",3010300
27750,-150,5000,"bu","14:17:38",3008900
27750,-150,13200,"bu","14:17:38",3003900
27700,-200,1300,"sd","14:17:36",2990700
27750,-150,2000,"bu","14:17:32",2989400
27750,-150,100,"bu","14:17:31",2987400
27700,-200,3200,"sd","14:17:30",2987300
27700,-200,900,"sd","14:17:25",2984100
27700,-200,500,"sd","14:17:23",2983200
27700,-200,1900,"sd","14:17:19",2982700
27750,-150,100,"bu","14:17:19",2980800
27750,-150,7400,"bu","14:17:18",2980700
27750,-150,600,"sd","14:17:18",2973300
27750,-150,100,"sd","14:17:18",2972700
27750,-150,200,"sd","14:17:18",2972600
27750,-150,100,"sd","14:17:18",2972400
27750,-150,200,"sd","14:17:18",2972300
27750,-150,500,"sd","14:17:18",2972100
27750,-150,100,"sd","14:17:18",2971600
27750,-150,23000,"sd","14:17:18",2971500
27750,-150,200,"sd","14:17:18",2948500
27750,-150,2000,"sd","14:17:18",2948300
27750,-150,200,"sd","14:17:18",2946300
27750,-150,300,"sd","14:17:16",2946100
27750,-150,100,"sd","14:17:16",2945800
27750,-150,100,"sd","14:17:16",2945700
27750,-150,100,"sd","14:17:16",2945600
27750,-150,100,"sd","14:17:16",2945500
27750,-150,2500,"sd","14:17:16",2945400
27800,-100,100,"bu","14:17:08",2942900
27750,-150,3200,"sd","14:17:04",2942800
27750,-150,3000,"sd","14:17:02",2939600
27800,-100,100,"bu","14:16:56",2936600
27800,-100,100,"bu","14:16:53",2936500
27750,-150,1300,"sd","14:16:48",2936400
27750,-150,200,"sd","14:16:48",2935100
27750,-150,100,"sd","14:16:48",2934900
27750,-150,1000,"sd","14:16:48",2934800
27750,-150,1000,"sd","14:16:48",2933800
27750,-150,100,"sd","14:16:48",2932800
27750,-150,500,"sd","14:16:45",2932700
27750,-150,1000,"sd","14:16:45",2932200
27750,-150,100,"sd","14:16:45",2931200
27800,-100,100,"bu","14:16:45",2931100
27750,-150,500,"sd","14:16:44",2931000
27750,-150,500,"sd","14:16:39",2930500
27750,-150,700,"sd","14:16:39",2930000
27750,-150,400,"sd","14:16:39",2929300
27800,-100,300,"bu","14:16:35",2928900
27800,-100,100,"bu","14:16:33",2928600
27750,-150,1600,"sd","14:16:30",2928500
27750,-150,1600,"sd","14:16:26",2926900
27800,-100,100,"bu","14:16:25",2925300
27800,-100,200,"bu","14:16:22",2925200
27750,-150,3400,"sd","14:16:16",2925000
27800,-100,100,"bu","14:16:10",2921600
27800,-100,600,"bu","14:16:09",2921500
27750,-150,500,"sd","14:16:06",2920900
27800,-100,100,"bu","14:15:59",2920400
27800,-100,7300,"sd","14:15:56",2920300
27800,-100,1000,"sd","14:15:56",2913000
27800,-100,2000,"sd","14:15:56",2912000
27800,-100,200,"sd","14:15:56",2910000
27850,-50,100,"bu","14:15:47",2909800
27850,-50,100,"bu","14:15:36",2909700
27800,-100,100,"sd","14:15:32",2909600
27800,-100,400,"sd","14:15:32",2909500
27800,-100,200,"sd","14:15:30",2909100
27800,-100,100,"sd","14:15:30",2908900
27800,-100,200,"sd","14:15:30",2908800
27800,-100,100,"sd","14:15:30",2908600
27800,-100,500,"sd","14:15:30",2908500
27800,-100,500,"sd","14:15:30",2908000
27800,-100,3400,"sd","14:15:30",2907500
27800,-100,600,"sd","14:15:27",2904100
27850,-50,100,"bu","14:15:24",2903500
27800,-100,6700,"sd","14:15:16",2903400
27850,-50,100,"bu","14:15:13",2896700
27800,-100,400,"sd","14:15:06",2896600
27800,-100,900,"sd","14:15:06",2896200
27800,-100,300,"sd","14:15:06",2895300
27800,-100,500,"sd","14:15:06",2895000
27800,-100,100,"sd","14:15:06",2894500
27800,-100,3000,"sd","14:15:06",2894400
27800,-100,100,"sd","14:15:06",2891400
27800,-100,1700,"sd","14:15:06",2891300
27850,-50,100,"bu","14:15:01",2889600
27850,-50,100,"bu","14:14:50",2889500
27850,-50,200,"bu","14:14:50",2889400
27800,-100,500,"sd","14:14:48",2889200
27850,-50,100,"bu","14:14:38",2888700
27850,-50,100,"bu","14:14:30",2888600
27850,-50,100,"bu","14:14:27",2888500
27800,-100,3400,"sd","14:14:23",2888400
27850,-50,100,"bu","14:14:15",2885000
27800,-100,500,"sd","14:14:10",2884900
27850,-50,100,"bu","14:14:04",2884400
27800,-100,5000,"sd","14:13:58",2884300
27850,-50,100,"bu","14:13:52",2879300
27850,-50,100,"bu","14:13:41",2879200
27800,-100,900,"sd","14:13:37",2879100
27800,-100,400,"sd","14:13:37",2878200
27800,-100,300,"sd","14:13:37",2877800
27800,-100,5300,"sd","14:13:37",2877500
27800,-100,600,"sd","14:13:32",2872200
27850,-50,100,"bu","14:13:30",2871600
27850,-50,1000,"bu","14:13:24",2871500
27850,-50,100,"bu","14:13:18",2870500
27850,-50,100,"bu","14:13:07",2870400
27850,-50,100,"bu","14:12:55",2870300
27800,-100,500,"sd","14:12:52",2870200
27800,-100,3400,"sd","14:12:50",2869700
27850,-50,100,"bu","14:12:44",2866300
27850,-50,1000,"bu","14:12:38",2866200
27850,-50,100,"bu","14:12:32",2865200
27850,-50,100,"bu","14:12:28",2865100
27850,-50,100,"bu","14:12:21",2865000
27850,-50,200,"bu","14:12:15",2864900
27800,-100,500,"sd","14:12:14",2864700
27850,-50,200,"bu","14:12:09",2864200
27800,-100,6800,"sd","14:12:07",2864000
27850,-50,100,"bu","14:11:58",2857200
27850,-50,100,"bu","14:11:56",2857100
27850,-50,100,"bu","14:11:53",2857000
27850,-50,100,"bu","14:11:46",2856900
27800,-100,200,"sd","14:11:35",2856800
27800,-100,300,"sd","14:11:35",2856600
27850,-50,100,"bu","14:11:35",2856300
27800,-100,700,"sd","14:11:24",2856200
27800,-100,1000,"sd","14:11:24",2855500
27800,-100,1700,"sd","14:11:24",2854500
27850,-50,100,"bu","14:11:23",2852800
27850,-50,100,"bu","14:11:12",2852700
27850,-50,100,"bu","14:11:00",2852600
27800,-100,600,"sd","14:10:56",2852500
27800,-100,200,"sd","14:10:53",2851900
27800,-100,100,"sd","14:10:53",2851700
27800,-100,200,"sd","14:10:53",2851600
27850,-50,100,"bu","14:10:49",2851400
27850,-50,100,"bu","14:10:37",2851300
27850,-50,100,"bu","14:10:26",2851200
27800,-100,200,"sd","14:10:25",2851100
27800,-100,600,"sd","14:10:18",2850900
27850,-50,100,"bu","14:10:14",2850300
27850,-50,1000,"bu","14:10:09",2850200
27850,-50,100,"bu","14:10:03",2849200
27800,-100,3300,"sd","14:09:59",2849100
27850,-50,100,"bu","14:09:51",2845800
27800,-100,3300,"bu","14:09:42",2845700
27800,-100,600,"bu","14:09:42",2842400
27800,-100,200,"bu","14:09:42",2841800
27800,-100,300,"bu","14:09:42",2841600
27800,-100,1400,"bu","14:09:42",2841300
27800,-100,1000,"bu","14:09:42",2839900
27800,-100,100,"bu","14:09:40",2838900
27750,-150,300,"sd","14:09:39",2838800
27800,-100,500,"bu","14:09:38",2838500
27800,-100,400,"bu","14:09:38",2838000
27800,-100,1000,"bu","14:09:37",2837600
27800,-100,300,"bu","14:09:35",2836600
27800,-100,100,"bu","14:09:34",2836300
27800,-100,1600,"bu","14:09:30",2836200
27800,-100,100,"bu","14:09:28",2834600
27800,-100,100,"bu","14:09:17",2834500
27800,-100,100,"bu","14:09:15",2834400
27800,-100,100,"bu","14:09:05",2834300
27800,-100,1000,"bu","14:08:59",2834200
27800,-100,1600,"bu","14:08:54",2833200
27750,-150,40000,"sd","14:08:54",2831600
27800,-100,100,"bu","14:08:54",2791600
27800,-100,100,"bu","14:08:51",2791500
27800,-100,100,"bu","14:08:51",2791400
27800,-100,200,"bu","14:08:50",2791300
27800,-100,2000,"bu","14:08:43",2791100
27800,-100,100,"bu","14:08:42",2789100
27800,-100,700,"bu","14:08:36",2789000
27800,-100,1200,"bu","14:08:35",2788300
27800,-100,300,"bu","14:08:35",2787100
27800,-100,500,"bu","14:08:35",2786800
27800,-100,300,"bu","14:08:35",2786300
27800,-100,100,"bu","14:08:31",2786000
27800,-100,200,"bu","14:08:20",2785900
27750,-150,1000,"sd","14:08:20",2785700
27800,-100,100,"bu","14:08:19",2784700
27800,-100,400,"bu","14:08:18",2784600
27800,-100,300,"bu","14:08:18",2784200
27800,-100,600,"bu","14:08:18",2783900
27800,-100,500,"bu","14:08:18",2783300
27800,-100,100,"bu","14:08:18",2782800
27800,-100,100,"bu","14:08:18",2782700
27800,-100,1000,"bu","14:08:18",2782600
27800,-100,200,"bu","14:08:14",2781600
27800,-100,200,"bu","14:08:08",2781400
27800,-100,100,"bu","14:07:56",2781200
27800,-100,200,"bu","14:07:51",2781100
27800,-100,100,"bu","14:07:50",2780900
27800,-100,300,"bu","14:07:48",2780800
27800,-100,200,"bu","14:07:46",2780500
27800,-100,100,"bu","14:07:45",2780300
27750,-150,500,"sd","14:07:43",2780200
27800,-100,14000,"bu","14:07:40",2779700
27800,-100,200,"bu","14:07:37",2765700
27800,-100,6000,"bu","14:07:34",2765500
27800,-100,100,"bu","14:07:33",2759500
27800,-100,100,"bu","14:07:22",2759400
27800,-100,100,"bu","14:07:10",2759300
27750,-150,6400,"sd","14:07:09",2759200
27800,-100,100,"bu","14:06:59",2752800
27800,-100,100,"bu","14:06:56",2752700
27800,-100,100,"bu","14:06:47",2752600
27800,-100,100,"bu","14:06:45",2752500
27800,-100,100,"bu","14:06:38",2752400
27800,-100,100,"bu","14:06:36",2752300
27750,-150,3200,"sd","14:06:36",2752200
27750,-150,3300,"sd","14:06:28",2749000
27800,-100,100,"bu","14:06:24",2745700
27800,-100,100,"bu","14:06:13",2745600
27800,-100,100,"bu","14:06:02",2745500
27750,-150,3500,"sd","14:05:55",2745400
27800,-100,100,"bu","14:05:50",2741900
27750,-150,300,"sd","14:05:49",2741800
27750,-150,3200,"sd","14:05:46",2741500
27800,-100,100,"bu","14:05:39",2738300
27800,-100,100,"bu","14:05:27",2738200
27750,-150,500,"bu","14:05:23",2738100
27750,-150,3000,"bu","14:05:22",2737600
27750,-150,200,"sd","14:05:20",2734600
27750,-150,1300,"sd","14:05:20",2734400
27800,-100,100,"bu","14:05:16",2733100
27750,-150,300,"sd","14:05:11",2733000
27750,-150,400,"sd","14:05:08",2732700
27800,-100,100,"bu","14:05:04",2732300
27700,-200,3000,"sd","14:05:03",2732200
27750,-150,500,"sd","14:05:03",2729200
27750,-150,2900,"sd","14:05:03",2728700
27800,-100,100,"bu","14:04:53",2725800
27750,-150,300,"bu","14:04:50",2725700
27750,-150,300,"bu","14:04:50",2725400
27750,-150,300,"bu","14:04:49",2725100
27750,-150,400,"bu","14:04:49",2724800
27750,-150,300,"bu","14:04:49",2724400
27750,-150,4000,"bu","14:04:49",2724100
27750,-150,100,"bu","14:04:44",2720100
27750,-150,100,"bu","14:04:42",2720000
27750,-150,100,"bu","14:04:41",2719900
27750,-150,19300,"bu","14:04:40",2719800
27750,-150,100,"bu","14:04:30",2700500
27700,-200,3100,"sd","14:04:18",2700400
27750,-150,100,"bu","14:04:18",2697300
27700,-200,1000,"sd","14:04:09",2697200
27750,-150,100,"bu","14:04:07",2696200
27750,-150,100,"bu","14:04:01",2696100
27750,-150,100,"bu","14:04:00",2696000
27750,-150,200,"bu","14:03:55",2695900
27750,-150,100,"bu","14:03:50",2695700
27750,-150,1000,"bu","14:03:48",2695600
27750,-150,100,"bu","14:03:44",2694600
27700,-200,100,"sd","14:03:37",2694500
27700,-200,1000,"sd","14:03:37",2694400
27700,-200,500,"sd","14:03:37",2693400
27700,-200,4000,"sd","14:03:37",2692900
27700,-200,100,"sd","14:03:37",2688900
27700,-200,100,"sd","14:03:37",2688800
27700,-200,500,"sd","14:03:37",2688700
27750,-150,2000,"bu","14:03:34",2688200
27750,-150,100,"bu","14:03:32",2686200
27750,-150,100,"bu","14:03:21",2686100
27750,-150,3400,"bu","14:03:14",2686000
27750,-150,6000,"sd","14:03:13",2682600
27750,-150,500,"sd","14:03:13",2676600
27750,-150,100,"sd","14:03:13",2676100
27750,-150,1000,"sd","14:03:13",2676000
27750,-150,500,"sd","14:03:13",2675000
27750,-150,300,"sd","14:03:13",2674500
27750,-150,500,"sd","14:03:13",2674200
27750,-150,100,"sd","14:03:13",2673700
27750,-150,200,"sd","14:03:13",2673600
27750,-150,100,"sd","14:03:13",2673400
27750,-150,100,"sd","14:03:13",2673300
27750,-150,100,"sd","14:03:13",2673200
27750,-150,100,"sd","14:03:13",2673100
27750,-150,3000,"sd","14:03:13",2673000
27750,-150,200,"sd","14:03:13",2670000
27750,-150,100,"sd","14:03:13",2669800
27750,-150,1000,"sd","14:03:13",2669700
27750,-150,300,"sd","14:03:13",2668700
27750,-150,5000,"sd","14:03:13",2668400
27750,-150,100,"sd","14:03:13",2663400
27750,-150,500,"sd","14:03:13",2663300
27750,-150,100,"sd","14:03:13",2662800
27750,-150,1000,"sd","14:03:13",2662700
27750,-150,1000,"sd","14:03:13",2661700
27750,-150,1500,"sd","14:03:13",2660700
27750,-150,100,"sd","14:03:13",2659200
27750,-150,100,"sd","14:03:13",2659100
27750,-150,100,"sd","14:03:13",2659000
27750,-150,100,"sd","14:03:13",2658900
27750,-150,500,"sd","14:03:13",2658800
27750,-150,700,"sd","14:03:13",2658300
27750,-150,500,"sd","14:03:13",2657600
27750,-150,100,"sd","14:03:13",2657100
27750,-150,200,"sd","14:03:13",2657000
27750,-150,100,"sd","14:03:13",2656800
27750,-150,700,"sd","14:03:13",2656700
27750,-150,100,"sd","14:03:13",2656000
27750,-150,2000,"sd","14:03:13",2655900
27750,-150,100,"sd","14:03:13",2653900
27750,-150,100,"sd","14:03:13",2653800
27800,-100,100,"bu","14:03:09",2653700
27800,-100,100,"bu","14:02:58",2653600
27750,-150,100,"sd","14:02:56",2653500
27750,-150,1000,"sd","14:02:50",2653400
27750,-150,2000,"sd","14:02:50",2652400
27750,-150,200,"sd","14:02:50",2650400
27800,-100,100,"bu","14:02:46",2650200
27750,-150,300,"sd","14:02:41",2650100
27750,-150,100,"sd","14:02:39",2649800
27750,-150,300,"sd","14:02:39",2649700
27750,-150,100,"sd","14:02:38",2649400
27750,-150,100,"sd","14:02:38",2649300
27750,-150,500,"sd","14:02:38",2649200
27800,-100,100,"bu","14:02:35",2648700
27800,-100,100,"bu","14:02:23",2648600
27800,-100,100,"bu","14:02:12",2648500
27800,-100,2000,"bu","14:02:10",2648400
27750,-150,100,"sd","14:02:09",2646400
27750,-150,200,"sd","14:02:09",2646300
27750,-150,5100,"sd","14:02:09",2646100
27750,-150,800,"sd","14:02:08",2641000
27750,-150,300,"sd","14:02:03",2640200
27750,-150,100,"sd","14:02:00",2639900
27750,-150,100,"sd","14:02:00",2639800
27750,-150,500,"sd","14:02:00",2639700
27750,-150,100,"sd","14:02:00",2639200
27750,-150,100,"sd","14:02:00",2639100
27750,-150,200,"sd","14:02:00",2639000
27750,-150,500,"sd","14:02:00",2638800
27750,-150,500,"sd","14:02:00",2638300
27750,-150,500,"sd","14:02:00",2637800
27750,-150,100,"sd","14:02:00",2637300
27750,-150,100,"sd","14:02:00",2637200
27750,-150,300,"sd","14:02:00",2637100
27750,-150,300,"sd","14:02:00",2636800
27750,-150,5000,"sd","14:02:00",2636500
27750,-150,500,"sd","14:02:00",2631500
27750,-150,4600,"sd","14:02:00",2631000
27750,-150,200,"sd","14:02:00",2626400
27750,-150,100,"sd","14:02:00",2626200
27750,-150,100,"sd","14:02:00",2626100
27750,-150,100,"sd","14:02:00",2626000
27750,-150,1000,"sd","14:02:00",2625900
27800,-100,100,"bu","14:02:00",2624900
27750,-150,1300,"sd","14:01:50",2624800
27750,-150,1500,"sd","14:01:50",2623500
27750,-150,100,"sd","14:01:50",2622000
27750,-150,1000,"sd","14:01:50",2621900
27750,-150,900,"sd","14:01:50",2620900
27750,-150,2000,"sd","14:01:50",2620000
27750,-150,200,"sd","14:01:50",2618000
27750,-150,2000,"sd","14:01:50",2617800
27750,-150,1000,"sd","14:01:50",2615800
27800,-100,100,"bu","14:01:49",2614800
27750,-150,500,"sd","14:01:44",2614700
27750,-150,100,"sd","14:01:44",2614200
27750,-150,1500,"sd","14:01:44",2614100
27750,-150,5900,"sd","14:01:44",2612600
27750,-150,6400,"sd","14:01:39",2606700
27800,-100,100,"bu","14:01:37",2600300
27750,-150,300,"sd","14:01:36",2600200
27750,-150,6200,"sd","14:01:36",2599900
27750,-150,1500,"sd","14:01:36",2593700
27800,-100,100,"bu","14:01:26",2592200
27750,-150,200,"sd","14:01:25",2592100
27750,-150,800,"sd","14:01:25",2591900
27750,-150,200,"sd","14:01:25",2591100
27750,-150,500,"sd","14:01:25",2590900
27750,-150,300,"sd","14:01:25",2590400
27750,-150,1000,"sd","14:01:25",2590100
27750,-150,100,"sd","14:01:25",2589100
27800,-100,100,"bu","14:01:25",2589000
27800,-100,100,"bu","14:01:23",2588900
27800,-100,100,"bu","14:01:20",2588800
27800,-100,100,"bu","14:01:14",2588700
27800,-100,100,"bu","14:01:03",2588600
27800,-100,100,"bu","14:00:51",2588500
27750,-150,200,"sd","14:00:48",2588400
27750,-150,100,"sd","14:00:48",2588200
27750,-150,1900,"sd","14:00:44",2588100
27750,-150,1100,"sd","14:00:44",2586200
27800,-100,100,"bu","14:00:40",2585100
27800,-100,100,"sd","14:00:28",2585000
27800,-100,3000,"sd","14:00:28",2584900
27800,-100,500,"sd","14:00:28",2581900
27850,-50,100,"bu","14:00:28",2581400
27800,-100,100,"sd","14:00:17",2581300
27800,-100,100,"sd","14:00:17",2581200
27800,-100,3400,"sd","14:00:17",2581100
27800,-100,500,"sd","14:00:17",2577700
27800,-100,100,"sd","14:00:17",2577200
27800,-100,18500,"sd","14:00:17",2577100
27800,-100,1500,"sd","14:00:17",2558600
27800,-100,500,"sd","14:00:17",2557100
27800,-100,40000,"sd","14:00:17",2556600
27800,-100,200,"sd","14:00:17",2516600
27800,-100,3500,"sd","14:00:17",2516400
27800,-100,5000,"sd","14:00:17",2512900
27800,-100,1000,"sd","14:00:17",2507900
27800,-100,100,"sd","14:00:17",2506900
27850,-50,600,"bu","14:00:17",2506800
27800,-100,5000,"sd","14:00:17",2506200
27850,-50,100,"bu","14:00:06",2501200
27850,-50,100,"bu","14:00:05",2501100
27850,-50,100,"bu","14:00:03",2501000
27800,-100,1600,"sd","14:00:02",2500900
27800,-100,100,"sd","14:00:02",2499300
27800,-100,1000,"sd","14:00:02",2499200
27800,-100,200,"sd","14:00:02",2498200
27800,-100,3300,"sd","14:00:02",2498000
27850,-50,100,"bu","13:59:54",2494700
27850,-50,2000,"bu","13:59:45",2494600
27850,-50,200,"bu","13:59:42",2492600
27850,-50,100,"bu","13:59:32",2492400
27850,-50,100,"bu","13:59:31",2492300
27850,-50,500,"bu","13:59:21",2492200
27800,-100,3000,"sd","13:59:19",2491700
27850,-50,100,"bu","13:59:19",2488700
27850,-50,400,"bu","13:59:12",2488600
27850,-50,100,"bu","13:59:08",2488200
27850,-50,100,"bu","13:58:56",2488100
27850,-50,100,"bu","13:58:46",2488000
27850,-50,800,"bu","13:58:46",2487900
27850,-50,100,"bu","13:58:45",2487100
27800,-100,6000,"sd","13:58:38",2487000
27850,-50,100,"bu","13:58:33",2481000
27850,-50,100,"bu","13:58:22",2480900
27850,-50,100,"bu","13:58:11",2480800
27850,-50,100,"bu","13:57:59",2480700
27800,-100,3000,"sd","13:57:56",2480600
27850,-50,100,"bu","13:57:48",2477600
27850,-50,100,"bu","13:57:36",2477500
27850,-50,100,"bu","13:57:25",2477400
27800,-100,3000,"sd","13:57:13",2477300
27850,-50,100,"bu","13:57:13",2474300
27850,-50,100,"bu","13:57:02",2474200
27850,-50,100,"bu","13:56:50",2474100
27800,-100,1700,"sd","13:56:47",2474000
27800,-100,500,"sd","13:56:47",2472300
27800,-100,100,"sd","13:56:47",2471800
27800,-100,1000,"sd","13:56:47",2471700
27800,-100,1700,"sd","13:56:47",2470700
27850,-50,100,"bu","13:56:39",2469000
27800,-100,300,"sd","13:56:32",2468900
27800,-100,5600,"sd","13:56:32",2468600
27850,-50,100,"bu","13:56:29",2463000
27850,-50,100,"bu","13:56:27",2462900
27850,-50,100,"bu","13:56:16",2462800
27800,-100,3000,"sd","13:56:11",2462700
27850,-50,100,"bu","13:56:08",2459700
27850,-50,100,"bu","13:56:04",2459600
27800,-100,1400,"sd","13:56:00",2459500
27750,-150,100,"sd","13:55:54",2458100
27850,-50,100,"bu","13:55:53",2458000
27750,-150,2600,"sd","13:55:50",2457900
27800,-100,200,"sd","13:55:50",2455300
27800,-100,100,"sd","13:55:50",2455100
27800,-100,100,"sd","13:55:50",2455000
27850,-50,100,"bu","13:55:41",2454900
27800,-100,1900,"bu","13:55:38",2454800
27800,-100,200,"bu","13:55:30",2452900
27800,-100,800,"bu","13:55:18",2452700
27800,-100,100,"bu","13:55:18",2451900
27750,-150,300,"sd","13:55:10",2451800
27750,-150,900,"sd","13:55:09",2451500
27750,-150,400,"sd","13:55:09",2450600
27800,-100,200,"sd","13:55:09",2450200
27800,-100,4300,"sd","13:55:09",2450000
27850,-50,100,"bu","13:55:07",2445700
27850,-50,100,"bu","13:54:55",2445600
27850,-50,100,"bu","13:54:44",2445500
27850,-50,100,"bu","13:54:32",2445400
27850,-50,100,"bu","13:54:21",2445300
27850,-50,100,"bu","13:54:09",2445200
27800,-100,64300,"sd","13:54:07",2445100
27800,-100,300,"sd","13:54:07",2380800
27800,-100,100,"sd","13:54:07",2380500
27800,-100,500,"sd","13:54:07",2380400
27800,-100,100,"sd","13:54:07",2379900
27800,-100,100,"sd","13:54:07",2379800
27800,-100,100,"sd","13:54:07",2379700
27800,-100,10000,"sd","13:54:07",2379600
27800,-100,6000,"sd","13:54:07",2369600
27800,-100,1000,"sd","13:54:07",2363600
27800,-100,100,"sd","13:54:07",2362600
27800,-100,7400,"sd","13:54:07",2362500
27850,-50,200,"bu","13:54:02",2355100
27850,-50,100,"bu","13:53:58",2354900
27850,-50,100,"bu","13:53:46",2354800
27850,-50,100,"bu","13:53:35",2354700
27850,-50,100,"bu","13:53:31",2354600
27850,-50,100,"bu","13:53:23",2354500
27850,-50,100,"bu","13:53:13",2354400
27850,-50,100,"bu","13:53:12",2354300
27850,-50,100,"bu","13:53:00",2354200
27850,-50,500,"bu","13:52:56",2354100
27850,-50,100,"bu","13:52:49",2353600
27850,-50,100,"bu","13:52:37",2353500
27800,-100,2700,"sd","13:52:27",2353400
27850,-50,100,"bu","13:52:26",2350700
27850,-50,100,"bu","13:52:14",2350600
27800,-100,1000,"sd","13:52:09",2350500
27850,-50,100,"bu","13:52:03",2349500
27850,-50,100,"bu","13:51:51",2349400
27850,-50,1000,"bu","13:51:49",2349300
27750,-150,600,"sd","13:51:45",2348300
27750,-150,100,"sd","13:51:45",2347700
27750,-150,200,"sd","13:51:45",2347600
27750,-150,100,"sd","13:51:45",2347400
27750,-150,100,"sd","13:51:45",2347300
27800,-100,900,"sd","13:51:45",2347200
27800,-100,300,"sd","13:51:45",2346300
27800,-100,100,"sd","13:51:45",2346000
27800,-100,200,"sd","13:51:45",2345900
27850,-50,100,"bu","13:51:40",2345700
27850,-50,100,"bu","13:51:28",2345600
27850,-50,200,"bu","13:51:17",2345500
27850,-50,100,"bu","13:51:16",2345300
27750,-150,900,"sd","13:51:15",2345200
27750,-150,500,"sd","13:51:15",2344300
27750,-150,300,"sd","13:51:15",2343800
27750,-150,300,"sd","13:51:15",2343500
27750,-150,4100,"sd","13:51:15",2343200
27800,-100,600,"sd","13:51:15",2339100
27800,-100,500,"sd","13:51:15",2338500
27800,-100,4800,"sd","13:51:15",2338000
27850,-50,200,"bu","13:51:05",2333200
27800,-100,5200,"sd","13:51:02",2333000
27850,-50,100,"bu","13:50:54",2327800
27750,-150,300,"sd","13:50:47",2327700
27750,-150,500,"sd","13:50:15",2327400
27800,-100,100,"sd","13:50:15",2326900
27800,-100,2000,"sd","13:50:15",2326800
27800,-100,300,"sd","13:50:09",2324800
27750,-150,2500,"sd","13:49:34",2324500
27800,-100,1000,"sd","13:49:34",2322000
27800,-100,100,"sd","13:49:34",2321000
27800,-100,200,"sd","13:49:34",2320900
27800,-100,900,"sd","13:49:34",2320700
27800,-100,400,"sd","13:49:34",2319800
27800,-100,200,"sd","13:49:31",2319400
27800,-100,100,"sd","13:49:31",2319200
27800,-100,100,"sd","13:48:54",2319100
27800,-100,200,"sd","13:48:54",2319000
27800,-100,2500,"sd","13:48:53",2318800
27800,-100,300,"bu","13:48:26",2316300
27800,-100,300,"bu","13:48:26",2316000
27800,-100,900,"bu","13:48:26",2315700
27800,-100,4100,"bu","13:48:21",2314800
27800,-100,4700,"bu","13:48:21",2310700
27800,-100,7200,"bu","13:48:21",2306000
27800,-100,100,"bu","13:48:16",2298800
27800,-100,100,"bu","13:48:14",2298700
27750,-150,2600,"sd","13:48:12",2298600
27800,-100,200,"bu","13:47:59",2296000
27800,-100,200,"bu","13:47:47",2295800
27800,-100,1000,"bu","13:47:41",2295600
27800,-100,500,"sd","13:47:25",2294600
27800,-100,1000,"sd","13:47:25",2294100
27800,-100,4700,"sd","13:47:25",2293100
27800,-100,100,"sd","13:47:22",2288400
27800,-100,400,"sd","13:47:22",2288300
27800,-100,300,"sd","13:47:01",2287900
27800,-100,2700,"bu","13:46:47",2287600
27800,-100,100,"sd","13:46:46",2284900
27800,-100,1000,"sd","13:46:46",2284800
27800,-100,500,"sd","13:46:46",2283800
27800,-100,5700,"sd","13:46:46",2283300
27800,-100,600,"sd","13:46:42",2277600
27800,-100,500,"sd","13:46:42",2277000
27800,-100,600,"sd","13:46:42",2276500
27800,-100,500,"sd","13:46:42",2275900
27800,-100,500,"sd","13:46:42",2275400
27800,-100,1500,"sd","13:46:42",2274900
27800,-100,100,"sd","13:46:42",2273400
27800,-100,200,"sd","13:46:42",2273300
27800,-100,100,"sd","13:46:42",2273100
27800,-100,400,"sd","13:46:42",2273000
27800,-100,300,"sd","13:46:24",2272600
27800,-100,100,"sd","13:46:16",2272300
27800,-100,200,"sd","13:46:00",2272200
27800,-100,200,"sd","13:46:00",2272000
27800,-100,100,"sd","13:46:00",2271800
27800,-100,100,"sd","13:46:00",2271700
27800,-100,1900,"sd","13:46:00",2271600
27800,-100,100,"sd","13:45:58",2269700
27800,-100,100,"sd","13:45:58",2269600
27800,-100,500,"sd","13:45:58",2269500
27800,-100,900,"sd","13:45:58",2269000
27850,-50,100,"bu","13:45:50",2268100
27850,-50,100,"bu","13:45:38",2268000
27850,-50,200,"bu","13:45:36",2267900
27850,-50,900,"bu","13:45:25",2267700
27850,-50,100,"bu","13:45:22",2266800
27800,-100,1100,"sd","13:45:17",2266700
27800,-100,200,"sd","13:45:17",2265600
27800,-100,1100,"sd","13:45:17",2265400
27800,-100,200,"sd","13:45:08",2264300
27800,-100,100,"sd","13:45:08",2264100
27800,-100,200,"sd","13:44:33",2264000
27800,-100,1000,"sd","13:44:33",2263800
27800,-100,1000,"sd","13:44:33",2262800
27800,-100,1000,"sd","13:44:33",2261800
27800,-100,1700,"sd","13:44:33",2260800
27800,-100,200,"sd","13:44:31",2259100
27800,-100,500,"sd","13:44:17",2258900
27800,-100,300,"sd","13:43:53",2258400
27800,-100,1300,"sd","13:43:50",2258100
27800,-100,1200,"sd","13:43:50",2256800
27800,-100,800,"sd","13:43:32",2255600
27800,-100,100,"sd","13:43:32",2254800
27800,-100,500,"sd","13:43:32",2254700
27800,-100,1000,"sd","13:43:32",2254200
27800,-100,100,"sd","13:43:32",2253200
27800,-100,100,"sd","13:43:32",2253100
27800,-100,12400,"sd","13:43:32",2253000
27800,-100,500,"sd","13:43:22",2240600
27800,-100,2200,"sd","13:43:19",2240100
27800,-100,300,"sd","13:43:16",2237900
27800,-100,4600,"sd","13:43:09",2237600
27800,-100,200,"sd","13:43:09",2233000
27800,-100,800,"sd","13:43:06",2232800
27800,-100,100,"sd","13:43:06",2232000
27800,-100,1700,"sd","13:43:06",2231900
27800,-100,100,"sd","13:43:06",2230200
27800,-100,500,"sd","13:43:06",2230100
27800,-100,200,"sd","13:42:47",2229600
27800,-100,500,"sd","13:42:47",2229400
27800,-100,200,"sd","13:42:47",2228900
27800,-100,500,"sd","13:42:47",2228700
27800,-100,1800,"sd","13:42:47",2228200
27850,-50,500,"bu","13:42:46",2226400
27850,-50,1000,"bu","13:42:27",2225900
27800,-100,2400,"sd","13:42:26",2224900
27800,-100,3200,"sd","13:42:13",2222500
27850,-50,100,"bu","13:42:00",2219300
27800,-100,300,"sd","13:42:00",2219200
27800,-100,3200,"sd","13:41:56",2218900
27800,-100,1600,"sd","13:41:48",2215700
27800,-100,2400,"sd","13:41:45",2214100
27800,-100,3200,"sd","13:41:34",2211700
27800,-100,300,"sd","13:41:23",2208500
27800,-100,1600,"sd","13:41:02",2208200
27800,-100,500,"sd","13:41:02",2206600
27800,-100,1000,"sd","13:41:02",2206100
27800,-100,500,"sd","13:41:02",2205100
27800,-100,100,"sd","13:41:02",2204600
27800,-100,200,"sd","13:41:02",2204500
27800,-100,400,"sd","13:41:02",2204300
27800,-100,300,"sd","13:41:02",2203900
27800,-100,100,"sd","13:41:02",2203600
27800,-100,300,"sd","13:40:45",2203500
27800,-100,10700,"sd","13:40:30",2203200
27800,-100,900,"sd","13:40:30",2192500
27800,-100,300,"sd","13:40:30",2191600
27800,-100,100,"sd","13:40:30",2191300
27800,-100,3000,"sd","13:40:30",2191200
27800,-100,500,"sd","13:40:30",2188200
27800,-100,2000,"sd","13:40:30",2187700
27800,-100,5000,"sd","13:40:30",2185700
27800,-100,100,"sd","13:40:30",2180700
27800,-100,100,"sd","13:40:30",2180600
27800,-100,2000,"sd","13:40:30",2180500
27800,-100,600,"sd","13:40:30",2178500
27800,-100,1000,"sd","13:40:30",2177900
27800,-100,5000,"sd","13:40:30",2176900
27800,-100,100,"sd","13:40:30",2171900
27800,-100,100,"sd","13:40:30",2171800
27800,-100,11800,"sd","13:40:30",2171700
27800,-100,300,"sd","13:40:30",2159900
27800,-100,500,"sd","13:40:30",2159600
27800,-100,200,"sd","13:40:30",2159100
27800,-100,1500,"sd","13:40:30",2158900
27800,-100,1000,"sd","13:40:30",2157400
27800,-100,900,"sd","13:40:30",2156400
27800,-100,6200,"sd","13:40:30",2155500
27800,-100,200,"sd","13:40:30",2149300
27800,-100,200,"sd","13:40:30",2149100
27800,-100,200,"sd","13:40:30",2148900
27800,-100,1000,"sd","13:40:30",2148700
27800,-100,400,"sd","13:40:30",2147700
27800,-100,200,"sd","13:40:30",2147300
27800,-100,10000,"sd","13:40:30",2147100
27800,-100,100,"sd","13:40:30",2137100
27800,-100,3000,"sd","13:40:30",2137000
27800,-100,100,"sd","13:40:30",2134000
27800,-100,400,"sd","13:40:30",2133900
27800,-100,1000,"sd","13:40:30",2133500
27800,-100,17000,"sd","13:40:30",2132500
27800,-100,100,"sd","13:40:30",2115500
27800,-100,100,"sd","13:40:30",2115400
27800,-100,400,"sd","13:40:30",2115300
27800,-100,500,"sd","13:40:30",2114900
27800,-100,1000,"sd","13:40:30",2114400
27800,-100,200,"sd","13:40:30",2113400
27850,-50,600,"bu","13:40:25",2113200
27850,-50,200,"bu","13:40:23",2112600
27850,-50,100,"sd","13:40:23",2112400
27850,-50,1000,"sd","13:40:23",2112300
27850,-50,4800,"sd","13:40:23",2111300
27850,-50,3000,"sd","13:40:23",2106500
27850,-50,100,"sd","13:40:23",2103500
27850,-50,500,"sd","13:40:23",2103400
27850,-50,7100,"sd","13:40:23",2102900
27850,-50,2400,"sd","13:40:20",2095800
27850,-50,300,"sd","13:40:08",2093400
27850,-50,300,"sd","13:39:30",2093100
27850,-50,2300,"sd","13:38:55",2092800
27850,-50,300,"sd","13:38:53",2090500
27850,-50,300,"bu","13:38:31",2090200
27850,-50,2300,"bu","13:38:31",2089900
27850,-50,1000,"bu","13:38:31",2087600
27850,-50,300,"bu","13:38:31",2086600
27850,-50,3400,"bu","13:38:31",2086300
27850,-50,200,"bu","13:38:16",2082900
27850,-50,1000,"bu","13:38:09",2082700
27850,-50,100,"bu","13:37:59",2081700
27850,-50,100,"bu","13:37:52",2081600
27850,-50,100,"bu","13:37:46",2081500
27850,-50,4200,"bu","13:37:29",2081400
27850,-50,800,"bu","13:37:29",2077200
27850,-50,200,"bu","13:37:29",2076400
27850,-50,100,"sd","13:37:08",2076200
27850,-50,300,"sd","13:37:08",2076100
27850,-50,300,"sd","13:37:00",2075800
27850,-50,900,"sd","13:36:57",2075500
27850,-50,100,"sd","13:36:57",2074600
27850,-50,100,"sd","13:36:50",2074500
27850,-50,100,"sd","13:36:50",2074400
27850,-50,100,"sd","13:36:50",2074300
27850,-50,400,"sd","13:36:50",2074200
27850,-50,1600,"sd","13:36:50",2073800
27900,0,1000,"bu","13:36:33",2072200
27850,-50,300,"sd","13:36:22",2071200
27850,-50,1000,"sd","13:36:12",2070900
27900,0,600,"bu","13:36:03",2069900
27900,0,300,"bu","13:36:03",2069300
27900,0,1000,"bu","13:36:03",2069000
27900,0,3100,"bu","13:36:03",2068000
27850,-50,100,"sd","13:35:53",2064900
27850,-50,100,"sd","13:35:48",2064800
27850,-50,300,"sd","13:35:45",2064700
27850,-50,1000,"sd","13:35:28",2064400
27850,-50,2300,"sd","13:35:26",2063400
27850,-50,300,"sd","13:35:07",2061100
27850,-50,2200,"sd","13:34:54",2060800
27850,-50,300,"sd","13:34:54",2058600
27850,-50,500,"sd","13:34:54",2058300
27850,-50,700,"bu","13:34:53",2057800
27850,-50,600,"bu","13:34:46",2057100
27850,-50,200,"bu","13:34:46",2056500
27800,-100,1500,"sd","13:34:45",2056300
27850,-50,1000,"bu","13:34:41",2054800
27850,-50,1000,"bu","13:34:31",2053800
27850,-50,500,"bu","13:34:10",2052800
27850,-50,1500,"bu","13:34:10",2052300
27850,-50,200,"bu","13:34:08",2050800
27850,-50,200,"bu","13:34:04",2050600
27850,-50,200,"bu","13:34:03",2050400
27850,-50,2900,"bu","13:34:03",2050200
27850,-50,100,"sd","13:33:52",2047300
27850,-50,200,"sd","13:33:52",2047200
27850,-50,300,"bu","13:33:42",2047000
27850,-50,300,"bu","13:33:42",2046700
27850,-50,1600,"bu","13:33:41",2046400
27850,-50,300,"bu","13:33:41",2044800
27850,-50,300,"bu","13:33:41",2044500
27850,-50,1800,"bu","13:33:41",2044200
27850,-50,100,"bu","13:33:14",2042400
27850,-50,100,"bu","13:33:06",2042300
27850,-50,1200,"bu","13:32:48",2042200
27850,-50,800,"bu","13:32:45",2041000
27850,-50,400,"bu","13:32:42",2040200
27850,-50,200,"bu","13:32:42",2039800
27850,-50,300,"bu","13:32:42",2039600
27850,-50,3800,"bu","13:32:34",2039300
27850,-50,1900,"bu","13:32:34",2035500
27850,-50,300,"bu","13:32:34",2033600
27850,-50,100,"bu","13:32:31",2033300
27850,-50,400,"bu","13:32:06",2033200
27850,-50,600,"bu","13:32:06",2032800
27850,-50,300,"bu","13:31:48",2032200
27800,-100,8100,"sd","13:31:30",2031900
27800,-100,18500,"sd","13:31:30",2023800
27800,-100,1500,"sd","13:31:30",2005300
27800,-100,500,"sd","13:31:30",2003800
27800,-100,200,"sd","13:31:30",2003300
27800,-100,1000,"sd","13:31:30",2003100
27800,-100,500,"sd","13:31:30",2002100
27800,-100,200,"sd","13:31:30",2001600
27800,-100,10000,"sd","13:31:30",2001400
27800,-100,2000,"sd","13:31:30",1991400
27800,-100,100,"sd","13:31:30",1989400
27800,-100,200,"sd","13:31:30",1989300
27800,-100,10000,"sd","13:31:30",1989100
27800,-100,100,"sd","13:31:30",1979100
27800,-100,1000,"sd","13:31:30",1979000
27800,-100,1500,"sd","13:31:30",1978000
27800,-100,1000,"sd","13:31:30",1976500
27800,-100,2000,"sd","13:31:30",1975500
27800,-100,3000,"sd","13:31:30",1973500
27800,-100,100,"sd","13:31:30",1970500
27800,-100,100,"sd","13:31:30",1970400
27800,-100,300,"sd","13:31:30",1970300
27800,-100,4000,"sd","13:31:30",1970000
27800,-100,100,"sd","13:31:30",1966000
27800,-100,10000,"sd","13:31:30",1965900
27800,-100,3000,"sd","13:31:30",1955900
27800,-100,500,"sd","13:31:30",1952900
27800,-100,100,"sd","13:31:30",1952400
27800,-100,20000,"sd","13:31:30",1952300
27800,-100,11100,"sd","13:31:30",1932300
27800,-100,100,"sd","13:31:30",1921200
27800,-100,100,"sd","13:31:30",1921100
27800,-100,5000,"sd","13:31:30",1921000
27800,-100,5000,"sd","13:31:30",1916000
27800,-100,1000,"sd","13:31:30",1911000
27800,-100,100,"sd","13:31:30",1910000
27800,-100,100,"sd","13:31:30",1909900
27800,-100,800,"sd","13:31:30",1909800
27800,-100,6600,"sd","13:31:30",1909000
27800,-100,500,"sd","13:31:30",1902400
27850,-50,1000,"bu","13:31:18",1901900
27850,-50,100,"bu","13:31:18",1900900
27850,-50,5000,"bu","13:31:18",1900800
27850,-50,5000,"bu","13:31:18",1895800
27850,-50,18500,"bu","13:31:18",1890800
27850,-50,1500,"bu","13:31:18",1872300
27850,-50,500,"unknown","13:31:18",1870800
27850,-50,1500,"sd","13:31:17",1870300
27850,-50,1000,"sd","13:31:17",1868800
27850,-50,200,"sd","13:31:17",1867800
27850,-50,100,"sd","13:31:17",1867600
27850,-50,2000,"sd","13:31:17",1867500
27850,-50,100,"sd","13:31:17",1865500
27850,-50,500,"sd","13:31:17",1865400
27850,-50,1000,"sd","13:31:17",1864900
27850,-50,100,"sd","13:31:17",1863900
27850,-50,100,"sd","13:31:17",1863800
27850,-50,900,"sd","13:31:17",1863700
27900,0,1000,"bu","13:30:53",1862800
27900,0,3200,"bu","13:30:29",1861800
27850,-50,100,"sd","13:30:29",1858600
27850,-50,1000,"sd","13:30:29",1858500
27850,-50,1100,"sd","13:30:29",1857500
27900,0,1600,"bu","13:30:18",1856400
27900,0,1600,"bu","13:30:07",1854800
27850,-50,300,"sd","13:30:06",1853200
27850,-50,3400,"sd","13:30:03",1852900
27900,0,1600,"bu","13:29:55",1849500
27850,-50,4300,"sd","13:29:37",1847900
27900,0,1500,"bu","13:29:35",1843600
27850,-50,300,"sd","13:29:29",1842100
27850,-50,600,"sd","13:29:17",1841800
27850,-50,200,"sd","13:29:17",1841200
27850,-50,100,"sd","13:29:17",1841000
27850,-50,100,"sd","13:29:17",1840900
27850,-50,1000,"sd","13:29:17",1840800
27850,-50,300,"sd","13:29:17",1839800
27850,-50,1000,"sd","13:29:17",1839500
27850,-50,10000,"sd","13:29:15",1838500
27900,0,5000,"bu","13:29:10",1828500
27850,-50,500,"sd","13:29:04",1823500
27850,-50,2100,"sd","13:28:55",1823000
27900,0,100,"bu","13:28:54",1820900
27900,0,500,"bu","13:28:50",1820800
27850,-50,4900,"sd","13:28:41",1820300
27850,-50,100,"sd","13:28:41",1815400
27850,-50,500,"sd","13:28:34",1815300
27850,-50,500,"sd","13:28:34",1814800
27850,-50,900,"sd","13:28:34",1814300
27850,-50,1400,"sd","13:28:34",1813400
27850,-50,100,"sd","13:28:14",1812000
27850,-50,200,"sd","13:28:14",1811900
27850,-50,100,"sd","13:28:13",1811700
27850,-50,400,"sd","13:28:13",1811600
27850,-50,1600,"sd","13:28:13",1811200
27850,-50,3400,"sd","13:28:05",1809600
27850,-50,1000,"sd","13:28:05",1806200
27850,-50,29000,"sd","13:28:05",1805200
27850,-50,3500,"sd","13:28:05",1776200
27850,-50,100,"sd","13:28:05",1772700
27850,-50,18500,"sd","13:28:05",1772600
27850,-50,900,"sd","13:28:05",1754100
27850,-50,1500,"sd","13:28:05",1753200
27850,-50,500,"sd","13:28:05",1751700
27850,-50,500,"sd","13:28:05",1751200
27850,-50,1000,"sd","13:28:05",1750700
27850,-50,100,"sd","13:28:05",1749700
27850,-50,3300,"sd","13:27:52",1749600
27850,-50,300,"sd","13:27:36",1746300
27850,-50,10000,"sd","13:27:22",1746000
27850,-50,100,"sd","13:27:18",1736000
27850,-50,1300,"sd","13:27:10",1735900
27850,-50,1500,"sd","13:27:10",1734600
27850,-50,500,"sd","13:27:09",1733100
27850,-50,200,"sd","13:27:09",1732600
27850,-50,300,"sd","13:26:59",1732400
27800,-100,300,"sd","13:26:26",1732100
27850,-50,2900,"sd","13:26:26",1731800
27850,-50,300,"sd","13:26:21",1728900
27850,-50,1500,"sd","13:26:17",1728600
27850,-50,500,"sd","13:26:17",1727100
27850,-50,17700,"sd","13:26:17",1726600
27850,-50,1800,"sd","13:26:17",1708900
27850,-50,18500,"sd","13:26:17",1707100
27850,-50,800,"sd","13:25:45",1688600
27850,-50,100,"sd","13:25:45",1687800
27850,-50,1500,"sd","13:25:45",1687700
27850,-50,500,"sd","13:25:45",1686200
27850,-50,500,"sd","13:25:45",1685700
27900,0,800,"bu","13:25:28",1685200
27900,0,800,"bu","13:25:28",1684400
27900,0,900,"bu","13:25:26",1683600
27900,0,200,"bu","13:25:17",1682700
27850,-50,300,"sd","13:25:06",1682500
27850,-50,500,"sd","13:25:01",1682200
27850,-50,200,"sd","13:25:01",1681700
27850,-50,500,"sd","13:25:01",1681500
27850,-50,500,"sd","13:25:01",1681000
27850,-50,100,"sd","13:25:01",1680500
27850,-50,400,"sd","13:25:01",1680400
27850,-50,1000,"sd","13:25:01",1680000
27850,-50,18000,"sd","13:24:40",1679000
27850,-50,1500,"sd","13:24:40",1661000
27850,-50,500,"sd","13:24:40",1659500
27850,-50,18500,"sd","13:24:40",1659000
27850,-50,300,"sd","13:24:40",1640500
27850,-50,1200,"sd","13:24:40",1640200
27900,0,100,"bu","13:24:39",1639000
27900,0,100,"sd","13:24:29",1638900
27900,0,900,"sd","13:24:29",1638800
27900,0,300,"sd","13:24:28",1637900
27900,0,400,"sd","13:24:20",1637600
27900,0,3200,"sd","13:24:20",1637200
27900,0,300,"bu","13:24:09",1634000
27900,0,100,"bu","13:24:09",1633700
27900,0,2900,"bu","13:24:09",1633600
27900,0,300,"bu","13:24:09",1630700
27900,0,4300,"bu","13:24:09",1630400
27900,0,5700,"bu","13:24:07",1626100
27900,0,3300,"bu","13:24:07",1620400
27900,0,300,"bu","13:24:07",1617100
27900,0,300,"bu","13:24:07",1616800
27900,0,400,"bu","13:24:07",1616500
27900,0,900,"bu","13:24:06",1616100
27900,0,300,"bu","13:24:03",1615200
27900,0,1600,"bu","13:24:01",1614900
27850,-50,300,"sd","13:23:51",1613300
27800,-100,300,"sd","13:23:34",1613000
27850,-50,500,"sd","13:23:34",1612700
27850,-50,100,"sd","13:23:34",1612200
27850,-50,500,"sd","13:23:34",1612100
27850,-50,1900,"sd","13:23:34",1611600
27900,0,100,"bu","13:23:19",1609700
27900,0,300,"bu","13:23:19",1609600
27900,0,1000,"bu","13:23:19",1609300
27900,0,200,"bu","13:23:19",1608300
27850,-50,300,"sd","13:23:13",1608100
27850,-50,1500,"sd","13:23:00",1607800
27850,-50,6000,"sd","13:23:00",1606300
27850,-50,100,"sd","13:23:00",1600300
27850,-50,11000,"sd","13:23:00",1600200
27850,-50,100,"sd","13:23:00",1589200
27850,-50,200,"sd","13:23:00",1589100
27850,-50,900,"sd","13:23:00",1588900
27850,-50,18500,"sd","13:23:00",1588000
27850,-50,100,"sd","13:23:00",1569500
27850,-50,1600,"sd","13:23:00",1569400
27850,-50,500,"sd","13:22:52",1567800
27850,-50,100,"sd","13:22:52",1567300
27850,-50,100,"sd","13:22:52",1567200
27850,-50,200,"sd","13:22:52",1567100
27850,-50,500,"sd","13:22:52",1566900
27850,-50,400,"sd","13:22:52",1566400
27850,-50,1500,"sd","13:22:52",1566000
27900,0,100,"bu","13:22:09",1564500
27900,0,200,"bu","13:22:09",1564400
27850,-50,3500,"sd","13:22:09",1564200
27900,0,100,"bu","13:22:01",1560700
27900,0,900,"bu","13:21:49",1560600
27900,0,400,"bu","13:21:42",1559700
27900,0,1600,"bu","13:21:37",1559300
27900,0,1600,"bu","13:21:28",1557700
27900,0,100,"bu","13:21:18",1556100
27900,0,100,"bu","13:21:09",1556000
27900,0,900,"bu","13:21:09",1555900
27900,0,100,"bu","13:20:58",1555000
27900,0,900,"bu","13:20:58",1554900
27900,0,600,"bu","13:20:58",1554000
27900,0,1600,"bu","13:20:50",1553400
27900,0,1600,"bu","13:20:04",1551800
27850,-50,800,"sd","13:20:00",1550200
27850,-50,2600,"sd","13:20:00",1549400
27850,-50,200,"sd","13:19:28",1546800
27850,-50,1600,"sd","13:19:24",1546600
27850,-50,300,"sd","13:19:24",1545000
27850,-50,6800,"sd","13:19:24",1544700
27850,-50,2200,"sd","13:19:24",1537900
27850,-50,18600,"sd","13:19:24",1535700
27850,-50,1500,"sd","13:19:24",1517100
27850,-50,500,"sd","13:19:24",1515600
27850,-50,8500,"sd","13:19:24",1515100
27850,-50,3200,"sd","13:19:16",1506600
27850,-50,300,"sd","13:18:50",1503400
27850,-50,2700,"sd","13:18:35",1503100
27850,-50,500,"sd","13:18:35",1500400
27850,-50,300,"bu","13:18:31",1499900
27850,-50,1000,"bu","13:18:31",1499600
27850,-50,500,"bu","13:18:31",1498600
27850,-50,16200,"bu","13:18:31",1498100
27850,-50,200,"bu","13:18:28",1481900
27850,-50,1500,"bu","13:18:26",1481700
27850,-50,100,"bu","13:18:23",1480200
27850,-50,500,"bu","13:18:23",1480100
27850,-50,100,"bu","13:18:20",1479600
27850,-50,1000,"bu","13:18:15",1479500
27800,-100,300,"sd","13:18:12",1478500
27800,-100,3400,"sd","13:17:54",1478200
27850,-50,400,"bu","13:17:49",1474800
27850,-50,2600,"bu","13:17:49",1474400
27850,-50,500,"bu","13:17:37",1471800
27850,-50,100,"bu","13:17:37",1471300
27850,-50,300,"bu","13:17:37",1471200
27850,-50,600,"bu","13:17:37",1470900
27850,-50,1000,"bu","13:17:23",1470300
27800,-100,100,"sd","13:17:11",1469300
27800,-100,100,"sd","13:17:11",1469200
27800,-100,100,"sd","13:17:11",1469100
27800,-100,1800,"sd","13:17:11",1469000
27800,-100,400,"sd","13:17:11",1467200
27800,-100,900,"sd","13:17:11",1466800
27800,-100,300,"sd","13:17:11",1465900
27850,-50,500,"bu","13:17:04",1465600
27850,-50,1100,"bu","13:16:58",1465100
27850,-50,900,"bu","13:16:58",1464000
27800,-100,200,"sd","13:16:57",1463100
27800,-100,100,"sd","13:16:57",1462900
27800,-100,100,"sd","13:16:33",1462800
27800,-100,100,"sd","13:16:33",1462700
27800,-100,10000,"sd","13:16:33",1462600
27800,-100,100,"sd","13:16:33",1452600
27800,-100,100,"sd","13:16:33",1452500
27800,-100,400,"sd","13:16:33",1452400
27800,-100,500,"sd","13:16:33",1452000
27800,-100,500,"sd","13:16:33",1451500
27800,-100,100,"sd","13:16:33",1451000
27800,-100,200,"sd","13:16:33",1450900
27800,-100,2200,"sd","13:16:33",1450700
27800,-100,11200,"sd","13:16:33",1448500
27800,-100,5000,"sd","13:16:33",1437300
27800,-100,1700,"sd","13:16:33",1432300
27800,-100,100,"sd","13:16:33",1430600
27800,-100,10000,"sd","13:16:33",1430500
27800,-100,300,"sd","13:16:33",1420500
27800,-100,600,"sd","13:16:33",1420200
27800,-100,500,"sd","13:16:33",1419600
27800,-100,100,"sd","13:16:33",1419100
27800,-100,200,"sd","13:16:33",1419000
27800,-100,300,"sd","13:16:33",1418800
27800,-100,1000,"sd","13:16:33",1418500
27800,-100,2100,"sd","13:16:33",1417500
27800,-100,100,"sd","13:16:33",1415400
27800,-100,6500,"sd","13:16:33",1415300
27800,-100,100,"sd","13:16:33",1408800
27800,-100,100,"sd","13:16:33",1408700
27800,-100,1000,"sd","13:16:33",1408600
27800,-100,500,"sd","13:16:33",1407600
27800,-100,2400,"sd","13:16:33",1407100
27800,-100,100,"sd","13:16:33",1404700
27800,-100,300,"sd","13:16:33",1404600
27800,-100,20000,"sd","13:16:33",1404300
27800,-100,100,"sd","13:16:33",1384300
27800,-100,100,"sd","13:16:33",1384200
27800,-100,100,"sd","13:16:33",1384100
27800,-100,100,"sd","13:16:33",1384000
27800,-100,100,"sd","13:16:33",1383900
27800,-100,100,"sd","13:16:33",1383800
27800,-100,1600,"sd","13:16:33",1383700
27800,-100,100,"sd","13:16:33",1382100
27800,-100,100,"sd","13:16:33",1382000
27800,-100,500,"sd","13:16:33",1381900
27800,-100,5000,"sd","13:16:33",1381400
27800,-100,3000,"sd","13:16:33",1376400
27800,-100,100,"sd","13:16:33",1373400
27800,-100,500,"sd","13:16:33",1373300
27850,-50,900,"bu","13:16:22",1372800
27850,-50,100,"bu","13:16:18",1371900
27850,-50,1000,"bu","13:16:17",1371800
27850,-50,200,"bu","13:16:11",1370800
27850,-50,1000,"bu","13:16:11",1370600
27850,-50,100,"bu","13:16:11",1369600
27850,-50,1000,"bu","13:16:11",1369500
27850,-50,1000,"bu","13:16:11",1368500
27850,-50,1800,"bu","13:16:11",1367500
27850,-50,100,"sd","13:16:11",1365700
27850,-50,2000,"sd","13:16:11",1365600
27850,-50,500,"sd","13:16:11",1363600
27850,-50,100,"sd","13:16:11",1363100
27850,-50,1000,"sd","13:16:11",1363000
27850,-50,300,"sd","13:16:11",1362000
27850,-50,300,"sd","13:15:42",1361700
27850,-50,100,"sd","13:15:39",1361400
27850,-50,2500,"sd","13:15:39",1361300
27850,-50,500,"sd","13:15:39",1358800
27850,-50,500,"sd","13:15:39",1358300
27850,-50,100,"sd","13:15:39",1357800
27850,-50,21500,"sd","13:15:39",1357700
27850,-50,100,"sd","13:15:39",1336200
27850,-50,1500,"sd","13:15:39",1336100
27850,-50,3500,"sd","13:15:39",1334600
27850,-50,500,"sd","13:15:39",1331100
27850,-50,200,"sd","13:15:39",1330600
27850,-50,500,"sd","13:15:39",1330400
27850,-50,100,"sd","13:15:39",1329900
27850,-50,100,"sd","13:15:39",1329800
27850,-50,600,"sd","13:15:39",1329700
27850,-50,18500,"sd","13:15:39",1329100
27850,-50,200,"sd","13:15:39",1310600
27850,-50,100,"sd","13:15:39",1310400
27850,-50,1500,"sd","13:15:39",1310300
27850,-50,500,"sd","13:15:39",1308800
27850,-50,100,"sd","13:15:39",1308300
27850,-50,2200,"sd","13:15:39",1308200
27850,-50,300,"sd","13:15:39",1306000
27850,-50,100,"sd","13:15:39",1305700
27850,-50,1000,"sd","13:15:39",1305600
27850,-50,2000,"sd","13:15:39",1304600
27850,-50,100,"sd","13:15:39",1302600
27850,-50,100,"sd","13:15:39",1302500
27850,-50,1000,"sd","13:15:39",1302400
27900,0,7300,"sd","13:15:31",1301400
27900,0,500,"sd","13:15:31",1294100
27900,0,400,"sd","13:15:31",1293600
27900,0,100,"sd","13:15:31",1293200
27900,0,100,"sd","13:15:31",1293100
27900,0,1000,"sd","13:15:31",1293000
27900,0,100,"sd","13:15:31",1292000
27900,0,100,"sd","13:15:31",1291900
27900,0,6500,"sd","13:15:31",1291800
27900,0,100,"sd","13:15:31",1285300
27900,0,4800,"sd","13:15:31",1285200
27900,0,100,"sd","13:15:31",1280400
27900,0,900,"sd","13:15:31",1280300
27900,0,100,"sd","13:15:31",1279400
27900,0,2000,"sd","13:15:31",1279300
27900,0,900,"sd","13:15:31",1277300
27900,0,11200,"sd","13:15:31",1276400
27950,50,900,"sd","13:15:13",1265200
27950,50,100,"sd","13:15:13",1264300
27950,50,900,"sd","13:15:13",1264200
27950,50,300,"sd","13:15:13",1263300
27950,50,300,"sd","13:15:04",1263000
27950,50,3500,"sd","13:15:01",1262700
27950,50,500,"sd","13:14:28",1259200
27950,50,300,"sd","13:14:27",1258700
27950,50,1000,"sd","13:14:17",1258400
27950,50,1200,"sd","13:14:17",1257400
27950,50,100,"sd","13:14:17",1256200
27950,50,900,"sd","13:14:17",1256100
27950,50,200,"sd","13:14:13",1255200
27950,50,100,"sd","13:14:02",1255000
27950,50,100,"sd","13:13:52",1254900
27950,50,300,"sd","13:13:49",1254800
27950,50,3600,"sd","13:13:35",1254500
27950,50,1000,"sd","13:13:18",1250900
27950,50,300,"sd","13:13:12",1249900
27950,50,200,"sd","13:12:50",1249600
27950,50,200,"sd","13:12:50",1249400
27950,50,900,"sd","13:12:50",1249200
27950,50,1900,"sd","13:12:50",1248300
27950,50,1100,"sd","13:12:48",1246400
27950,50,300,"sd","13:12:34",1245300
27950,50,3200,"sd","13:12:08",1245000
27950,50,200,"sd","13:12:08",1241800
27950,50,300,"sd","13:11:57",1241600
27950,50,3300,"sd","13:11:24",1241300
27950,50,300,"sd","13:11:19",1238000
27950,50,3300,"sd","13:10:43",1237700
27950,50,300,"sd","13:10:41",1234400
27950,50,5000,"bu","13:10:37",1234100
27950,50,400,"bu","13:10:37",1229100
27950,50,500,"bu","13:10:37",1228700
27950,50,300,"bu","13:10:37",1228200
27950,50,300,"bu","13:10:37",1227900
27950,50,300,"bu","13:10:37",1227600
27950,50,300,"bu","13:10:37",1227300
27950,50,300,"bu","13:10:37",1227000
27950,50,300,"bu","13:10:37",1226700
27950,50,4600,"bu","13:10:37",1226400
27950,50,1600,"bu","13:10:20",1221800
27950,50,100,"bu","13:10:16",1220200
27950,50,3000,"bu","13:10:16",1220100
27900,0,300,"sd","13:10:05",1217100
27900,0,3400,"sd","13:10:01",1216800
27950,50,1600,"bu","13:09:41",1213400
27900,0,300,"sd","13:09:26",1211800
27900,0,3200,"sd","13:09:17",1211500
27900,0,100,"sd","13:09:07",1208300
27900,0,400,"sd","13:09:07",1208200
27950,50,900,"bu","13:09:06",1207800
27950,50,1000,"bu","13:08:58",1206900
27900,0,300,"sd","13:08:49",1205900
27900,0,800,"sd","13:08:35",1205600
27900,0,500,"sd","13:08:35",1204800
27900,0,100,"sd","13:08:35",1204300
27900,0,900,"sd","13:08:35",1204200
27900,0,1100,"sd","13:08:35",1203300
27900,0,300,"sd","13:08:11",1202200
27900,0,3200,"sd","13:07:53",1201900
27900,0,200,"sd","13:07:34",1198700
27900,0,3200,"sd","13:07:11",1198500
27900,0,300,"sd","13:06:56",1195300
27900,0,3300,"sd","13:06:30",1195000
27900,0,300,"sd","13:06:18",1191700
27900,0,3200,"sd","13:05:49",1191400
27900,0,300,"sd","13:05:41",1188200
27900,0,3100,"sd","13:05:07",1187900
27900,0,100,"sd","13:05:07",1184800
27900,0,300,"sd","13:05:03",1184700
27900,0,400,"sd","13:04:32",1184400
27900,0,300,"sd","13:04:26",1184000
27900,0,400,"sd","13:04:25",1183700
27900,0,500,"sd","13:04:25",1183300
27900,0,2300,"sd","13:04:25",1182800
27900,0,300,"sd","13:03:48",1180500
27900,0,400,"sd","13:03:45",1180200
27900,0,3000,"sd","13:03:45",1179800
27900,0,300,"sd","13:03:10",1176800
27900,0,1700,"sd","13:03:01",1176500
27900,0,500,"sd","13:03:01",1174800
27900,0,1200,"sd","13:03:01",1174300
27900,0,300,"bu","13:02:40",1173100
27900,0,400,"bu","13:02:40",1172800
27900,0,100,"bu","13:02:40",1172400
27900,0,3000,"bu","13:02:28",1172300
27900,0,200,"bu","13:02:20",1169300
27900,0,1300,"bu","13:02:20",1169100
27900,0,3700,"bu","13:02:16",1167800
27900,0,100,"bu","13:02:13",1164100
27900,0,200,"bu","13:02:13",1164000
27900,0,100,"bu","13:02:10",1163800
27850,-50,300,"sd","13:01:55",1163700
27850,-50,300,"sd","13:01:18",1163400
27850,-50,200,"sd","13:00:56",1163100
27850,-50,100,"sd","13:00:56",1162900
27850,-50,100,"sd","13:00:56",1162800
27900,0,3400,"bu","13:00:38",1162700
27900,0,300,"bu","13:00:38",1159300
27900,0,200,"bu","13:00:35",1159000
27900,0,100,"bu","13:00:35",1158800
27900,0,100,"bu","13:00:32",1158700
27900,0,100,"bu","13:00:07",1158600
27900,0,300,"bu","13:00:07",1158500
27900,0,100,"bu","13:00:07",1158200
27900,0,200,"bu","13:00:05",1158100
27900,0,1000,"bu","13:00:02",1157900
27900,0,1500,"bu","13:00:02",1156900
27900,0,100,"bu","13:00:01",1155400
27900,0,300,"bu","13:00:01",1155300
27900,0,300,"bu","13:00:01",1155000
27900,0,300,"bu","13:00:01",1154700
27900,0,200,"bu","13:00:00",1154400
27900,0,500,"bu","13:00:00",1154200
27900,0,2300,"bu","11:29:55",1153700
27900,0,300,"bu","11:29:55",1151400
27900,0,1100,"bu","11:29:55",1151100
27900,0,300,"bu","11:29:49",1150000
27900,0,100,"bu","11:29:46",1149700
27900,0,100,"bu","11:29:16",1149600
27900,0,1000,"bu","11:29:12",1149500
27900,0,600,"bu","11:28:58",1148500
27900,0,300,"bu","11:28:58",1147900
27900,0,2800,"bu","11:28:58",1147600
27900,0,300,"bu","11:28:54",1144800
27900,0,100,"bu","11:28:51",1144500
27900,0,300,"bu","11:28:35",1144400
27900,0,3400,"bu","11:28:35",1144100
27900,0,300,"bu","11:28:30",1140700
27900,0,100,"bu","11:28:27",1140400
27900,0,100,"bu","11:28:24",1140300
27900,0,100,"bu","11:28:10",1140200
27900,0,200,"bu","11:27:51",1140100
27900,0,400,"bu","11:27:50",1139900
27900,0,1700,"sd","11:27:16",1139500
27900,0,100,"sd","11:27:16",1137800
27900,0,900,"sd","11:27:16",1137700
27900,0,100,"sd","11:27:16",1136800
27900,0,200,"sd","11:27:16",1136700
27900,0,2600,"sd","11:27:16",1136500
27900,0,5000,"sd","11:27:11",1133900
27900,0,3400,"sd","11:27:01",1128900
27900,0,100,"sd","11:26:55",1125500
27900,0,200,"sd","11:26:55",1125400
27900,0,300,"sd","11:26:51",1125200
27900,0,700,"sd","11:26:51",1124900
27900,0,1000,"sd","11:26:18",1124200
27900,0,1000,"sd","11:26:18",1123200
27900,0,1000,"sd","11:26:18",1122200
27900,0,200,"sd","11:26:18",1121200
27900,0,300,"sd","11:26:17",1121000
27900,0,3900,"sd","11:25:44",1120700
27900,0,1000,"sd","11:25:40",1116800
27900,0,300,"sd","11:25:39",1115800
27900,0,3300,"sd","11:25:37",1115500
27900,0,5000,"sd","11:25:18",1112200
27900,0,200,"sd","11:25:02",1107200
27900,0,300,"sd","11:25:01",1107000
27900,0,3200,"sd","11:24:55",1106700
27900,0,500,"bu","11:24:42",1103500
27900,0,300,"bu","11:24:42",1103000
27900,0,1500,"bu","11:24:38",1102700
27900,0,500,"bu","11:24:34",1101200
27900,0,1000,"bu","11:24:27",1100700
27900,0,3200,"bu","11:24:27",1099700
27900,0,300,"bu","11:24:27",1096500
27900,0,800,"bu","11:24:27",1096200
27900,0,300,"bu","11:24:27",1095400
27900,0,100,"bu","11:24:23",1095100
27900,0,100,"bu","11:23:48",1095000
27900,0,400,"bu","11:23:47",1094900
27900,0,3500,"bu","11:23:38",1094500
27900,0,100,"bu","11:23:31",1091000
27900,0,1000,"bu","11:23:20",1090900
27900,0,1000,"bu","11:23:20",1089900
27900,0,400,"bu","11:23:20",1088900
27900,0,800,"bu","11:23:20",1088500
27900,0,500,"bu","11:23:20",1087700
27900,0,300,"bu","11:23:17",1087200
27900,0,100,"bu","11:23:15",1086900
27900,0,200,"bu","11:23:10",1086800
27900,0,300,"bu","11:23:05",1086600
27900,0,600,"bu","11:23:05",1086300
27900,0,2800,"bu","11:23:05",1085700
27900,0,300,"bu","11:23:02",1082900
27900,0,100,"bu","11:23:01",1082600
27850,-50,3500,"sd","11:22:50",1082500
27850,-50,300,"sd","11:22:32",1079000
27850,-50,3200,"sd","11:22:07",1078700
27850,-50,300,"sd","11:21:54",1075500
27850,-50,1000,"sd","11:21:52",1075200
27850,-50,1000,"sd","11:21:51",1074200
27850,-50,3400,"sd","11:21:24",1073200
27850,-50,1600,"sd","11:21:19",1069800
27850,-50,100,"sd","11:21:16",1068200
27850,-50,200,"sd","11:21:16",1068100
27850,-50,1300,"sd","11:21:11",1067900
27850,-50,300,"sd","11:21:11",1066600
27900,0,300,"bu","11:20:48",1066300
27900,0,1900,"bu","11:20:45",1066000
27900,0,1800,"bu","11:20:45",1064100
27850,-50,200,"sd","11:20:43",1062300
27850,-50,1000,"sd","11:20:43",1062100
27850,-50,200,"sd","11:20:43",1061100
27850,-50,200,"sd","11:20:43",1060900
27850,-50,100,"sd","11:20:43",1060700
27850,-50,100,"sd","11:20:43",1060600
27850,-50,500,"sd","11:20:43",1060500
27850,-50,900,"sd","11:20:43",1060000
27900,0,300,"bu","11:20:41",1059100
27850,-50,100,"sd","11:20:41",1058800
27850,-50,500,"sd","11:20:41",1058700
27850,-50,500,"sd","11:20:41",1058200
27850,-50,1000,"sd","11:20:41",1057700
27850,-50,100,"sd","11:20:41",1056700
27850,-50,200,"sd","11:20:41",1056600
27850,-50,100,"sd","11:20:41",1056400
27850,-50,100,"sd","11:20:41",1056300
27850,-50,100,"sd","11:20:41",1056200
27850,-50,500,"sd","11:20:41",1056100
27850,-50,200,"sd","11:20:41",1055600
27850,-50,300,"sd","11:20:39",1055400
27850,-50,700,"sd","11:20:39",1055100
27850,-50,300,"sd","11:20:39",1054400
27900,0,100,"bu","11:20:39",1054100
27850,-50,1000,"sd","11:20:07",1054000
27850,-50,500,"sd","11:20:07",1053000
27850,-50,300,"sd","11:20:01",1052500
27850,-50,200,"sd","11:19:58",1052200
27850,-50,100,"sd","11:19:58",1052000
27850,-50,300,"sd","11:19:58",1051900
27850,-50,200,"sd","11:19:58",1051600
27850,-50,1000,"sd","11:19:58",1051400
27850,-50,1000,"sd","11:19:58",1050400
27850,-50,400,"sd","11:19:58",1049400
27850,-50,600,"sd","11:19:44",1049000
27850,-50,300,"sd","11:19:24",1048400
27850,-50,3300,"sd","11:19:16",1048100
27850,-50,300,"sd","11:18:46",1044800
27850,-50,3300,"sd","11:18:35",1044500
27850,-50,300,"sd","11:18:08",1041200
27850,-50,1500,"sd","11:17:52",1040900
27850,-50,200,"sd","11:17:51",1039400
27850,-50,100,"sd","11:17:51",1039200
27850,-50,500,"sd","11:17:51",1039100
27850,-50,1200,"sd","11:17:51",1038600
27900,0,7000,"bu","11:17:42",1037400
27850,-50,300,"sd","11:17:31",1030400
27850,-50,3500,"sd","11:17:07",1030100
27850,-50,300,"sd","11:16:53",1026600
27850,-50,1600,"sd","11:16:45",1026300
27850,-50,1600,"sd","11:16:41",1024700
27850,-50,1600,"sd","11:16:23",1023100
27850,-50,3300,"sd","11:16:23",1021500
27850,-50,300,"sd","11:16:16",1018200
27850,-50,3200,"sd","11:15:41",1017900
27850,-50,300,"sd","11:15:38",1014700
27850,-50,300,"sd","11:15:01",1014400
27850,-50,3400,"sd","11:14:59",1014100
27850,-50,300,"sd","11:14:23",1010700
27850,-50,1000,"sd","11:14:16",1010400
27850,-50,1800,"sd","11:14:16",1009400
27850,-50,400,"sd","11:14:16",1007600
27900,0,100,"bu","11:14:04",1007200
27850,-50,200,"sd","11:13:45",1007100
27850,-50,100,"sd","11:13:45",1006900
27850,-50,900,"sd","11:13:34",1006800
27850,-50,400,"sd","11:13:34",1005900
27850,-50,500,"sd","11:13:34",1005500
27850,-50,500,"sd","11:13:34",1005000
27850,-50,100,"sd","11:13:34",1004500
27850,-50,100,"sd","11:13:34",1004400
27850,-50,300,"sd","11:13:34",1004300
27850,-50,500,"sd","11:13:34",1004000
27900,0,500,"bu","11:13:22",1003500
27900,0,100,"sd","11:12:39",1003000
27900,0,100,"sd","11:12:39",1002900
27850,-50,200,"sd","11:12:30",1002800
27850,-50,1800,"sd","11:12:12",1002600
27850,-50,300,"sd","11:12:12",1000800
27850,-50,500,"sd","11:12:12",1000500
27900,0,200,"sd","11:12:12",1000000
27900,0,400,"sd","11:12:12",999800
27900,0,100,"sd","11:12:02",999400
27900,0,1900,"sd","11:12:02",999300
27900,0,300,"sd","11:11:53",997400
27900,0,1000,"sd","11:11:35",997100
27900,0,1800,"sd","11:11:31",996100
27900,0,100,"sd","11:11:31",994300
27900,0,1400,"sd","11:11:31",994200
27900,0,1600,"sd","11:11:20",992800
27900,0,300,"sd","11:11:15",991200
27900,0,200,"sd","11:10:47",990900
27900,0,500,"sd","11:10:47",990700
27900,0,100,"sd","11:10:47",990200
27900,0,2500,"sd","11:10:47",990100
27900,0,300,"sd","11:10:38",987600
27900,0,200,"sd","11:10:05",987300
27900,0,3100,"sd","11:10:05",987100
27900,0,300,"sd","11:10:01",984000
27900,0,5000,"sd","11:09:47",983700
27900,0,3200,"sd","11:09:24",978700
27900,0,300,"sd","11:09:22",975500
27900,0,300,"sd","11:08:45",975200
27900,0,3200,"sd","11:08:43",974900
27900,0,300,"sd","11:08:07",971700
27900,0,3300,"sd","11:08:01",971400
27900,0,1000,"sd","11:08:00",968100
27900,0,300,"sd","11:07:30",967100
27900,0,1900,"sd","11:07:19",966800
27900,0,1300,"sd","11:07:19",964900
27950,50,400,"bu","11:07:05",963600
27900,0,500,"sd","11:06:57",963200
27900,0,600,"sd","11:06:57",962700
27900,0,100,"sd","11:06:57",962100
27900,0,300,"sd","11:06:57",962000
27900,0,100,"sd","11:06:57",961700
27900,0,300,"sd","11:06:52",961600
27900,0,1600,"sd","11:06:37",961300
27900,0,20200,"sd","11:06:18",959700
27900,0,1800,"sd","11:06:18",939500
27900,0,1000,"sd","11:06:18",937700
27900,0,600,"sd","11:06:18",936700
27900,0,500,"sd","11:06:18",936100
27900,0,300,"sd","11:06:18",935600
27900,0,100,"sd","11:06:18",935300
27900,0,500,"sd","11:06:18",935200
27900,0,2100,"sd","11:06:18",934700
27900,0,200,"sd","11:06:18",932600
27900,0,100,"sd","11:06:18",932400
27900,0,2000,"sd","11:06:18",932300
27900,0,2000,"sd","11:06:18",930300
27900,0,700,"sd","11:06:18",928300
27900,0,1000,"sd","11:06:18",927600
27900,0,16900,"sd","11:06:18",926600
27950,50,1000,"bu","11:06:09",909700
27950,50,100,"bu","11:06:00",908700
27900,0,1600,"sd","11:05:38",908600
27900,0,300,"sd","11:05:37",907000
27900,0,1600,"sd","11:05:26",906700
27900,0,1600,"sd","11:05:19",905100
27900,0,200,"sd","11:05:11",903500
27900,0,1400,"sd","11:05:11",903300
27900,0,600,"sd","11:05:02",901900
27900,0,400,"sd","11:05:02",901300
27900,0,600,"sd","11:05:02",900900
27950,50,100,"bu","11:04:47",900300
27900,0,300,"sd","11:04:22",900200
27900,0,300,"sd","11:03:44",899900
27900,0,300,"sd","11:03:07",899600
27900,0,300,"sd","11:02:29",899300
27900,0,300,"sd","11:01:51",899000
27900,0,1600,"sd","11:01:41",898700
27900,0,300,"sd","11:01:14",897100
27900,0,1000,"sd","11:01:00",896800
27900,0,200,"unknown","11:00:51",895800
27900,0,1000,"bu","11:00:50",895600
27900,0,100,"bu","11:00:50",894600
27900,0,3000,"bu","11:00:43",894500
27900,0,100,"bu","11:00:43",891500
27900,0,100,"bu","11:00:41",891400
27900,0,100,"bu","11:00:15",891300
27900,0,4600,"sd","11:00:07",891200
27900,0,1100,"sd","11:00:07",886600
27900,0,1000,"sd","11:00:07",885500
27900,0,1000,"sd","11:00:07",884500
27900,0,800,"sd","11:00:02",883500
27900,0,100,"sd","11:00:02",882700
27900,0,100,"sd","11:00:02",882600
27900,0,500,"sd","11:00:02",882500
27900,0,500,"sd","11:00:02",882000
27900,0,100,"sd","11:00:02",881500
27900,0,300,"sd","11:00:02",881400
27900,0,100,"sd","11:00:02",881100
27900,0,200,"sd","10:59:59",881000
27900,0,200,"sd","10:59:36",880800
27900,0,300,"sd","10:59:36",880600
27900,0,1000,"sd","10:59:36",880300
27900,0,1000,"sd","10:59:36",879300
27900,0,1000,"sd","10:59:36",878300
27900,0,800,"sd","10:59:36",877300
27900,0,10200,"sd","10:59:32",876500
27900,0,100,"sd","10:59:32",866300
27900,0,100,"sd","10:59:32",866200
27900,0,100,"sd","10:59:32",866100
27900,0,500,"sd","10:59:32",866000
27900,0,300,"sd","10:59:32",865500
27900,0,1000,"sd","10:59:32",865200
27900,0,200,"sd","10:59:32",864200
27900,0,100,"sd","10:59:32",864000
27900,0,100,"sd","10:59:32",863900
27900,0,1000,"sd","10:59:32",863800
27900,0,200,"sd","10:59:32",862800
27900,0,100,"sd","10:59:32",862600
27900,0,30000,"sd","10:59:32",862500
27900,0,5000,"sd","10:59:32",832500
27900,0,500,"sd","10:59:32",827500
27900,0,20500,"sd","10:59:32",827000
27900,0,300,"sd","10:59:23",806500
27900,0,1400,"sd","10:58:53",806200
27900,0,1000,"sd","10:58:53",804800
27900,0,1800,"sd","10:58:53",803800
27900,0,200,"sd","10:58:53",802000
27950,50,2000,"bu","10:58:28",801800
27900,0,400,"sd","10:58:10",799800
27900,0,1000,"sd","10:58:10",799400
27900,0,600,"sd","10:58:10",798400
27900,0,100,"sd","10:58:10",797800
27900,0,100,"sd","10:58:10",797700
27900,0,2100,"sd","10:58:10",797600
27950,50,200,"bu","10:57:36",795500
27900,0,4200,"sd","10:57:28",795300
27950,50,2000,"bu","10:57:22",791100
27950,50,3000,"bu","10:57:18",789100
27950,50,100,"bu","10:57:12",786100
27950,50,200,"bu","10:56:56",786000
27950,50,100,"bu","10:56:52",785800
27900,0,300,"sd","10:56:51",785700
27900,0,5000,"sd","10:56:47",785400
27900,0,300,"sd","10:56:13",780400
27900,0,4300,"sd","10:55:57",780100
27900,0,300,"sd","10:55:36",775800
27900,0,4100,"sd","10:55:15",775500
27950,50,3700,"bu","10:54:54",771400
27950,50,300,"bu","10:54:50",767700
27900,0,200,"sd","10:54:34",767400
27900,0,1800,"sd","10:54:34",767200
27950,50,100,"bu","10:54:34",765400
27900,0,600,"sd","10:54:34",765300
27900,0,100,"sd","10:54:34",764700
27900,0,1600,"sd","10:54:33",764600
27950,50,100,"sd","10:54:24",763000
27950,50,200,"sd","10:54:24",762900
27950,50,3700,"sd","10:54:24",762700
27950,50,300,"sd","10:54:24",759000
27950,50,100,"sd","10:54:23",758700
27950,50,200,"sd","10:54:23",758600
27950,50,1000,"sd","10:54:23",758400
27950,50,1000,"sd","10:54:23",757400
27950,50,200,"sd","10:54:23",756400
27950,50,100,"sd","10:54:23",756200
27950,50,7000,"sd","10:54:23",756100
27950,50,300,"sd","10:54:20",749100
27950,50,4200,"sd","10:53:52",748800
27950,50,300,"sd","10:53:43",744600
27950,50,500,"sd","10:53:38",744300
27950,50,100,"sd","10:53:14",743800
27950,50,4500,"sd","10:53:10",743700
27950,50,300,"sd","10:53:05",739200
27950,50,300,"sd","10:52:28",738900
27950,50,200,"sd","10:52:26",738600
27950,50,100,"sd","10:52:26",738400
27950,50,100,"sd","10:52:26",738300
27950,50,200,"sd","10:52:26",738200
27950,50,100,"sd","10:52:26",738000
27950,50,200,"sd","10:52:26",737900
27950,50,1000,"sd","10:52:26",737700
27950,50,300,"sd","10:52:26",736700
27950,50,1500,"sd","10:52:26",736400
27950,50,500,"sd","10:52:26",734900
27950,50,100,"sd","10:52:26",734400
27950,50,3800,"sd","10:52:19",734300
27950,50,11100,"sd","10:52:19",730500
27950,50,900,"sd","10:52:19",719400
27950,50,300,"sd","10:52:18",718500
27950,50,900,"sd","10:52:18",718200
27950,50,300,"sd","10:51:50",717300
27950,50,4400,"sd","10:51:43",717000
27950,50,300,"sd","10:51:13",712600
27950,50,4300,"sd","10:51:00",712300
27950,50,300,"sd","10:50:35",708000
27950,50,4200,"sd","10:50:18",707700
27950,50,300,"sd","10:49:57",703500
27950,50,1600,"sd","10:49:37",703200
27950,50,2700,"sd","10:49:37",701600
28000,100,10000,"bu","10:49:25",698900
27950,50,300,"sd","10:49:23",688900
27950,50,200,"sd","10:48:54",688600
27950,50,100,"sd","10:48:54",688400
27950,50,4100,"sd","10:48:54",688300
28000,100,300,"bu","10:48:36",684200
28000,100,200,"bu","10:48:36",683900
27950,50,900,"sd","10:48:10",683700
27950,50,3500,"sd","10:48:10",682800
27950,50,300,"sd","10:48:05",679300
27950,50,200,"sd","10:47:27",679000
27950,50,1000,"sd","10:47:27",678800
27950,50,3300,"sd","10:47:27",677800
27950,50,100,"sd","10:47:19",674500
27950,50,300,"sd","10:46:49",674400
27950,50,4400,"sd","10:46:44",674100
27950,50,1900,"sd","10:46:24",669700
27950,50,300,"sd","10:46:12",667800
27950,50,4500,"sd","10:46:01",667500
27950,50,300,"sd","10:45:34",663000
27950,50,4600,"sd","10:45:17",662700
27950,50,2200,"sd","10:44:59",658100
27950,50,300,"bu","10:44:59",655900
27950,50,1800,"bu","10:44:55",655600
27950,50,100,"bu","10:44:52",653800
27950,50,100,"bu","10:44:52",653700
27950,50,300,"bu","10:44:52",653600
27950,50,100,"bu","10:44:52",653300
27950,50,22200,"sd","10:44:15",653200
27950,50,1800,"sd","10:44:15",631000
27950,50,200,"sd","10:44:15",629200
27950,50,600,"sd","10:44:15",629000
27950,50,3000,"sd","10:44:15",628400
27950,50,2100,"sd","10:44:15",625400
27950,50,4600,"sd","10:43:51",623300
27950,50,3000,"sd","10:43:43",618700
27950,50,300,"sd","10:43:42",615700
27900,0,4200,"sd","10:43:05",615400
27900,0,300,"sd","10:43:04",611200
27900,0,1000,"sd","10:42:30",610900
27900,0,100,"sd","10:42:26",609900
27900,0,200,"sd","10:42:26",609800
27900,0,1600,"sd","10:42:24",609600
27900,0,600,"sd","10:42:24",608000
27900,0,100,"sd","10:42:24",607400
27900,0,100,"sd","10:42:24",607300
27900,0,800,"sd","10:42:24",607200
27900,0,500,"sd","10:42:24",606400
27950,50,500,"sd","10:42:24",605900
27950,50,6000,"sd","10:41:55",605400
27950,50,11100,"sd","10:41:55",599400
27950,50,900,"sd","10:41:55",588300
27950,50,300,"sd","10:41:55",587400
27950,50,300,"sd","10:41:55",587100
27950,50,11100,"sd","10:41:55",586800
27950,50,8300,"sd","10:41:55",575700
27950,50,2500,"sd","10:41:55",567400
27950,50,300,"sd","10:41:55",564900
27950,50,2100,"sd","10:41:55",564600
27950,50,7000,"sd","10:41:55",562500
27950,50,100,"sd","10:41:55",555500
27950,50,300,"sd","10:41:49",555400
27950,50,800,"sd","10:41:43",555100
27950,50,3400,"sd","10:41:43",554300
27950,50,200,"sd","10:41:41",550900
27950,50,1600,"sd","10:41:35",550700
27950,50,3000,"sd","10:41:27",549100
27950,50,1600,"sd","10:41:19",546100
27950,50,300,"sd","10:41:11",544500
27950,50,1600,"sd","10:41:04",544200
27950,50,4200,"sd","10:41:01",542600
27950,50,1600,"sd","10:40:50",538400
27950,50,300,"sd","10:40:34",536800
27950,50,4500,"sd","10:40:19",536500
27950,50,300,"sd","10:39:56",532000
27950,50,400,"sd","10:39:35",531700
27950,50,900,"sd","10:39:35",531300
27950,50,300,"sd","10:39:35",530400
27950,50,2800,"sd","10:39:35",530100
27950,50,300,"sd","10:39:18",527300
27950,50,4200,"sd","10:38:52",527000
27950,50,100,"sd","10:38:42",522800
28000,100,100,"bu","10:38:34",522700
28000,100,200,"bu","10:38:27",522600
27950,50,3700,"sd","10:38:10",522400
27950,50,600,"sd","10:38:10",518700
27950,50,300,"sd","10:38:03",518100
27900,0,200,"sd","10:37:28",517800
27900,0,500,"sd","10:37:28",517600
27900,0,200,"sd","10:37:28",517100
27900,0,100,"sd","10:37:28",516900
27900,0,700,"sd","10:37:28",516800
27900,0,1000,"sd","10:37:28",516100
27900,0,1000,"sd","10:37:28",515100
27900,0,400,"sd","10:37:28",514100
27950,50,300,"sd","10:37:28",513700
27900,0,300,"sd","10:37:26",513400
27900,0,300,"sd","10:36:48",513100
27900,0,4400,"sd","10:36:45",512800
27900,0,100,"sd","10:36:19",508400
27950,50,100,"sd","10:36:19",508300
27950,50,200,"sd","10:36:19",508200
27950,50,1600,"sd","10:36:19",508000
27950,50,1300,"sd","10:36:16",506400
27950,50,100,"sd","10:36:11",505100
27950,50,200,"sd","10:36:11",505000
27950,50,300,"sd","10:36:01",504800
27950,50,1800,"sd","10:36:01",504500
27950,50,200,"sd","10:36:01",502700
27950,50,1000,"sd","10:36:01",502500
27950,50,200,"sd","10:36:01",501500
27950,50,100,"sd","10:36:01",501300
27950,50,100,"sd","10:36:01",501200
27950,50,500,"sd","10:36:01",501100
27950,50,300,"sd","10:35:33",500600
27950,50,4400,"sd","10:35:19",500300
27950,50,200,"sd","10:34:55",495900
27950,50,2000,"sd","10:34:51",495700
27950,50,3900,"sd","10:34:36",493700
27950,50,600,"sd","10:34:36",489800
27950,50,300,"sd","10:34:18",489200
27950,50,4400,"sd","10:33:52",488900
27950,50,300,"sd","10:33:40",484500
27950,50,4600,"sd","10:33:09",484200
27950,50,300,"sd","10:33:03",479600
27950,50,300,"sd","10:32:25",479300
27950,50,4300,"sd","10:32:24",479000
27950,50,500,"sd","10:32:15",474700
27950,50,300,"sd","10:31:48",474200
27950,50,4500,"sd","10:31:41",473900
27950,50,300,"bu","10:31:37",469400
27950,50,100,"bu","10:31:37",469100
27950,50,300,"bu","10:31:37",469000
27950,50,3000,"bu","10:31:37",468700
27950,50,5900,"bu","10:31:37",465700
27950,50,900,"bu","10:31:36",459800
27950,50,300,"bu","10:31:33",458900
27950,50,11100,"bu","10:31:09",458600
27950,50,900,"bu","10:31:05",447500
27950,50,300,"bu","10:31:02",446600
27900,0,4500,"sd","10:30:56",446300
27950,50,100,"bu","10:30:52",441800
27950,50,100,"bu","10:30:41",441700
27950,50,400,"bu","10:30:13",441600
27950,50,500,"bu","10:30:13",441200
27950,50,100,"bu","10:30:13",440700
27900,0,500,"sd","10:30:13",440600
27900,0,100,"sd","10:30:13",440100
27900,0,500,"sd","10:30:13",440000
27900,0,2000,"sd","10:30:13",439500
27900,0,100,"sd","10:30:13",437500
27900,0,400,"sd","10:30:13",437400
27900,0,200,"sd","10:30:12",437000
27900,0,100,"sd","10:30:12",436800
27900,0,300,"sd","10:30:12",436700
27900,0,300,"sd","10:29:55",436400
27900,0,2400,"sd","10:29:31",436100
27900,0,500,"sd","10:29:31",433700
27900,0,500,"sd","10:29:31",433200
27900,0,200,"sd","10:29:31",432700
27900,0,100,"sd","10:29:31",432500
27900,0,500,"sd","10:29:31",432400
27950,50,300,"sd","10:29:17",431900
27950,50,400,"sd","10:29:00",431600
27950,50,4500,"bu","10:29:00",431200
27950,50,300,"bu","10:29:00",426700
27950,50,300,"bu","10:29:00",426400
27950,50,1600,"bu","10:29:00",426100
27950,50,300,"bu","10:29:00",424500
27950,50,2400,"bu","10:29:00",424200
27950,50,900,"bu","10:28:56",421800
27950,50,300,"bu","10:28:54",420900
27950,50,600,"bu","10:28:41",420600
27950,50,300,"bu","10:28:41",420000
27950,50,4200,"bu","10:28:41",419700
27950,50,1600,"bu","10:28:41",415500
27950,50,300,"bu","10:28:41",413900
27950,50,4100,"bu","10:28:41",413600
27950,50,100,"bu","10:28:37",409500
27950,50,900,"bu","10:28:36",409400
27950,50,300,"bu","10:28:28",408500
27900,0,2700,"sd","10:28:05",408200
27900,0,300,"sd","10:28:05",405500
27900,0,100,"sd","10:28:05",405200
27900,0,100,"sd","10:28:05",405100
27900,0,300,"sd","10:28:05",405000
27900,0,800,"sd","10:28:05",404700
27950,50,200,"bu","10:28:04",403900
27950,50,100,"bu","10:28:04",403700
27950,50,8400,"bu","10:26:35",403600
27950,50,100,"bu","10:26:05",395200
27900,0,500,"sd","10:26:00",395100
27950,50,100,"unknown","10:26:00",394600
27950,50,600,"unknown","10:26:00",394500
27900,0,2400,"sd","10:26:00",393900
27900,0,300,"sd","10:26:00",391500
27900,0,100,"sd","10:26:00",391200
27900,0,100,"sd","10:26:00",391100
27900,0,100,"sd","10:26:00",391000
27900,0,200,"sd","10:26:00",390900
27950,50,100,"sd","10:25:35",390700
27950,50,300,"sd","10:25:32",390600
27950,50,700,"sd","10:25:16",390300
27900,0,2500,"sd","10:25:16",389600
27900,0,500,"sd","10:25:16",387100
27900,0,600,"sd","10:25:16",386600
27950,50,3000,"sd","10:24:58",386000
27950,50,300,"sd","10:24:58",383000
27950,50,400,"sd","10:24:58",382700
27950,50,11100,"sd","10:24:58",382300
27950,50,11200,"sd","10:24:58",371200
27950,50,600,"sd","10:24:58",360000
27950,50,1800,"sd","10:24:58",359400
27950,50,300,"sd","10:24:58",357600
27950,50,1300,"sd","10:24:58",357300
28000,100,100,"bu","10:24:46",356000
28000,100,200,"sd","10:24:17",355900
28000,100,2000,"sd","10:24:00",355700
28000,100,4400,"sd","10:23:53",353700
28000,100,200,"bu","10:23:40",349300
28000,100,100,"sd","10:23:39",349100
28000,100,100,"sd","10:23:39",349000
28000,100,2000,"sd","10:23:35",348900
28000,100,4200,"bu","10:23:24",346900
28000,100,300,"bu","10:23:24",342700
28000,100,2000,"bu","10:23:24",342400
28000,100,3600,"bu","10:23:24",340400
28000,100,100,"bu","10:22:49",336800
28000,100,600,"sd","10:22:27",336700
28000,100,8400,"bu","10:22:26",336100
27950,50,200,"sd","10:22:24",327700
27950,50,5000,"sd","10:22:24",327500
27950,50,3700,"sd","10:22:24",322500
27950,50,300,"sd","10:22:24",318800
27950,50,100,"sd","10:22:24",318500
27950,50,3700,"sd","10:22:24",318400
27950,50,300,"sd","10:22:23",314700
27950,50,100,"sd","10:22:23",314400
27950,50,100,"sd","10:22:23",314300
27950,50,6000,"sd","10:22:23",314200
27950,50,500,"sd","10:22:23",308200
27950,50,100,"sd","10:22:23",307700
27950,50,5000,"sd","10:22:23",307600
27950,50,100,"sd","10:22:23",302600
27950,50,500,"sd","10:22:23",302500
27950,50,100,"sd","10:22:23",302000
27950,50,500,"sd","10:22:23",301900
27950,50,500,"sd","10:22:23",301400
27950,50,200,"sd","10:22:23",300900
27950,50,3200,"sd","10:22:23",300700
28000,100,11600,"bu","10:22:16",297500
28000,100,1500,"bu","10:22:16",285900
27950,50,300,"sd","10:21:46",284400
27950,50,100,"sd","10:21:45",284100
27950,50,100,"sd","10:21:45",284000
27950,50,200,"sd","10:21:45",283900
27950,50,3200,"sd","10:21:45",283700
27950,50,200,"sd","10:21:45",280500
28000,100,400,"sd","10:21:45",280300
28000,100,200,"unknown","10:21:32",279900
27950,50,100,"sd","10:21:09",279700
27950,50,100,"sd","10:21:09",279600
27950,50,100,"sd","10:21:09",279500
27950,50,200,"sd","10:21:04",279400
27950,50,100,"sd","10:21:04",279200
27950,50,3200,"sd","10:21:04",279100
27950,50,300,"sd","10:21:04",275900
27950,50,100,"sd","10:21:03",275600
27950,50,200,"sd","10:21:03",275500
28000,100,200,"sd","10:21:03",275300
28000,100,400,"sd","10:21:03",275100
28000,100,100,"sd","10:20:58",274700
28000,100,500,"sd","10:20:45",274600
28000,100,500,"sd","10:20:45",274100
28000,100,300,"sd","10:20:31",273600
28000,100,2900,"sd","10:20:25",273300
28000,100,100,"sd","10:20:25",270400
28000,100,200,"sd","10:20:17",270300
28000,100,100,"sd","10:20:17",270100
28000,100,500,"sd","10:20:17",270000
28000,100,3500,"sd","10:20:17",269500
28000,100,300,"sd","10:19:53",266000
28000,100,3100,"sd","10:19:47",265700
28000,100,1900,"sd","10:19:47",262600
28050,150,100,"bu","10:19:41",260700
28000,100,4100,"sd","10:19:35",260600
28000,100,300,"sd","10:19:16",256500
28000,100,1000,"sd","10:19:14",256200
28000,100,600,"sd","10:19:11",255200
28000,100,400,"sd","10:19:01",254600
28000,100,1200,"sd","10:19:01",254200
28000,100,100,"sd","10:18:55",253000
28050,150,600,"bu","10:18:52",252900
28050,150,100,"bu","10:17:33",252300
28050,150,900,"bu","10:17:02",252200
28000,100,300,"sd","10:16:51",251300
28000,100,1400,"sd","10:16:50",251000
28000,100,300,"sd","10:16:46",249600
28000,100,100,"bu","10:16:27",249300
28000,100,300,"bu","10:16:27",249200
28000,100,300,"bu","10:16:23",248900
28000,100,100,"bu","10:16:20",248600
28000,100,2200,"sd","10:15:48",248500
28000,100,100,"bu","10:15:43",246300
28000,100,100,"bu","10:15:43",246200
28000,100,1000,"bu","10:15:43",246100
28000,100,300,"bu","10:15:43",245100
28000,100,300,"bu","10:15:39",244800
28000,100,100,"bu","10:15:36",244500
27950,50,700,"sd","10:15:35",244400
27950,50,1000,"sd","10:15:35",243700
27950,50,200,"sd","10:15:35",242700
28000,100,200,"bu","10:15:31",242500
28000,100,100,"bu","10:15:29",242300
28000,100,200,"bu","10:15:29",242200
28000,100,400,"bu","10:15:29",242000
28000,100,100,"bu","10:15:24",241600
27950,50,300,"sd","10:14:14",241500
28000,100,200,"sd","10:14:14",241200
27950,50,100,"sd","10:13:39",241000
27950,50,200,"sd","10:13:39",240900
27950,50,500,"sd","10:13:39",240700
27950,50,200,"sd","10:13:39",240200
28000,100,100,"sd","10:13:39",240000
28000,100,500,"sd","10:13:39",239900
28000,100,1600,"sd","10:13:28",239400
28000,100,500,"sd","10:13:28",237800
28000,100,100,"sd","10:13:20",237300
28000,100,500,"sd","10:13:20",237200
28000,100,100,"sd","10:13:20",236700
28000,100,2000,"sd","10:13:20",236600
28000,100,500,"sd","10:13:20",234600
28000,100,2200,"sd","10:13:20",234100
28000,100,200,"sd","10:13:20",231900
28000,100,300,"sd","10:13:20",231700
28000,100,5000,"sd","10:13:20",231400
28000,100,200,"sd","10:13:20",226400
28000,100,3700,"sd","10:13:20",226200
28000,100,300,"sd","10:13:20",222500
28000,100,600,"sd","10:13:20",222200
28000,100,500,"sd","10:13:20",221600
28000,100,200,"sd","10:13:20",221100
28000,100,3200,"sd","10:13:20",220900
28000,100,400,"sd","10:13:20",217700
28000,100,100,"sd","10:11:54",217300
28000,100,400,"sd","10:09:32",217200
28000,100,100,"sd","10:09:32",216800
28000,100,100,"sd","10:08:58",216700
28000,100,100,"sd","10:07:31",216600
28000,100,100,"sd","10:07:31",216500
28000,100,800,"sd","10:07:31",216400
28000,100,100,"sd","10:07:25",215600
28050,150,4000,"bu","10:07:22",215500
28000,100,100,"sd","10:07:16",211500
28000,100,1900,"sd","10:07:16",211400
28000,100,100,"sd","10:07:09",209500
28000,100,400,"sd","10:06:17",209400
28000,100,1000,"sd","10:05:14",209000
28050,150,1000,"bu","10:04:27",208000
28050,150,100,"bu","10:04:26",207000
28050,150,500,"bu","10:03:15",206900
28050,150,300,"bu","10:03:15",206400
28050,150,200,"bu","10:03:15",206100
28000,100,300,"sd","10:03:11",205900
28000,100,200,"sd","10:03:11",205600
28000,100,100,"sd","10:02:59",205400
28000,100,100,"sd","10:02:54",205300
28000,100,100,"sd","10:02:54",205200
28000,100,500,"sd","10:02:15",205100
28000,100,400,"sd","10:02:15",204600
28050,150,100,"bu","10:01:58",204200
28000,100,500,"sd","10:01:30",204100
28000,100,100,"sd","10:00:41",203600
28000,100,500,"sd","09:59:26",203500
28000,100,1000,"sd","09:59:26",203000
28000,100,8500,"sd","09:59:26",202000
28000,100,1000,"sd","09:59:26",193500
28000,100,100,"sd","09:59:26",192500
28000,100,500,"sd","09:59:26",192400
28000,100,1000,"sd","09:59:26",191900
28000,100,1100,"sd","09:59:26",190900
28000,100,3700,"sd","09:59:26",189800
28000,100,200,"sd","09:59:26",186100
28000,100,300,"sd","09:59:26",185900
28000,100,100,"sd","09:59:26",185600
28000,100,1700,"sd","09:59:26",185500
28000,100,100,"sd","09:59:26",183800
28000,100,500,"sd","09:59:26",183700
28000,100,1000,"sd","09:59:26",183200
28000,100,1000,"sd","09:59:26",182200
28000,100,3700,"sd","09:59:26",181200
28000,100,200,"sd","09:59:26",177500
28000,100,100,"sd","09:59:26",177300
28000,100,100,"sd","09:59:26",177200
28000,100,3200,"sd","09:59:26",177100
28000,100,100,"sd","09:59:26",173900
28000,100,300,"sd","09:59:26",173800
28050,150,100,"bu","09:59:12",173500
28050,150,500,"bu","09:58:14",173400
28050,150,1700,"bu","09:58:14",172900
28050,150,1000,"bu","09:58:14",171200
28050,150,2000,"bu","09:58:14",170200
28050,150,100,"bu","09:58:14",168200
28050,150,500,"bu","09:58:14",168100
28050,150,200,"bu","09:58:14",167600
28050,150,500,"bu","09:58:14",167400
28050,150,800,"bu","09:58:14",166900
28050,150,400,"bu","09:58:14",166100
28050,150,1900,"bu","09:58:14",165700
28050,150,100,"bu","09:58:14",163800
28050,150,100,"bu","09:58:14",163700
28050,150,200,"bu","09:58:14",163600
28000,100,800,"sd","09:57:55",163400
28000,100,500,"sd","09:56:26",162600
28000,100,200,"sd","09:56:06",162100
28000,100,1800,"sd","09:56:06",161900
28000,100,300,"sd","09:55:25",160100
28000,100,1100,"sd","09:55:17",159800
28000,100,300,"sd","09:55:17",158700
28000,100,100,"sd","09:55:17",158400
28000,100,300,"sd","09:54:43",158300
28000,100,300,"sd","09:54:00",158000
28000,100,300,"sd","09:53:45",157700
28000,100,300,"sd","09:53:18",157400
28000,100,1000,"sd","09:53:15",157100
28000,100,1000,"sd","09:52:54",156100
28000,100,300,"sd","09:52:36",155100
28000,100,100,"sd","09:52:30",154800
28000,100,300,"sd","09:51:54",154700
28000,100,200,"sd","09:51:12",154400
28000,100,100,"sd","09:50:44",154200
28000,100,400,"sd","09:50:36",154100
28000,100,100,"sd","09:50:36",153700
28000,100,100,"sd","09:50:36",153600
28000,100,400,"sd","09:50:36",153500
28000,100,1200,"sd","09:50:32",153100
28000,100,300,"sd","09:50:30",151900
28000,100,100,"sd","09:50:17",151600
28000,100,900,"sd","09:50:17",151500
28050,150,2000,"bu","09:50:08",150600
28000,100,1000,"sd","09:50:04",148600
28000,100,1300,"sd","09:49:57",147600
28000,100,300,"sd","09:49:57",146300
28050,150,1000,"bu","09:49:56",146000
28000,100,100,"sd","09:49:52",145000
28000,100,100,"sd","09:49:52",144900
28000,100,100,"sd","09:49:52",144800
28000,100,100,"sd","09:49:52",144700
28000,100,200,"sd","09:49:52",144600
28000,100,200,"sd","09:49:52",144400
28000,100,100,"sd","09:49:52",144200
28000,100,100,"sd","09:49:52",144100
28000,100,100,"sd","09:49:52",144000
28000,100,400,"sd","09:49:52",143900
28000,100,100,"sd","09:49:47",143500
28000,100,100,"sd","09:49:47",143400
28000,100,100,"sd","09:49:47",143300
28000,100,800,"sd","09:49:33",143200
28000,100,100,"sd","09:49:32",142400
28000,100,100,"sd","09:49:10",142300
28000,100,300,"sd","09:49:05",142200
28000,100,100,"sd","09:48:58",141900
28000,100,100,"sd","09:48:28",141800
28000,100,300,"sd","09:48:23",141700
28000,100,300,"sd","09:47:41",141400
28000,100,1100,"sd","09:47:26",141100
28000,100,300,"sd","09:47:26",140000
28000,100,100,"sd","09:47:26",139700
28000,100,100,"sd","09:47:26",139600
28000,100,400,"sd","09:47:26",139500
28050,150,100,"bu","09:46:53",139100
28000,100,100,"sd","09:46:18",139000
28000,100,300,"sd","09:46:17",138900
28000,100,300,"sd","09:45:34",138600
28000,100,200,"sd","09:44:52",138300
28000,100,300,"sd","09:44:11",138100
28000,100,1600,"sd","09:44:02",137800
28000,100,1600,"sd","09:43:57",136200
28000,100,200,"sd","09:43:28",134600
28000,100,100,"sd","09:43:27",134400
28000,100,100,"sd","09:42:45",134300
28000,100,200,"sd","09:42:45",134200
28000,100,500,"sd","09:42:38",134000
28000,100,300,"sd","09:42:03",133500
28000,100,1600,"sd","09:41:59",133200
28000,100,300,"sd","09:41:21",131600
28000,100,1000,"sd","09:41:06",131300
28050,150,30000,"bu","09:41:01",130300
28000,100,1000,"sd","09:41:01",100300
28050,150,500,"bu","09:39:56",99300
28050,150,500,"bu","09:39:20",98800
28050,150,100,"sd","09:38:50",98300
28050,150,200,"sd","09:38:50",98200
28050,150,100,"sd","09:38:50",98000
28050,150,5000,"sd","09:38:50",97900
28050,150,10300,"sd","09:38:50",92900
28050,150,200,"sd","09:38:33",82600
28050,150,300,"sd","09:38:25",82400
28050,150,10000,"sd","09:38:25",82100
28050,150,900,"sd","09:38:06",72100
28100,200,100,"bu","09:37:59",71200
28050,150,300,"sd","09:37:51",71100
28050,150,100,"sd","09:37:31",70800
28050,150,300,"sd","09:37:08",70700
28050,150,100,"sd","09:37:05",70400
28050,150,100,"sd","09:37:05",70300
28100,200,100,"bu","09:36:06",70200
28050,150,300,"sd","09:35:43",70100
28050,150,1600,"sd","09:35:34",69800
28050,150,300,"sd","09:35:01",68200
28050,150,1000,"sd","09:34:53",67900
28100,200,500,"bu","09:34:26",66900
28100,200,300,"bu","09:34:24",66400
28100,200,500,"bu","09:34:17",66100
28100,200,100,"bu","09:34:10",65600
28100,200,300,"bu","09:34:00",65500
28100,200,100,"bu","09:33:54",65200
28100,200,300,"bu","09:33:44",65100
28050,150,500,"sd","09:33:43",64800
28100,200,2000,"bu","09:33:03",64300
28100,200,100,"bu","09:32:20",62300
28100,200,1000,"bu","09:32:20",62200
28100,200,1000,"bu","09:32:20",61200
28100,200,100,"bu","09:32:20",60200
28100,200,1000,"bu","09:32:20",60100
28100,200,100,"bu","09:32:20",59100
28100,200,1000,"bu","09:32:20",59000
28100,200,500,"bu","09:32:20",58000
28100,200,200,"bu","09:32:20",57500
28100,200,500,"bu","09:32:20",57300
28100,200,300,"bu","09:32:20",56800
28100,200,100,"bu","09:32:20",56500
28100,200,200,"bu","09:32:20",56400
28100,200,500,"bu","09:32:20",56200
28100,200,1000,"bu","09:32:20",55700
28100,200,1000,"bu","09:32:20",54700
28100,200,1400,"bu","09:32:20",53700
28050,150,300,"sd","09:31:37",52300
28100,200,1600,"bu","09:31:20",52000
28100,200,100,"bu","09:31:20",50400
28100,200,300,"bu","09:31:20",50300
28100,200,500,"bu","09:30:25",50000
28100,200,200,"bu","09:29:39",49500
28100,200,1000,"bu","09:29:39",49300
28100,200,100,"bu","09:29:39",48300
28100,200,2000,"bu","09:29:39",48200
28100,200,1700,"bu","09:29:39",46200
28050,150,300,"sd","09:29:25",44500
28050,150,1000,"sd","09:29:05",44200
28050,150,300,"sd","09:28:42",43200
28050,150,500,"bu","09:28:39",42900
28050,150,300,"bu","09:28:38",42400
28050,150,1000,"bu","09:28:38",42100
28000,100,200,"sd","09:28:17",41100
28050,150,200,"bu","09:27:32",40900
28050,150,200,"bu","09:27:03",40700
28050,150,100,"bu","09:27:03",40500
28050,150,200,"bu","09:27:03",40400
28050,150,300,"bu","09:27:03",40200
28050,150,100,"sd","09:25:36",39900
28050,150,100,"sd","09:25:36",39800
28050,150,400,"sd","09:25:28",39700
28050,150,600,"sd","09:25:28",39300
28050,150,200,"sd","09:24:45",38700
28050,150,200,"bu","09:24:37",38500
28050,150,2000,"bu","09:24:37",38300
28000,100,200,"sd","09:23:40",36300
28000,100,100,"sd","09:23:26",36100
28000,100,200,"sd","09:22:11",36000
28000,100,100,"sd","09:22:10",35800
28000,100,300,"sd","09:22:10",35700
28000,100,100,"sd","09:22:10",35400
28000,100,400,"sd","09:21:23",35300
28000,100,100,"sd","09:21:23",34900
28000,100,100,"sd","09:21:23",34800
28000,100,100,"sd","09:21:07",34700
28000,100,2900,"sd","09:20:38",34600
28000,100,300,"sd","09:20:38",31700
28000,100,100,"sd","09:20:33",31400
28000,100,100,"sd","09:20:19",31300
28100,200,1300,"bu","09:20:06",31200
28100,200,100,"bu","09:20:06",29900
28100,200,2400,"bu","09:20:06",29800
28100,200,700,"bu","09:20:06",27400
28100,200,500,"bu","09:20:06",26700
28000,100,100,"bu","09:20:03",26200
28000,100,1000,"bu","09:20:03",26100
28000,100,5000,"bu","09:20:03",25100
28000,100,800,"bu","09:20:03",20100
27950,50,100,"sd","09:18:58",19300
27950,50,200,"sd","09:18:58",19200
27950,50,100,"sd","09:18:31",19000
28000,100,200,"bu","09:18:18",18900
27950,50,300,"sd","09:18:14",18700
27950,50,300,"bu","09:18:02",18400
27950,50,300,"bu","09:18:02",18100
27950,50,800,"bu","09:18:02",17800
27950,50,200,"bu","09:17:06",17000
27900,0,300,"sd","09:16:44",16800
27900,0,100,"sd","09:16:42",16500
27900,0,200,"sd","09:16:42",16400
27900,0,500,"sd","09:16:42",16200
27900,0,200,"sd","09:16:42",15700
27900,0,1800,"sd","09:16:27",15500
27900,0,200,"sd","09:16:27",13700
27900,0,300,"sd","09:15:59",13500
27900,0,300,"sd","09:15:49",13200
27900,0,100,"sd","09:15:49",12900
27900,0,100,"sd","09:15:49",12800
27900,0,800,"sd","09:15:49",12700
27900,0,500,"sd","09:15:49",11900
27900,0,3200,"sd","09:15:49",11400
27900,0,300,"sd","09:15:28",8200
27900,0,300,"sd","09:15:14",7900
27900,0,7600,"sd","09:15:00",7600
