"price","change","match_qtty","side","time","total_vol"
36400,-100,300,"sd","14:45:01",60500
36500,0,800,"sd","14:24:39",60200
36500,0,100,"sd","14:24:39",59400
36550,50,100,"sd","14:24:33",59300
36600,100,1000,"sd","14:24:17",59200
36700,200,100,"sd","14:18:26",58200
36700,200,1300,"sd","14:15:13",58100
36700,200,100,"bu","14:14:42",56800
36700,200,700,"bu","14:12:40",56700
36700,200,200,"bu","14:12:40",56000
36600,100,100,"bu","14:12:40",55800
36600,100,100,"sd","14:09:29",55700
36550,50,500,"sd","13:53:39",55600
36550,50,1200,"sd","13:52:29",55100
36550,50,200,"bu","13:49:25",53900
36500,0,800,"sd","13:42:16",53700
36500,0,100,"sd","13:41:06",52900
36550,50,100,"sd","13:33:22",52800
36600,100,200,"sd","13:20:08",52700
36600,100,600,"sd","13:20:08",52500
36700,200,100,"bu","13:19:51",51900
36700,200,100,"bu","13:19:51",51800
36600,100,1400,"bu","13:18:04",51700
36550,50,1800,"bu","13:15:54",50300
36500,0,200,"bu","13:13:06",48500
36500,0,1100,"bu","13:13:06",48300
36500,0,400,"bu","13:12:45",47200
36500,0,2000,"bu","13:11:44",46800
36500,0,500,"sd","13:09:20",44800
36500,0,500,"sd","13:09:20",44300
36500,0,300,"sd","13:09:20",43800
36500,0,200,"sd","13:09:20",43500
36550,50,200,"sd","13:07:41",43300
36550,50,3500,"sd","13:01:46",43100
36550,50,200,"sd","13:01:46",39600
36550,50,100,"sd","13:01:19",39400
36600,100,3000,"sd","13:01:12",39300
36600,100,3200,"sd","11:22:35",36300
36600,100,100,"sd","11:20:16",33100
36600,100,1000,"sd","11:17:26",33000
36600,100,100,"sd","11:16:19",32000
36700,200,600,"bu","11:11:14",31900
36600,100,1000,"bu","11:10:53",31300
36600,100,100,"bu","11:10:53",30300
36550,50,2000,"sd","10:59:21",30200
36600,100,900,"bu","10:57:04",28200
36550,50,300,"sd","10:32:45",27300
36550,50,600,"bu","10:26:44",27000
36550,50,100,"sd","10:21:19",26400
36550,50,300,"sd","10:21:19",26300
36550,50,400,"sd","10:15:25",26000
36600,100,100,"bu","10:12:24",25600
36650,150,1000,"bu","10:11:22",25500
36700,200,200,"bu","10:10:31",24500
36700,200,2800,"bu","10:10:31",24300
36550,50,300,"bu","10:09:11",21500
36550,50,500,"bu","10:08:49",21200
36600,100,1100,"bu","10:08:29",20700
36600,100,100,"bu","10:08:03",19600
36600,100,900,"bu","10:08:03",19500
36600,100,100,"bu","10:07:42",18600
36600,100,500,"sd","10:04:36",18500
36600,100,500,"sd","10:04:36",18000
36700,200,500,"bu","10:01:22",17500
36700,200,100,"bu","09:59:42",17000
36600,100,500,"sd","09:49:11",16900
36800,300,400,"sd","09:48:06",16400
36800,300,500,"bu","09:44:40",16000
36800,300,800,"bu","09:44:40",15500
36600,100,100,"sd","09:43:19",14700
36600,100,300,"sd","09:43:19",14600
36600,100,400,"sd","09:43:19",14300
36600,100,100,"sd","09:40:09",13900
36600,100,500,"bu","09:30:05",13800
36600,100,500,"bu","09:28:33",13300
36600,100,500,"bu","09:28:26",12800
36600,100,2000,"sd","09:28:10",12300
36600,100,300,"sd","09:27:35",10300
36700,200,2000,"sd","09:27:35",10000
36900,400,100,"sd","09:23:46",8000
36900,400,500,"sd","09:23:36",7900
36900,400,100,"bu","09:23:13",7400
36900,400,500,"bu","09:23:13",7300
36800,300,100,"bu","09:23:13",6800
36800,300,100,"bu","09:23:13",6700
36800,300,600,"bu","09:23:13",6600
36700,200,200,"bu","09:22:15",6000
36700,200,300,"bu","09:22:15",5800
36600,100,200,"bu","09:21:44",5500
36600,100,500,"bu","09:21:44",5300
36600,100,1000,"bu","09:21:39",4800
36600,100,3000,"bu","09:17:21",3800
36500,0,200,"sd","09:17:04",800
36500,0,600,"sd","09:15:00",600
