"price","change","match_qtty","side","time","total_vol"
4700,-100,5800,"unknown","14:45:02",347000
4700,-100,3200,"bu","14:29:47",341200
4600,-200,3000,"bu","14:29:22",338000
4400,-400,200,"sd","14:28:31",335000
4400,-400,200,"sd","14:28:20",334800
4400,-400,500,"sd","14:27:33",334600
4400,-400,300,"sd","14:27:22",334100
4500,-300,500,"bu","14:20:53",333800
4500,-300,100,"bu","14:20:01",333300
4400,-400,700,"bu","14:12:52",333200
4400,-400,100,"bu","14:10:18",332500
4400,-400,1000,"sd","14:09:11",332400
4400,-400,500,"sd","14:08:51",331400
4400,-400,500,"sd","14:07:57",330900
4400,-400,100,"sd","14:06:17",330400
4400,-400,500,"unknown","14:05:16",330300
4500,-300,200,"bu","14:04:36",329800
4400,-400,7600,"sd","14:02:53",329600
4400,-400,500,"bu","14:02:30",322000
4400,-400,500,"bu","14:02:19",321500
4400,-400,100,"bu","14:02:00",321000
4400,-400,500,"bu","14:01:26",320900
4400,-400,100,"bu","14:00:04",320400
4400,-400,2000,"bu","13:59:54",320300
4400,-400,3500,"bu","13:59:28",318300
4400,-400,3000,"bu","13:55:21",314800
4400,-400,2400,"bu","13:54:59",311800
4400,-400,3500,"bu","13:54:10",309400
4400,-400,100,"bu","13:48:33",305900
4400,-400,200,"bu","13:47:37",305800
4400,-400,100,"bu","13:46:46",305600
4400,-400,600,"bu","13:46:38",305500
4400,-400,500,"bu","13:37:02",304900
4400,-400,500,"bu","13:32:40",304400
4400,-400,100,"bu","13:30:45",303900
4400,-400,1000,"bu","13:27:50",303800
4400,-400,1000,"bu","13:22:50",302800
4400,-400,2500,"bu","13:22:45",301800
4400,-400,1300,"sd","13:22:02",299300
4400,-400,1000,"bu","13:21:57",298000
4400,-400,6100,"bu","13:20:03",297000
4400,-400,5000,"bu","13:19:51",290900
4400,-400,1000,"bu","13:19:03",285900
4400,-400,5000,"bu","13:18:56",284900
4400,-400,100,"bu","13:18:52",279900
4400,-400,1000,"bu","13:18:02",279800
4400,-400,1000,"bu","13:17:52",278800
4400,-400,100,"bu","13:17:13",277800
4400,-400,500,"bu","13:15:48",277700
4400,-400,200,"bu","13:15:29",277200
4400,-400,400,"bu","13:14:58",277000
4400,-400,600,"bu","13:14:13",276600
4400,-400,500,"bu","13:13:35",276000
4400,-400,100,"bu","13:12:52",275500
4400,-400,200,"bu","13:12:33",275400
4400,-400,1300,"bu","13:12:11",275200
4400,-400,5000,"bu","13:03:06",273900
4400,-400,600,"bu","13:00:36",268900
4400,-400,400,"bu","13:00:06",268300
4400,-400,1800,"bu","13:00:05",267900
4400,-400,1100,"bu","13:00:02",266100
4400,-400,500,"bu","13:00:01",265000
4400,-400,100,"bu","11:27:05",264500
4400,-400,1100,"bu","11:24:59",264400
4400,-400,1000,"bu","11:23:32",263300
4400,-400,4500,"bu","11:17:28",262300
4400,-400,500,"bu","11:11:06",257800
4400,-400,400,"bu","11:09:25",257300
4400,-400,300,"bu","11:06:54",256900
4400,-400,1000,"bu","11:06:39",256600
4400,-400,300,"bu","11:06:33",255600
4400,-400,300,"bu","11:06:15",255300
4400,-400,300,"bu","11:05:55",255000
4400,-400,2400,"bu","11:04:53",254700
4400,-400,200,"bu","11:03:59",252300
4400,-400,400,"bu","11:03:58",252100
4400,-400,100,"bu","11:02:42",251700
4400,-400,2000,"bu","11:02:26",251600
4400,-400,5000,"bu","11:01:47",249600
4400,-400,100,"bu","11:00:29",244600
4400,-400,100,"bu","11:00:06",244500
4400,-400,200,"bu","10:59:49",244400
4400,-400,200,"bu","10:59:25",244200
4400,-400,200,"bu","10:58:45",244000
4400,-400,100,"bu","10:58:27",243800
4400,-400,5000,"bu","10:55:56",243700
4400,-400,1000,"bu","10:51:52",238700
4400,-400,1000,"bu","10:50:24",237700
4400,-400,500,"bu","10:41:15",236700
4400,-400,300,"bu","10:38:32",236200
4400,-400,2000,"bu","10:36:59",235900
4400,-400,1000,"bu","10:35:10",233900
4400,-400,1000,"bu","10:34:22",232900
4400,-400,100,"bu","10:34:05",231900
4400,-400,2000,"bu","10:33:56",231800
4400,-400,300,"bu","10:33:23",229800
4400,-400,29000,"bu","10:33:18",229500
4400,-400,13600,"sd","10:31:33",200500
4400,-400,200,"bu","10:31:30",186900
4400,-400,500,"bu","10:31:17",186700
4400,-400,2000,"bu","10:31:14",186200
4400,-400,8000,"bu","10:31:11",184200
4400,-400,5000,"bu","10:30:43",176200
4400,-400,18100,"bu","10:30:16",171200
4400,-400,3200,"bu","10:29:44",153100
4400,-400,5000,"bu","10:28:39",149900
4400,-400,200,"bu","10:22:43",144900
4400,-400,6000,"bu","10:21:30",144700
4400,-400,2000,"bu","10:19:22",138700
4400,-400,5000,"bu","10:17:43",136700
4400,-400,2000,"bu","10:17:17",131700
4400,-400,500,"bu","10:16:08",129700
4400,-400,500,"bu","10:15:37",129200
4400,-400,500,"bu","10:15:23",128700
4400,-400,300,"bu","10:15:20",128200
4400,-400,200,"bu","10:14:28",127900
4400,-400,100,"bu","10:10:52",127700
4400,-400,100,"bu","10:10:50",127600
4400,-400,2000,"bu","10:09:28",127500
4400,-400,400,"bu","10:08:05",125500
4400,-400,100,"bu","10:03:27",125100
4400,-400,300,"bu","10:02:59",125000
4400,-400,2000,"bu","10:02:38",124700
4400,-400,100,"bu","10:02:12",122700
4400,-400,1000,"bu","10:01:30",122600
4400,-400,3000,"bu","10:01:05",121600
4400,-400,200,"bu","10:00:46",118600
4400,-400,100,"bu","10:00:44",118400
4400,-400,200,"bu","09:58:55",118300
4400,-400,1000,"bu","09:58:43",118100
4400,-400,100,"bu","09:57:19",117100
4400,-400,1000,"bu","09:57:00",117000
4400,-400,3000,"bu","09:56:54",116000
4400,-400,500,"bu","09:54:43",113000
4400,-400,500,"bu","09:54:26",112500
4400,-400,2000,"bu","09:53:09",112000
4400,-400,600,"bu","09:52:39",110000
4400,-400,2000,"bu","09:49:41",109400
4400,-400,100,"bu","09:48:49",107400
4400,-400,500,"bu","09:48:33",107300
4400,-400,300,"bu","09:47:11",106800
4400,-400,4200,"bu","09:45:09",106500
4400,-400,100,"bu","09:41:58",102300
4400,-400,100,"bu","09:39:28",102200
4400,-400,1900,"sd","09:37:23",102100
4400,-400,800,"bu","09:34:06",100200
4400,-400,5000,"bu","09:34:05",99400
4400,-400,2000,"bu","09:33:50",94400
4400,-400,300,"bu","09:33:48",92400
4400,-400,2000,"bu","09:33:47",92100
4400,-400,1000,"bu","09:33:43",90100
4400,-400,200,"bu","09:33:30",89100
4400,-400,1000,"bu","09:33:27",88900
4400,-400,400,"bu","09:33:21",87900
4400,-400,100,"bu","09:33:11",87500
4400,-400,100,"bu","09:33:05",87400
4400,-400,200,"bu","09:33:00",87300
4400,-400,200,"bu","09:32:53",87100
4400,-400,200,"bu","09:32:50",86900
4400,-400,1000,"bu","09:32:49",86700
4400,-400,1000,"bu","09:32:46",85700
4400,-400,500,"bu","09:32:42",84700
4400,-400,1000,"bu","09:32:31",84200
4400,-400,1000,"bu","09:32:26",83200
4400,-400,1000,"bu","09:32:18",82200
4400,-400,30000,"bu","09:32:13",81200
4400,-400,3000,"bu","09:32:11",51200
4400,-400,200,"bu","09:31:36",48200
4400,-400,100,"bu","09:31:29",48000
4400,-400,300,"bu","09:31:20",47900
4400,-400,2000,"bu","09:31:11",47600
4400,-400,400,"bu","09:31:07",45600
4400,-400,10000,"bu","09:30:44",45200
4400,-400,200,"bu","09:30:41",35200
4400,-400,800,"bu","09:30:26",35000
4400,-400,100,"bu","09:30:11",34200
4400,-400,1000,"bu","09:29:41",34100
4400,-400,1000,"bu","09:29:40",33100
4400,-400,200,"bu","09:28:50",32100
4400,-400,300,"bu","09:28:13",31900
4400,-400,1000,"bu","09:28:03",31600
4400,-400,1000,"bu","09:28:00",30600
4400,-400,1000,"bu","09:27:26",29600
4400,-400,28400,"sd","09:27:14",28600
4600,-200,200,"sd","09:10:42",200
