"price","change","match_qtty","side","time","total_vol"
49500,300,3100,"unknown","14:45:01",20100
49050,-150,1000,"bu","14:27:41",17000
49050,-150,400,"bu","14:27:32",16000
49050,-150,1000,"bu","14:27:19",15600
49050,-150,1000,"sd","14:26:26",14600
49100,-100,300,"bu","14:25:50",13600
49100,-100,100,"sd","14:25:17",13300
49100,-100,300,"sd","14:24:05",13200
49100,-100,500,"sd","14:24:05",12900
49100,-100,200,"sd","14:24:05",12400
49100,-100,300,"sd","14:22:31",12200
49200,0,200,"sd","14:22:00",11900
49200,0,100,"sd","14:22:00",11700
49200,0,100,"sd","14:18:58",11600
49200,0,400,"sd","13:50:35",11500
49200,0,100,"bu","13:46:46",11100
49200,0,600,"bu","13:43:47",11000
49200,0,400,"bu","13:42:59",10400
49200,0,300,"sd","13:42:16",10000
49200,0,500,"sd","13:42:16",9700
49200,0,1000,"sd","13:42:16",9200
49200,0,100,"sd","13:42:16",8200
49200,0,100,"sd","13:41:20",8100
49400,200,100,"sd","13:24:17",8000
49550,350,100,"bu","13:23:25",7900
49450,250,100,"bu","13:19:16",7800
49200,0,100,"sd","13:17:10",7700
49500,300,300,"bu","13:10:18",7600
49500,300,200,"bu","13:10:18",7300
49350,150,100,"bu","13:06:42",7100
49350,150,100,"sd","11:21:59",7000
49350,150,500,"bu","11:19:29",6900
49300,100,100,"bu","11:19:29",6400
49300,100,200,"bu","11:16:25",6300
49300,100,100,"sd","11:13:36",6100
49300,100,400,"sd","11:13:36",6000
49400,200,600,"sd","10:56:46",5600
49400,200,900,"sd","10:56:46",5000
49450,250,200,"sd","10:50:35",4100
49450,250,100,"sd","10:50:35",3900
49450,250,200,"sd","10:41:56",3800
49500,300,500,"sd","10:34:55",3600
49500,300,100,"sd","10:28:54",3100
49500,300,100,"sd","10:24:38",3000
49650,450,200,"bu","10:03:40",2900
49700,500,300,"bu","09:49:42",2700
49700,500,200,"bu","09:49:26",2400
49650,450,200,"bu","09:49:26",2200
49450,250,100,"bu","09:46:50",2000
49400,200,100,"bu","09:45:47",1900
49400,200,200,"sd","09:42:10",1800
49400,200,400,"sd","09:41:07",1600
49200,0,100,"sd","09:40:47",1200
49200,0,100,"sd","09:40:47",1100
49200,0,100,"sd","09:34:06",1000
49200,0,700,"sd","09:33:08",900
49200,0,200,"sd","09:32:52",200
