"price","change","match_qtty","side","time","total_vol"
48.8,0.7,52100,"","14:45:01",3450800
48.8,0.7,195300,"","14:45:00",3398700
48.7,0.6,500,"sd","14:29:59",3203400
48.7,0.6,4300,"sd","14:29:58",3202900
48.7,0.6,7500,"sd","14:29:57",3198600
48.7,0.6,2500,"sd","14:29:35",3191100
48.6,0.5,100,"bu","14:29:30",3188600
48.6,0.5,600,"bu","14:29:29",3188500
48.7,0.6,8200,"sd","14:29:24",3187900
48.7,0.6,12900,"sd","14:29:12",3179700
48.6,0.5,300,"bu","14:29:00",3166800
48.6,0.5,500,"bu","14:28:45",3166500
48.7,0.6,700,"sd","14:28:36",3166000
48.6,0.5,2000,"bu","14:28:34",3165300
48.7,0.6,300,"sd","14:28:01",3163300
48.7,0.6,10000,"sd","14:27:33",3163000
48.6,0.5,200,"bu","14:27:25",3153000
48.6,0.5,3600,"bu","14:27:15",3152800
48.6,0.5,500,"bu","14:27:04",3149200
48.7,0.6,1000,"sd","14:27:02",3148700
48.7,0.6,300,"sd","14:26:48",3147700
48.7,0.6,100,"sd","14:26:45",3147400
48.7,0.6,100,"sd","14:26:39",3147300
48.7,0.6,1500,"sd","14:26:36",3147200
48.7,0.6,500,"sd","14:26:23",3145700
48.6,0.5,400,"bu","14:26:21",3145200
48.7,0.6,1000,"sd","14:26:05",3144800
48.7,0.6,3000,"sd","14:25:54",3143800
48.7,0.6,200,"sd","14:25:46",3140800
48.6,0.5,100,"bu","14:25:35",3140600
48.6,0.5,1000,"bu","14:25:11",3140500
48.6,0.5,1800,"sd","14:24:39",3139500
48.6,0.5,400,"sd","14:24:34",3137700
48.6,0.5,1000,"sd","14:24:32",3137300
48.6,0.5,400,"sd","14:24:27",3136300
48.6,0.5,1000,"sd","14:24:25",3135900
48.6,0.5,500,"sd","14:24:21",3134900
48.6,0.5,1700,"sd","14:24:19",3134400
48.6,0.5,48000,"sd","14:24:12",3132700
48.6,0.5,100,"sd","14:23:51",3084700
48.6,0.5,1000,"sd","14:23:41",3084600
48.5,0.4,10000,"bu","14:23:38",3083600
48.6,0.5,200,"sd","14:23:32",3073600
48.5,0.4,300,"bu","14:23:22",3073400
48.6,0.5,200,"sd","14:23:07",3073100
48.6,0.5,500,"sd","14:22:28",3072900
48.6,0.5,1000,"sd","14:22:23",3072400
48.6,0.5,1000,"sd","14:22:14",3071400
48.6,0.5,400,"sd","14:22:12",3070400
48.6,0.5,300,"sd","14:21:17",3070000
48.5,0.4,500,"bu","14:21:01",3069700
48.5,0.4,5000,"bu","14:20:55",3069200
48.5,0.4,500,"bu","14:20:35",3064200
48.5,0.4,100,"bu","14:20:29",3063700
48.5,0.4,500,"bu","14:20:22",3063600
48.6,0.5,500,"sd","14:20:19",3063100
48.5,0.4,100,"bu","14:19:10",3062600
48.6,0.5,200,"sd","14:19:03",3062500
48.5,0.4,1000,"bu","14:18:56",3062300
48.6,0.5,400,"sd","14:18:17",3061300
48.5,0.4,100,"sd","14:18:07",3060900
48.5,0.4,4900,"bu","14:18:01",3060800
48.5,0.4,400,"bu","14:17:54",3055900
48.5,0.4,4000,"bu","14:17:50",3055500
48.5,0.4,5000,"bu","14:17:46",3051500
48.5,0.4,3900,"bu","14:17:38",3046500
48.5,0.4,6100,"bu","14:17:30",3042600
48.5,0.4,300,"bu","14:17:28",3036500
48.5,0.4,2000,"bu","14:17:23",3036200
48.5,0.4,2200,"bu","14:17:22",3034200
48.5,0.4,5000,"bu","14:17:20",3032000
48.5,0.4,200,"bu","14:17:13",3027000
48.5,0.4,300,"bu","14:16:52",3026800
48.5,0.4,1000,"bu","14:16:49",3026500
48.5,0.4,2300,"bu","14:16:48",3025500
48.5,0.4,10000,"bu","14:16:46",3023200
48.6,0.5,400,"sd","14:16:12",3013200
48.6,0.5,100,"sd","14:15:57",3012800
48.6,0.5,100,"sd","14:15:51",3012700
48.5,0.4,1800,"bu","14:15:47",3012600
48.5,0.4,200,"bu","14:15:42",3010800
48.5,0.4,10000,"bu","14:15:41",3010600
48.5,0.4,1000,"bu","14:15:39",3000600
48.5,0.4,500,"bu","14:15:29",2999600
48.5,0.4,200,"bu","14:15:24",2999100
48.5,0.4,1000,"bu","14:15:02",2998900
48.6,0.5,500,"sd","14:14:50",2997900
48.6,0.5,1000,"sd","14:14:46",2997400
48.6,0.5,200,"sd","14:14:33",2996400
48.6,0.5,400,"sd","14:14:08",2996200
48.5,0.4,800,"bu","14:13:49",2995800
48.6,0.5,100,"sd","14:13:34",2995000
48.6,0.5,300,"sd","14:12:19",2994900
48.6,0.5,500,"sd","14:11:59",2994600
48.5,0.4,100,"bu","14:11:49",2994100
48.6,0.5,200,"sd","14:10:56",2994000
48.6,0.5,200,"sd","14:10:04",2993800
48.5,0.4,100,"bu","14:10:03",2993600
48.5,0.4,1500,"bu","14:09:53",2993500
48.6,0.5,100,"sd","14:09:50",2992000
48.5,0.4,1000,"bu","14:09:49",2991900
48.5,0.4,100,"bu","14:09:11",2990900
48.5,0.4,3900,"bu","14:08:21",2990800
48.5,0.4,11100,"bu","14:07:57",2986900
48.6,0.5,300,"sd","14:07:49",2975800
48.6,0.5,500,"sd","14:07:42",2975500
48.6,0.5,300,"sd","14:07:34",2975000
48.6,0.5,4200,"bu","14:07:12",2974700
48.6,0.5,10000,"bu","14:07:07",2970500
48.6,0.5,2000,"bu","14:07:04",2960500
48.6,0.5,200,"bu","14:07:02",2958500
48.6,0.5,700,"bu","14:06:40",2958300
48.6,0.5,700,"bu","14:06:27",2957600
48.7,0.6,100,"sd","14:06:13",2956900
48.7,0.6,500,"sd","14:05:35",2956800
48.7,0.6,200,"sd","14:05:34",2956300
48.6,0.5,400,"bu","14:05:25",2956100
48.6,0.5,1000,"bu","14:05:09",2955700
48.7,0.6,1500,"sd","14:05:04",2954700
48.6,0.5,10000,"bu","14:05:00",2953200
48.6,0.5,1000,"bu","14:04:49",2943200
48.6,0.5,5000,"bu","14:04:45",2942200
48.6,0.5,1000,"bu","14:04:33",2937200
48.7,0.6,100,"sd","14:04:13",2936200
48.7,0.6,400,"sd","14:03:32",2936100
48.6,0.5,10000,"bu","14:03:24",2935700
48.6,0.5,500,"bu","14:03:23",2925700
48.7,0.6,300,"sd","14:03:19",2925200
48.6,0.5,10000,"bu","14:03:14",2924900
48.7,0.6,200,"sd","14:03:01",2914900
48.6,0.5,200,"bu","14:02:37",2914700
48.6,0.5,600,"bu","14:02:14",2914500
48.7,0.6,100,"sd","14:01:42",2913900
48.6,0.5,7100,"sd","14:01:26",2913800
48.6,0.5,100,"sd","14:01:23",2906700
48.6,0.5,1100,"sd","14:01:19",2906600
48.6,0.5,1000,"sd","14:01:13",2905500
48.6,0.5,500,"sd","14:01:08",2904500
48.6,0.5,200,"sd","14:01:05",2904000
48.5,0.4,1000,"bu","14:01:02",2903800
48.7,0.6,100000,"sd","14:00:14",2902800
48.6,0.5,1500,"sd","13:59:54",2802800
48.5,0.4,1500,"bu","13:59:53",2801300
48.6,0.5,500,"sd","13:59:19",2799800
48.5,0.4,5000,"bu","13:59:05",2799300
48.5,0.4,2500,"bu","13:58:55",2794300
48.6,0.5,300,"sd","13:58:50",2791800
48.5,0.4,1000,"bu","13:57:33",2791500
48.6,0.5,400,"sd","13:57:18",2790500
48.6,0.5,900,"sd","13:57:15",2790100
48.6,0.5,10000,"sd","13:56:59",2789200
48.6,0.5,10000,"sd","13:56:43",2779200
48.6,0.5,200,"sd","13:56:35",2769200
48.6,0.5,1000,"sd","13:56:25",2769000
48.6,0.5,13700,"bu","13:55:46",2768000
48.6,0.5,3000,"bu","13:55:45",2754300
48.6,0.5,100,"bu","13:55:38",2751300
48.6,0.5,10000,"bu","13:55:31",2751200
48.7,0.6,400,"sd","13:55:14",2741200
48.7,0.6,100,"sd","13:54:34",2740800
48.7,0.6,300,"sd","13:54:21",2740700
48.7,0.6,100,"sd","13:54:12",2740400
48.7,0.6,200,"sd","13:53:59",2740300
48.7,0.6,1100,"sd","13:53:55",2740100
48.6,0.5,100,"bu","13:53:49",2739000
48.6,0.5,1000,"bu","13:53:46",2738900
48.7,0.6,300,"sd","13:53:39",2737900
48.7,0.6,400,"sd","13:53:11",2737600
48.7,0.6,1000,"sd","13:53:06",2737200
48.7,0.6,3300,"sd","13:53:03",2736200
48.7,0.6,100,"sd","13:52:53",2732900
48.7,0.6,10000,"sd","13:52:44",2732800
48.6,0.5,1900,"bu","13:52:30",2722800
48.6,0.5,1200,"sd","13:52:29",2720900
48.6,0.5,1000,"sd","13:52:28",2719700
48.6,0.5,20000,"sd","13:52:25",2718700
48.6,0.5,5000,"sd","13:52:22",2698700
48.6,0.5,700,"sd","13:52:17",2693700
48.6,0.5,200,"sd","13:52:06",2693000
48.6,0.5,1000,"sd","13:52:02",2692800
48.6,0.5,10000,"sd","13:51:53",2691800
48.6,0.5,1000,"sd","13:51:50",2681800
48.6,0.5,1700,"sd","13:51:43",2680800
48.6,0.5,1000,"sd","13:51:11",2679100
48.6,0.5,400,"sd","13:51:04",2678100
48.6,0.5,13200,"sd","13:51:01",2677700
48.6,0.5,500,"sd","13:50:55",2664500
48.6,0.5,1000,"sd","13:50:51",2664000
48.6,0.5,100,"sd","13:50:45",2663000
48.6,0.5,400,"sd","13:50:44",2662900
48.6,0.5,100,"sd","13:50:41",2662500
48.6,0.5,100,"sd","13:50:02",2662400
48.6,0.5,300,"sd","13:49:53",2662300
48.6,0.5,1600,"sd","13:49:43",2662000
48.6,0.5,500,"sd","13:49:24",2660400
48.6,0.5,20000,"sd","13:49:20",2659900
48.6,0.5,400,"sd","13:49:00",2639900
48.6,0.5,300,"sd","13:48:57",2639500
48.6,0.5,1000,"sd","13:48:49",2639200
48.6,0.5,300,"sd","13:48:47",2638200
48.6,0.5,5000,"sd","13:48:30",2637900
48.6,0.5,2000,"sd","13:48:20",2632900
48.5,0.4,1100,"bu","13:48:09",2630900
48.5,0.4,1400,"sd","13:47:50",2629800
48.5,0.4,1400,"sd","13:47:49",2628400
48.5,0.4,2200,"bu","13:47:42",2627000
48.6,0.5,200,"sd","13:47:38",2624800
48.5,0.4,19100,"bu","13:47:24",2624600
48.5,0.4,2000,"sd","13:47:19",2605500
48.5,0.4,1000,"sd","13:47:09",2603500
48.5,0.4,2000,"sd","13:46:56",2602500
48.5,0.4,500,"sd","13:46:51",2600500
48.5,0.4,200,"sd","13:46:38",2600000
48.5,0.4,1100,"sd","13:46:32",2599800
48.5,0.4,1000,"sd","13:46:20",2598700
48.5,0.4,500,"sd","13:45:43",2597700
48.5,0.4,100,"sd","13:45:42",2597200
48.4,0.3,100,"bu","13:45:37",2597100
48.5,0.4,100,"sd","13:45:34",2597000
48.5,0.4,300,"sd","13:45:23",2596900
48.5,0.4,3100,"sd","13:45:17",2596600
48.5,0.4,500,"sd","13:45:13",2593500
48.4,0.3,10000,"bu","13:45:12",2593000
48.5,0.4,400,"sd","13:44:44",2583000
48.5,0.4,500,"sd","13:44:23",2582600
48.5,0.4,1000,"sd","13:44:17",2582100
48.5,0.4,1000,"sd","13:44:15",2581100
48.5,0.4,1000,"sd","13:43:39",2580100
48.5,0.4,200,"sd","13:43:33",2579100
48.5,0.4,100,"sd","13:43:28",2578900
48.5,0.4,300,"sd","13:43:27",2578800
48.5,0.4,1000,"sd","13:43:14",2578500
48.5,0.4,200,"sd","13:43:09",2577500
48.5,0.4,500,"sd","13:43:07",2577300
48.5,0.4,1000,"sd","13:42:49",2576800
48.5,0.4,400,"sd","13:42:41",2575800
48.4,0.3,200,"bu","13:42:14",2575400
48.5,0.4,300,"sd","13:42:00",2575200
48.5,0.4,1000,"sd","13:41:34",2574900
48.5,0.4,5000,"sd","13:41:09",2573900
48.5,0.4,1800,"sd","13:40:58",2568900
48.5,0.4,300,"sd","13:40:54",2567100
48.5,0.4,400,"sd","13:40:32",2566800
48.5,0.4,600,"sd","13:40:28",2566400
48.5,0.4,500,"sd","13:40:03",2565800
48.5,0.4,2000,"sd","13:39:59",2565300
48.5,0.4,1000,"sd","13:39:22",2563300
48.5,0.4,4100,"sd","13:39:06",2562300
48.5,0.4,1000,"bu","13:39:04",2558200
48.5,0.4,7300,"bu","13:39:01",2557200
48.5,0.4,200,"bu","13:38:48",2549900
48.5,0.4,900,"bu","13:38:46",2549700
48.5,0.4,10000,"bu","13:38:45",2548800
48.5,0.4,900,"bu","13:38:42",2538800
48.5,0.4,2000,"bu","13:38:41",2537900
48.6,0.5,200,"sd","13:38:39",2535900
48.6,0.5,3000,"sd","13:38:35",2535700
48.5,0.4,1000,"bu","13:38:29",2532700
48.6,0.5,400,"sd","13:38:25",2531700
48.5,0.4,400,"bu","13:38:23",2531300
48.5,0.4,1000,"bu","13:38:19",2530900
48.5,0.4,2100,"bu","13:38:11",2529900
48.5,0.4,500,"bu","13:37:56",2527800
48.5,0.4,5000,"bu","13:37:52",2527300
48.5,0.4,100,"bu","13:37:43",2522300
48.5,0.4,2000,"bu","13:37:35",2522200
48.5,0.4,1000,"bu","13:37:30",2520200
48.5,0.4,1000,"bu","13:37:24",2519200
48.5,0.4,100,"bu","13:37:23",2518200
48.5,0.4,1000,"bu","13:37:15",2518100
48.5,0.4,200,"bu","13:36:55",2517100
48.5,0.4,1000,"bu","13:36:50",2516900
48.6,0.5,1000,"sd","13:36:43",2515900
48.6,0.5,300,"sd","13:36:25",2514900
48.6,0.5,500,"sd","13:36:15",2514600
48.6,0.5,3000,"sd","13:35:36",2514100
48.5,0.4,2000,"bu","13:34:51",2511100
48.6,0.5,200,"sd","13:34:38",2509100
48.6,0.5,400,"sd","13:34:13",2508900
48.6,0.5,200,"sd","13:34:10",2508500
48.6,0.5,1600,"sd","13:34:06",2508300
48.5,0.4,500,"bu","13:33:58",2506700
48.6,0.5,100,"sd","13:33:48",2506200
48.6,0.5,3000,"sd","13:33:36",2506100
48.6,0.5,1400,"sd","13:33:24",2503100
48.6,0.5,3000,"sd","13:33:20",2501700
48.6,0.5,3000,"sd","13:33:01",2498700
48.6,0.5,5000,"sd","13:32:55",2495700
48.6,0.5,200,"sd","13:32:48",2490700
48.6,0.5,6000,"sd","13:32:46",2490500
48.6,0.5,900,"sd","13:32:25",2484500
48.6,0.5,1000,"sd","13:32:15",2483600
48.6,0.5,5000,"sd","13:32:14",2482600
48.6,0.5,1000,"sd","13:32:06",2477600
48.6,0.5,300,"sd","13:31:56",2476600
48.5,0.4,100,"bu","13:31:24",2476300
48.5,0.4,80300,"sd","13:31:22",2476200
48.5,0.4,2600,"sd","13:31:11",2395900
48.5,0.4,2000,"sd","13:30:53",2393300
48.4,0.3,300,"bu","13:30:38",2391300
48.5,0.4,500,"sd","13:30:21",2391000
48.4,0.3,800,"bu","13:30:15",2390500
48.4,0.3,19700,"sd","13:30:13",2389700
48.4,0.3,3000,"sd","13:30:12",2370000
48.4,0.3,1600,"sd","13:30:03",2367000
48.4,0.3,1000,"sd","13:30:02",2365400
48.4,0.3,10000,"sd","13:29:48",2364400
48.4,0.3,200,"sd","13:29:41",2354400
48.3,0.2,200,"bu","13:29:38",2354200
48.3,0.2,300,"bu","13:28:46",2354000
48.4,0.3,400,"sd","13:28:13",2353700
48.3,0.2,400,"bu","13:27:53",2353300
48.3,0.2,100,"bu","13:27:39",2352900
48.3,0.2,600,"bu","13:27:31",2352800
48.3,0.2,5000,"bu","13:27:29",2352200
48.4,0.3,300,"sd","13:27:26",2347200
48.3,0.2,1300,"bu","13:27:11",2346900
48.3,0.2,500,"bu","13:27:08",2345600
48.3,0.2,200,"bu","13:27:03",2345100
48.3,0.2,300,"bu","13:26:59",2344900
48.3,0.2,6000,"bu","13:26:57",2344600
48.3,0.2,200,"bu","13:26:56",2338600
48.3,0.2,1000,"bu","13:26:53",2338400
48.3,0.2,100,"bu","13:26:47",2337400
48.3,0.2,8000,"bu","13:26:35",2337300
48.3,0.2,600,"bu","13:26:33",2329300
48.3,0.2,1600,"bu","13:26:31",2328700
48.3,0.2,300,"bu","13:26:19",2327100
48.3,0.2,10000,"bu","13:26:14",2326800
48.4,0.3,400,"sd","13:26:11",2316800
48.3,0.2,300,"bu","13:25:46",2316400
48.3,0.2,2800,"bu","13:25:33",2316100
48.4,0.3,200,"sd","13:25:27",2313300
48.4,0.3,200,"sd","13:25:12",2313100
48.3,0.2,1000,"bu","13:25:07",2312900
48.3,0.2,1000,"bu","13:24:54",2311900
48.3,0.2,100,"bu","13:24:51",2310900
48.3,0.2,100,"bu","13:24:46",2310800
48.3,0.2,10000,"bu","13:24:43",2310700
48.3,0.2,1000,"bu","13:24:32",2300700
48.3,0.2,100,"bu","13:24:31",2299700
48.3,0.2,1000,"bu","13:24:24",2299600
48.3,0.2,500,"bu","13:24:23",2298600
48.3,0.2,100,"bu","13:24:22",2298100
48.3,0.2,2500,"bu","13:24:11",2298000
48.4,0.3,2000,"sd","13:24:07",2295500
48.4,0.3,400,"sd","13:24:05",2293500
48.3,0.2,1000,"bu","13:24:02",2293100
48.3,0.2,1000,"bu","13:24:00",2292100
48.3,0.2,20000,"bu","13:23:53",2291100
48.4,0.3,300,"sd","13:22:56",2271100
48.3,0.2,2000,"bu","13:22:46",2270800
48.3,0.2,500,"bu","13:22:38",2268800
48.3,0.2,100,"bu","13:22:32",2268300
48.4,0.3,700,"sd","13:22:27",2268200
48.4,0.3,2900,"sd","13:22:12",2267500
48.4,0.3,500,"sd","13:21:52",2264600
48.4,0.3,15300,"sd","13:21:33",2264100
48.4,0.3,100,"bu","13:21:32",2248800
48.4,0.3,4200,"bu","13:21:26",2248700
48.4,0.3,500,"bu","13:21:01",2244500
48.4,0.3,100,"bu","13:21:00",2244000
48.4,0.3,500,"bu","13:20:45",2243900
48.5,0.4,200,"sd","13:20:42",2243400
48.4,0.3,30200,"bu","13:20:36",2243200
48.4,0.3,3000,"sd","13:20:12",2213000
48.4,0.3,400,"sd","13:19:48",2210000
48.3,0.2,1000,"bu","13:19:20",2209600
48.3,0.2,16200,"bu","13:19:15",2208600
48.3,0.2,1000,"bu","13:18:47",2192400
48.4,0.3,300,"sd","13:18:27",2191400
48.3,0.2,500,"bu","13:18:07",2191100
48.4,0.3,1000,"sd","13:18:06",2190600
48.3,0.2,1000,"bu","13:17:50",2189600
48.4,0.3,400,"sd","13:17:48",2188600
48.3,0.2,500,"bu","13:17:35",2188200
48.4,0.3,1100,"sd","13:17:14",2187700
48.4,0.3,5000,"sd","13:16:52",2186600
48.4,0.3,100,"sd","13:16:49",2181600
48.4,0.3,200,"sd","13:16:42",2181500
48.3,0.2,1500,"bu","13:16:36",2181300
48.4,0.3,200,"sd","13:16:35",2179800
48.4,0.3,2500,"sd","13:16:33",2179600
48.4,0.3,6000,"sd","13:16:30",2177100
48.4,0.3,1000,"sd","13:16:26",2171100
48.4,0.3,2900,"sd","13:16:24",2170100
48.4,0.3,100,"sd","13:16:20",2167200
48.4,0.3,1000,"sd","13:16:13",2167100
48.4,0.3,2200,"sd","13:16:12",2166100
48.4,0.3,2500,"sd","13:16:11",2163900
48.4,0.3,100,"sd","13:16:06",2161400
48.4,0.3,200,"sd","13:16:04",2161300
48.4,0.3,500,"sd","13:16:01",2161100
48.4,0.3,600,"sd","13:15:54",2160600
48.4,0.3,1000,"sd","13:15:53",2160000
48.4,0.3,1000,"sd","13:15:52",2159000
48.4,0.3,1100,"sd","13:15:44",2158000
48.4,0.3,400,"sd","13:15:43",2156900
48.4,0.3,300,"sd","13:15:41",2156500
48.4,0.3,2000,"sd","13:15:27",2156200
48.4,0.3,1000,"sd","13:15:08",2154200
48.4,0.3,500,"sd","13:15:00",2153200
48.4,0.3,500,"sd","13:14:55",2152700
48.4,0.3,10000,"sd","13:14:49",2152200
48.4,0.3,3000,"sd","13:14:32",2142200
48.4,0.3,200,"sd","13:14:09",2139200
48.4,0.3,1000,"sd","13:14:00",2139000
48.4,0.3,300,"sd","13:13:58",2138000
48.4,0.3,500,"sd","13:13:55",2137700
48.4,0.3,400,"sd","13:13:37",2137200
48.4,0.3,500,"sd","13:13:18",2136800
48.3,0.2,500,"bu","13:13:15",2136300
48.4,0.3,300,"sd","13:13:07",2135800
48.3,0.2,500,"bu","13:13:01",2135500
48.4,0.3,1100,"sd","13:12:53",2135000
48.3,0.2,1000,"bu","13:12:33",2133900
48.3,0.2,600,"bu","13:12:14",2132900
48.3,0.2,1500,"bu","13:11:57",2132300
48.4,0.3,200,"sd","13:11:43",2130800
48.3,0.2,2500,"bu","13:11:31",2130600
48.4,0.3,400,"sd","13:11:30",2128100
48.3,0.2,700,"bu","13:11:23",2127700
48.3,0.2,100,"bu","13:11:21",2127000
48.3,0.2,500,"bu","13:11:02",2126900
48.3,0.2,200,"bu","13:10:59",2126400
48.3,0.2,10000,"bu","13:10:54",2126200
48.3,0.2,200,"bu","13:10:40",2116200
48.4,0.3,200,"sd","13:10:37",2116000
48.3,0.2,1000,"bu","13:10:17",2115800
48.3,0.2,500,"bu","13:10:07",2114800
48.3,0.2,100,"bu","13:10:04",2114300
48.4,0.3,5200,"sd","13:09:56",2114200
48.3,0.2,5000,"bu","13:09:52",2109000
48.4,0.3,300,"sd","13:09:29",2104000
48.4,0.3,500,"sd","13:09:27",2103700
48.4,0.3,400,"sd","13:09:25",2103200
48.4,0.3,5200,"sd","13:09:13",2102800
48.3,0.2,1000,"bu","13:08:57",2097600
48.4,0.3,200,"sd","13:08:52",2096600
48.4,0.3,100,"sd","13:07:59",2096400
48.4,0.3,400,"sd","13:07:24",2096300
48.4,0.3,200,"sd","13:07:15",2095900
48.3,0.2,1000,"bu","13:07:10",2095700
48.3,0.2,1000,"bu","13:07:02",2094700
48.3,0.2,2500,"bu","13:06:55",2093700
48.3,0.2,100,"bu","13:06:51",2091200
48.3,0.2,100,"bu","13:06:47",2091100
48.3,0.2,200,"bu","13:06:33",2091000
48.3,0.2,3000,"bu","13:06:05",2090800
48.3,0.2,100,"bu","13:05:50",2087800
48.3,0.2,1400,"bu","13:05:45",2087700
48.3,0.2,500,"bu","13:05:42",2086300
48.3,0.2,1000,"bu","13:05:39",2085800
48.3,0.2,600,"bu","13:05:38",2084800
48.3,0.2,3000,"bu","13:05:18",2084200
48.4,0.3,900,"sd","13:05:17",2081200
48.3,0.2,1100,"bu","13:05:12",2080300
48.3,0.2,8900,"sd","13:05:05",2079200
48.2,0.1,100,"bu","13:05:04",2070300
48.3,0.2,300,"sd","13:05:00",2070200
48.3,0.2,6100,"sd","13:04:51",2069900
48.3,0.2,200,"sd","13:04:48",2063800
48.3,0.2,1000,"sd","13:04:33",2063600
48.2,0.1,200,"bu","13:04:25",2062600
48.2,0.1,100,"bu","13:04:20",2062400
48.2,0.1,15000,"bu","13:04:02",2062300
48.2,0.1,10000,"bu","13:03:51",2047300
48.2,0.1,14900,"sd","13:03:50",2037300
48.2,0.1,3000,"sd","13:03:45",2022400
48.2,0.1,600,"sd","13:03:36",2019400
48.2,0.1,200,"sd","13:03:35",2018800
48.1,0,700,"bu","13:03:26",2018600
48.1,0,500,"bu","13:03:23",2017900
48.1,0,500,"bu","13:03:19",2017400
48.2,0.1,400,"sd","13:03:09",2016900
48.1,0,100,"bu","13:03:01",2016500
48.2,0.1,500,"sd","13:02:54",2016400
48.1,0,50000,"bu","13:02:51",2015900
48.1,0,1600,"bu","13:02:50",1965900
48.2,0.1,200,"sd","13:02:46",1964300
48.1,0,10000,"bu","13:02:35",1964100
48.2,0.1,1000,"sd","13:02:17",1954100
48.2,0.1,2500,"sd","13:02:06",1953100
48.2,0.1,1200,"","13:01:57",1950600
48.2,0.1,8000,"bu","13:01:52",1949400
48.2,0.1,30000,"bu","13:01:51",1941400
48.2,0.1,800,"bu","13:01:43",1911400
48.2,0.1,3200,"bu","13:01:38",1910600
48.2,0.1,10000,"bu","13:01:29",1907400
48.2,0.1,5000,"bu","13:01:26",1897400
48.2,0.1,800,"bu","13:01:23",1892400
48.2,0.1,200,"bu","13:01:01",1891600
48.3,0.2,400,"sd","13:01:00",1891400
48.2,0.1,5000,"bu","13:00:36",1891000
48.3,0.2,300,"sd","13:00:31",1886000
48.2,0.1,1000,"bu","13:00:09",1885700
48.2,0.1,11800,"bu","13:00:04",1884700
48.3,0.2,12200,"bu","13:00:03",1872900
48.3,0.2,3100,"bu","13:00:02",1860700
48.3,0.2,3700,"bu","13:00:01",1857600
48.3,0.2,1000,"bu","11:29:58",1853900
48.4,0.3,500,"sd","11:29:43",1852900
48.3,0.2,700,"bu","11:29:34",1852400
48.3,0.2,10000,"bu","11:29:32",1851700
48.3,0.2,1000,"bu","11:29:07",1841700
48.3,0.2,2200,"bu","11:29:06",1840700
48.3,0.2,1500,"bu","11:28:58",1838500
48.3,0.2,2500,"bu","11:28:46",1837000
48.3,0.2,500,"bu","11:28:42",1834500
48.3,0.2,100,"bu","11:28:39",1834000
48.3,0.2,5000,"bu","11:28:23",1833900
48.3,0.2,500,"bu","11:28:10",1828900
48.4,0.3,500,"sd","11:28:01",1828400
48.3,0.2,1300,"bu","11:27:54",1827900
48.3,0.2,200,"bu","11:27:38",1826600
48.3,0.2,200,"bu","11:26:58",1826400
48.4,0.3,100,"sd","11:26:53",1826200
48.4,0.3,200,"sd","11:26:15",1826100
48.3,0.2,10000,"sd","11:26:10",1825900
48.3,0.2,400,"sd","11:25:53",1815900
48.3,0.2,1000,"sd","11:25:49",1815500
48.2,0.1,200,"bu","11:25:42",1814500
48.2,0.1,300,"bu","11:25:12",1814300
48.2,0.1,10000,"bu","11:25:03",1814000
48.2,0.1,5000,"sd","11:24:52",1804000
48.1,0,1000,"bu","11:24:48",1799000
48.2,0.1,200,"sd","11:24:42",1798000
48.2,0.1,700,"sd","11:24:37",1797800
48.2,0.1,15000,"bu","11:24:34",1797100
48.2,0.1,2000,"bu","11:24:33",1782100
48.3,0.2,200,"sd","11:24:31",1780100
48.2,0.1,3000,"bu","11:24:16",1779900
48.3,0.2,400,"sd","11:23:52",1776900
48.3,0.2,100,"sd","11:23:41",1776500
48.3,0.2,1000,"bu","11:23:05",1776400
48.2,0.1,5900,"sd","11:22:58",1775400
48.2,0.1,119100,"sd","11:22:53",1769500
48.3,0.2,2000,"bu","11:22:48",1650400
48.4,0.3,300,"sd","11:22:46",1648400
48.4,0.3,200,"sd","11:22:43",1648100
48.4,0.3,200,"sd","11:21:03",1647900
48.3,0.2,2000,"bu","11:21:01",1647700
48.3,0.2,2000,"bu","11:20:48",1645700
48.3,0.2,4000,"bu","11:20:38",1643700
48.3,0.2,9900,"bu","11:20:14",1639700
48.3,0.2,900,"bu","11:20:12",1629800
48.4,0.3,1000,"sd","11:20:06",1628900
48.3,0.2,6200,"bu","11:19:53",1627900
48.3,0.2,400,"bu","11:19:49",1621700
48.3,0.2,5000,"bu","11:19:41",1621300
48.4,0.3,300,"sd","11:19:18",1616300
48.3,0.2,5000,"bu","11:19:13",1616000
48.4,0.3,200,"sd","11:17:34",1611000
48.3,0.2,400,"bu","11:17:27",1610800
48.3,0.2,3100,"bu","11:17:19",1610400
48.3,0.2,200,"bu","11:17:17",1607300
48.3,0.2,100,"bu","11:17:05",1607100
48.3,0.2,10000,"bu","11:17:04",1607000
48.3,0.2,100,"bu","11:16:49",1597000
48.3,0.2,1000,"bu","11:16:44",1596900
48.3,0.2,3800,"bu","11:16:41",1595900
48.3,0.2,900,"bu","11:16:28",1592100
48.3,0.2,500,"bu","11:16:17",1591200
48.3,0.2,100,"bu","11:16:12",1590700
48.4,0.3,300,"sd","11:15:51",1590600
48.4,0.3,200,"sd","11:15:49",1590300
48.3,0.2,1500,"bu","11:15:46",1590100
48.3,0.2,300,"bu","11:15:06",1588600
48.3,0.2,100,"bu","11:14:50",1588300
48.3,0.2,100,"bu","11:14:28",1588200
48.4,0.3,300,"sd","11:14:05",1588100
48.4,0.3,700,"sd","11:13:40",1587800
48.4,0.3,10000,"sd","11:13:07",1587100
48.3,0.2,10000,"bu","11:12:54",1577100
48.3,0.2,1500,"bu","11:12:22",1567100
48.4,0.3,200,"sd","11:12:20",1565600
48.3,0.2,17700,"bu","11:11:58",1565400
48.3,0.2,200,"bu","11:11:22",1547700
48.4,0.3,500,"sd","11:11:02",1547500
48.4,0.3,5000,"sd","11:10:50",1547000
48.4,0.3,300,"sd","11:10:35",1542000
48.4,0.3,100,"sd","11:10:16",1541700
48.4,0.3,100,"sd","11:10:05",1541600
48.4,0.3,300,"sd","11:10:01",1541500
48.4,0.3,200,"sd","11:09:24",1541200
48.3,0.2,1000,"bu","11:08:54",1541000
48.4,0.3,200,"sd","11:08:51",1540000
48.3,0.2,800,"bu","11:08:34",1539800
48.3,0.2,2000,"bu","11:08:32",1539000
48.4,0.3,100,"sd","11:08:24",1537000
48.4,0.3,1000,"sd","11:08:19",1536900
48.3,0.2,4000,"bu","11:08:07",1535900
48.3,0.2,1000,"bu","11:08:06",1531900
48.4,0.3,3000,"sd","11:08:02",1530900
48.3,0.2,500,"bu","11:07:16",1527900
48.4,0.3,300,"sd","11:07:06",1527400
48.3,0.2,4800,"bu","11:07:01",1527100
48.3,0.2,500,"bu","11:06:49",1522300
48.3,0.2,100,"bu","11:06:40",1521800
48.3,0.2,100,"bu","11:06:24",1521700
48.3,0.2,4100,"sd","11:06:22",1521600
48.2,0.1,900,"bu","11:06:14",1517500
48.3,0.2,1000,"sd","11:06:10",1516600
48.3,0.2,1000,"sd","11:06:06",1515600
48.2,0.1,200,"bu","11:05:52",1514600
48.2,0.1,1500,"bu","11:05:51",1514400
48.3,0.2,2000,"sd","11:05:43",1512900
48.3,0.2,100,"sd","11:05:40",1510900
48.3,0.2,5000,"sd","11:05:35",1510800
48.3,0.2,2800,"sd","11:05:34",1505800
48.3,0.2,100,"sd","11:05:30",1503000
48.3,0.2,3500,"bu","11:05:27",1502900
48.3,0.2,5000,"bu","11:05:25",1499400
48.4,0.3,200,"sd","11:05:22",1494400
48.3,0.2,1000,"bu","11:05:20",1494200
48.3,0.2,10000,"bu","11:05:11",1493200
48.3,0.2,5000,"bu","11:05:02",1483200
48.3,0.2,1000,"bu","11:04:58",1478200
48.3,0.2,17600,"bu","11:04:51",1477200
48.3,0.2,100,"bu","11:04:44",1459600
48.3,0.2,10000,"bu","11:04:41",1459500
48.3,0.2,5000,"bu","11:04:27",1449500
48.4,0.3,100,"sd","11:03:58",1444500
48.4,0.3,3000,"sd","11:03:49",1444400
48.4,0.3,300,"sd","11:03:37",1441400
48.3,0.2,5000,"bu","11:03:31",1441100
48.3,0.2,3000,"bu","11:02:50",1436100
48.3,0.2,100000,"bu","11:02:05",1433100
48.4,0.3,1000,"bu","11:01:56",1333100
48.5,0.4,200,"sd","11:01:53",1332100
48.4,0.3,5000,"bu","11:01:08",1331900
48.5,0.4,800,"sd","11:01:07",1326900
48.4,0.3,8000,"bu","11:00:56",1326100
48.5,0.4,1300,"sd","11:00:08",1318100
48.4,0.3,500,"bu","10:59:36",1316800
48.4,0.3,100,"bu","10:59:11",1316300
48.4,0.3,1000,"bu","10:58:53",1316200
48.5,0.4,200,"sd","10:58:24",1315200
48.5,0.4,800,"sd","10:58:10",1315000
48.4,0.3,16000,"bu","10:58:06",1314200
48.4,0.3,3500,"bu","10:56:45",1293200
48.5,0.4,300,"sd","10:56:39",1289700
48.5,0.4,2300,"bu","10:55:35",1289400
48.5,0.4,11100,"bu","10:55:33",1287100
48.5,0.4,500,"bu","10:55:12",1276000
48.5,0.4,400,"bu","10:55:01",1275500
48.6,0.5,200,"sd","10:54:55",1275100
48.5,0.4,400,"bu","10:54:49",1274900
48.5,0.4,1000,"bu","10:54:35",1274500
48.5,0.4,6000,"bu","10:54:27",1273500
48.6,0.5,3000,"sd","10:53:54",1267500
48.6,0.5,800,"sd","10:53:53",1264500
48.6,0.5,200,"sd","10:53:10",1263700
48.6,0.5,300,"sd","10:51:24",1263500
48.5,0.4,300,"bu","10:50:10",1263200
48.5,0.4,3000,"bu","10:50:06",1262900
48.5,0.4,5000,"bu","10:49:54",1259900
48.5,0.4,13200,"bu","10:49:41",1254900
48.5,0.4,200,"sd","10:49:40",1241700
48.5,0.4,100,"sd","10:49:33",1241500
48.5,0.4,100,"sd","10:49:33",1241500
48.5,0.4,100,"sd","10:48:57",1241400
48.5,0.4,1000,"sd","10:48:24",1241300
48.5,0.4,300,"sd","10:47:55",1240300
48.5,0.4,1000,"sd","10:47:43",1240000
48.5,0.4,800,"sd","10:47:33",1239000
48.5,0.4,2000,"bu","10:47:30",1238200
48.5,0.4,800,"bu","10:47:16",1236200
48.5,0.4,200,"bu","10:47:07",1235400
48.5,0.4,5000,"bu","10:46:59",1235200
48.5,0.4,1000,"bu","10:46:56",1230200
48.5,0.4,100,"bu","10:46:20",1229200
48.6,0.5,200,"sd","10:46:11",1229100
48.5,0.4,1400,"bu","10:45:54",1228900
48.5,0.4,300,"bu","10:45:22",1227500
48.5,0.4,300,"bu","10:44:45",1227200
48.5,0.4,100,"bu","10:44:41",1226900
48.5,0.4,100,"bu","10:44:31",1226800
48.6,0.5,300,"sd","10:44:26",1226700
48.5,0.4,1000,"bu","10:44:08",1226400
48.5,0.4,2700,"bu","10:43:37",1225100
48.5,0.4,2300,"sd","10:43:36",1222400
48.5,0.4,7200,"bu","10:43:35",1220100
48.5,0.4,5500,"bu","10:43:10",1212900
48.6,0.5,5000,"sd","10:43:02",1207400
48.6,0.5,1000,"sd","10:42:56",1202400
48.6,0.5,200,"sd","10:42:42",1201400
48.6,0.5,100,"sd","10:41:26",1201200
48.6,0.5,300,"sd","10:40:57",1201100
48.6,0.5,100,"sd","10:39:23",1200800
48.6,0.5,100,"bu","10:39:13",1200700
48.6,0.5,100,"","10:38:27",1200600
48.6,0.5,200,"bu","10:38:20",1200500
48.6,0.5,100,"bu","10:37:28",1200300
48.6,0.5,100,"sd","10:37:07",1200200
48.6,0.5,500,"bu","10:37:03",1200100
48.6,0.5,400,"bu","10:36:43",1199600
48.6,0.5,10000,"bu","10:35:55",1199200
48.7,0.6,200,"sd","10:35:43",1189200
48.6,0.5,500,"bu","10:35:12",1189000
48.6,0.5,500,"bu","10:35:12",1189000
48.6,0.5,100,"bu","10:35:11",1188500
48.6,0.5,200,"bu","10:34:47",1188400
48.7,0.6,300,"sd","10:33:59",1188200
48.6,0.5,300,"bu","10:33:58",1187900
48.6,0.5,5000,"bu","10:33:02",1187600
48.7,0.6,200,"sd","10:32:14",1182600
48.7,0.6,300,"sd","10:31:24",1182400
48.7,0.6,300,"sd","10:31:12",1182100
48.7,0.6,100,"sd","10:30:47",1181800
48.7,0.6,200,"sd","10:30:30",1181700
48.6,0.5,400,"bu","10:30:26",1181500
48.6,0.5,100,"bu","10:30:05",1181100
48.6,0.5,1700,"bu","10:29:08",1181000
48.6,0.5,200,"bu","10:29:05",1179300
48.7,0.6,1500,"sd","10:28:49",1179100
48.7,0.6,300,"sd","10:28:45",1177600
48.6,0.5,200,"bu","10:28:32",1177300
48.6,0.5,600,"bu","10:28:07",1177100
48.6,0.5,500,"sd","10:28:05",1176500
48.6,0.5,8000,"sd","10:28:01",1172000
48.6,0.5,10000,"sd","10:27:52",1164000
48.6,0.5,8000,"sd","10:27:37",1154000
48.6,0.5,1000,"sd","10:27:18",1146000
48.5,0.4,2000,"bu","10:27:17",1145000
48.6,0.5,200,"sd","10:27:02",1143000
48.6,0.5,300,"sd","10:26:08",1142800
48.6,0.5,300,"sd","10:25:17",1142500
48.6,0.5,1000,"sd","10:25:03",1142200
48.5,0.4,300,"bu","10:23:58",1141200
48.6,0.5,2500,"sd","10:23:56",1140900
48.5,0.4,200,"bu","10:23:48",1138400
48.6,0.5,200,"sd","10:23:33",1138200
48.5,0.4,100,"bu","10:23:10",1138000
48.5,0.4,400,"bu","10:22:55",1137900
48.5,0.4,4400,"bu","10:22:21",1137500
48.5,0.4,5000,"sd","10:22:19",1133100
48.5,0.4,2000,"sd","10:22:17",1128100
48.5,0.4,1000,"sd","10:21:58",1126100
48.5,0.4,100,"sd","10:21:56",1125100
48.5,0.4,3600,"sd","10:21:51",1125000
48.5,0.4,2300,"bu","10:21:48",1121400
48.6,0.5,400,"sd","10:21:40",1119100
48.5,0.4,100,"bu","10:21:02",1118700
48.5,0.4,100,"bu","10:20:49",1118600
48.5,0.4,200,"bu","10:20:17",1118500
48.5,0.4,1500,"bu","10:20:14",1118300
48.5,0.4,1000,"sd","10:19:50",1116800
48.5,0.4,400,"sd","10:19:49",1115800
48.5,0.4,2600,"bu","10:19:45",1115400
48.5,0.4,500,"sd","10:19:32",1112800
48.5,0.4,200,"sd","10:19:07",1112300
48.5,0.4,200,"sd","10:18:57",1112100
48.5,0.4,400,"bu","10:18:54",1111900
48.5,0.4,100,"bu","10:18:45",1111500
48.5,0.4,9900,"sd","10:18:44",1111400
48.5,0.4,200,"bu","10:18:43",1101500
48.5,0.4,100,"bu","10:18:04",1101300
48.5,0.4,200,"bu","10:17:56",1101200
48.5,0.4,500,"bu","10:17:51",1101000
48.5,0.4,200,"bu","10:17:48",1100500
48.5,0.4,500,"bu","10:17:38",1100300
48.5,0.4,700,"bu","10:17:33",1099800
48.5,0.4,1200,"bu","10:17:19",1099100
48.5,0.4,2000,"bu","10:16:59",1097900
48.5,0.4,600,"bu","10:16:58",1095900
48.5,0.4,7700,"bu","10:16:26",1095300
48.5,0.4,5000,"bu","10:16:09",1087600
48.5,0.4,200,"bu","10:15:50",1082600
48.5,0.4,300,"bu","10:15:43",1082400
48.5,0.4,200,"bu","10:15:07",1082100
48.5,0.4,5000,"bu","10:14:43",1081900
48.5,0.4,100,"bu","10:14:33",1076900
48.5,0.4,500,"bu","10:14:27",1076800
48.5,0.4,1000,"bu","10:14:26",1076300
48.6,0.5,200,"sd","10:14:25",1075300
48.5,0.4,500,"bu","10:14:11",1075100
48.5,0.4,100,"bu","10:14:09",1074600
48.5,0.4,5000,"bu","10:13:53",1074500
48.5,0.4,20000,"bu","10:13:24",1069500
48.5,0.4,20000,"bu","10:13:24",1069500
48.5,0.4,100,"bu","10:13:19",1049500
48.6,0.5,500,"","10:13:11",1049400
48.6,0.5,5000,"bu","10:13:04",1048900
48.6,0.5,3600,"bu","10:12:43",1043900
48.6,0.5,100,"bu","10:12:32",1040300
48.6,0.5,100,"bu","10:12:21",1040200
48.6,0.5,100,"bu","10:12:20",1040100
48.6,0.5,10000,"bu","10:12:15",1040000
48.6,0.5,100,"bu","10:12:04",1030000
48.6,0.5,8000,"bu","10:11:55",1029900
48.6,0.5,500,"bu","10:11:43",1021900
48.6,0.5,1000,"bu","10:11:39",1021400
48.6,0.5,1000,"bu","10:11:32",1020400
48.6,0.5,500,"bu","10:11:31",1019400
48.6,0.5,10000,"bu","10:11:28",1018900
48.6,0.5,3000,"bu","10:11:25",1008900
48.6,0.5,1000,"bu","10:11:17",1005900
48.6,0.5,200,"bu","10:11:07",1004900
48.6,0.5,1000,"bu","10:10:42",1004700
48.7,0.6,700,"bu","10:09:36",1001400
48.7,0.6,5000,"bu","10:09:32",1000700
48.7,0.6,200,"bu","10:09:19",995700
48.7,0.6,700,"bu","10:09:14",995500
48.7,0.6,1000,"bu","10:09:10",994800
48.7,0.6,2000,"bu","10:09:08",993800
48.7,0.6,4000,"bu","10:08:58",991800
48.7,0.6,500,"bu","10:08:52",987800
48.7,0.6,1000,"bu","10:08:04",987300
48.7,0.6,2300,"bu","10:08:01",986300
48.7,0.6,100,"bu","10:07:37",984000
48.7,0.6,1600,"bu","10:07:12",983900
48.7,0.6,1000,"bu","10:06:54",982300
48.8,0.7,1000,"sd","10:06:50",981300
48.7,0.6,800,"bu","10:06:45",980300
48.7,0.6,100,"bu","10:06:35",979500
48.7,0.6,500,"bu","10:06:24",979400
48.7,0.6,5000,"bu","10:06:19",978900
48.7,0.6,5000,"bu","10:06:10",973900
48.7,0.6,2200,"bu","10:05:38",968900
48.7,0.6,100,"sd","10:05:37",966700
48.7,0.6,2000,"sd","10:05:25",966600
48.7,0.6,1000,"sd","10:05:24",964600
48.7,0.6,2000,"sd","10:05:21",963600
48.7,0.6,6800,"sd","10:05:01",961600
48.7,0.6,500,"sd","10:04:29",954800
48.7,0.6,5000,"sd","10:04:23",954300
48.7,0.6,500,"sd","10:03:47",949300
48.7,0.6,5000,"sd","10:03:34",948800
48.7,0.6,200,"sd","10:03:17",943800
48.7,0.6,500,"sd","10:02:58",943600
48.7,0.6,2000,"sd","10:02:50",943100
48.7,0.6,1600,"sd","10:02:39",941100
48.7,0.6,900,"sd","10:02:32",939500
48.7,0.6,1000,"sd","10:02:23",938600
48.7,0.6,2000,"sd","10:02:10",937600
48.7,0.6,5500,"sd","10:00:51",935600
48.7,0.6,500,"bu","10:00:47",930100
48.7,0.6,5000,"bu","10:00:45",929600
48.7,0.6,2000,"bu","09:59:36",924600
48.7,0.6,3000,"bu","09:59:19",922600
48.7,0.6,4000,"bu","09:59:04",919600
48.7,0.6,2000,"bu","09:59:01",915600
48.7,0.6,200,"bu","09:58:37",913600
48.7,0.6,1700,"bu","09:58:03",913400
48.7,0.6,1100,"bu","09:57:31",911700
48.7,0.6,4400,"bu","09:57:13",910600
48.7,0.6,300,"sd","09:56:59",906200
48.7,0.6,2000,"sd","09:56:50",905900
48.7,0.6,1000,"sd","09:56:26",903900
48.7,0.6,100,"sd","09:56:25",902900
48.7,0.6,3000,"sd","09:56:22",902800
48.7,0.6,5000,"sd","09:55:57",899800
48.7,0.6,200,"sd","09:55:49",894800
48.7,0.6,3000,"sd","09:55:35",894600
48.7,0.6,200,"sd","09:55:15",891600
48.6,0.5,500,"bu","09:55:11",891400
48.6,0.5,5000,"bu","09:55:10",890900
48.7,0.6,500,"sd","09:54:59",885900
48.7,0.6,500,"sd","09:54:55",885400
48.7,0.6,500,"sd","09:54:27",884900
48.7,0.6,2000,"sd","09:54:08",884400
48.7,0.6,24500,"bu","09:53:41",882400
48.7,0.6,14000,"bu","09:53:38",857900
48.8,0.7,200,"sd","09:53:20",843900
48.7,0.6,2000,"bu","09:53:19",843700
48.7,0.6,5000,"bu","09:53:06",841700
48.8,0.7,300,"sd","09:52:35",836700
48.8,0.7,100,"sd","09:52:21",836400
48.8,0.7,3000,"sd","09:52:10",836300
48.8,0.7,200,"sd","09:52:08",833300
48.8,0.7,300,"sd","09:52:05",833100
48.8,0.7,1000,"sd","09:51:55",832800
48.8,0.7,4600,"bu","09:51:54",831800
48.8,0.7,200,"bu","09:51:46",827200
48.8,0.7,500,"bu","09:51:39",827000
48.8,0.7,1000,"bu","09:51:34",826500
48.8,0.7,300,"bu","09:51:31",825500
48.8,0.7,100,"bu","09:51:25",825200
48.8,0.7,1000,"bu","09:51:14",825100
48.8,0.7,300,"bu","09:51:12",824100
48.8,0.7,2000,"bu","09:51:08",823800
48.8,0.7,100,"bu","09:50:57",821800
48.8,0.7,500,"bu","09:50:56",821700
48.8,0.7,5600,"bu","09:50:48",821200
48.8,0.7,5000,"bu","09:50:43",815600
48.9,0.8,1000,"sd","09:50:39",810600
48.8,0.7,20000,"bu","09:50:38",809600
48.8,0.7,500,"bu","09:50:28",789600
48.8,0.7,500,"bu","09:50:26",789100
48.8,0.7,100,"bu","09:50:16",788600
48.8,0.7,3500,"bu","09:49:55",788500
48.8,0.7,2000,"bu","09:49:53",785000
48.8,0.7,1500,"bu","09:49:28",783000
48.8,0.7,3000,"bu","09:49:15",781500
48.8,0.7,1200,"bu","09:49:14",778500
48.8,0.7,200,"bu","09:49:12",777300
48.8,0.7,300,"bu","09:49:08",777100
48.8,0.7,2000,"bu","09:49:02",776800
48.8,0.7,200,"bu","09:48:55",774800
48.8,0.7,200,"bu","09:48:55",774800
48.9,0.8,100,"sd","09:48:50",774600
48.8,0.7,1600,"bu","09:48:43",774500
48.8,0.7,500,"bu","09:48:37",772900
48.8,0.7,10000,"bu","09:48:34",772400
48.9,0.8,5800,"sd","09:48:31",762400
48.8,0.7,20000,"bu","09:48:25",756600
48.8,0.7,100,"bu","09:48:24",736600
48.8,0.7,200,"bu","09:48:23",736500
48.8,0.7,100,"bu","09:48:12",736300
48.8,0.7,100,"bu","09:48:08",736200
48.8,0.7,10500,"bu","09:47:52",736100
48.9,0.8,3000,"sd","09:47:46",725600
48.8,0.7,400,"bu","09:47:41",722600
48.8,0.7,1000,"bu","09:47:33",722200
48.9,0.8,1000,"sd","09:47:23",721200
48.8,0.7,300,"bu","09:47:21",720200
48.8,0.7,500,"bu","09:47:06",719900
48.8,0.7,200,"bu","09:46:51",719400
48.9,0.8,500,"sd","09:46:24",719200
48.9,0.8,1100,"sd","09:46:14",717200
48.9,0.8,300,"sd","09:45:51",716100
48.9,0.8,100,"sd","09:45:34",715800
48.9,0.8,5000,"sd","09:45:32",715700
48.9,0.8,400,"sd","09:45:25",710700
48.9,0.8,500,"sd","09:45:21",710300
48.9,0.8,5000,"sd","09:45:19",709800
48.9,0.8,1000,"sd","09:45:15",704800
48.9,0.8,500,"sd","09:45:02",703800
48.9,0.8,100,"sd","09:44:59",703300
48.9,0.8,1000,"bu","09:44:46",703200
48.9,0.8,1500,"bu","09:44:45",702200
48.9,0.8,500,"bu","09:44:40",700700
48.9,0.8,7000,"bu","09:44:32",700200
48.9,0.8,500,"sd","09:44:28",693200
48.9,0.8,1000,"sd","09:44:26",692700
48.9,0.8,100,"sd","09:44:25",691700
48.9,0.8,500,"sd","09:44:23",691600
48.9,0.8,2600,"sd","09:44:20",691100
48.9,0.8,1000,"sd","09:44:17",688500
48.9,0.8,1000,"sd","09:44:17",688500
48.9,0.8,400,"bu","09:44:12",687500
48.9,0.8,2000,"bu","09:44:11",687100
48.9,0.8,900,"sd","09:44:05",685100
48.9,0.8,100,"bu","09:44:03",684200
48.9,0.8,100,"bu","09:43:59",684100
49,0.9,2000,"sd","09:43:57",684000
49,0.9,500,"sd","09:43:54",682000
48.9,0.8,500,"bu","09:43:52",681500
48.9,0.8,200,"bu","09:43:51",681000
48.9,0.8,3000,"bu","09:43:50",680800
49,0.9,600,"sd","09:43:49",677800
48.9,0.8,1000,"bu","09:43:46",677200
48.9,0.8,5500,"bu","09:43:41",676200
48.9,0.8,800,"bu","09:43:39",670700
48.9,0.8,1000,"bu","09:43:31",669900
48.9,0.8,100,"bu","09:43:30",668900
49,0.9,1300,"sd","09:43:26",668800
49,0.9,800,"sd","09:43:20",667500
48.9,0.8,1000,"bu","09:43:18",666700
48.9,0.8,2000,"bu","09:42:51",665200
49,0.9,10000,"sd","09:42:50",663200
49,0.9,1000,"sd","09:42:49",653200
49,0.9,1000,"sd","09:42:41",652200
48.9,0.8,300,"sd","09:42:39",651200
48.9,0.8,300,"sd","09:42:38",650900
48.9,0.8,2000,"sd","09:42:37",650600
48.9,0.8,17200,"bu","09:42:36",648600
48.9,0.8,600,"bu","09:42:32",631400
49,0.9,500,"sd","09:42:29",630800
49,0.9,1000,"sd","09:42:25",630300
49,0.9,500,"sd","09:42:22",624300
49,0.9,1000,"sd","09:42:15",623800
49,0.9,1000,"sd","09:42:13",622800
49,0.9,2000,"sd","09:42:12",621800
49,0.9,200,"sd","09:42:05",619800
48.9,0.8,3000,"sd","09:42:04",619600
48.9,0.8,700,"sd","09:42:03",616600
48.9,0.8,200,"sd","09:42:01",615900
48.9,0.8,10000,"sd","09:42:00",615700
48.9,0.8,8000,"sd","09:41:59",605700
48.9,0.8,20000,"sd","09:41:57",597700
48.9,0.8,11300,"sd","09:41:55",577700
48.9,0.8,3000,"sd","09:41:50",566400
48.9,0.8,1400,"sd","09:41:47",563400
48.9,0.8,500,"sd","09:41:39",562000
48.9,0.8,100,"sd","09:41:32",561500
48.9,0.8,100,"sd","09:41:22",561400
48.8,0.7,3000,"bu","09:41:18",561300
48.8,0.7,6800,"bu","09:41:14",558300
48.8,0.7,100,"bu","09:40:59",551500
48.8,0.7,500,"bu","09:40:54",551400
48.8,0.7,500,"bu","09:40:38",550900
48.9,0.8,400,"sd","09:40:37",550400
48.8,0.7,20000,"bu","09:40:32",550000
48.9,0.8,1500,"sd","09:40:31",530000
48.9,0.8,1500,"sd","09:40:27",528500
48.8,0.7,100,"bu","09:40:26",527000
48.9,0.8,100,"sd","09:40:22",526900
48.9,0.8,100,"sd","09:40:13",526800
48.9,0.8,100,"sd","09:40:22",526900
48.9,0.8,100,"sd","09:40:13",526800
48.9,0.8,2500,"sd","09:40:09",526700
48.9,0.8,2000,"sd","09:40:05",524200
48.8,0.7,5000,"bu","09:40:03",522200
48.8,0.7,500,"bu","09:40:01",517200
48.9,0.8,3000,"sd","09:39:53",516700
48.9,0.8,200,"sd","09:39:48",513700
48.8,0.7,500,"bu","09:39:42",513500
48.8,0.7,5200,"sd","09:39:33",513000
48.8,0.7,20200,"sd","09:39:29",507800
48.8,0.7,300,"sd","09:39:24",487600
48.8,0.7,5000,"sd","09:39:21",487300
48.8,0.7,200,"sd","09:39:10",482300
48.8,0.7,3000,"sd","09:39:07",482100
48.8,0.7,300,"sd","09:39:06",479100
48.7,0.6,500,"bu","09:39:03",478800
48.8,0.7,5000,"sd","09:39:02",478300
48.7,0.6,5000,"bu","09:39:00",473300
48.8,0.7,2000,"sd","09:38:57",468300
48.7,0.6,1000,"bu","09:38:24",456100
48.7,0.6,500,"bu","09:38:23",455100
48.7,0.6,3300,"bu","09:38:18",454600
48.7,0.6,500,"sd","09:38:13",451300
48.7,0.6,300,"sd","09:38:11",450800
48.7,0.6,1500,"sd","09:38:06",450500
48.7,0.6,100,"sd","09:38:03",449000
48.7,0.6,200,"sd","09:38:02",448900
48.7,0.6,600,"sd","09:37:55",448700
48.7,0.6,10000,"bu","09:37:54",448100
48.7,0.6,300,"bu","09:37:50",438100
48.7,0.6,500,"bu","09:37:47",437800
48.7,0.6,3000,"bu","09:37:43",437300
48.7,0.6,100,"bu","09:37:41",434300
48.8,0.7,500,"sd","09:37:38",434200
48.7,0.6,2000,"bu","09:37:30",433700
48.7,0.6,3000,"bu","09:37:23",431700
48.8,0.7,12000,"sd","09:37:22",428700
48.7,0.6,100,"bu","09:37:21",416700
48.7,0.6,3000,"bu","09:37:14",416600
48.7,0.6,100,"bu","09:37:06",413600
48.7,0.6,100,"bu","09:36:59",413500
48.7,0.6,1100,"bu","09:36:55",413400
48.7,0.6,10000,"bu","09:36:47",412300
48.7,0.6,1000,"bu","09:36:46",402300
48.8,0.7,500,"sd","09:36:35",401300
48.7,0.6,100,"bu","09:36:23",400800
48.7,0.6,5500,"sd","09:36:22",400700
48.7,0.6,5000,"sd","09:36:19",395200
48.7,0.6,300,"sd","09:36:17",390200
48.7,0.6,600,"sd","09:36:16",389900
48.7,0.6,8000,"sd","09:36:13",389300
48.7,0.6,4000,"sd","09:36:11",381300
48.7,0.6,1600,"sd","09:36:08",377300
48.7,0.6,2600,"sd","09:36:05",375700
48.7,0.6,5000,"sd","09:36:03",373100
48.7,0.6,5500,"sd","09:35:46",368100
48.6,0.5,300,"bu","09:34:41",362600
48.6,0.5,100,"bu","09:34:06",362300
48.6,0.5,500,"bu","09:34:02",362200
48.6,0.5,100,"bu","09:34:01",361700
48.6,0.5,700,"sd","09:33:48",361600
48.6,0.5,2000,"sd","09:33:47",360900
48.6,0.5,10000,"sd","09:33:46",358900
48.6,0.5,16100,"sd","09:33:40",348900
48.6,0.5,4000,"sd","09:33:30",332800
48.5,0.4,1000,"bu","09:33:23",328800
48.5,0.4,1400,"bu","09:33:18",327800
48.5,0.4,500,"sd","09:33:17",326400
48.5,0.4,40000,"sd","09:33:09",325900
48.5,0.4,600,"sd","09:32:58",285900
48.5,0.4,2100,"sd","09:32:31",285300
48.5,0.4,300,"sd","09:32:02",283200
48.5,0.4,3800,"sd","09:31:59",282900
48.5,0.4,200,"sd","09:31:54",279100
48.5,0.4,1000,"sd","09:31:24",278900
48.4,0.3,1000,"bu","09:29:29",277900
48.4,0.3,200,"bu","09:29:24",276900
48.4,0.3,3000,"bu","09:28:30",276700
48.5,0.4,500,"sd","09:28:11",273700
48.5,0.4,2500,"sd","09:27:47",273200
48.5,0.4,4900,"sd","09:26:32",270700
48.5,0.4,100,"bu","09:26:27",265800
48.6,0.5,600,"sd","09:25:56",265700
48.5,0.4,300,"bu","09:25:47",265100
48.5,0.4,800,"bu","09:25:39",264800
48.6,0.5,500,"sd","09:25:34",264000
48.5,0.4,1000,"bu","09:25:30",263500
48.5,0.4,1000,"bu","09:25:29",262500
48.5,0.4,4400,"bu","09:25:24",261500
48.5,0.4,200,"bu","09:25:22",257100
48.5,0.4,200,"bu","09:25:21",256900
48.5,0.4,6000,"sd","09:25:14",256700
48.5,0.4,300,"sd","09:25:11",250700
48.5,0.4,5000,"sd","09:25:04",250400
48.5,0.4,5100,"sd","09:24:51",245400
48.5,0.4,4600,"sd","09:24:45",240300
48.5,0.4,3800,"sd","09:24:40",235700
48.5,0.4,1000,"sd","09:24:21",231900
48.5,0.4,8000,"sd","09:24:17",230900
48.5,0.4,1000,"sd","09:24:14",222900
48.5,0.4,500,"sd","09:24:09",221900
48.5,0.4,5000,"sd","09:23:56",221400
48.5,0.4,3800,"sd","09:23:54",216400
48.5,0.4,3600,"sd","09:23:32",212600
48.5,0.4,6800,"sd","09:23:11",209000
48.5,0.4,500,"sd","09:23:08",202200
48.5,0.4,500,"sd","09:22:54",201700
48.5,0.4,1900,"sd","09:22:50",201200
48.5,0.4,1000,"bu","09:22:46",199300
48.5,0.4,1000,"bu","09:22:31",198300
48.5,0.4,600,"bu","09:22:25",197300
48.5,0.4,700,"sd","09:22:16",196700
48.5,0.4,2000,"bu","09:22:09",196000
48.5,0.4,8500,"bu","09:22:04",194000
48.5,0.4,1000,"sd","09:21:55",185500
48.5,0.4,200,"sd","09:21:44",184500
48.4,0.3,200,"bu","09:21:13",184300
48.4,0.3,1000,"bu","09:20:53",184100
48.5,0.4,1000,"sd","09:20:50",183100
48.5,0.4,30000,"sd","09:20:42",182100
48.4,0.3,5000,"bu","09:20:20",152100
48.5,0.4,4000,"sd","09:19:58",147100
48.4,0.3,1000,"sd","09:19:50",143100
48.4,0.3,200,"sd","09:19:38",142100
48.4,0.3,600,"bu","09:19:37",141900
48.4,0.3,1000,"bu","09:19:30",141300
48.4,0.3,5000,"bu","09:19:21",140300
48.4,0.3,3400,"bu","09:19:00",135300
48.4,0.3,2400,"bu","09:18:35",131900
48.4,0.3,100,"bu","09:18:22",129500
48.4,0.3,2500,"sd","09:18:10",129400
48.4,0.3,500,"sd","09:18:07",126900
48.4,0.3,200,"bu","09:18:05",126400
48.4,0.3,200,"bu","09:18:02",126200
48.4,0.3,400,"bu","09:17:49",126000
48.4,0.3,100,"bu","09:17:48",125600
48.4,0.3,500,"bu","09:17:31",125500
48.4,0.3,13300,"bu","09:17:26",125000
48.4,0.3,2000,"sd","09:17:07",111700
48.4,0.3,100,"sd","09:17:06",109700
48.3,0.2,500,"bu","09:16:57",109600
48.4,0.3,100,"bu","09:16:39",109100
48.4,0.3,500,"bu","09:16:38",109000
48.4,0.3,1000,"bu","09:16:30",108500
48.5,0.4,400,"sd","09:16:02",107500
48.5,0.4,500,"sd","09:16:00",107100
48.5,0.4,500,"sd","09:14:47",106600
48.4,0.3,700,"sd","09:14:31",106100
48.4,0.3,1800,"sd","09:14:08",105400
48.4,0.3,100,"sd","09:13:57",103600
48.4,0.3,200,"sd","09:13:55",103500
48.4,0.3,100,"sd","09:13:12",103300
48.4,0.3,1300,"bu","09:13:09",103200
48.4,0.3,3800,"sd","09:12:21",101900
48.4,0.3,400,"sd","09:12:03",98100
48.4,0.3,4600,"sd","09:11:30",97700
48.4,0.3,1300,"bu","09:11:23",93100
48.4,0.3,1200,"bu","09:10:54",91800
48.4,0.3,900,"bu","09:10:37",90600
48.4,0.3,200,"bu","09:10:34",89700
48.5,0.4,500,"sd","09:09:36",89500
48.5,0.4,1000,"sd","09:09:35",89000
48.5,0.4,500,"sd","09:09:26",88000
48.5,0.4,5000,"sd","09:09:18",87500
48.5,0.4,5000,"sd","09:08:48",82500
48.5,0.4,1000,"sd","09:07:44",77500
48.5,0.4,5000,"sd","09:07:21",76500
48.4,0.3,200,"bu","09:07:18",71500
48.5,0.4,5000,"sd","09:06:46",71300
48.4,0.3,1000,"bu","09:05:52",66300
48.4,0.3,200,"bu","09:05:42",65300
48.4,0.3,200,"bu","09:05:34",65100
48.5,0.4,1000,"sd","09:05:05",64900
48.5,0.4,100,"sd","09:04:57",63900
48.5,0.4,700,"sd","09:04:45",63800
48.5,0.4,100,"bu","09:04:43",63100
48.5,0.4,8000,"bu","09:04:37",63000
48.5,0.4,200,"bu","09:04:35",55000
48.6,0.5,1000,"sd","09:04:21",54800
48.5,0.4,4000,"bu","09:04:20",53800
48.6,0.5,100,"sd","09:04:19",49800
48.6,0.5,5500,"sd","09:03:58",49700
48.6,0.5,100,"sd","09:03:30",44200
48.7,0.6,2100,"sd","09:03:25",44100
48.7,0.6,1000,"sd","09:03:15",42000
48.7,0.6,200,"sd","09:03:13",41000
48.7,0.6,2000,"sd","09:03:12",40800
48.7,0.6,2800,"sd","09:02:54",38800
48.7,0.6,2200,"sd","09:02:51",36000
48.7,0.6,800,"sd","09:02:44",33800
48.7,0.6,2000,"sd","09:02:39",33000
48.7,0.6,8600,"sd","09:02:21",31000
48.6,0.5,100,"bu","09:02:17",22400
48.7,0.6,200,"sd","09:02:12",22300
48.6,0.5,900,"sd","09:02:08",22100
48.6,0.5,200,"sd","09:02:06",21200
48.5,0.4,8100,"sd","09:01:59",21000
48.5,0.4,200,"sd","09:01:53",12900
48.5,0.4,200,"sd","09:01:42",12700
48.4,0.3,3400,"sd","09:01:40",12500
48.4,0.3,100,"sd","09:01:22",9100
48.4,0.3,200,"sd","09:01:08",9000
48.4,0.3,1000,"sd","09:01:01",8800
48.3,0.2,3600,"bu","09:00:30",7800
48.3,0.2,3000,"bu","09:00:24",4200
48.3,0.2,1200,"bu","09:00:10",1200
