"price","change","match_qtty","side","time","total_vol"
32,0.4,460000,"","14:45:18",6267500
31.95,0.35,2000,"sd","14:29:58",5807500
31.9,0.3,5000,"bu","14:29:58",5805500
31.9,0.3,1800,"bu","14:29:56",5800500
31.95,0.35,50000,"sd","14:29:53",5798700
31.9,0.3,1000,"bu","14:29:52",5748700
31.9,0.3,100,"bu","14:29:50",5747700
31.9,0.3,5000,"bu","14:29:49",5747600
31.9,0.3,2500,"bu","14:29:40",5742600
31.9,0.3,14000,"sd","14:29:37",5740100
31.85,0.25,100,"bu","14:29:29",5726100
31.9,0.3,200,"sd","14:29:28",5726000
31.9,0.3,7900,"bu","14:29:17",5725800
31.95,0.35,1000,"sd","14:29:16",5717900
31.9,0.3,4000,"bu","14:29:15",5716900
31.9,0.3,1000,"bu","14:29:15",5712900
31.9,0.3,100,"bu","14:29:05",5711900
31.9,0.3,1200,"sd","14:29:05",5711800
31.85,0.25,2100,"bu","14:29:02",5710600
31.9,0.3,300,"sd","14:29:01",5708500
31.9,0.3,1000,"sd","14:28:54",5707600
31.85,0.25,30000,"bu","14:28:38",5706600
31.9,0.3,10000,"sd","14:28:36",5676600
31.85,0.25,1000,"bu","14:28:29",5666600
31.9,0.3,900,"bu","14:28:24",5665600
31.9,0.3,2400,"bu","14:28:22",5664700
31.95,0.35,1800,"sd","14:28:21",5662300
31.9,0.3,13500,"bu","14:28:20",5660500
31.9,0.3,5800,"bu","14:28:14",5647000
31.9,0.3,800,"bu","14:28:11",5641200
31.9,0.3,300,"bu","14:27:59",5640400
31.9,0.3,100,"bu","14:27:56",5640100
31.9,0.3,200,"bu","14:27:51",5640000
31.9,0.3,9600,"bu","14:27:51",5639800
31.9,0.3,400,"bu","14:27:50",5630200
31.9,0.3,3000,"bu","14:27:21",5629800
31.95,0.35,100,"sd","14:27:20",5626800
31.9,0.3,7000,"bu","14:27:18",5626700
31.95,0.35,1000,"sd","14:27:15",5619700
31.9,0.3,5000,"bu","14:27:04",5618700
31.9,0.3,5800,"sd","14:27:02",5613700
31.9,0.3,16800,"sd","14:26:55",5607900
31.85,0.25,100,"bu","14:26:55",5591100
31.85,0.25,100,"bu","14:26:51",5591000
31.85,0.25,200,"bu","14:26:50",5590900
31.85,0.25,100,"bu","14:26:41",5590700
31.85,0.25,3300,"sd","14:26:21",5590600
31.85,0.25,2100,"sd","14:26:19",5587300
31.85,0.25,1300,"sd","14:26:18",5585200
31.85,0.25,300,"sd","14:26:15",5583900
31.8,0.2,200,"bu","14:26:11",5583600
31.85,0.25,500,"sd","14:26:11",5583400
31.85,0.25,600,"sd","14:26:06",5582900
31.85,0.25,9900,"sd","14:26:04",5582300
31.8,0.2,600,"bu","14:26:02",5572400
31.85,0.25,1000,"sd","14:26:01",5571800
31.85,0.25,1000,"sd","14:25:59",5570800
31.8,0.2,100,"bu","14:25:55",5569800
31.85,0.25,200,"sd","14:25:51",5569700
31.8,0.2,400,"bu","14:25:44",5569500
31.85,0.25,500,"sd","14:25:41",5569100
31.8,0.2,200,"bu","14:25:36",5568600
31.8,0.2,100,"bu","14:25:31",5568400
31.8,0.2,100,"bu","14:25:26",5568300
31.85,0.25,1000,"sd","14:25:22",5568200
31.85,0.25,500,"sd","14:25:21",5567200
31.8,0.2,100,"bu","14:25:21",5566700
31.85,0.25,1500,"sd","14:25:21",5566600
31.85,0.25,100,"sd","14:25:10",5565100
31.8,0.2,100,"bu","14:25:10",5565000
31.85,0.25,300,"sd","14:25:03",5564900
31.8,0.2,500,"bu","14:25:03",5564600
31.8,0.2,3800,"sd","14:24:59",5564100
31.75,0.15,100,"bu","14:24:58",5560300
31.8,0.2,1000,"sd","14:24:57",5560200
31.8,0.2,300,"bu","14:24:51",5559200
31.85,0.25,100,"sd","14:24:49",5558900
31.85,0.25,700,"sd","14:24:48",5558800
31.8,0.2,3300,"sd","14:24:48",5558100
31.8,0.2,800,"sd","14:24:47",5554800
31.8,0.2,500,"sd","14:24:39",5549000
31.75,0.15,100,"bu","14:24:39",5548500
31.8,0.2,6000,"sd","14:24:34",5548400
31.75,0.15,3200,"bu","14:24:30",5542400
31.75,0.15,100,"bu","14:24:21",5539200
31.8,0.2,15000,"sd","14:24:20",5539100
31.75,0.15,1500,"bu","14:24:15",5524100
31.75,0.15,100,"bu","14:24:12",5522600
31.75,0.15,100,"bu","14:24:11",5522500
31.75,0.15,500,"bu","14:24:10",5522400
31.75,0.15,100,"bu","14:24:02",5521900
31.75,0.15,1500,"bu","14:23:59",5521800
31.75,0.15,200,"bu","14:23:53",5520300
31.7,0.1,100,"bu","14:23:44",5520100
31.7,0.1,400,"bu","14:23:43",5520000
31.75,0.15,1100,"bu","14:23:43",5519600
31.75,0.15,200,"bu","14:23:36",5518500
31.75,0.15,200,"bu","14:23:30",5518300
31.75,0.15,1500,"bu","14:23:28",5518100
31.75,0.15,100,"bu","14:23:27",5516600
31.75,0.15,100,"bu","14:23:27",5516600
31.75,0.15,1200,"bu","14:23:25",5516500
31.8,0.2,4700,"sd","14:23:23",5515300
31.7,0.1,300,"bu","14:23:13",5510600
31.75,0.15,3700,"sd","14:23:12",5510300
31.75,0.15,1600,"sd","14:23:09",5506600
31.7,0.1,100,"bu","14:23:07",5505000
31.75,0.15,200,"sd","14:23:04",5504900
31.75,0.15,1000,"sd","14:23:00",5504700
31.7,0.1,100,"bu","14:22:59",5503700
31.7,0.1,1500,"bu","14:22:57",5503600
31.75,0.15,100,"sd","14:22:54",5502100
31.7,0.1,100,"bu","14:22:53",5502000
31.7,0.1,3600,"sd","14:22:50",5501900
31.7,0.1,5800,"bu","14:22:47",5498300
31.75,0.15,34000,"bu","14:22:47",5492500
31.75,0.15,32800,"sd","14:22:42",5458500
31.7,0.1,1500,"bu","14:22:42",5425700
31.7,0.1,200,"bu","14:22:39",5424200
31.7,0.1,13000,"bu","14:22:38",5424000
31.7,0.1,1500,"bu","14:22:26",5411000
31.7,0.1,2500,"sd","14:22:22",5409500
31.7,0.1,100,"sd","14:22:21",5407000
31.7,0.1,1200,"sd","14:22:20",5406900
31.65,0.05,100,"bu","14:22:19",5405700
31.7,0.1,1000,"sd","14:22:18",5405600
31.7,0.1,1100,"sd","14:22:17",5404600
31.7,0.1,1800,"sd","14:22:16",5403500
31.7,0.1,2000,"sd","14:22:15",5401700
31.7,0.1,500,"sd","14:22:14",5399700
31.7,0.1,100,"sd","14:22:13",5399200
31.7,0.1,2500,"sd","14:22:12",5399100
31.65,0.05,1500,"bu","14:22:11",5396600
31.65,0.05,100,"bu","14:22:09",5395100
31.7,0.1,5000,"sd","14:22:08",5395000
31.7,0.1,1000,"sd","14:22:07",5390000
31.7,0.1,4000,"sd","14:22:06",5389000
31.7,0.1,600,"sd","14:22:04",5385000
31.7,0.1,200,"sd","14:22:02",5384400
31.65,0.05,100,"bu","14:22:01",5384200
31.65,0.05,1500,"bu","14:21:56",5384100
31.7,0.1,3000,"sd","14:21:55",5382600
31.65,0.05,100,"bu","14:21:51",5379600
31.7,0.1,600,"sd","14:21:47",5379500
31.7,0.1,4800,"sd","14:21:46",5378900
31.65,0.05,100,"bu","14:21:43",5374100
31.65,0.05,1500,"bu","14:21:40",5374000
31.65,0.05,100,"bu","14:21:34",5372500
31.65,0.05,200,"bu","14:21:33",5372400
31.7,0.1,1400,"sd","14:21:33",5372200
31.65,0.05,100,"bu","14:21:25",5370800
31.65,0.05,1500,"bu","14:21:24",5370700
31.7,0.1,3000,"sd","14:21:21",5369200
31.65,0.05,500,"bu","14:21:15",5366200
31.65,0.05,1500,"bu","14:21:08",5365700
31.65,0.05,100,"bu","14:21:07",5364200
31.65,0.05,100,"bu","14:20:57",5364100
31.65,0.05,1500,"bu","14:20:53",5364000
31.65,0.05,100,"bu","14:20:49",5362500
31.7,0.1,100,"sd","14:20:47",5362400
31.65,0.05,200,"bu","14:20:39",5362300
31.65,0.05,1100,"bu","14:20:38",5362100
31.65,0.05,400,"bu","14:20:37",5361000
31.65,0.05,100,"bu","14:20:30",5360600
31.7,0.1,3000,"sd","14:20:29",5360500
31.65,0.05,1500,"bu","14:20:23",5357500
31.65,0.05,100,"bu","14:20:21",5356000
31.7,0.1,500,"sd","14:20:21",5355900
31.65,0.05,100,"bu","14:20:14",5355400
31.65,0.05,100,"bu","14:20:12",5355300
31.7,0.1,4800,"sd","14:20:10",5355200
31.65,0.05,1500,"bu","14:20:07",5350400
31.65,0.05,200,"bu","14:20:03",5348900
31.65,0.05,100,"bu","14:19:55",5348700
31.65,0.05,1500,"bu","14:19:51",5348600
31.65,0.05,500,"bu","14:19:47",5347100
31.65,0.05,100,"bu","14:19:45",5346600
31.65,0.05,100,"bu","14:19:39",5346500
31.65,0.05,1700,"bu","14:19:36",5346400
31.65,0.05,100,"bu","14:19:34",5344700
31.65,0.05,100,"bu","14:19:27",5344600
31.65,0.05,1500,"bu","14:19:21",5344500
31.65,0.05,100,"bu","14:19:18",5343000
31.65,0.05,100,"bu","14:19:10",5342900
31.65,0.05,200,"bu","14:19:06",5342800
31.65,0.05,1500,"bu","14:19:05",5342600
31.65,0.05,200,"bu","14:19:01",5341100
31.65,0.05,100,"bu","14:18:55",5340800
31.7,0.1,100,"sd","14:18:54",5340700
31.65,0.05,100,"bu","14:18:51",5340600
31.65,0.05,1500,"bu","14:18:49",5340500
31.7,0.1,1000,"sd","14:18:47",5339000
31.7,0.1,2500,"sd","14:18:45",5338000
31.65,0.05,200,"bu","14:18:42",5335500
31.7,0.1,5000,"sd","14:18:37",5335300
31.65,0.05,1500,"bu","14:18:35",5330300
31.7,0.1,3800,"sd","14:18:35",5328800
31.65,0.05,100,"bu","14:18:33",5325000
31.65,0.05,1500,"bu","14:18:18",5324900
31.65,0.05,40500,"sd","14:18:14",5323400
31.6,0,100,"bu","14:18:13",5282900
31.6,0,5200,"bu","14:18:12",5282800
31.6,0,100,"bu","14:18:04",5277600
31.6,0,1500,"bu","14:18:03",5277500
31.6,0,100,"bu","14:17:55",5276000
31.65,0.05,1000,"sd","14:17:51",5275900
31.6,0,2000,"bu","14:17:50",5274900
31.6,0,1500,"bu","14:17:47",5272900
31.6,0,100,"bu","14:17:46",5271400
31.65,0.05,5000,"sd","14:17:42",5271300
31.6,0,100,"bu","14:17:37",5266300
31.6,0,100,"bu","14:17:36",5266200
31.6,0,5000,"bu","14:17:34",5266100
31.6,0,1400,"bu","14:17:33",5261100
31.6,0,200,"bu","14:17:28",5259700
31.6,0,100,"bu","14:17:19",5259500
31.6,0,1400,"bu","14:17:17",5259400
31.65,0.05,1300,"sd","14:17:15",5258000
31.65,0.05,1000,"sd","14:17:15",5256700
31.65,0.05,2000,"sd","14:17:12",5255700
31.6,0,100,"bu","14:17:07",5253600
31.65,0.05,200,"sd","14:17:06",5253500
31.6,0,1500,"bu","14:17:01",5253300
31.65,0.05,3800,"sd","14:16:57",5251800
31.6,0,100,"bu","14:16:52",5248000
31.6,0,11700,"bu","14:16:47",5247900
31.6,0,200,"bu","14:16:43",5236200
31.65,0.05,100,"sd","14:16:37",5236000
31.6,0,200,"bu","14:16:34",5235900
31.6,0,1400,"bu","14:16:30",5235700
31.6,0,100,"bu","14:16:25",5234300
31.65,0.05,2000,"sd","14:16:19",5234200
31.6,0,100,"bu","14:16:16",5232200
31.6,0,1400,"bu","14:16:15",5232100
31.6,0,200,"bu","14:16:07",5230700
31.6,0,11400,"bu","14:15:59",5230500
31.6,0,100,"bu","14:15:58",5219100
31.6,0,2000,"bu","14:15:56",5219000
31.6,0,300,"bu","14:15:54",5217000
31.6,0,100,"bu","14:15:49",5216700
31.6,0,2000,"bu","14:15:56",5219000
31.6,0,300,"bu","14:15:54",5217000
31.6,0,100,"bu","14:15:49",5216700
31.6,0,400,"bu","14:15:45",5216600
31.6,0,1400,"bu","14:15:44",5216200
31.6,0,100,"bu","14:15:40",5214800
31.65,0.05,2500,"sd","14:15:32",5214700
31.6,0,100,"bu","14:15:31",5212200
31.6,0,1400,"bu","14:15:28",5212100
31.6,0,100,"bu","14:15:22",5210700
31.65,0.05,3800,"sd","14:15:21",5210600
31.6,0,1600,"bu","14:15:13",5206800
31.6,0,100,"bu","14:15:04",5205200
31.6,0,1400,"bu","14:14:58",5205100
31.65,0.05,300,"sd","14:14:56",5203700
31.6,0,100,"bu","14:14:55",5203400
31.6,0,3100,"bu","14:14:46",5203300
31.6,0,1400,"bu","14:14:42",5200200
31.6,0,100,"bu","14:14:37",5198800
31.65,0.05,100,"sd","14:14:34",5198700
31.6,0,100,"bu","14:14:28",5197900
31.65,0.05,100,"sd","14:14:27",5197800
31.6,0,600,"bu","14:14:27",5197700
31.6,0,800,"bu","14:14:27",5197100
31.65,0.05,2100,"sd","14:14:25",5196300
31.6,0,200,"bu","14:14:19",5194200
31.65,0.05,400,"sd","14:14:13",5194000
31.6,0,1400,"bu","14:14:12",5193600
31.6,0,200,"bu","14:14:10",5192200
31.6,0,3000,"bu","14:14:07",5192000
31.6,0,100,"bu","14:14:01",5189000
31.65,0.05,3100,"sd","14:13:58",5188900
31.6,0,1400,"bu","14:13:56",5185800
31.6,0,10000,"bu","14:13:53",5184400
31.6,0,200,"bu","14:13:52",5174400
31.65,0.05,1000,"sd","14:13:51",5174200
31.65,0.05,3800,"sd","14:13:45",5173200
31.6,0,9500,"bu","14:13:42",5169400
31.6,0,1400,"bu","14:13:41",5159900
31.6,0,100,"bu","14:13:33",5158500
31.65,0.05,800,"sd","14:13:27",5158400
31.6,0,1400,"bu","14:13:26",5157600
31.6,0,100,"bu","14:13:24",5156200
31.6,0,200,"bu","14:13:16",5156100
31.6,0,1400,"bu","14:13:11",5155900
31.6,0,200,"bu","14:13:06",5154500
31.6,0,700,"bu","14:12:59",5154300
31.6,0,100,"bu","14:12:58",5153600
31.6,0,1400,"bu","14:12:54",5153500
31.6,0,100,"bu","14:12:48",5152100
31.65,0.05,1000,"sd","14:12:40",5152000
31.6,0,1400,"bu","14:12:39",5150900
31.65,0.05,200,"sd","14:12:36",5149500
31.65,0.05,1000,"sd","14:12:34",5149300
31.65,0.05,3600,"bu","14:12:32",5148300
31.65,0.05,1200,"bu","14:12:30",5144700
31.65,0.05,2000,"bu","14:12:29",5143500
31.65,0.05,2000,"bu","14:12:26",5141500
31.65,0.05,1400,"bu","14:12:23",5139500
31.65,0.05,600,"bu","14:12:21",5138100
31.65,0.05,300,"bu","14:12:17",5137500
31.65,0.05,100,"bu","14:12:12",5137200
31.7,0.1,3800,"sd","14:12:10",5137100
31.65,0.05,1400,"bu","14:12:10",5133300
31.65,0.05,100,"bu","14:12:03",5131900
31.65,0.05,200,"bu","14:11:54",5131800
31.65,0.05,1400,"bu","14:11:52",5131600
31.65,0.05,100,"bu","14:11:49",5130200
31.65,0.05,10000,"bu","14:11:47",5130100
31.65,0.05,1100,"bu","14:11:45",5120100
31.65,0.05,5000,"bu","14:11:39",5119000
31.65,0.05,1400,"bu","14:11:37",5114000
31.65,0.05,200,"bu","14:11:36",5112600
31.65,0.05,500,"bu","14:11:35",5112400
31.65,0.05,6900,"bu","14:11:31",5111900
31.65,0.05,100,"bu","14:11:28",5105000
31.65,0.05,100,"bu","14:11:23",5104900
31.65,0.05,1400,"bu","14:11:21",5104800
31.65,0.05,800,"bu","14:11:18",5103400
31.65,0.05,400,"bu","14:11:12",5102600
31.65,0.05,100,"bu","14:11:09",5102200
31.65,0.05,5400,"bu","14:11:07",5102100
31.65,0.05,100,"bu","14:11:00",5096700
31.65,0.05,1000,"bu","14:10:59",5096600
31.65,0.05,200,"bu","14:10:51",5095600
31.65,0.05,1400,"bu","14:10:50",5095400
31.65,0.05,500,"bu","14:10:45",5094000
31.65,0.05,100,"bu","14:10:42",5093500
31.65,0.05,1400,"bu","14:10:35",5093400
31.65,0.05,100,"bu","14:10:34",5092000
31.7,0.1,3900,"sd","14:10:32",5091900
31.65,0.05,100,"bu","14:10:24",5088000
31.65,0.05,1400,"bu","14:10:19",5087900
31.65,0.05,100,"bu","14:10:15",5086500
31.7,0.1,500,"sd","14:10:13",5086400
31.7,0.1,500,"sd","14:10:11",5085900
31.7,0.1,100,"sd","14:10:09",5085400
31.65,0.05,100,"bu","14:10:06",5085300
31.7,0.1,5000,"sd","14:10:06",5085200
31.65,0.05,1400,"bu","14:10:04",5080200
31.7,0.1,4000,"sd","14:10:03",5078800
31.65,0.05,200,"bu","14:10:02",5074800
31.65,0.05,200,"bu","14:09:57",5074600
31.65,0.05,1400,"bu","14:09:49",5074400
31.65,0.05,100,"bu","14:09:48",5073000
31.7,0.1,200,"sd","14:09:48",5072900
31.65,0.05,100,"bu","14:09:39",5072700
31.65,0.05,700,"bu","14:09:37",5072600
31.65,0.05,1400,"bu","14:09:33",5071900
31.65,0.05,100,"bu","14:09:30",5070500
31.65,0.05,1600,"bu","14:09:25",5070400
31.65,0.05,100,"bu","14:09:21",5068800
31.65,0.05,1400,"bu","14:09:19",5068700
31.7,0.1,400,"sd","14:09:12",5067300
31.65,0.05,200,"bu","14:09:12",5066900
31.65,0.05,100,"bu","14:09:03",5066700
31.65,0.05,1400,"bu","14:09:03",5066600
31.7,0.1,10000,"bu","14:08:56",5065200
31.7,0.1,100,"bu","14:08:54",5055200
31.7,0.1,1400,"bu","14:08:47",5055100
31.7,0.1,100,"bu","14:08:54",5055200
31.7,0.1,1400,"bu","14:08:47",5055100
31.7,0.1,200,"bu","14:08:45",5053700
31.7,0.1,20000,"bu","14:08:39",5053500
31.7,0.1,100,"bu","14:08:36",5033500
31.7,0.1,1000,"bu","14:08:36",5033400
31.7,0.1,1400,"bu","14:08:32",5032400
31.7,0.1,100,"bu","14:08:27",5031000
31.75,0.15,100,"sd","14:08:22",5030900
31.7,0.1,200,"bu","14:08:18",5030800
31.7,0.1,1400,"bu","14:08:16",5030600
31.7,0.1,100,"bu","14:08:13",5029200
31.7,0.1,100,"bu","14:08:09",5029100
31.75,0.15,3000,"sd","14:08:04",5029000
31.7,0.1,1400,"bu","14:08:01",5026000
31.7,0.1,100,"bu","14:08:00",5024600
31.7,0.1,700,"bu","14:07:57",5024500
31.7,0.1,100,"bu","14:07:51",5023800
31.7,0.1,300,"bu","14:07:47",5023700
31.7,0.1,20000,"bu","14:07:46",5023400
31.7,0.1,1400,"bu","14:07:45",5003400
31.7,0.1,100,"bu","14:07:42",5002000
31.75,0.15,300,"sd","14:07:38",5001900
31.7,0.1,100,"bu","14:07:33",5001600
31.7,0.1,1400,"bu","14:07:30",5001500
31.7,0.1,100,"bu","14:07:24",5000100
31.75,0.15,100,"sd","14:07:20",5000000
31.7,0.1,1000,"bu","14:07:17",4999900
31.7,0.1,200,"bu","14:07:15",4998900
31.7,0.1,1400,"bu","14:07:14",4998700
31.75,0.15,2900,"sd","14:07:07",4997300
31.7,0.1,200,"bu","14:07:06",4994400
31.75,0.15,300,"sd","14:07:04",4994200
31.7,0.1,500,"bu","14:07:02",4993900
31.7,0.1,1400,"bu","14:06:59",4993400
31.75,0.15,300,"sd","14:06:57",4992000
31.7,0.1,100,"bu","14:06:57",4991700
31.7,0.1,100,"bu","14:06:48",4991600
31.7,0.1,1400,"bu","14:06:43",4991500
31.7,0.1,100,"bu","14:06:39",4990100
31.7,0.1,400,"bu","14:06:37",4990000
31.7,0.1,100,"bu","14:06:30",4989600
31.7,0.1,1400,"bu","14:06:29",4989500
31.7,0.1,100,"bu","14:06:21",4988100
31.75,0.15,2500,"sd","14:06:17",4988000
31.7,0.1,700,"bu","14:06:15",4985500
31.7,0.1,1400,"bu","14:06:13",4984800
31.7,0.1,200,"bu","14:06:12",4983400
31.7,0.1,200,"bu","14:06:11",4983200
31.7,0.1,100,"bu","14:06:03",4983000
31.7,0.1,1400,"bu","14:05:57",4982900
31.7,0.1,100,"bu","14:05:54",4981500
31.75,0.15,4700,"sd","14:05:50",4981400
31.7,0.1,100,"bu","14:05:45",4976700
31.7,0.1,1400,"bu","14:05:42",4976600
31.75,0.15,2000,"sd","14:05:39",4975200
31.7,0.1,200,"bu","14:05:35",4973200
31.7,0.1,200,"bu","14:05:33",4973000
31.75,0.15,100,"sd","14:05:29",4972800
31.7,0.1,1400,"bu","14:05:27",4972700
31.75,0.15,500,"sd","14:05:24",4971300
31.75,0.15,2000,"sd","14:05:22",4970800
31.75,0.15,2700,"sd","14:05:21",4968800
31.75,0.15,500,"sd","14:05:18",4966100
31.75,0.15,1000,"sd","14:05:11",4965600
31.7,0.1,1300,"bu","14:05:11",4964600
31.7,0.1,100,"bu","14:05:07",4963300
31.7,0.1,100,"bu","14:04:58",4963200
31.7,0.1,1300,"bu","14:04:56",4963100
31.7,0.1,100,"bu","14:04:49",4961800
31.7,0.1,1300,"bu","14:04:41",4961700
31.8,0.2,9900,"sd","14:04:38",4960400
31.75,0.15,100,"sd","14:04:38",4950500
31.7,0.1,700,"bu","14:04:35",4950400
31.7,0.1,100,"bu","14:04:29",4949700
31.7,0.1,1300,"bu","14:04:25",4949600
31.7,0.1,100,"bu","14:04:20",4948300
31.7,0.1,300,"bu","14:04:14",4948200
31.7,0.1,500,"bu","14:04:11",4947900
31.7,0.1,1300,"bu","14:04:09",4947400
31.7,0.1,100,"bu","14:04:02",4946100
31.7,0.1,1300,"bu","14:03:54",4946000
31.7,0.1,100,"bu","14:03:53",4944700
31.7,0.1,200,"bu","14:03:52",4944600
31.7,0.1,100,"bu","14:03:44",4944400
31.7,0.1,1300,"bu","14:03:39",4944300
31.7,0.1,100,"bu","14:03:36",4943000
31.7,0.1,200,"bu","14:03:26",4942900
31.7,0.1,1300,"bu","14:03:23",4942700
31.75,0.15,9000,"bu","14:03:20",4941400
31.75,0.15,300,"bu","14:03:19",4932400
31.75,0.15,200,"bu","14:03:17",4932100
31.75,0.15,1500,"bu","14:03:08",4931900
31.75,0.15,200,"bu","14:02:59",4930400
31.8,0.2,500,"sd","14:02:55",4930200
31.8,0.2,200,"sd","14:02:54",4929700
31.75,0.15,2000,"bu","14:02:52",4929500
31.75,0.15,100,"bu","14:02:50",4927500
31.75,0.15,100,"bu","14:02:41",4927400
31.75,0.15,100,"bu","14:02:40",4927300
31.8,0.2,200,"sd","14:02:26",4922800
31.75,0.15,100,"bu","14:02:23",4922600
31.75,0.15,1300,"bu","14:02:21",4922500
31.8,0.2,2000,"sd","14:02:17",4921200
31.75,0.15,100,"bu","14:02:17",4919200
31.8,0.2,400,"sd","14:02:09",4919100
31.75,0.15,1300,"bu","14:02:06",4918700
31.75,0.15,100,"bu","14:02:05",4917400
31.8,0.2,1000,"sd","14:02:04",4917300
31.75,0.15,300,"bu","14:02:01",4916300
31.8,0.2,5000,"sd","14:02:01",4916000
31.75,0.15,100,"bu","14:02:00",4911000
31.75,0.15,100,"bu","14:01:56",4910900
31.75,0.15,1300,"bu","14:01:51",4910800
31.75,0.15,200,"bu","14:01:47",4909500
31.7,0.1,900,"bu","14:01:35",4909300
31.75,0.15,400,"bu","14:01:35",4908400
31.75,0.15,10000,"sd","14:01:30",4908000
31.7,0.1,100,"bu","14:01:27",4898000
31.7,0.1,3200,"bu","14:01:22",4897900
31.7,0.1,1300,"bu","14:01:19",4894700
31.7,0.1,100,"bu","14:01:18",4893400
31.7,0.1,700,"bu","14:01:12",4893300
31.7,0.1,100,"bu","14:01:11",4892600
31.7,0.1,1000,"bu","14:01:06",4892500
31.7,0.1,200,"bu","14:01:06",4891500
31.75,0.15,100,"sd","14:01:05",4891300
31.7,0.1,200,"bu","14:01:04",4891200
31.7,0.1,1300,"bu","14:01:04",4891000
31.7,0.1,13300,"sd","14:00:50",4889700
31.65,0.05,100,"bu","14:00:49",4876400
31.65,0.05,1300,"bu","14:00:48",4876300
31.65,0.05,200,"bu","14:00:40",4875000
31.65,0.05,1300,"bu","14:00:33",4874800
31.65,0.05,100,"bu","14:00:32",4873500
31.7,0.1,200,"sd","14:00:29",4873400
31.65,0.05,200,"bu","14:00:22",4873200
31.7,0.1,10000,"sd","14:00:19",4873000
31.65,0.05,1300,"bu","14:00:18",4863000
31.65,0.05,200,"bu","14:00:13",4861700
31.65,0.05,200,"bu","14:00:13",4861700
31.7,0.1,2000,"sd","14:00:11",4861500
31.65,0.05,200,"bu","14:00:07",4859500
31.65,0.05,200,"bu","14:00:04",4859300
31.65,0.05,1300,"bu","14:00:02",4859100
31.65,0.05,100,"bu","13:59:55",4857800
31.65,0.05,1300,"bu","13:59:47",4857700
31.65,0.05,100,"bu","13:59:46",4856400
31.7,0.1,1000,"sd","13:59:43",4856300
31.65,0.05,100,"bu","13:59:37",4855300
31.65,0.05,1300,"bu","13:59:32",4855200
31.7,0.1,2000,"sd","13:59:31",4853900
31.7,0.1,12000,"sd","13:59:26",4851900
31.7,0.1,1500,"sd","13:59:24",4839900
31.65,0.05,300,"bu","13:59:19",4838400
31.65,0.05,500,"bu","13:59:19",4838100
31.65,0.05,200,"bu","13:59:18",4837600
31.65,0.05,1300,"bu","13:59:16",4837400
31.65,0.05,1500,"bu","13:59:14",4836100
31.65,0.05,100,"bu","13:59:09",4834600
31.7,0.1,3600,"bu","13:59:01",4834500
31.7,0.1,1100,"bu","13:58:59",4830900
31.7,0.1,900,"bu","13:58:56",4829800
31.7,0.1,10000,"bu","13:58:55",4828900
31.7,0.1,100,"bu","13:58:54",4818900
31.7,0.1,100,"bu","13:58:51",4818800
31.7,0.1,300,"bu","13:58:49",4818700
31.7,0.1,500,"bu","13:58:46",4818400
31.7,0.1,1300,"bu","13:58:45",4817900
31.7,0.1,500,"bu","13:58:43",4816600
31.7,0.1,200,"bu","13:58:42",4816100
31.7,0.1,100,"bu","13:58:32",4815900
31.7,0.1,1300,"bu","13:58:30",4815800
31.7,0.1,100,"bu","13:58:23",4814500
31.7,0.1,1000,"bu","13:58:22",4814400
31.7,0.1,1400,"bu","13:58:14",4813400
31.7,0.1,100,"bu","13:58:05",4812000
31.7,0.1,1300,"bu","13:58:03",4811900
31.7,0.1,100,"bu","13:58:03",4810600
31.7,0.1,700,"bu","13:57:50",4810500
31.7,0.1,1300,"bu","13:57:43",4809700
31.7,0.1,200,"bu","13:57:38",4808400
31.75,0.15,100,"sd","13:57:37",4808200
31.7,0.1,10000,"bu","13:57:35",4808100
31.75,0.15,1000,"sd","13:57:33",4798100
31.75,0.15,1000,"sd","13:57:30",4797100
31.7,0.1,100,"bu","13:57:30",4796100
31.7,0.1,1300,"bu","13:57:28",4796000
31.7,0.1,200,"bu","13:57:20",4794300
31.7,0.1,1200,"bu","13:57:14",4794100
31.75,0.15,1800,"bu","13:57:14",4792900
31.75,0.15,1300,"bu","13:57:12",4791100
31.75,0.15,300,"bu","13:57:12",4789800
31.75,0.15,2000,"bu","13:57:09",4789500
31.75,0.15,5000,"bu","13:57:07",4787500
31.75,0.15,100,"bu","13:57:02",4782500
31.75,0.15,1300,"bu","13:56:57",4782400
31.75,0.15,2000,"bu","13:56:55",4781100
31.75,0.15,600,"bu","13:56:53",4779100
31.75,0.15,100,"bu","13:56:44",4778500
31.75,0.15,1300,"bu","13:56:41",4778400
31.75,0.15,200,"bu","13:56:36",4777100
31.75,0.15,200,"bu","13:56:35",4776900
31.75,0.15,1500,"bu","13:56:26",4776700
31.75,0.15,200,"bu","13:56:17",4775200
31.75,0.15,1300,"bu","13:56:11",4771000
31.75,0.15,700,"bu","13:56:09",4769700
31.75,0.15,10000,"bu","13:56:08",4769000
31.75,0.15,100,"bu","13:56:08",4759000
31.75,0.15,15700,"bu","13:56:01",4758900
31.75,0.15,200,"bu","13:55:59",4743200
31.75,0.15,1300,"bu","13:55:55",4743000
31.8,0.2,500,"sd","13:55:55",4741700
31.75,0.15,100,"bu","13:55:50",4741200
31.8,0.2,100,"sd","13:55:49",4741100
31.75,0.15,200,"bu","13:55:41",4741000
31.75,0.15,1300,"bu","13:55:40",4740800
31.75,0.15,700,"bu","13:55:39",4739500
31.75,0.15,500,"bu","13:55:34",4738800
31.75,0.15,200,"bu","13:55:32",4738300
31.75,0.15,500,"bu","13:55:34",4738800
31.75,0.15,200,"bu","13:55:32",4738300
31.75,0.15,10000,"bu","13:55:28",4738100
31.75,0.15,1300,"bu","13:55:25",4728100
31.8,0.2,500,"sd","13:55:24",4726800
31.75,0.15,100,"bu","13:55:23",4726300
31.75,0.15,200,"bu","13:55:14",4726200
31.75,0.15,200,"bu","13:55:14",4726000
31.8,0.2,3400,"sd","13:55:10",4725800
31.75,0.15,1300,"bu","13:55:09",4722400
31.8,0.2,2000,"sd","13:55:06",4721100
31.8,0.2,1000,"bu","13:55:05",4719100
31.8,0.2,100,"bu","13:55:01",4718100
31.8,0.2,1300,"bu","13:54:54",4718000
31.8,0.2,3600,"sd","13:54:50",4716700
31.8,0.2,30000,"sd","13:54:46",4713100
31.75,0.15,100,"bu","13:54:45",4683100
31.75,0.15,1300,"bu","13:54:38",4683000
31.75,0.15,100,"bu","13:54:36",4681700
31.75,0.15,100,"bu","13:54:28",4681600
31.75,0.15,1300,"bu","13:54:23",4681500
31.75,0.15,300,"bu","13:54:20",4680200
31.8,0.2,100,"sd","13:54:16",4679900
31.75,0.15,100,"bu","13:54:08",4679800
31.8,0.2,500,"sd","13:54:08",4679700
31.75,0.15,1300,"bu","13:54:07",4679200
31.8,0.2,500,"sd","13:54:07",4677900
31.8,0.2,6900,"bu","13:54:06",4677400
31.85,0.25,1000,"sd","13:54:01",4670500
31.8,0.2,100,"bu","13:53:59",4669500
31.8,0.2,1300,"bu","13:53:52",4669400
31.8,0.2,1200,"sd","13:53:41",4668100
31.75,0.15,100,"bu","13:53:40",4666900
31.8,0.2,2000,"sd","13:53:39",4666800
31.8,0.2,100,"sd","13:53:38",4664800
31.75,0.15,1300,"bu","13:53:37",4664700
31.8,0.2,200,"sd","13:53:32",4663400
31.8,0.2,100,"sd","13:53:29",4663200
31.8,0.2,4700,"bu","13:53:26",4663100
31.8,0.2,13300,"sd","13:53:23",4658400
31.8,0.2,3400,"sd","13:53:15",4643900
31.8,0.2,400,"sd","13:53:14",4640500
31.8,0.2,2000,"sd","13:53:06",4640100
31.8,0.2,200,"sd","13:53:05",4638100
31.75,0.15,2000,"bu","13:53:04",4637900
31.75,0.15,400,"bu","13:53:00",4635900
31.8,0.2,500,"sd","13:52:58",4635500
31.8,0.2,300,"sd","13:52:54",4635000
31.8,0.2,3000,"sd","13:52:52",4634700
31.8,0.2,5100,"bu","13:52:51",4631700
31.8,0.2,300,"bu","13:52:50",4626600
31.8,0.2,100,"bu","13:52:42",4626300
31.8,0.2,5000,"bu","13:52:37",4626200
31.8,0.2,100,"bu","13:52:33",4621200
31.8,0.2,100,"bu","13:52:24",4621100
31.85,0.25,1000,"sd","13:52:20",4621000
31.8,0.2,100,"bu","13:52:15",4620000
31.85,0.25,700,"bu","13:52:13",4619900
31.85,0.25,2400,"bu","13:52:12",4619200
31.85,0.25,8200,"bu","13:52:07",4616800
31.9,0.3,600,"sd","13:52:07",4608600
31.85,0.25,200,"bu","13:52:06",4608000
31.85,0.25,900,"bu","13:52:05",4607800
31.85,0.25,1000,"bu","13:52:03",4606900
31.85,0.25,32600,"sd","13:51:58",4605900
31.8,0.2,1500,"sd","13:51:54",4573300
31.8,0.2,1500,"sd","13:51:53",4571800
31.8,0.2,100,"sd","13:51:47",4570300
31.8,0.2,1500,"sd","13:51:44",4570200
31.8,0.2,500,"sd","13:51:44",4568700
31.8,0.2,10000,"sd","13:51:43",4568200
31.8,0.2,400,"sd","13:51:41",4558200
31.8,0.2,3900,"sd","13:51:39",4557800
31.8,0.2,300,"sd","13:51:39",4553900
31.8,0.2,1500,"sd","13:51:36",4553600
31.8,0.2,2500,"sd","13:51:35",4552100
31.75,0.15,100,"bu","13:51:35",4549600
31.8,0.2,18200,"sd","13:51:30",4549500
31.8,0.2,500,"sd","13:51:27",4531300
31.75,0.15,100,"bu","13:51:27",4530800
31.8,0.2,1000,"sd","13:51:19",4530700
31.75,0.15,100,"bu","13:51:17",4529700
31.8,0.2,1000,"sd","13:51:15",4529600
31.75,0.15,100,"bu","13:51:08",4528600
31.8,0.2,200,"sd","13:51:03",4528500
31.8,0.2,1000,"sd","13:50:59",4528300
31.8,0.2,1000,"sd","13:50:51",4527100
31.8,0.2,800,"sd","13:50:48",4526100
31.8,0.2,2000,"sd","13:50:47",4525300
31.8,0.2,6000,"sd","13:50:46",4523300
31.8,0.2,400,"sd","13:50:44",4517300
31.75,0.15,200,"bu","13:50:39",4516900
31.8,0.2,1000,"sd","13:50:37",4516700
31.8,0.2,2000,"sd","13:50:35",4515700
31.8,0.2,1700,"sd","13:50:33",4513700
31.75,0.15,200,"bu","13:50:30",4512000
31.8,0.2,5100,"sd","13:50:29",4511800
31.8,0.2,500,"sd","13:50:27",4506700
31.8,0.2,100,"sd","13:50:26",4506200
31.8,0.2,500,"sd","13:50:25",4506100
31.8,0.2,5100,"sd","13:50:29",4511800
31.8,0.2,500,"sd","13:50:27",4506700
31.8,0.2,500,"sd","13:50:25",4506100
31.8,0.2,100,"sd","13:50:25",4505600
31.8,0.2,200,"sd","13:50:22",4505500
31.75,0.15,200,"bu","13:50:21",4505300
31.8,0.2,100,"sd","13:50:19",4505100
31.8,0.2,5000,"sd","13:50:14",4505000
31.75,0.15,100,"bu","13:50:12",4500000
31.8,0.2,900,"sd","13:50:11",4499900
31.8,0.2,300,"sd","13:50:06",4499000
31.8,0.2,100,"sd","13:50:05",4498700
31.8,0.2,700,"sd","13:50:04",4498600
31.75,0.15,200,"bu","13:50:03",4497900
31.8,0.2,1000,"sd","13:50:03",4497700
31.8,0.2,500,"sd","13:49:58",4496700
31.75,0.15,200,"bu","13:49:54",4496200
31.75,0.15,2500,"bu","13:49:53",4496000
31.75,0.15,300,"bu","13:49:51",4493500
31.75,0.15,200,"bu","13:49:45",4493200
31.75,0.15,100,"bu","13:49:27",4489600
31.8,0.2,100,"sd","13:49:27",4489500
31.75,0.15,100,"bu","13:49:18",4489400
31.8,0.2,500,"sd","13:49:17",4489300
31.8,0.2,100,"sd","13:49:14",4488800
31.8,0.2,1400,"sd","13:49:13",4488700
31.8,0.2,100,"sd","13:49:12",4487300
31.75,0.15,10000,"bu","13:49:10",4487200
31.8,0.2,300,"sd","13:49:09",4477200
31.8,0.2,1600,"sd","13:49:04",4476800
31.75,0.15,200,"bu","13:49:00",4475200
31.8,0.2,2000,"sd","13:48:55",4475000
31.75,0.15,100,"bu","13:48:54",4473000
31.8,0.2,13200,"sd","13:48:54",4472900
31.75,0.15,2400,"bu","13:48:44",4459700
31.75,0.15,6600,"sd","13:48:38",4457300
31.75,0.15,1200,"sd","13:48:35",4450700
31.75,0.15,300,"sd","13:48:33",4449500
31.75,0.15,200,"sd","13:48:31",4449200
31.7,0.1,200,"bu","13:48:31",4449000
31.75,0.15,500,"sd","13:48:30",4448800
31.75,0.15,3600,"sd","13:48:28",4448300
31.75,0.15,200,"sd","13:48:28",4444700
31.75,0.15,200,"sd","13:48:27",4444500
31.75,0.15,1200,"sd","13:48:26",4444300
31.7,0.1,100,"bu","13:48:26",4443100
31.75,0.15,100,"sd","13:48:20",4443000
31.75,0.15,10000,"sd","13:48:20",4442900
31.75,0.15,500,"sd","13:48:13",4432900
31.7,0.1,6000,"sd","13:48:06",4432400
31.7,0.1,1000,"sd","13:48:06",4426400
31.7,0.1,1700,"sd","13:48:04",4422900
31.7,0.1,1000,"sd","13:48:03",4421200
31.65,0.05,100,"bu","13:48:03",4420200
31.7,0.1,800,"sd","13:48:02",4410100
31.7,0.1,2000,"sd","13:48:00",4403300
31.7,0.1,800,"sd","13:48:00",4401300
31.7,0.1,2100,"sd","13:47:59",4400500
31.7,0.1,1000,"sd","13:47:56",4398400
31.7,0.1,20000,"sd","13:47:55",4397400
31.7,0.1,1500,"sd","13:47:54",4377400
31.7,0.1,100,"sd","13:47:49",4375800
31.7,0.1,700,"sd","13:47:49",4375700
31.7,0.1,2000,"sd","13:47:46",4375000
31.7,0.1,10000,"sd","13:47:45",4373000
31.65,0.05,100,"bu","13:47:45",4363000
31.7,0.1,2000,"sd","13:47:43",4362900
31.7,0.1,2000,"sd","13:47:39",4360900
31.65,0.05,300,"bu","13:47:36",4358900
31.65,0.05,2500,"bu","13:47:34",4358600
31.65,0.05,1100,"sd","13:47:23",4356100
31.65,0.05,600,"sd","13:47:21",4355000
31.65,0.05,24600,"sd","13:47:20",4354400
31.65,0.05,1000,"sd","13:47:17",4329800
31.65,0.05,2000,"sd","13:47:17",4328800
31.6,0,100,"bu","13:47:16",4326800
31.65,0.05,8000,"sd","13:47:14",4326700
31.65,0.05,20000,"sd","13:47:13",4318700
31.65,0.05,2000,"sd","13:47:12",4298700
31.65,0.05,1500,"sd","13:47:10",4296700
31.6,0,100,"bu","13:47:16",4326800
31.65,0.05,3000,"sd","13:47:14",4326700
31.65,0.05,5000,"sd","13:47:14",4323700
31.65,0.05,18900,"sd","13:47:13",4318700
31.65,0.05,1100,"sd","13:47:13",4299800
31.65,0.05,1500,"sd","13:47:10",4296700
31.65,0.05,1000,"sd","13:47:09",4295200
31.65,0.05,10000,"sd","13:47:09",4294200
31.65,0.05,6300,"sd","13:47:07",4284200
31.6,0,100,"bu","13:47:07",4277900
31.65,0.05,10000,"sd","13:47:06",4277800
31.65,0.05,1500,"sd","13:46:59",4267800
31.6,0,200,"bu","13:46:58",4266300
31.65,0.05,1000,"sd","13:46:54",4266100
31.65,0.05,4400,"sd","13:46:54",4265100
31.65,0.05,1000,"sd","13:46:53",4260700
31.65,0.05,1500,"sd","13:46:52",4259700
31.65,0.05,1500,"sd","13:46:52",4258200
31.65,0.05,2000,"sd","13:46:50",4256700
31.6,0,100,"bu","13:46:49",4254700
31.65,0.05,1000,"sd","13:46:43",4254600
31.65,0.05,200,"sd","13:46:41",4253600
31.6,0,100,"bu","13:46:40",4253400
31.6,0,200,"bu","13:46:31",4253300
31.65,0.05,1000,"sd","13:46:29",4253000
31.65,0.05,5000,"sd","13:46:24",4252000
31.6,0,100,"bu","13:46:22",4247000
31.65,0.05,1000,"sd","13:46:14",4246900
31.6,0,100,"bu","13:46:13",4245900
31.6,0,200,"bu","13:46:04",4245800
31.6,0,2000,"bu","13:46:02",4245600
31.65,0.05,3000,"sd","13:46:01",4243600
31.65,0.05,3000,"sd","13:45:56",4240600
31.6,0,100,"bu","13:45:55",4237600
31.6,0,100,"bu","13:45:46",4237500
31.65,0.05,10000,"sd","13:45:38",4237400
31.6,0,100,"bu","13:45:37",4227400
31.65,0.05,8000,"sd","13:45:33",4227300
31.6,0,4000,"bu","13:45:30",4219300
31.65,0.05,1600,"sd","13:45:28",4215300
31.6,0,200,"bu","13:45:01",4210100
31.6,0,100,"bu","13:44:52",4209900
31.65,0.05,1000,"sd","13:44:45",4209800
31.6,0,100,"bu","13:44:43",4208800
31.65,0.05,1000,"sd","13:44:42",4208700
31.6,0,9900,"bu","13:44:37",4207700
31.6,0,100,"bu","13:44:34",4197800
31.65,0.05,1200,"sd","13:44:26",4197700
31.6,0,200,"bu","13:44:25",4196500
31.6,0,100,"bu","13:44:16",4196300
31.65,0.05,1000,"sd","13:44:09",4196200
31.6,0,100,"bu","13:44:07",4195200
31.65,0.05,100,"sd","13:44:03",4195100
31.6,0,200,"bu","13:43:58",4195000
31.65,0.05,500,"sd","13:43:57",4194800
31.65,0.05,10000,"sd","13:43:54",4194300
31.6,0,100,"bu","13:43:49",4184300
31.65,0.05,200,"sd","13:43:47",4184200
31.6,0,400,"bu","13:43:44",4184000
31.6,0,200,"bu","13:43:40",4183600
31.6,0,200,"bu","13:43:31",4183400
31.6,0,200,"bu","13:43:24",4183200
31.6,0,100,"bu","13:43:22",4183000
31.6,0,10000,"bu","13:43:17",4182900
31.6,0,200,"bu","13:43:13",4172900
31.6,0,200,"bu","13:43:07",4172700
31.6,0,100,"bu","13:43:04",4172500
31.6,0,2500,"bu","13:42:56",4172400
31.6,0,100,"bu","13:42:54",4169900
31.6,0,100,"bu","13:42:45",4169800
31.6,0,100,"bu","13:42:36",4169700
31.6,0,100,"bu","13:42:28",4169600
31.65,0.05,100,"sd","13:42:21",4169500
31.6,0,100,"bu","13:42:19",4169400
31.65,0.05,100,"sd","13:42:15",4169300
31.6,0,200,"bu","13:42:10",4169200
31.6,0,100,"bu","13:42:00",4169000
31.6,0,100,"bu","13:41:51",4168900
31.65,0.05,1400,"sd","13:41:48",4168800
31.6,0,2500,"bu","13:41:47",4167400
31.6,0,200,"bu","13:41:42",4164900
31.6,0,100,"bu","13:41:34",4164700
31.6,0,200,"bu","13:41:30",4164600
31.6,0,100,"bu","13:41:26",4164400
31.6,0,100,"bu","13:41:24",4164300
31.6,0,900,"bu","13:41:15",4164200
31.6,0,100,"bu","13:41:06",4163300
31.6,0,200,"bu","13:40:57",4163200
31.6,0,300,"bu","13:40:52",4163000
31.6,0,400,"bu","13:40:48",4162700
31.6,0,100,"bu","13:40:39",4162300
31.6,0,2400,"bu","13:40:38",4162200
31.6,0,500,"bu","13:40:35",4159800
31.6,0,100,"bu","13:40:30",4159300
31.6,0,200,"bu","13:40:21",4159200
31.6,0,100,"bu","13:40:12",4159000
31.6,0,100,"bu","13:40:03",4158900
31.6,0,800,"bu","13:39:56",4158800
31.6,0,200,"bu","13:39:54",4158000
31.6,0,300,"bu","13:39:45",4157800
31.6,0,100,"bu","13:39:36",4157500
31.6,0,2500,"bu","13:39:28",4157400
31.6,0,100,"bu","13:39:28",4154900
31.6,0,5000,"bu","13:39:23",4154800
31.6,0,500,"bu","13:39:18",4149800
31.6,0,100,"bu","13:39:15",4149300
31.6,0,100,"bu","13:39:09",4149200
31.6,0,400,"bu","13:39:09",4149100
31.6,0,100,"bu","13:39:00",4148700
31.6,0,100,"bu","13:39:00",4148600
31.6,0,2000,"bu","13:38:58",4148500
31.6,0,2300,"bu","13:38:52",4146500
31.6,0,100,"bu","13:38:51",4144200
31.6,0,200,"bu","13:38:42",4144100
31.6,0,200,"bu","13:38:37",4143900
31.6,0,200,"bu","13:38:33",4143700
31.6,0,1000,"bu","13:38:26",4143500
31.6,0,100,"bu","13:38:24",4142500
31.6,0,100,"bu","13:38:20",4142400
31.6,0,2400,"bu","13:38:19",4142300
31.6,0,100,"bu","13:38:15",4139900
31.65,0.05,2000,"sd","13:38:12",4139800
31.65,0.05,500,"sd","13:38:11",4137800
31.65,0.05,102000,"bu","13:38:09",4137300
31.65,0.05,100,"bu","13:38:06",4035300
31.65,0.05,100,"bu","13:37:57",4035200
31.65,0.05,100,"bu","13:37:48",4035100
31.7,0.1,2000,"sd","13:37:46",4035000
31.7,0.1,400,"sd","13:37:42",4033000
31.65,0.05,200,"bu","13:37:39",4032600
31.65,0.05,300,"bu","13:37:24",4032400
31.65,0.05,8600,"sd","13:37:20",4032100
31.6,0,100,"bu","13:37:19",4023500
31.65,0.05,500,"sd","13:37:17",4023400
31.65,0.05,500,"sd","13:37:13",4022900
31.65,0.05,1500,"bu","13:37:10",4022400
31.65,0.05,3600,"sd","13:37:05",4020900
31.65,0.05,500,"sd","13:37:03",4017300
31.65,0.05,1000,"sd","13:37:00",4016800
31.6,0,100,"bu","13:36:59",4015800
31.65,0.05,300,"sd","13:36:57",4015700
31.6,0,200,"bu","13:36:50",4015400
31.65,0.05,6300,"sd","13:36:49",4015200
31.6,0,200,"bu","13:36:41",4008900
31.6,0,4500,"bu","13:36:35",4008700
31.65,0.05,2200,"sd","13:36:34",4004200
31.65,0.05,1000,"sd","13:36:33",4002000
31.6,0,100,"bu","13:36:32",4001000
31.6,0,500,"bu","13:36:23",4000900
31.6,0,100,"bu","13:36:14",4000400
31.65,0.05,200,"sd","13:36:13",4000300
31.6,0,100,"bu","13:36:05",4000100
31.65,0.05,400,"sd","13:35:59",4000000
31.6,0,100,"bu","13:35:56",3999600
31.65,0.05,4000,"sd","13:35:49",3999500
31.6,0,100,"bu","13:35:47",3995500
31.6,0,100,"bu","13:35:38",3995400
31.6,0,500,"bu","13:35:32",3995300
31.65,0.05,500,"bu","13:35:32",3994800
31.65,0.05,100,"bu","13:35:29",3994300
31.6,0,100,"bu","13:35:20",3994200
31.6,0,200,"bu","13:35:11",3994100
31.6,0,2600,"bu","13:35:10",3993900
31.65,0.05,400,"bu","13:35:10",3991300
31.6,0,100,"bu","13:35:02",3990900
31.6,0,100,"bu","13:34:53",3990800
31.7,0.1,13400,"sd","13:34:50",3990700
31.65,0.05,600,"sd","13:34:50",3977300
31.65,0.05,400,"bu","13:34:49",3976700
31.65,0.05,100,"bu","13:34:44",3976300
31.65,0.05,5000,"bu","13:34:38",3976200
31.65,0.05,4000,"bu","13:34:37",3971200
31.65,0.05,200,"bu","13:34:35",3967200
31.65,0.05,900,"bu","13:34:34",3967000
31.65,0.05,100,"bu","13:34:26",3966100
31.7,0.1,500,"sd","13:34:18",3966000
31.65,0.05,100,"bu","13:34:17",3965500
31.65,0.05,5000,"bu","13:34:13",3965400
31.7,0.1,1000,"sd","13:34:10",3960400
31.65,0.05,10000,"bu","13:34:09",3959400
31.65,0.05,400,"bu","13:34:08",3949400
31.7,0.1,5000,"sd","13:34:08",3949000
31.65,0.05,5000,"bu","13:34:01",3944000
31.65,0.05,100,"bu","13:34:00",3939000
31.65,0.05,300,"sd","13:33:54",3938900
31.65,0.05,300,"sd","13:33:53",3938600
31.65,0.05,500,"sd","13:33:53",3938300
31.65,0.05,900,"sd","13:33:52",3937800
31.65,0.05,1100,"sd","13:33:51",3936900
31.65,0.05,1000,"sd","13:33:49",3935800
31.65,0.05,4000,"sd","13:33:48",3934800
31.65,0.05,1000,"sd","13:33:47",3930800
31.65,0.05,600,"sd","13:33:45",3929800
31.65,0.05,30100,"sd","13:33:45",3929200
31.65,0.05,5300,"sd","13:33:40",3899100
31.6,0,100,"bu","13:33:38",3893800
31.65,0.05,1000,"sd","13:33:35",3893700
31.65,0.05,200,"sd","13:33:32",3892700
31.65,0.05,1000,"sd","13:33:31",3892500
31.6,0,100,"bu","13:33:29",3891500
31.65,0.05,5000,"sd","13:33:29",3891400
31.65,0.05,3000,"sd","13:33:25",3886400
31.65,0.05,100,"sd","13:33:22",3883400
31.6,0,100,"bu","13:33:19",3883300
31.65,0.05,4000,"sd","13:33:13",3883200
31.65,0.05,500,"sd","13:33:11",3879200
31.65,0.05,300,"sd","13:33:11",3878700
31.6,0,100,"bu","13:33:11",3878400
31.6,0,30000,"bu","13:33:08",3878300
31.65,0.05,600,"sd","13:33:00",3848300
31.6,0,2000,"sd","13:33:00",3847700
31.6,0,3000,"sd","13:32:57",3845700
31.6,0,2100,"sd","13:32:56",3842700
31.6,0,7000,"sd","13:32:55",3839600
31.6,0,10100,"sd","13:32:54",3832600
31.6,0,6000,"sd","13:32:53",3822500
31.6,0,1200,"sd","13:32:52",3816500
31.6,0,5000,"sd","13:32:51",3815300
31.6,0,100,"sd","13:32:51",3810100
31.6,0,3000,"sd","13:32:50",3810000
31.6,0,2100,"sd","13:32:50",3807000
31.6,0,700,"sd","13:32:49",3804900
31.6,0,13000,"sd","13:32:49",3804200
31.6,0,200,"sd","13:32:48",3791200
31.6,0,100000,"sd","13:32:46",3791000
31.6,0,4000,"sd","13:32:45",3691000
31.55,-0.05,100,"bu","13:32:42",3687000
31.6,0,2000,"sd","13:32:39",3676900
31.6,0,2000,"sd","13:32:38",3674900
31.6,0,1000,"sd","13:32:37",3672900
31.6,0,21100,"sd","13:32:36",3671900
31.6,0,3900,"sd","13:32:35",3650800
31.55,-0.05,200,"bu","13:32:33",3646900
31.6,0,500,"sd","13:32:30",3646700
31.6,0,1000,"sd","13:32:29",3646200
31.6,0,200,"sd","13:32:27",3645200
31.6,0,1400,"sd","13:32:26",3645000
31.55,-0.05,100,"bu","13:32:24",3643600
31.6,0,5000,"sd","13:32:24",3643500
31.6,0,200,"sd","13:32:22",3638500
31.6,0,1000,"sd","13:32:26",3645000
31.6,0,400,"sd","13:32:26",3644000
31.55,-0.05,100,"bu","13:32:24",3643600
31.6,0,5000,"sd","13:32:24",3643500
31.6,0,200,"sd","13:32:22",3638500
31.6,0,100,"sd","13:32:20",3638300
31.6,0,400,"sd","13:32:16",3638200
31.6,0,200,"sd","13:32:12",3637700
31.55,-0.05,200,"bu","13:32:06",3637500
31.55,-0.05,10000,"bu","13:32:03",3637300
31.55,-0.05,100,"bu","13:31:57",3627300
31.6,0,400,"sd","13:31:56",3627200
31.55,-0.05,300,"bu","13:31:54",3626800
31.55,-0.05,100,"bu","13:31:49",3626500
31.55,-0.05,100,"bu","13:31:39",3626400
31.6,0,2000,"sd","13:31:38",3626300
31.6,0,200,"sd","13:31:36",3624300
31.6,0,5000,"sd","13:31:35",3624100
31.6,0,2700,"sd","13:31:32",3619100
31.6,0,2900,"sd","13:31:31",3616400
31.55,-0.05,200,"bu","13:31:21",3609800
31.55,-0.05,100,"bu","13:31:19",3609600
31.6,0,4000,"sd","13:31:19",3609500
31.6,0,1600,"sd","13:31:13",3605500
31.6,0,4000,"sd","13:31:12",3603900
31.6,0,20000,"sd","13:31:10",3599900
31.6,0,300,"sd","13:31:08",3579900
31.55,-0.05,100,"bu","13:31:03",3579600
31.6,0,4000,"sd","13:31:00",3579500
31.55,-0.05,100,"bu","13:30:54",3575500
31.55,-0.05,100,"bu","13:30:45",3575400
31.55,-0.05,100,"bu","13:30:41",3575300
31.55,-0.05,100,"bu","13:30:36",3575200
31.6,0,2400,"sd","13:30:33",3575100
31.55,-0.05,1900,"bu","13:30:32",3572700
31.55,-0.05,100,"bu","13:30:27",3570800
31.55,-0.05,100,"bu","13:30:18",3570700
31.55,-0.05,2400,"bu","13:30:13",3570600
31.55,-0.05,9700,"bu","13:30:09",3568200
31.55,-0.05,500,"bu","13:30:00",3558500
31.55,-0.05,200,"bu","13:29:51",3558000
31.6,0,1000,"sd","13:29:49",3557800
31.6,0,600,"sd","13:29:48",3556800
31.55,-0.05,100,"bu","13:29:42",3556200
31.55,-0.05,200,"bu","13:29:39",3556100
31.55,-0.05,3000,"bu","13:29:38",3555900
31.55,-0.05,800,"bu","13:29:34",3552900
31.55,-0.05,100,"bu","13:29:33",3552100
31.55,-0.05,200,"bu","13:29:24",3552000
31.55,-0.05,2200,"sd","13:29:09",3551800
31.55,-0.05,5000,"sd","13:29:07",3549600
31.55,-0.05,5000,"sd","13:29:06",3544600
31.5,-0.1,100,"bu","13:29:04",3539600
31.55,-0.05,10000,"sd","13:29:03",3539500
31.5,-0.1,3600,"sd","13:28:50",3529500
31.5,-0.1,500,"sd","13:28:49",3525900
31.45,-0.15,200,"bu","13:28:49",3525400
31.5,-0.1,300,"sd","13:28:48",3525200
31.5,-0.1,1000,"sd","13:28:46",3524900
31.45,-0.15,200,"bu","13:28:45",3523900
31.5,-0.1,3600,"sd","13:28:50",3529500
31.5,-0.1,500,"sd","13:28:49",3525900
31.45,-0.15,200,"bu","13:28:49",3525400
31.5,-0.1,300,"sd","13:28:48",3525200
31.5,-0.1,1000,"sd","13:28:46",3524900
31.45,-0.15,200,"bu","13:28:45",3523900
31.5,-0.1,50000,"sd","13:28:43",3523700
31.45,-0.15,100,"bu","13:28:36",3473700
31.45,-0.15,200,"bu","13:28:27",3473600
31.5,-0.1,1400,"sd","13:28:24",3473400
31.5,-0.1,500,"sd","13:28:23",3472000
31.45,-0.15,200,"bu","13:28:18",3471500
31.45,-0.15,100,"bu","13:28:09",3471300
31.45,-0.15,800,"bu","13:28:08",3471200
31.45,-0.15,100,"bu","13:28:03",3470400
31.45,-0.15,100,"bu","13:28:00",3470300
31.45,-0.15,500,"bu","13:27:54",3470200
31.45,-0.15,6100,"bu","13:27:51",3469700
31.5,-0.1,3800,"sd","13:27:49",3463600
31.5,-0.1,2000,"sd","13:27:46",3459800
31.45,-0.15,100,"bu","13:27:15",3456900
31.5,-0.1,200,"sd","13:27:06",3456800
31.45,-0.15,100,"bu","13:27:05",3456600
31.5,-0.1,400,"sd","13:27:01",3456500
31.45,-0.15,100,"bu","13:26:56",3456100
31.5,-0.1,5400,"bu","13:26:53",3456000
31.5,-0.1,3000,"bu","13:26:53",3450600
31.5,-0.1,100,"bu","13:26:47",3447600
31.5,-0.1,2500,"bu","13:26:45",3447500
31.5,-0.1,5000,"bu","13:26:42",3445000
31.5,-0.1,200,"bu","13:26:39",3440000
31.5,-0.1,100,"bu","13:26:17",3439800
31.5,-0.1,19500,"sd","13:26:16",3439700
31.45,-0.15,200,"bu","13:26:09",3420200
31.5,-0.1,1000,"sd","13:26:02",3420000
31.5,-0.1,28100,"bu","13:25:58",3419000
31.5,-0.1,30200,"bu","13:25:50",3390900
31.5,-0.1,200,"bu","13:25:49",3360700
31.5,-0.1,500,"bu","13:25:45",3360500
31.5,-0.1,200,"bu","13:25:42",3360000
31.5,-0.1,1000,"bu","13:25:35",3359800
31.5,-0.1,100,"bu","13:25:32",3358800
31.5,-0.1,300,"bu","13:25:26",3358700
31.5,-0.1,1200,"bu","13:25:25",3358400
31.5,-0.1,300,"bu","13:25:24",3357200
31.55,-0.05,3100,"sd","13:25:18",3356900
31.5,-0.1,15000,"bu","13:25:17",3353800
31.55,-0.05,2000,"sd","13:25:15",3338800
31.5,-0.1,100,"bu","13:25:14",3336800
31.5,-0.1,200,"bu","13:25:10",3336700
31.5,-0.1,8000,"bu","13:25:06",3336500
31.5,-0.1,100,"bu","13:25:05",3328500
31.5,-0.1,100,"bu","13:24:56",3328400
31.55,-0.05,800,"sd","13:24:52",3328300
31.5,-0.1,200,"bu","13:24:47",3327500
31.5,-0.1,100,"bu","13:24:45",3327300
31.5,-0.1,300,"bu","13:24:40",3327200
31.5,-0.1,100,"bu","13:24:38",3326900
31.5,-0.1,100,"bu","13:24:29",3326800
31.5,-0.1,500,"bu","13:24:24",3326700
31.5,-0.1,100,"bu","13:24:20",3326200
31.5,-0.1,1000,"bu","13:24:17",3326100
31.5,-0.1,500,"bu","13:24:13",3325100
31.5,-0.1,100,"bu","13:24:11",3324600
31.5,-0.1,4000,"bu","13:24:08",3324500
31.5,-0.1,5700,"bu","13:24:03",3320500
31.5,-0.1,100,"bu","13:24:02",3314800
31.5,-0.1,100,"bu","13:23:55",3314700
31.5,-0.1,100,"bu","13:23:44",3314600
31.5,-0.1,12500,"bu","13:23:39",3314500
31.55,-0.05,300,"sd","13:23:38",3302000
31.5,-0.1,100,"bu","13:23:34",3301700
31.5,-0.1,3000,"bu","13:23:27",3301600
31.5,-0.1,100,"bu","13:23:26",3298600
31.6,0,3400,"sd","13:23:19",3298500
31.55,-0.05,8500,"bu","13:23:17",3293500
31.55,-0.05,3000,"bu","13:23:16",3285000
31.55,-0.05,36400,"bu","13:23:14",3282000
31.55,-0.05,1500,"bu","13:23:11",3245600
31.55,-0.05,200,"bu","13:23:08",3244100
31.55,-0.05,200,"bu","13:23:08",3243900
31.55,-0.05,2500,"bu","13:23:07",3243700
31.55,-0.05,8200,"bu","13:23:03",3241200
31.55,-0.05,2800,"bu","13:23:03",3233000
31.55,-0.05,1700,"bu","13:22:59",3230200
31.55,-0.05,100,"bu","13:22:58",3228500
31.55,-0.05,300,"bu","13:22:55",3228400
31.55,-0.05,200,"bu","13:22:53",3228100
31.55,-0.05,24300,"bu","13:22:52",3227900
31.55,-0.05,200,"bu","13:22:50",3203600
31.55,-0.05,100,"bu","13:22:40",3203400
31.6,0,100,"sd","13:22:40",3203300
31.6,0,5000,"sd","13:22:32",3203200
31.55,-0.05,100,"bu","13:22:32",3198200
31.55,-0.05,100,"bu","13:22:22",3198100
31.55,-0.05,200,"bu","13:22:13",3198000
31.6,0,5000,"sd","13:22:07",3197800
31.55,-0.05,200,"bu","13:22:04",3192800
31.6,0,100,"sd","13:21:55",3192600
31.55,-0.05,100,"bu","13:21:55",3192500
31.55,-0.05,100,"bu","13:21:47",3192400
31.55,-0.05,200,"bu","13:21:38",3192300
31.55,-0.05,500,"bu","13:21:34",3192100
31.55,-0.05,2000,"bu","13:21:33",3191600
31.55,-0.05,200,"bu","13:21:28",3189600
31.55,-0.05,600,"bu","13:21:23",3189400
31.55,-0.05,100,"bu","13:21:19",3188800
31.55,-0.05,500,"bu","13:21:13",3188700
31.55,-0.05,200,"bu","13:21:10",3188200
31.55,-0.05,300,"bu","13:21:07",3188000
31.55,-0.05,200,"bu","13:21:01",3187700
31.55,-0.05,100,"bu","13:20:59",3187500
31.55,-0.05,200,"bu","13:20:55",3187400
31.55,-0.05,100,"bu","13:20:52",3187200
31.6,0,500,"sd","13:20:48",3187100
31.55,-0.05,100,"bu","13:20:43",3186600
31.55,-0.05,200,"bu","13:20:41",3186500
31.55,-0.05,100,"bu","13:20:35",3186300
31.55,-0.05,5000,"bu","13:20:33",3186200
31.55,-0.05,100,"bu","13:20:31",3181200
31.55,-0.05,100,"bu","13:20:25",3181100
31.55,-0.05,200,"bu","13:20:16",3181000
31.55,-0.05,100,"bu","13:20:09",3180800
31.55,-0.05,7200,"bu","13:20:07",3180700
31.55,-0.05,100,"bu","13:19:58",3173500
31.55,-0.05,100,"bu","13:19:49",3173400
31.55,-0.05,100,"bu","13:19:41",3173300
31.55,-0.05,100,"bu","13:19:40",3173200
31.55,-0.05,100,"bu","13:19:31",3173100
31.55,-0.05,1000,"bu","13:19:29",3173000
31.55,-0.05,200,"bu","13:19:22",3172000
31.55,-0.05,2000,"bu","13:19:14",3171800
31.55,-0.05,100,"bu","13:19:14",3169800
31.55,-0.05,100,"bu","13:19:04",3169700
31.55,-0.05,100,"bu","13:18:55",3169600
31.55,-0.05,1000,"bu","13:18:54",3169500
31.55,-0.05,100,"bu","13:18:46",3168500
31.6,0,1000,"sd","13:18:44",3168400
31.55,-0.05,300,"bu","13:18:41",3167400
31.55,-0.05,200,"bu","13:18:37",3167100
31.55,-0.05,100,"bu","13:18:46",3168500
31.6,0,1000,"sd","13:18:44",3168400
31.55,-0.05,300,"bu","13:18:41",3167400
31.55,-0.05,200,"bu","13:18:37",3167100
31.6,0,1000,"sd","13:18:35",3166900
31.55,-0.05,100,"bu","13:18:28",3165900
31.55,-0.05,300,"bu","13:18:26",3165800
31.55,-0.05,200,"bu","13:18:22",3165500
31.55,-0.05,200,"bu","13:18:19",3165300
31.55,-0.05,1000,"bu","13:18:19",3165100
31.55,-0.05,1000,"bu","13:18:15",3164100
31.55,-0.05,200,"bu","13:18:10",3163100
31.6,0,200,"sd","13:18:07",3162900
31.55,-0.05,100,"bu","13:18:01",3162700
31.6,0,1000,"sd","13:17:58",3162600
31.55,-0.05,10000,"bu","13:17:56",3161600
31.55,-0.05,100,"bu","13:17:52",3151600
31.55,-0.05,5000,"bu","13:17:48",3151500
31.55,-0.05,100,"bu","13:17:43",3146500
31.6,0,200,"sd","13:17:36",3146400
31.55,-0.05,100,"bu","13:16:58",3145800
31.6,0,200,"sd","13:16:56",3145700
31.55,-0.05,200,"bu","13:16:49",3145500
31.55,-0.05,100,"bu","13:16:40",3145300
31.55,-0.05,200,"bu","13:16:31",3145200
31.55,-0.05,3000,"bu","13:16:24",3145000
31.55,-0.05,200,"bu","13:16:22",3142000
31.55,-0.05,300,"bu","13:16:18",3141800
31.55,-0.05,100,"bu","13:16:13",3141500
31.55,-0.05,200,"bu","13:16:11",3141400
31.6,0,1000,"sd","13:16:10",3141200
31.6,0,100,"sd","13:16:09",3140200
31.55,-0.05,100,"bu","13:16:04",3140100
31.55,-0.05,100,"bu","13:15:55",3140000
31.55,-0.05,100,"bu","13:15:46",3139900
31.55,-0.05,100,"bu","13:15:37",3139800
31.6,0,400,"sd","13:15:28",3139700
31.55,-0.05,100,"bu","13:15:28",3139300
31.6,0,1000,"sd","13:15:21",3139200
31.55,-0.05,100,"bu","13:15:19",3138200
31.55,-0.05,100,"bu","13:15:10",3138100
31.6,0,3800,"sd","13:15:07",3138000
31.6,0,500,"sd","13:15:06",3134200
31.55,-0.05,200,"bu","13:15:00",3133700
31.6,0,100,"sd","13:15:00",3133500
31.6,0,1000,"sd","13:14:56",3133400
31.6,0,100,"sd","13:14:53",3132400
31.6,0,5000,"sd","13:14:52",3132300
31.6,0,2100,"sd","13:14:51",3127200
31.6,0,100,"sd","13:14:48",3125100
31.6,0,100,"sd","13:14:46",3125000
31.6,0,1000,"sd","13:14:43",3124900
31.55,-0.05,100,"bu","13:14:42",3123900
31.6,0,4000,"sd","13:14:42",3123800
31.6,0,2400,"sd","13:14:37",3119800
31.6,0,100,"sd","13:14:37",3117400
31.6,0,100,"sd","13:14:35",3117300
31.55,-0.05,100,"bu","13:14:34",3117200
31.6,0,3000,"sd","13:14:32",3117100
31.55,-0.05,100,"bu","13:14:24",3114100
31.55,-0.05,100,"bu","13:14:34",3117200
31.6,0,3000,"sd","13:14:32",3117100
31.55,-0.05,100,"bu","13:14:24",3114100
31.6,0,500,"sd","13:14:18",3114000
31.55,-0.05,500,"bu","13:14:17",3113500
31.55,-0.05,100,"bu","13:14:15",3113000
31.6,0,700,"sd","13:14:15",3112900
31.6,0,500,"sd","13:14:14",3112200
31.6,0,3000,"sd","13:14:12",3111700
31.6,0,500,"sd","13:14:08",3108700
31.55,-0.05,100,"bu","13:14:07",3108200
31.6,0,5000,"sd","13:13:59",3108100
31.6,0,1000,"sd","13:13:59",3103100
31.55,-0.05,500,"bu","13:13:57",3102100
31.6,0,100,"sd","13:13:56",3101600
31.6,0,100,"sd","13:13:53",3101500
31.6,0,100,"sd","13:13:50",3101400
31.55,-0.05,100,"bu","13:13:49",3101300
31.55,-0.05,100,"bu","13:13:39",3101200
31.6,0,4800,"sd","13:13:32",3101100
31.55,-0.05,100,"bu","13:12:54",3093300
31.6,0,1000,"sd","13:12:52",3093200
31.6,0,2600,"sd","13:12:51",3092200
31.55,-0.05,100,"bu","13:12:45",3089600
31.55,-0.05,200,"bu","13:12:36",3089500
31.6,0,1000,"sd","13:12:31",3089300
31.55,-0.05,100,"bu","13:12:27",3088300
31.6,0,2000,"sd","13:12:25",3088200
31.6,0,200,"sd","13:12:20",3086200
31.55,-0.05,200,"bu","13:12:19",3086000
31.6,0,5000,"sd","13:12:18",3085800
31.6,0,100,"sd","13:12:14",3080800
31.55,-0.05,100,"bu","13:12:09",3080700
31.55,-0.05,500,"bu","13:12:08",3080600
31.6,0,5000,"sd","13:12:02",3080100
31.55,-0.05,1200,"bu","13:12:00",3075100
31.55,-0.05,100,"bu","13:11:52",3073900
31.55,-0.05,200,"bu","13:11:42",3073800
31.55,-0.05,200,"bu","13:11:42",3073600
31.6,0,100,"sd","13:11:40",3073400
31.55,-0.05,100,"bu","13:11:33",3073300
31.55,-0.05,1000,"bu","13:11:28",3073200
31.55,-0.05,100,"bu","13:11:24",3072200
31.6,0,500,"sd","13:11:20",3072100
31.6,0,400,"sd","13:11:17",3071600
31.55,-0.05,100,"bu","13:11:15",3071200
31.6,0,500,"sd","13:11:06",3071100
31.55,-0.05,100,"bu","13:11:06",3070600
31.6,0,100,"sd","13:11:06",3070500
31.55,-0.05,200,"bu","13:10:58",3070400
31.55,-0.05,100,"bu","13:10:57",3070200
31.55,-0.05,100,"bu","13:10:48",3070100
31.6,0,100,"sd","13:10:48",3070000
31.6,0,100,"sd","13:10:45",3069900
31.6,0,1000,"sd","13:10:44",3069800
31.55,-0.05,300,"bu","13:10:39",3068800
31.6,0,500,"sd","13:10:35",3068500
31.55,-0.05,1700,"bu","13:10:33",3068000
31.55,-0.05,200,"bu","13:10:32",3066300
31.6,0,5000,"sd","13:10:32",3066100
31.55,-0.05,200,"bu","13:10:30",3061100
31.55,-0.05,200,"bu","13:10:21",3060900
31.6,0,2000,"sd","13:10:19",3060700
31.6,0,1300,"sd","13:10:17",3058700
31.6,0,100,"sd","13:10:15",3057400
31.6,0,500,"sd","13:10:14",3057300
31.6,0,300,"sd","13:10:13",3056800
31.55,-0.05,100,"bu","13:10:12",3056500
31.6,0,200,"sd","13:10:10",3056400
31.6,0,500,"sd","13:10:09",3056200
31.6,0,1000,"sd","13:10:07",3055700
31.6,0,5000,"sd","13:10:03",3054700
31.55,-0.05,100,"bu","13:10:03",3049700
31.6,0,800,"sd","13:10:03",3049600
31.6,0,1200,"sd","13:10:01",3048800
31.6,0,38300,"bu","13:10:00",3047600
31.6,0,500,"bu","13:09:59",3009300
31.6,0,100,"bu","13:09:54",3008800
31.6,0,10000,"bu","13:09:52",3008700
31.6,0,6400,"sd","13:09:40",2998700
31.6,0,12400,"sd","13:09:36",2992300
31.6,0,5000,"sd","13:09:35",2979900
31.6,0,1600,"sd","13:09:34",2974900
31.55,-0.05,100,"bu","13:09:34",2973300
31.6,0,200,"sd","13:09:34",2973200
31.6,0,5000,"sd","13:09:32",2973000
31.6,0,5000,"sd","13:09:29",2968000
31.55,-0.05,300,"bu","13:09:27",2963000
31.55,-0.05,100,"bu","13:09:25",2962700
31.6,0,1500,"sd","13:09:24",2962600
31.55,-0.05,2500,"bu","13:09:23",2961100
31.6,0,50300,"sd","13:09:21",2958600
31.55,-0.05,4600,"bu","13:09:16",2908300
31.55,-0.05,100,"bu","13:09:07",2903700
31.55,-0.05,500,"bu","13:09:03",2903600
31.55,-0.05,200,"bu","13:08:58",2903100
31.55,-0.05,200,"bu","13:08:49",2902900
31.55,-0.05,200,"bu","13:08:40",2902700
31.6,0,100,"sd","13:08:40",2902500
31.55,-0.05,100,"bu","13:08:31",2902400
31.55,-0.05,200,"bu","13:08:40",2902700
31.6,0,100,"sd","13:08:40",2902500
31.55,-0.05,100,"bu","13:08:31",2902400
31.55,-0.05,100,"bu","13:08:22",2902300
31.6,0,2000,"sd","13:08:16",2902200
31.55,-0.05,100,"bu","13:08:13",2900200
31.55,-0.05,200,"bu","13:08:04",2900100
31.55,-0.05,100,"bu","13:07:55",2899900
31.55,-0.05,2800,"bu","13:07:48",2899800
31.55,-0.05,100,"bu","13:07:46",2897000
31.6,0,200,"sd","13:07:43",2896900
31.55,-0.05,100,"bu","13:07:37",2896700
31.55,-0.05,100,"bu","13:07:28",2896600
31.6,0,1900,"sd","13:07:26",2896500
31.55,-0.05,100,"bu","13:07:19",2894600
31.55,-0.05,200,"bu","13:07:13",2894500
31.6,0,100,"sd","13:07:12",2894300
31.55,-0.05,100,"bu","13:07:10",2894200
31.55,-0.05,300,"bu","13:07:07",2894100
31.55,-0.05,100,"bu","13:07:01",2893800
31.6,0,4400,"sd","13:06:34",2893300
31.55,-0.05,900,"bu","13:06:32",2888900
31.55,-0.05,200,"bu","13:06:24",2888000
31.55,-0.05,100,"bu","13:06:16",2887800
31.55,-0.05,100,"bu","13:06:07",2887700
31.55,-0.05,200,"bu","13:06:01",2887600
31.55,-0.05,400,"bu","13:05:58",2887400
31.55,-0.05,600,"bu","13:05:52",2887000
31.55,-0.05,5000,"bu","13:05:51",2886400
31.55,-0.05,100,"bu","13:05:49",2881400
31.55,-0.05,2000,"bu","13:05:45",2881300
31.55,-0.05,700,"sd","13:05:35",2879300
31.55,-0.05,9300,"bu","13:05:34",2878600
31.55,-0.05,100,"bu","13:05:28",2869300
31.55,-0.05,3600,"sd","13:05:27",2869200
31.5,-0.1,50000,"bu","13:05:27",2865600
31.55,-0.05,15000,"sd","13:05:24",2815600
31.55,-0.05,200,"sd","13:05:20",2800600
31.5,-0.1,100,"bu","13:05:19",2800400
31.55,-0.05,2000,"sd","13:05:18",2800300
31.5,-0.1,1500,"bu","13:05:17",2798300
31.5,-0.1,100,"bu","13:05:16",2796800
31.55,-0.05,500,"sd","13:05:15",2796700
31.5,-0.1,100,"bu","13:05:12",2796200
31.5,-0.1,200,"bu","13:05:10",2796100
31.5,-0.1,100,"bu","13:05:01",2795900
31.55,-0.05,9000,"bu","13:05:00",2795800
31.55,-0.05,300,"bu","13:04:58",2786800
31.55,-0.05,500,"bu","13:04:56",2786500
31.55,-0.05,200,"bu","13:04:52",2786000
31.55,-0.05,300,"bu","13:04:51",2785800
31.55,-0.05,200,"bu","13:04:43",2785500
31.55,-0.05,100,"bu","13:04:34",2785300
31.55,-0.05,100,"bu","13:04:25",2785200
31.5,-0.1,100,"bu","13:04:16",2785100
31.5,-0.1,13200,"sd","13:03:58",2785000
31.5,-0.1,500,"sd","13:03:57",2771800
31.5,-0.1,11300,"bu","13:03:53",2771300
31.55,-0.05,10000,"sd","13:03:53",2760000
31.55,-0.05,1000,"sd","13:03:50",2750000
31.5,-0.1,200,"bu","13:03:48",2749000
31.55,-0.05,9300,"sd","13:03:47",2748800
31.5,-0.1,200,"bu","13:03:46",2739500
31.5,-0.1,400,"bu","13:03:42",2739300
31.5,-0.1,100,"bu","13:03:37",2738900
31.5,-0.1,5000,"sd","13:03:22",2738800
31.5,-0.1,500,"sd","13:03:21",2733800
31.5,-0.1,1000,"sd","13:03:19",2733300
31.5,-0.1,5000,"sd","13:03:19",2732300
31.45,-0.15,100,"bu","13:03:17",2727300
31.5,-0.1,1200,"sd","13:03:17",2727200
31.5,-0.1,1000,"sd","13:03:16",2726000
31.5,-0.1,5000,"sd","13:03:15",2725000
31.5,-0.1,300,"sd","13:03:12",2720000
31.5,-0.1,11100,"bu","13:03:11",2719700
31.5,-0.1,4900,"sd","13:03:06",2708600
31.45,-0.15,600,"bu","13:03:02",2703700
31.5,-0.1,1000,"sd","13:02:59",2703100
31.45,-0.15,200,"bu","13:02:58",2702100
31.5,-0.1,300,"sd","13:02:57",2701900
31.45,-0.15,100,"bu","13:02:49",2701600
31.5,-0.1,100,"sd","13:02:48",2701500
31.45,-0.15,200,"bu","13:02:44",2701400
31.5,-0.1,1800,"bu","13:02:40",2701200
31.5,-0.1,400,"sd","13:02:36",2699400
31.45,-0.15,8900,"bu","13:02:32",2699000
31.5,-0.1,5400,"sd","13:02:32",2690100
31.45,-0.15,100,"bu","13:02:30",2684700
31.5,-0.1,5000,"sd","13:02:28",2684600
31.5,-0.1,300,"sd","13:02:28",2679600
31.5,-0.1,3800,"sd","13:02:26",2679300
31.5,-0.1,500,"sd","13:02:24",2675500
31.45,-0.15,3100,"bu","13:02:22",2675000
31.45,-0.15,15900,"bu","13:02:22",2671900
31.45,-0.15,100,"bu","13:02:20",2656000
31.5,-0.1,100,"sd","13:02:16",2653900
31.45,-0.15,600,"bu","13:02:16",2653800
31.45,-0.15,200,"bu","13:02:12",2653200
31.45,-0.15,6400,"bu","13:02:05",2653000
31.45,-0.15,200,"bu","13:02:02",2646600
31.45,-0.15,100,"bu","13:01:58",2646400
31.45,-0.15,100,"bu","13:01:53",2646300
31.45,-0.15,100,"bu","13:01:44",2646200
31.5,-0.1,5000,"sd","13:01:36",2646100
31.45,-0.15,100,"bu","13:01:35",2641100
31.5,-0.1,5000,"sd","13:01:27",2641000
31.45,-0.15,100,"bu","13:01:26",2636000
31.5,-0.1,9900,"bu","13:01:24",2635900
31.5,-0.1,1500,"bu","13:01:22",2626000
31.5,-0.1,100,"bu","13:01:17",2624500
31.5,-0.1,1000,"bu","13:01:15",2624400
31.5,-0.1,62000,"bu","13:01:13",2623400
31.55,-0.05,10500,"bu","13:01:13",2561400
31.55,-0.05,1500,"bu","13:01:13",2550900
31.55,-0.05,200,"bu","13:01:09",2549400
31.55,-0.05,100,"bu","13:01:00",2549200
31.55,-0.05,3200,"sd","13:00:52",2549100
31.55,-0.05,3800,"sd","13:00:50",2545900
31.55,-0.05,5000,"sd","13:00:49",2542100
31.5,-0.1,7700,"bu","13:00:41",2537100
31.5,-0.1,300,"bu","13:00:40",2529400
31.55,-0.05,500,"sd","13:00:39",2528700
31.55,-0.05,500,"sd","13:00:39",2528200
31.55,-0.05,1000,"bu","13:00:37",2516200
31.55,-0.05,400,"bu","13:00:36",2515200
31.6,0,1600,"sd","13:00:36",2514800
31.55,-0.05,1400,"bu","13:00:36",2513200
31.55,-0.05,3000,"bu","13:00:35",2511800
31.55,-0.05,21600,"bu","13:00:34",2508800
31.55,-0.05,300,"bu","13:00:19",2487200
31.55,-0.05,200,"bu","13:00:17",2486900
31.55,-0.05,100,"bu","13:00:03",2486700
31.6,0,100,"sd","13:00:03",2486600
31.55,-0.05,200,"bu","13:00:03",2486500
31.55,-0.05,3000,"bu","13:00:00",2486300
31.55,-0.05,500,"bu","11:29:25",2483300
31.55,-0.05,3100,"bu","11:29:06",2482800
31.55,-0.05,200,"bu","11:28:51",2479700
31.55,-0.05,3700,"bu","11:28:49",2479500
31.55,-0.05,100,"bu","11:28:42",2475800
31.55,-0.05,100,"bu","11:28:42",2475800
31.55,-0.05,1000,"bu","11:28:36",2475700
31.55,-0.05,100,"bu","11:28:33",2474700
31.55,-0.05,500,"bu","11:28:30",2474600
31.55,-0.05,800,"bu","11:28:28",2474100
31.55,-0.05,200,"bu","11:28:24",2473300
31.55,-0.05,700,"bu","11:28:15",2473100
31.55,-0.05,200,"bu","11:28:06",2472400
31.55,-0.05,200,"bu","11:28:06",2472200
31.55,-0.05,10000,"bu","11:28:01",2472000
31.55,-0.05,300,"bu","11:27:59",2462000
31.55,-0.05,300,"bu","11:27:58",2461700
31.55,-0.05,100,"bu","11:27:48",2461300
31.55,-0.05,6000,"bu","11:27:43",2461200
31.55,-0.05,100,"bu","11:27:39",2455200
31.55,-0.05,300,"bu","11:27:39",2455100
31.55,-0.05,10000,"bu","11:27:34",2454800
31.55,-0.05,200,"bu","11:27:33",2444800
31.55,-0.05,6200,"bu","11:27:30",2444600
31.55,-0.05,100,"bu","11:27:21",2438400
31.55,-0.05,100,"bu","11:27:03",2437600
31.6,0,100,"sd","11:26:58",2437500
31.55,-0.05,200,"bu","11:26:57",2437400
31.55,-0.05,200,"bu","11:26:54",2437200
31.6,0,500,"sd","11:26:51",2437000
31.55,-0.05,100,"bu","11:26:50",2436500
31.55,-0.05,400,"bu","11:26:49",2436400
31.55,-0.05,100,"bu","11:26:45",2436000
31.55,-0.05,8000,"bu","11:26:40",2435900
31.55,-0.05,100,"bu","11:26:36",2427900
31.55,-0.05,100,"bu","11:26:27",2427800
31.6,0,500,"sd","11:26:25",2427700
31.55,-0.05,100,"bu","11:26:19",2427200
31.55,-0.05,100,"bu","11:26:18",2427100
31.55,-0.05,200,"bu","11:26:13",2427000
31.55,-0.05,100,"bu","11:26:09",2426800
31.55,-0.05,100,"bu","11:26:00",2426700
31.6,0,200,"sd","11:25:57",2426600
31.55,-0.05,300,"bu","11:25:55",2426400
31.55,-0.05,200,"bu","11:25:51",2426100
31.6,0,200,"sd","11:25:48",2425900
31.55,-0.05,2000,"bu","11:25:44",2425700
31.6,0,2300,"bu","11:25:43",2423700
31.6,0,1000,"bu","11:25:42",2421400
31.6,0,100,"bu","11:25:42",2420400
31.6,0,1100,"bu","11:25:28",2420300
31.6,0,45500,"sd","11:25:25",2419200
31.55,-0.05,200,"bu","11:25:22",2373700
31.55,-0.05,500,"bu","11:25:20",2373500
31.55,-0.05,100,"bu","11:25:13",2373000
31.55,-0.05,100,"bu","11:25:13",2372900
31.55,-0.05,100,"bu","11:25:04",2372800
31.55,-0.05,5000,"bu","11:25:04",2372700
31.55,-0.05,100,"bu","11:25:00",2367700
31.55,-0.05,3600,"bu","11:25:00",2367600
31.55,-0.05,100,"bu","11:24:55",2364000
31.55,-0.05,100,"bu","11:24:46",2363900
31.55,-0.05,5000,"bu","11:24:41",2363800
31.55,-0.05,100,"bu","11:24:37",2358800
31.55,-0.05,100,"bu","11:24:28",2358700
31.55,-0.05,5000,"bu","11:24:26",2358600
31.55,-0.05,200,"bu","11:24:25",2353600
31.55,-0.05,200,"bu","11:24:19",2353400
31.6,0,5000,"sd","11:24:18",2353200
31.6,0,300,"sd","11:24:16",2348200
31.55,-0.05,200,"bu","11:24:10",2347900
31.55,-0.05,100,"bu","11:24:01",2347700
31.6,0,70900,"bu","11:23:55",2347600
31.6,0,1700,"bu","11:23:53",2276700
31.6,0,100,"bu","11:23:52",2275000
31.6,0,4000,"bu","11:23:45",2274900
31.6,0,200,"bu","11:23:43",2270900
31.6,0,700,"bu","11:23:38",2270700
31.6,0,100,"bu","11:23:34",2270000
31.6,0,200,"bu","11:23:25",2269900
31.6,0,400,"bu","11:23:24",2269700
31.6,0,700,"bu","11:23:22",2269300
31.6,0,8000,"bu","11:23:20",2268600
31.6,0,4000,"bu","11:23:18",2260600
31.6,0,100,"bu","11:23:16",2256600
31.6,0,800,"bu","11:23:07",2256500
31.6,0,100,"bu","11:22:58",2255700
31.6,0,700,"bu","11:22:52",2255600
31.6,0,100,"bu","11:22:49",2254900
31.6,0,1400,"bu","11:22:45",2254800
31.6,0,100,"bu","11:22:40",2253400
31.6,0,300,"bu","11:22:38",2253300
31.6,0,700,"bu","11:22:36",2253000
31.6,0,100,"bu","11:22:30",2252300
31.6,0,100,"bu","11:22:21",2252200
31.6,0,700,"bu","11:22:20",2252100
31.6,0,300,"bu","11:22:13",2251400
31.6,0,700,"bu","11:22:05",2251100
31.65,0.05,66300,"bu","11:22:03",2250400
31.65,0.05,100,"bu","11:21:55",2184100
31.65,0.05,24000,"bu","11:21:54",2184000
31.65,0.05,700,"bu","11:21:50",2160000
31.65,0.05,2100,"bu","11:21:46",2159300
31.65,0.05,100,"bu","11:21:40",2157200
31.65,0.05,1000,"bu","11:21:38",2157100
31.65,0.05,100,"bu","11:21:37",2156100
31.65,0.05,700,"bu","11:21:34",2156000
31.65,0.05,100,"bu","11:21:27",2155300
31.65,0.05,100,"bu","11:21:27",2155200
31.65,0.05,800,"bu","11:21:18",2155100
31.65,0.05,100,"bu","11:21:10",2154300
31.65,0.05,700,"bu","11:21:03",2154200
31.65,0.05,200,"bu","11:21:00",2153500
31.65,0.05,200,"bu","11:20:52",2153300
31.65,0.05,100,"bu","11:20:51",2153100
31.65,0.05,700,"bu","11:20:48",2153000
31.65,0.05,2300,"bu","11:20:46",2152300
31.65,0.05,100,"bu","11:20:43",2150000
31.65,0.05,100,"bu","11:20:34",2149900
31.65,0.05,700,"bu","11:20:32",2149800
31.65,0.05,100,"bu","11:20:24",2149100
31.7,0.1,2000,"sd","11:20:20",2149000
31.65,0.05,700,"bu","11:20:17",2147000
31.65,0.05,100,"bu","11:20:15",2146300
31.65,0.05,100,"bu","11:20:10",2146200
31.65,0.05,700,"bu","11:19:46",2145000
31.65,0.05,200,"bu","11:19:39",2144300
31.65,0.05,700,"bu","11:19:31",2144100
31.65,0.05,100,"bu","11:19:30",2143400
31.7,0.1,3000,"sd","11:19:27",2143300
31.65,0.05,100,"bu","11:19:21",2140300
31.65,0.05,700,"bu","11:19:15",2140200
31.65,0.05,100,"bu","11:19:12",2139500
31.65,0.05,300,"bu","11:19:05",2139400
31.65,0.05,100,"bu","11:19:03",2139100
31.65,0.05,700,"bu","11:18:59",2139000
31.7,0.1,1900,"bu","11:18:58",2138300
31.7,0.1,200,"bu","11:18:54",2136400
31.7,0.1,300,"bu","11:18:49",2136200
31.7,0.1,200,"bu","11:18:46",2135900
31.7,0.1,700,"bu","11:18:44",2135700
31.7,0.1,2100,"bu","11:18:36",2135000
31.7,0.1,700,"bu","11:18:29",2132900
31.7,0.1,200,"bu","11:18:28",2132200
31.7,0.1,1000,"bu","11:18:19",2132000
31.7,0.1,2100,"bu","11:18:36",2135000
31.7,0.1,700,"bu","11:18:29",2132900
31.7,0.1,200,"bu","11:18:28",2132200
31.7,0.1,1000,"bu","11:18:19",2132000
31.7,0.1,100,"bu","11:18:18",2131000
31.7,0.1,700,"bu","11:18:13",2130900
31.7,0.1,700,"sd","11:17:58",2130200
31.65,0.05,700,"bu","11:17:58",2129500
31.65,0.05,200,"bu","11:17:50",2128800
31.7,0.1,200,"sd","11:17:45",2128600
31.65,0.05,700,"bu","11:17:43",2128400
31.65,0.05,100,"bu","11:17:40",2127700
31.65,0.05,100,"bu","11:17:31",2127600
31.65,0.05,700,"bu","11:17:27",2127500
31.7,0.1,2000,"sd","11:17:26",2126800
31.65,0.05,200,"bu","11:17:22",2124800
31.65,0.05,200,"bu","11:17:19",2124600
31.65,0.05,100,"bu","11:17:13",2124400
31.65,0.05,700,"bu","11:17:11",2124300
31.7,0.1,1000,"sd","11:17:09",2123600
31.7,0.1,2000,"sd","11:16:49",2120500
31.65,0.05,100,"bu","11:16:47",2118500
31.7,0.1,4500,"bu","11:16:44",2118400
31.7,0.1,700,"bu","11:16:40",2113900
31.7,0.1,5000,"bu","11:16:40",2113200
31.7,0.1,3000,"bu","11:16:38",2108200
31.7,0.1,200,"bu","11:16:38",2105200
31.7,0.1,1500,"bu","11:16:37",2105000
31.7,0.1,200,"bu","11:16:28",2103500
31.7,0.1,6600,"bu","11:16:27",2103300
31.7,0.1,700,"bu","11:16:25",2096700
31.7,0.1,100,"bu","11:16:19",2096000
31.7,0.1,1500,"bu","11:16:13",2095900
31.7,0.1,1000,"bu","11:16:12",2094400
31.7,0.1,7600,"bu","11:16:11",2093400
31.7,0.1,800,"bu","11:16:10",2085800
31.7,0.1,100,"bu","11:16:01",2085000
31.7,0.1,700,"bu","11:15:54",2084900
31.7,0.1,100,"bu","11:15:52",2084200
31.7,0.1,100,"bu","11:15:43",2084100
31.7,0.1,100,"bu","11:15:52",2084200
31.7,0.1,100,"bu","11:15:43",2084100
31.7,0.1,600,"bu","11:15:39",2084000
31.7,0.1,1000,"bu","11:15:38",2083400
31.7,0.1,200,"bu","11:15:34",2082400
31.7,0.1,300,"bu","11:15:32",2082200
31.7,0.1,200,"bu","11:15:25",2081900
31.7,0.1,2000,"bu","11:15:24",2081700
31.7,0.1,600,"bu","11:15:23",2079700
31.7,0.1,5000,"bu","11:15:22",2079100
31.7,0.1,100,"bu","11:15:16",2074100
31.7,0.1,600,"bu","11:15:08",2074000
31.7,0.1,100,"bu","11:15:07",2073400
31.7,0.1,100,"bu","11:14:59",2073300
31.7,0.1,500,"bu","11:14:57",2073200
31.7,0.1,600,"bu","11:14:52",2072700
31.7,0.1,100,"bu","11:14:49",2072100
31.7,0.1,5000,"bu","11:14:40",2072000
31.7,0.1,100,"bu","11:14:40",2067000
31.7,0.1,600,"bu","11:14:37",2066900
31.7,0.1,20000,"bu","11:14:32",2066300
31.7,0.1,100,"bu","11:14:31",2046300
31.7,0.1,100,"bu","11:14:22",2046200
31.7,0.1,400,"bu","11:14:14",2045500
31.7,0.1,100,"bu","11:14:13",2045100
31.7,0.1,500,"bu","11:14:10",2045000
31.7,0.1,600,"bu","11:14:07",2044500
31.7,0.1,100,"bu","11:14:04",2043900
31.7,0.1,100,"bu","11:13:55",2043800
31.7,0.1,200,"bu","11:13:54",2043700
31.7,0.1,600,"bu","11:13:51",2043500
31.7,0.1,200,"bu","11:13:46",2042900
31.7,0.1,200,"bu","11:13:45",2042700
31.7,0.1,100,"bu","11:13:37",2042500
31.7,0.1,600,"bu","11:13:36",2042400
31.7,0.1,100,"bu","11:13:28",2041800
31.75,0.15,500,"sd","11:13:24",2041700
31.7,0.1,600,"bu","11:13:20",2041200
31.7,0.1,200,"bu","11:13:18",2040600
31.7,0.1,200,"bu","11:13:10",2040400
31.7,0.1,600,"bu","11:13:04",2040200
31.7,0.1,10000,"bu","11:13:03",2039600
31.7,0.1,100,"bu","11:13:01",2029600
31.7,0.1,100,"bu","11:12:52",2029500
31.7,0.1,600,"bu","11:12:49",2029400
31.7,0.1,200,"bu","11:12:43",2028800
31.7,0.1,700,"bu","11:12:34",2028600
31.7,0.1,100,"bu","11:12:25",2027900
31.7,0.1,600,"bu","11:12:18",2027800
31.7,0.1,100,"bu","11:12:15",2027200
31.7,0.1,100,"bu","11:12:06",2027100
31.7,0.1,600,"bu","11:12:02",2027000
31.7,0.1,500,"bu","11:11:57",2026400
31.7,0.1,400,"bu","11:11:56",2025900
31.7,0.1,600,"bu","11:11:55",2025500
31.7,0.1,3100,"bu","11:11:49",2024900
31.7,0.1,600,"bu","11:11:48",2021800
31.7,0.1,200,"bu","11:11:40",2021200
31.7,0.1,600,"bu","11:11:32",2021000
31.7,0.1,100,"bu","11:11:30",2020400
31.7,0.1,200,"bu","11:11:21",2020300
31.7,0.1,600,"bu","11:11:16",2020100
31.7,0.1,100,"bu","11:11:12",2019500
31.7,0.1,200,"bu","11:11:03",2019400
31.7,0.1,600,"bu","11:11:01",2019200
31.7,0.1,100,"bu","11:10:54",2018600
31.7,0.1,600,"bu","11:10:45",2018500
31.7,0.1,100,"bu","11:10:45",2017900
31.7,0.1,100,"bu","11:10:37",2017800
31.7,0.1,600,"bu","11:10:30",2017700
31.7,0.1,100,"bu","11:10:27",2017100
31.7,0.1,100,"bu","11:10:22",2017000
31.7,0.1,100,"bu","11:10:18",2016900
31.7,0.1,600,"bu","11:10:15",2016800
31.7,0.1,200,"bu","11:10:12",2016200
31.7,0.1,100,"bu","11:10:09",2016000
31.7,0.1,200,"bu","11:10:00",2015900
31.7,0.1,600,"bu","11:09:59",2015700
31.7,0.1,200,"bu","11:09:51",2015100
31.7,0.1,100,"bu","11:09:44",2014900
31.7,0.1,500,"bu","11:09:43",2014800
31.7,0.1,200,"bu","11:09:42",2014300
31.7,0.1,300,"bu","11:09:40",2014100
31.7,0.1,100,"bu","11:09:33",2013800
31.7,0.1,600,"bu","11:09:29",2013700
31.75,0.15,400,"sd","11:09:26",2013100
31.7,0.1,100,"bu","11:09:24",2012700
31.75,0.15,8300,"bu","11:09:19",2012600
31.75,0.15,100,"bu","11:09:15",2004300
31.75,0.15,600,"bu","11:09:13",2004200
31.75,0.15,200,"bu","11:09:06",2003600
31.75,0.15,600,"bu","11:08:58",2003400
31.75,0.15,200,"bu","11:08:57",2002800
31.75,0.15,100,"bu","11:08:48",2002600
31.75,0.15,600,"bu","11:08:43",2002500
31.75,0.15,200,"bu","11:08:40",2001900
31.75,0.15,100,"bu","11:08:30",2001700
31.75,0.15,600,"bu","11:08:27",2001600
31.75,0.15,300,"bu","11:08:24",2001000
31.75,0.15,100,"bu","11:08:21",2000700
31.75,0.15,1500,"bu","11:08:20",2000600
31.75,0.15,100,"bu","11:08:12",1999100
31.75,0.15,600,"bu","11:08:11",1999000
31.75,0.15,500,"bu","11:08:08",1998400
31.75,0.15,100,"bu","11:08:03",1997900
31.75,0.15,600,"bu","11:07:56",1997800
31.75,0.15,100,"bu","11:07:54",1997200
31.75,0.15,100,"bu","11:07:45",1997100
31.75,0.15,600,"bu","11:07:40",1997000
31.75,0.15,100,"bu","11:07:36",1996400
31.75,0.15,100,"bu","11:07:27",1996300
31.75,0.15,600,"bu","11:07:25",1996200
31.75,0.15,1500,"bu","11:07:20",1995600
31.75,0.15,100,"bu","11:07:18",1994100
31.75,0.15,600,"bu","11:07:09",1994000
31.75,0.15,100,"bu","11:07:09",1993400
31.75,0.15,100,"bu","11:07:00",1993300
31.75,0.15,600,"bu","11:06:54",1993200
31.75,0.15,200,"bu","11:06:51",1992600
31.75,0.15,200,"bu","11:06:42",1992400
31.75,0.15,600,"bu","11:06:38",1992200
31.75,0.15,200,"bu","11:06:37",1991600
31.75,0.15,100,"bu","11:06:33",1991400
31.75,0.15,100,"bu","11:06:24",1991300
31.75,0.15,600,"bu","11:06:23",1991200
31.75,0.15,200,"bu","11:06:15",1990600
31.75,0.15,600,"bu","11:06:08",1990400
31.75,0.15,100,"bu","11:06:05",1989800
31.75,0.15,200,"bu","11:05:57",1989700
31.75,0.15,600,"bu","11:05:52",1989500
31.75,0.15,800,"bu","11:05:51",1988900
31.75,0.15,100,"bu","11:05:48",1988100
31.75,0.15,400,"bu","11:05:45",1988000
31.75,0.15,200,"bu","11:05:38",1987600
31.75,0.15,600,"bu","11:05:37",1987400
31.75,0.15,100,"bu","11:05:29",1986800
31.75,0.15,600,"bu","11:05:22",1986700
31.75,0.15,100,"bu","11:05:21",1986100
31.75,0.15,500,"bu","11:05:12",1986000
31.75,0.15,100,"bu","11:05:12",1985500
31.75,0.15,200,"bu","11:05:08",1985400
31.75,0.15,600,"bu","11:05:06",1985200
31.75,0.15,400,"bu","11:05:05",1984600
31.75,0.15,100,"bu","11:05:02",1984200
31.75,0.15,100,"bu","11:04:54",1984100
31.75,0.15,900,"bu","11:04:50",1984000
31.75,0.15,200,"bu","11:04:45",1983100
31.75,0.15,700,"bu","11:04:35",1982900
31.75,0.15,100,"bu","11:04:27",1982200
31.75,0.15,600,"bu","11:04:19",1982100
31.75,0.15,100,"bu","11:04:18",1981500
31.75,0.15,200,"bu","11:04:08",1981400
31.75,0.15,600,"bu","11:04:04",1981200
31.75,0.15,100,"bu","11:04:01",1980600
31.75,0.15,300,"bu","11:04:01",1980500
31.75,0.15,10200,"bu","11:03:59",1980200
31.75,0.15,100,"bu","11:03:50",1970000
31.75,0.15,600,"bu","11:03:48",1969900
31.75,0.15,200,"bu","11:03:41",1969300
31.75,0.15,3000,"bu","11:03:35",1969100
31.75,0.15,100,"bu","11:03:15",1961700
31.75,0.15,100,"bu","11:03:05",1961600
31.75,0.15,200,"bu","11:03:04",1961500
31.75,0.15,600,"bu","11:03:02",1961300
31.75,0.15,200,"bu","11:02:56",1960700
31.75,0.15,10000,"bu","11:02:51",1960500
31.75,0.15,700,"bu","11:02:48",1950500
31.75,0.15,200,"bu","11:02:39",1949800
31.75,0.15,600,"bu","11:02:33",1949600
31.75,0.15,100,"bu","11:02:29",1949000
31.75,0.15,100,"bu","11:02:20",1948900
31.75,0.15,600,"bu","11:02:16",1948800
31.75,0.15,200,"bu","11:02:11",1948200
31.75,0.15,100,"bu","11:02:02",1948000
31.75,0.15,600,"bu","11:02:01",1947900
31.75,0.15,100,"bu","11:01:53",1947300
31.75,0.15,600,"bu","11:01:45",1947200
31.75,0.15,100,"bu","11:01:44",1946600
31.75,0.15,1400,"bu","11:01:43",1946500
31.75,0.15,9400,"bu","11:01:39",1945100
31.75,0.15,600,"bu","11:02:01",1947900
31.75,0.15,100,"bu","11:01:53",1947300
31.75,0.15,600,"bu","11:01:45",1947200
31.75,0.15,100,"bu","11:01:44",1946600
31.75,0.15,400,"bu","11:01:43",1945500
31.75,0.15,9400,"bu","11:01:39",1945100
31.75,0.15,5600,"bu","11:01:39",1935700
31.75,0.15,100,"bu","11:01:35",1930100
31.75,0.15,600,"bu","11:01:29",1930000
31.75,0.15,100,"bu","11:01:26",1929400
31.75,0.15,1000,"bu","11:01:24",1929300
31.75,0.15,5000,"bu","11:01:22",1928300
31.75,0.15,100,"bu","11:01:17",1923300
31.75,0.15,300,"bu","11:01:16",1923200
31.75,0.15,6000,"bu","11:01:15",1922900
31.75,0.15,600,"bu","11:01:14",1916900
31.75,0.15,100,"bu","11:01:11",1916300
31.75,0.15,100,"bu","11:01:08",1916200
31.75,0.15,100,"bu","11:00:59",1916100
31.75,0.15,600,"bu","11:00:58",1916000
31.75,0.15,100,"bu","11:00:23",1913200
31.75,0.15,100,"bu","11:00:14",1913100
31.75,0.15,600,"bu","11:00:12",1913000
31.75,0.15,600,"bu","11:00:08",1912400
31.75,0.15,200,"bu","11:00:05",1911800
31.75,0.15,100,"bu","11:00:02",1911600
31.75,0.15,600,"bu","10:59:57",1911500
31.75,0.15,100,"bu","10:59:56",1910900
31.75,0.15,100,"bu","10:59:47",1910800
31.75,0.15,600,"bu","10:59:41",1910700
31.75,0.15,200,"bu","10:59:38",1910100
31.75,0.15,300,"bu","10:59:29",1909900
31.75,0.15,600,"bu","10:59:26",1909600
31.75,0.15,200,"bu","10:59:20",1909000
31.75,0.15,200,"bu","10:59:11",1908800
31.75,0.15,600,"bu","10:59:10",1908600
31.75,0.15,100,"bu","10:59:02",1908000
31.75,0.15,600,"bu","10:58:55",1907900
31.75,0.15,100,"bu","10:58:53",1907300
31.75,0.15,2000,"bu","10:58:50",1907200
31.75,0.15,200,"bu","10:59:11",1908800
31.75,0.15,600,"bu","10:59:10",1908600
31.75,0.15,100,"bu","10:59:02",1908000
31.75,0.15,600,"bu","10:58:55",1907900
31.75,0.15,100,"bu","10:58:53",1907300
31.75,0.15,2000,"bu","10:58:50",1907200
31.75,0.15,100,"bu","10:58:47",1905200
31.75,0.15,100,"bu","10:58:43",1905100
31.75,0.15,600,"bu","10:58:40",1905000
31.75,0.15,100,"bu","10:58:35",1904400
31.75,0.15,100,"bu","10:58:26",1904300
31.75,0.15,600,"bu","10:58:24",1904200
31.75,0.15,500,"bu","10:58:17",1903600
31.75,0.15,100,"bu","10:58:16",1903100
31.8,0.2,300,"sd","10:58:16",1903000
31.75,0.15,3000,"bu","10:58:11",1902700
31.75,0.15,600,"bu","10:58:09",1899700
31.75,0.15,200,"bu","10:58:07",1899100
31.75,0.15,100,"bu","10:57:59",1898900
31.75,0.15,600,"bu","10:57:53",1898800
31.75,0.15,100,"bu","10:57:50",1898200
31.75,0.15,300,"bu","10:57:43",1898100
31.75,0.15,100,"bu","10:57:41",1897800
31.75,0.15,600,"bu","10:57:37",1897700
31.75,0.15,100,"bu","10:57:31",1897100
31.75,0.15,100,"bu","10:57:23",1897000
31.75,0.15,600,"bu","10:57:22",1896900
31.75,0.15,200,"bu","10:57:20",1896300
31.75,0.15,100,"bu","10:57:14",1896100
31.75,0.15,400,"bu","10:57:08",1896000
31.75,0.15,800,"bu","10:57:07",1895600
31.75,0.15,100,"bu","10:57:04",1894800
31.75,0.15,400,"bu","10:57:04",1894700
31.75,0.15,100,"bu","10:56:55",1894300
31.75,0.15,600,"bu","10:56:51",1894200
31.75,0.15,100,"bu","10:56:47",1893600
31.8,0.2,100,"sd","10:56:45",1893500
31.75,0.15,100,"bu","10:56:37",1893400
31.75,0.15,600,"bu","10:56:36",1893300
31.8,0.2,100,"sd","10:56:36",1892700
31.75,0.15,100,"bu","10:56:28",1892600
31.75,0.15,600,"bu","10:56:20",1892500
31.75,0.15,100,"bu","10:56:19",1891900
31.75,0.15,3000,"bu","10:56:14",1891800
31.75,0.15,100,"bu","10:56:10",1888800
31.75,0.15,600,"bu","10:56:05",1888700
31.75,0.15,100,"bu","10:56:01",1888100
31.75,0.15,600,"bu","10:55:56",1888000
31.75,0.15,100,"bu","10:55:52",1887400
31.75,0.15,600,"bu","10:55:50",1887300
31.75,0.15,100,"bu","10:55:43",1886700
31.75,0.15,800,"bu","10:55:34",1886600
31.75,0.15,200,"bu","10:55:25",1885800
31.75,0.15,600,"bu","10:55:20",1885600
31.75,0.15,200,"bu","10:55:16",1885000
31.75,0.15,100,"bu","10:55:07",1884800
31.75,0.15,600,"bu","10:55:04",1884700
31.75,0.15,100,"bu","10:54:58",1884100
31.75,0.15,100,"bu","10:54:49",1884000
31.75,0.15,600,"bu","10:54:48",1883900
31.75,0.15,300,"bu","10:54:10",1881600
31.75,0.15,100,"bu","10:54:04",1881300
31.75,0.15,600,"bu","10:54:02",1881200
31.75,0.15,200,"bu","10:53:55",1880600
31.75,0.15,700,"bu","10:53:46",1880400
31.75,0.15,100,"bu","10:53:37",1879700
31.75,0.15,600,"bu","10:53:31",1879600
31.75,0.15,100,"bu","10:53:28",1879000
31.75,0.15,100,"bu","10:53:19",1878900
31.75,0.15,600,"bu","10:53:16",1878800
31.75,0.15,100,"bu","10:53:10",1878200
31.75,0.15,500,"bu","10:53:07",1878100
31.75,0.15,100,"bu","10:53:01",1877600
31.75,0.15,600,"bu","10:53:00",1877500
31.75,0.15,100,"bu","10:52:52",1876900
31.75,0.15,6000,"bu","10:52:47",1876800
31.75,0.15,600,"bu","10:52:45",1870800
31.75,0.15,100,"bu","10:52:43",1870200
31.8,0.2,400,"sd","10:52:36",1870100
31.75,0.15,200,"bu","10:52:34",1869700
31.75,0.15,600,"bu","10:52:30",1869500
31.75,0.15,100,"bu","10:52:25",1868900
31.75,0.15,200,"bu","10:52:23",1868800
31.75,0.15,200,"bu","10:52:22",1868600
31.75,0.15,100,"bu","10:52:16",1868400
31.75,0.15,600,"bu","10:52:14",1868300
31.8,0.2,500,"sd","10:52:10",1867700
31.75,0.15,100,"bu","10:52:07",1867200
31.75,0.15,700,"bu","10:51:58",1867100
31.8,0.2,500,"sd","10:51:49",1866400
31.75,0.15,100,"bu","10:51:48",1865900
31.75,0.15,1500,"bu","10:51:46",1865800
31.75,0.15,600,"bu","10:51:44",1864300
31.75,0.15,100,"bu","10:51:40",1863700
31.75,0.15,100,"bu","10:51:30",1863600
31.75,0.15,600,"bu","10:51:28",1863500
31.75,0.15,100,"bu","10:51:22",1862900
31.75,0.15,300,"bu","10:51:21",1862800
31.75,0.15,200,"bu","10:51:13",1862500
31.75,0.15,600,"bu","10:51:12",1862300
31.75,0.15,100,"bu","10:51:03",1861700
31.75,0.15,100,"bu","10:51:01",1861600
31.75,0.15,600,"bu","10:50:57",1861500
31.75,0.15,100,"bu","10:50:55",1860900
31.75,0.15,200,"bu","10:50:46",1860800
31.75,0.15,600,"bu","10:50:41",1860600
31.75,0.15,500,"bu","10:50:36",1860000
31.75,0.15,15000,"bu","10:50:31",1859500
31.75,0.15,100,"bu","10:50:27",1844500
31.75,0.15,600,"bu","10:50:26",1844400
31.75,0.15,100,"bu","10:50:18",1843800
31.8,0.2,800,"sd","10:50:17",1843700
31.75,0.15,500,"bu","10:50:13",1842900
31.75,0.15,600,"bu","10:50:11",1842400
31.75,0.15,100,"bu","10:50:10",1841800
31.75,0.15,1000,"bu","10:50:04",1841700
31.75,0.15,100,"bu","10:50:01",1840700
31.75,0.15,600,"bu","10:49:55",1840600
31.75,0.15,100,"bu","10:49:51",1840000
31.75,0.15,100,"bu","10:49:42",1839900
31.75,0.15,500,"bu","10:50:13",1842900
31.75,0.15,600,"bu","10:50:11",1842400
31.75,0.15,100,"bu","10:50:10",1841800
31.75,0.15,1000,"bu","10:50:04",1841700
31.75,0.15,100,"bu","10:50:01",1840700
31.75,0.15,600,"bu","10:49:55",1840600
31.75,0.15,100,"bu","10:49:51",1840000
31.75,0.15,100,"bu","10:49:42",1839900
31.75,0.15,600,"bu","10:49:40",1839800
31.75,0.15,1000,"bu","10:49:39",1839200
31.75,0.15,100,"bu","10:49:33",1838200
31.75,0.15,20600,"bu","10:49:25",1837600
31.75,0.15,100,"bu","10:49:24",1817000
31.75,0.15,200,"bu","10:49:15",1816900
31.8,0.2,50000,"sd","10:49:12",1816700
31.75,0.15,600,"bu","10:49:09",1766700
31.75,0.15,100,"bu","10:49:06",1766100
31.75,0.15,100,"bu","10:48:57",1766000
31.75,0.15,600,"bu","10:48:54",1765900
31.75,0.15,200,"bu","10:48:49",1765300
31.75,0.15,200,"bu","10:48:48",1765100
31.75,0.15,100,"bu","10:48:39",1764900
31.75,0.15,600,"bu","10:48:38",1764800
31.75,0.15,100,"bu","10:48:30",1764200
31.75,0.15,100,"bu","10:48:26",1764100
31.75,0.15,600,"bu","10:48:23",1764000
31.75,0.15,100,"bu","10:48:21",1763400
31.8,0.2,100,"sd","10:48:20",1763300
31.75,0.15,100,"bu","10:48:12",1763200
31.75,0.15,600,"bu","10:48:07",1763100
31.75,0.15,200,"bu","10:48:04",1762500
31.75,0.15,100,"bu","10:47:54",1762300
31.75,0.15,600,"bu","10:47:52",1762200
31.75,0.15,200,"bu","10:47:45",1761600
31.75,0.15,700,"bu","10:47:37",1761400
31.75,0.15,100,"bu","10:47:27",1760700
31.75,0.15,600,"bu","10:47:21",1760600
31.75,0.15,100,"bu","10:47:18",1760000
31.75,0.15,100,"bu","10:47:09",1759900
31.75,0.15,600,"bu","10:47:05",1759800
31.75,0.15,100,"bu","10:46:24",1756800
31.75,0.15,600,"bu","10:46:19",1756700
31.8,0.2,26100,"bu","10:46:17",1756100
31.8,0.2,100,"bu","10:46:15",1730000
31.8,0.2,100,"bu","10:46:06",1729900
31.8,0.2,600,"bu","10:46:04",1729800
31.8,0.2,200,"bu","10:45:57",1729200
31.8,0.2,600,"bu","10:45:48",1729000
31.8,0.2,100,"bu","10:45:48",1728400
31.8,0.2,1000,"bu","10:45:44",1728300
31.8,0.2,200,"bu","10:45:39",1727300
31.8,0.2,600,"bu","10:45:33",1727100
31.8,0.2,100,"bu","10:45:30",1726500
31.8,0.2,200,"bu","10:45:21",1726400
31.8,0.2,1000,"bu","10:45:20",1726200
31.8,0.2,800,"bu","10:45:18",1725200
31.8,0.2,100,"bu","10:45:16",1724400
31.8,0.2,200,"bu","10:45:15",1724300
31.8,0.2,100,"bu","10:45:12",1724100
31.8,0.2,800,"bu","10:45:03",1724000
31.8,0.2,200,"bu","10:45:21",1726400
31.8,0.2,1000,"bu","10:45:20",1726200
31.8,0.2,800,"bu","10:45:18",1725200
31.8,0.2,100,"bu","10:45:16",1724400
31.8,0.2,200,"bu","10:45:15",1724300
31.8,0.2,100,"bu","10:45:12",1724100
31.8,0.2,800,"bu","10:45:03",1724000
31.8,0.2,200,"bu","10:44:54",1723200
31.8,0.2,5000,"bu","10:44:49",1723000
31.8,0.2,600,"bu","10:44:47",1718000
31.8,0.2,200,"bu","10:44:44",1717400
31.8,0.2,100,"bu","10:44:35",1717200
31.8,0.2,600,"bu","10:44:32",1717100
31.8,0.2,100,"bu","10:44:27",1716500
31.9,0.3,1000,"sd","10:44:17",1716400
31.8,0.2,600,"bu","10:44:17",1715400
31.8,0.2,900,"sd","10:44:06",1714800
31.8,0.2,5000,"sd","10:44:03",1713900
31.75,0.15,600,"bu","10:44:02",1708900
31.75,0.15,100,"bu","10:43:56",1708300
31.75,0.15,200,"bu","10:43:47",1708200
31.8,0.2,56500,"bu","10:43:46",1708000
31.8,0.2,300,"bu","10:43:45",1651500
31.8,0.2,100,"bu","10:43:38",1651200
31.85,0.25,49900,"bu","10:43:35",1651100
31.85,0.25,600,"bu","10:43:30",1601200
31.85,0.25,300,"bu","10:43:28",1600500
31.85,0.25,200,"bu","10:43:26",1600200
31.85,0.25,500,"bu","10:43:22",1600000
31.85,0.25,100,"bu","10:43:20",1599500
31.85,0.25,600,"bu","10:43:15",1599400
31.85,0.25,100,"bu","10:43:12",1598800
31.85,0.25,100,"bu","10:43:02",1598700
31.85,0.25,600,"bu","10:43:00",1598600
31.85,0.25,100,"bu","10:42:53",1598000
31.85,0.25,800,"bu","10:42:44",1597900
31.85,0.25,100,"bu","10:42:35",1597100
31.85,0.25,600,"bu","10:42:29",1597000
31.85,0.25,100,"bu","10:42:27",1596400
31.85,0.25,400,"bu","10:42:21",1596300
31.9,0.3,500,"sd","10:42:06",1592800
31.85,0.25,100,"bu","10:41:59",1592300
31.85,0.25,600,"bu","10:41:58",1592200
31.85,0.25,100,"bu","10:41:50",1591600
31.85,0.25,800,"bu","10:41:42",1591500
31.85,0.25,200,"bu","10:41:41",1590700
31.85,0.25,100,"bu","10:41:32",1590500
31.85,0.25,600,"bu","10:41:27",1590400
31.85,0.25,100,"bu","10:41:23",1589800
31.85,0.25,100,"bu","10:41:15",1589700
31.85,0.25,600,"bu","10:41:12",1589600
31.85,0.25,100,"bu","10:41:05",1589000
31.85,0.25,600,"bu","10:40:56",1588900
31.85,0.25,100,"bu","10:40:56",1588300
31.85,0.25,100,"bu","10:40:47",1588200
31.85,0.25,600,"bu","10:40:41",1588100
31.85,0.25,100,"bu","10:40:38",1587500
31.9,0.3,500,"sd","10:40:30",1587400
31.85,0.25,100,"bu","10:40:29",1586900
31.85,0.25,600,"bu","10:40:25",1586800
31.85,0.25,100,"bu","10:40:47",1588200
31.85,0.25,600,"bu","10:40:41",1588100
31.85,0.25,100,"bu","10:40:38",1587500
31.9,0.3,500,"sd","10:40:30",1587400
31.85,0.25,100,"bu","10:40:29",1586900
31.85,0.25,600,"bu","10:40:25",1586800
31.9,0.3,500,"sd","10:40:21",1586200
31.85,0.25,200,"bu","10:40:20",1585700
31.9,0.3,3900,"bu","10:40:10",1585500
31.9,0.3,100,"bu","10:40:02",1581600
31.9,0.3,900,"bu","10:39:55",1581500
31.9,0.3,100,"bu","10:39:53",1580600
31.9,0.3,100,"bu","10:39:44",1580500
31.9,0.3,600,"bu","10:39:39",1580400
31.9,0.3,100,"bu","10:39:35",1579800
31.9,0.3,30500,"bu","10:39:30",1579700
31.9,0.3,100,"bu","10:39:26",1549200
31.9,0.3,600,"bu","10:39:24",1549100
31.9,0.3,100,"bu","10:39:16",1548500
31.9,0.3,1000,"bu","10:39:14",1548400
31.9,0.3,200,"bu","10:38:41",1544800
31.9,0.3,600,"bu","10:38:38",1544600
31.9,0.3,100,"bu","10:38:31",1544000
31.9,0.3,800,"bu","10:38:23",1543900
31.9,0.3,100,"bu","10:38:14",1543100
31.95,0.35,100,"sd","10:38:09",1543000
31.9,0.3,200,"bu","10:38:08",1542900
31.9,0.3,600,"bu","10:38:07",1542700
31.9,0.3,1000,"bu","10:38:05",1542100
31.9,0.3,100,"bu","10:38:04",1541100
31.9,0.3,200,"bu","10:37:56",1541000
31.95,0.35,300,"sd","10:37:52",1540800
31.9,0.3,600,"bu","10:37:51",1540500
31.9,0.3,100,"bu","10:37:46",1539900
31.9,0.3,400,"bu","10:37:38",1539800
31.9,0.3,100,"bu","10:37:37",1539400
31.9,0.3,600,"bu","10:37:36",1539300
31.95,0.35,300,"sd","10:37:34",1538700
31.9,0.3,100,"bu","10:37:28",1538400
31.9,0.3,600,"bu","10:37:21",1538300
31.9,0.3,200,"bu","10:37:19",1537700
31.9,0.3,100,"bu","10:37:10",1537500
31.95,0.35,100,"sd","10:37:08",1537400
31.9,0.3,600,"bu","10:37:06",1537300
31.95,0.35,500,"sd","10:37:06",1536700
31.95,0.35,5000,"sd","10:37:05",1536200
31.95,0.35,200,"sd","10:37:03",1531200
31.9,0.3,100,"bu","10:37:01",1530800
31.95,0.35,100,"sd","10:36:57",1530700
31.9,0.3,1000,"bu","10:36:55",1530600
31.9,0.3,100,"bu","10:36:52",1529600
31.9,0.3,600,"bu","10:36:50",1529500
31.9,0.3,100,"bu","10:36:44",1528900
31.9,0.3,600,"bu","10:36:35",1528800
31.9,0.3,100,"bu","10:36:34",1528200
31.9,0.3,100,"bu","10:36:32",1528100
31.9,0.3,5000,"bu","10:36:30",1528000
31.9,0.3,100,"bu","10:36:25",1523000
31.9,0.3,300,"bu","10:36:20",1522900
31.9,0.3,600,"bu","10:36:19",1522600
31.9,0.3,100,"bu","10:36:34",1528200
31.9,0.3,100,"bu","10:36:32",1528100
31.9,0.3,5000,"bu","10:36:30",1528000
31.9,0.3,100,"bu","10:36:25",1523000
31.9,0.3,300,"bu","10:36:20",1522900
31.9,0.3,600,"bu","10:36:19",1522600
31.9,0.3,200,"bu","10:36:16",1522000
31.9,0.3,200,"bu","10:36:07",1521800
31.9,0.3,600,"bu","10:36:04",1521600
31.9,0.3,200,"bu","10:35:58",1521000
31.9,0.3,700,"bu","10:35:49",1520800
31.95,0.35,1000,"bu","10:35:46",1520100
31.95,0.35,100,"bu","10:35:40",1519100
31.95,0.35,600,"bu","10:35:34",1519000
31.95,0.35,800,"bu","10:35:18",1518400
31.95,0.35,3700,"sd","10:35:17",1517600
31.9,0.3,100,"bu","10:35:10",1513900
31.9,0.3,600,"bu","10:35:02",1513800
31.95,0.35,7000,"sd","10:35:02",1513200
31.9,0.3,200,"bu","10:35:01",1506200
31.95,0.35,500,"sd","10:34:55",1506000
31.9,0.3,100,"bu","10:34:52",1505500
31.95,0.35,38000,"sd","10:34:49",1505400
31.9,0.3,2600,"bu","10:34:47",1467400
31.9,0.3,200,"bu","10:34:43",1464800
31.95,0.35,500,"sd","10:34:38",1464600
31.9,0.3,1000,"bu","10:34:36",1464100
31.9,0.3,200,"bu","10:34:35",1463100
31.9,0.3,200,"bu","10:34:34",1462900
31.9,0.3,600,"bu","10:34:32",1462700
31.9,0.3,100,"bu","10:34:24",1462100
31.9,0.3,600,"bu","10:34:17",1462000
31.9,0.3,100,"bu","10:34:16",1461400
31.9,0.3,100,"bu","10:34:07",1461300
31.9,0.3,600,"bu","10:34:01",1461200
31.9,0.3,100,"bu","10:33:58",1460600
31.9,0.3,5000,"bu","10:33:53",1460500
31.9,0.3,200,"bu","10:33:48",1455500
31.9,0.3,600,"bu","10:33:45",1455300
31.9,0.3,2100,"bu","10:33:40",1454700
31.9,0.3,500,"bu","10:33:36",1452600
31.9,0.3,600,"bu","10:33:31",1452100
31.9,0.3,100,"bu","10:33:31",1451500
31.9,0.3,1000,"bu","10:33:27",1451400
31.9,0.3,100,"bu","10:33:22",1450400
31.9,0.3,3000,"bu","10:33:18",1450300
31.9,0.3,600,"bu","10:33:15",1447300
31.9,0.3,100,"bu","10:33:13",1446700
31.9,0.3,500,"bu","10:33:03",1446600
31.9,0.3,600,"bu","10:33:00",1446100
31.9,0.3,200,"bu","10:32:55",1445500
31.9,0.3,300,"bu","10:32:47",1445300
31.9,0.3,100,"bu","10:32:45",1445000
31.9,0.3,600,"bu","10:32:44",1444900
31.9,0.3,2000,"bu","10:32:43",1444300
31.9,0.3,100,"bu","10:32:36",1442300
31.9,0.3,600,"bu","10:32:29",1442200
31.9,0.3,100,"bu","10:32:27",1441600
31.9,0.3,100,"bu","10:32:18",1441500
31.9,0.3,600,"bu","10:32:13",1441400
31.9,0.3,100,"bu","10:32:10",1440800
31.95,0.35,3800,"sd","10:32:06",1440700
31.95,0.35,500,"sd","10:32:05",1436900
31.9,0.3,100,"bu","10:32:00",1436400
31.9,0.3,600,"bu","10:31:59",1436300
31.9,0.3,100,"bu","10:31:51",1435700
31.9,0.3,700,"bu","10:31:42",1435600
31.9,0.3,100,"bu","10:31:33",1434900
31.9,0.3,600,"bu","10:31:27",1434800
31.9,0.3,300,"sd","10:31:19",1434200
31.85,0.25,100,"bu","10:31:14",1433900
31.85,0.25,600,"bu","10:31:13",1433800
31.9,0.3,100,"sd","10:31:05",1433200
31.9,0.3,100,"sd","10:31:00",1433100
31.85,0.25,800,"bu","10:30:56",1432700
31.85,0.25,100,"bu","10:30:47",1431900
31.85,0.25,100,"bu","10:30:42",1431800
31.85,0.25,600,"bu","10:30:41",1431700
31.85,0.25,100,"bu","10:30:29",1431100
31.85,0.25,300,"bu","10:30:25",1431000
31.9,0.3,100,"sd","10:30:09",1428700
31.85,0.25,100,"bu","10:30:00",1428600
31.9,0.3,200,"sd","10:29:58",1428500
31.9,0.3,1000,"sd","10:29:55",1428300
31.85,0.25,600,"bu","10:29:53",1427300
31.85,0.25,100,"bu","10:29:51",1426700
31.9,0.3,1000,"sd","10:29:45",1426600
31.85,0.25,100,"bu","10:29:42",1425600
31.9,0.3,5800,"sd","10:29:39",1425500
31.85,0.25,600,"bu","10:29:38",1419700
31.9,0.3,1500,"sd","10:29:35",1419100
31.85,0.25,6100,"bu","10:29:34",1417600
31.9,0.3,5000,"sd","10:29:25",1411500
31.85,0.25,200,"bu","10:29:24",1406500
31.85,0.25,600,"bu","10:29:23",1406300
31.85,0.25,200,"bu","10:29:15",1405700
31.85,0.25,300,"bu","10:29:13",1405500
31.85,0.25,600,"bu","10:29:07",1405200
31.85,0.25,100,"bu","10:29:06",1404600
31.9,0.3,20000,"sd","10:29:06",1404500
31.85,0.25,100,"bu","10:28:57",1384500
31.85,0.25,600,"bu","10:28:51",1384400
31.85,0.25,100,"bu","10:28:48",1383800
31.85,0.25,500,"bu","10:28:46",1383700
31.85,0.25,200,"bu","10:28:39",1383200
31.85,0.25,600,"bu","10:28:36",1383000
31.85,0.25,100,"bu","10:28:30",1382400
31.9,0.3,10000,"sd","10:28:27",1382300
31.85,0.25,700,"bu","10:28:21",1372300
31.85,0.25,200,"bu","10:28:12",1371600
31.85,0.25,600,"bu","10:28:06",1371400
31.85,0.25,200,"bu","10:28:03",1370800
31.9,0.3,700,"sd","10:28:02",1370600
31.9,0.3,200,"sd","10:27:56",1369900
31.85,0.25,200,"bu","10:27:54",1369700
31.85,0.25,600,"bu","10:27:51",1369500
31.85,0.25,100,"bu","10:27:45",1368900
31.85,0.25,100,"bu","10:27:36",1368800
31.85,0.25,600,"bu","10:27:35",1368700
31.85,0.25,100,"bu","10:27:27",1368100
31.85,0.25,200,"bu","10:27:54",1369700
31.85,0.25,600,"bu","10:27:51",1369500
31.85,0.25,100,"bu","10:27:45",1368900
31.85,0.25,100,"bu","10:27:36",1368800
31.85,0.25,600,"bu","10:27:35",1368700
31.85,0.25,100,"bu","10:27:27",1368100
31.85,0.25,200,"bu","10:27:26",1368000
31.85,0.25,600,"bu","10:27:19",1367800
31.85,0.25,100,"bu","10:27:18",1367200
31.85,0.25,100,"bu","10:27:09",1367100
31.85,0.25,600,"bu","10:27:04",1367000
31.85,0.25,100,"bu","10:27:00",1366400
31.85,0.25,1200,"bu","10:26:52",1366300
31.85,0.25,100,"bu","10:26:51",1365100
31.85,0.25,600,"bu","10:26:49",1365000
31.85,0.25,100,"bu","10:26:42",1364400
31.85,0.25,2000,"bu","10:26:37",1364300
31.85,0.25,600,"bu","10:26:34",1362300
31.85,0.25,100,"bu","10:26:33",1361700
31.85,0.25,100,"bu","10:26:24",1361600
31.85,0.25,600,"bu","10:25:47",1359900
31.85,0.25,300,"bu","10:25:39",1359300
31.85,0.25,100,"bu","10:25:39",1359000
31.85,0.25,600,"bu","10:25:32",1358900
31.85,0.25,100,"bu","10:25:30",1358300
31.85,0.25,600,"bu","10:25:16",1358200
31.85,0.25,4400,"sd","10:25:14",1357600
31.85,0.25,5000,"sd","10:25:11",1353200
31.8,0.2,100,"bu","10:25:10",1348200
31.85,0.25,5000,"sd","10:25:08",1348100
31.85,0.25,4900,"sd","10:25:05",1343100
31.8,0.2,800,"bu","10:25:01",1338200
31.8,0.2,200,"bu","10:24:52",1337400
31.8,0.2,600,"bu","10:24:46",1337200
31.8,0.2,100,"bu","10:24:43",1336600
31.8,0.2,100,"bu","10:24:34",1336500
31.8,0.2,600,"bu","10:24:30",1336400
31.8,0.2,100,"bu","10:24:25",1335800
31.8,0.2,100,"bu","10:24:16",1335700
31.8,0.2,600,"bu","10:24:15",1335600
31.8,0.2,100,"bu","10:24:43",1336600
31.8,0.2,100,"bu","10:24:34",1336500
31.8,0.2,600,"bu","10:24:30",1336400
31.8,0.2,100,"bu","10:24:25",1335800
31.8,0.2,100,"bu","10:24:16",1335700
31.8,0.2,600,"bu","10:24:15",1335600
31.8,0.2,2500,"bu","10:24:13",1335000
31.8,0.2,100,"bu","10:24:07",1332500
31.8,0.2,100,"bu","10:24:06",1332400
31.8,0.2,400,"bu","10:24:04",1332300
31.8,0.2,600,"bu","10:24:01",1331900
31.8,0.2,100,"bu","10:23:58",1331300
31.8,0.2,300,"bu","10:23:54",1331200
31.8,0.2,200,"bu","10:23:53",1330900
31.8,0.2,100,"bu","10:23:49",1330700
31.8,0.2,600,"bu","10:23:44",1330600
31.8,0.2,100,"bu","10:23:40",1330000
31.8,0.2,100,"bu","10:23:31",1329900
31.8,0.2,600,"bu","10:23:29",1329800
31.8,0.2,100,"bu","10:23:22",1329200
31.85,0.25,900,"sd","10:23:16",1329100
31.8,0.2,600,"bu","10:23:13",1328200
31.8,0.2,100,"bu","10:23:13",1327600
31.8,0.2,300,"bu","10:23:04",1327500
31.8,0.2,600,"bu","10:22:58",1327200
31.8,0.2,100,"bu","10:22:55",1326600
31.85,0.25,1200,"sd","10:22:53",1325400
31.85,0.25,1500,"sd","10:22:51",1324200
31.8,0.2,100,"bu","10:22:46",1322700
31.8,0.2,300,"bu","10:22:43",1322600
31.8,0.2,600,"bu","10:22:42",1322300
31.8,0.2,200,"bu","10:22:37",1321700
31.8,0.2,100,"bu","10:22:28",1321500
31.8,0.2,600,"bu","10:22:27",1321400
31.85,0.25,100,"sd","10:22:27",1320800
31.85,0.25,2000,"sd","10:22:25",1320700
31.8,0.2,100,"bu","10:22:19",1318700
31.8,0.2,1000,"bu","10:22:18",1318600
31.85,0.25,3000,"sd","10:22:15",1317600
31.8,0.2,600,"bu","10:22:11",1314600
31.8,0.2,100,"bu","10:22:10",1314000
31.85,0.25,1500,"sd","10:22:09",1313900
31.8,0.2,300,"bu","10:22:07",1312400
31.8,0.2,100,"bu","10:22:00",1312100
31.8,0.2,600,"bu","10:21:56",1312000
31.8,0.2,100,"bu","10:21:52",1311400
31.85,0.25,100,"sd","10:21:49",1311300
31.8,0.2,100,"bu","10:21:45",1311200
31.8,0.2,100,"bu","10:21:43",1311100
31.8,0.2,600,"bu","10:21:41",1311000
31.8,0.2,100,"bu","10:21:38",1310400
31.8,0.2,100,"bu","10:21:35",1310300
31.8,0.2,100,"bu","10:21:34",1310200
31.8,0.2,600,"bu","10:21:26",1310100
31.8,0.2,100,"bu","10:21:25",1309500
31.8,0.2,100,"bu","10:21:15",1309400
31.8,0.2,600,"bu","10:21:10",1309300
31.8,0.2,100,"bu","10:21:07",1308700
31.8,0.2,100,"bu","10:20:57",1308600
31.85,0.25,300,"sd","10:20:56",1308500
31.8,0.2,1000,"bu","10:20:55",1308200
31.8,0.2,600,"bu","10:20:55",1307200
31.8,0.2,100,"bu","10:20:49",1306600
31.8,0.2,100,"bu","10:20:48",1306500
31.8,0.2,700,"bu","10:20:40",1306400
31.8,0.2,10000,"bu","10:20:36",1305700
31.8,0.2,100,"bu","10:20:30",1295700
31.8,0.2,600,"bu","10:20:24",1295600
31.8,0.2,100,"bu","10:20:21",1295000
31.8,0.2,100,"bu","10:20:21",1294900
31.8,0.2,200,"bu","10:20:19",1294800
31.8,0.2,5000,"bu","10:20:14",1294600
31.8,0.2,100,"bu","10:20:13",1289600
31.8,0.2,600,"bu","10:20:08",1289500
31.8,0.2,1100,"bu","10:20:03",1288900
31.8,0.2,100,"bu","10:19:55",1287800
31.8,0.2,300,"bu","10:19:54",1287700
31.8,0.2,600,"bu","10:19:53",1287400
31.8,0.2,10000,"bu","10:19:50",1286800
31.8,0.2,100,"bu","10:19:46",1276800
31.8,0.2,100,"bu","10:19:28",1275700
31.8,0.2,600,"bu","10:19:22",1275600
31.8,0.2,500,"bu","10:19:19",1275000
31.8,0.2,200,"bu","10:19:09",1274500
31.8,0.2,2000,"bu","10:19:08",1274300
31.8,0.2,600,"bu","10:19:07",1272300
31.8,0.2,100,"bu","10:19:00",1271700
31.8,0.2,600,"bu","10:18:51",1271600
31.8,0.2,100,"bu","10:18:51",1271000
31.8,0.2,200,"bu","10:18:42",1270900
31.8,0.2,600,"bu","10:18:36",1270700
31.8,0.2,100,"bu","10:18:33",1270100
31.8,0.2,300,"bu","10:18:32",1270000
31.8,0.2,2000,"bu","10:18:28",1269700
31.8,0.2,100,"bu","10:18:24",1267700
31.8,0.2,600,"bu","10:18:21",1267600
31.8,0.2,100,"bu","10:18:15",1267000
31.8,0.2,200,"bu","10:18:06",1266900
31.8,0.2,600,"bu","10:18:05",1266700
31.8,0.2,100,"bu","10:17:57",1266100
31.8,0.2,100,"bu","10:17:55",1266000
31.8,0.2,100,"bu","10:17:54",1265900
31.8,0.2,8000,"bu","10:17:51",1265800
31.8,0.2,600,"bu","10:17:50",1257800
31.8,0.2,200,"bu","10:17:49",1257200
31.8,0.2,4000,"bu","10:17:45",1257000
31.8,0.2,100,"bu","10:17:39",1253000
31.8,0.2,600,"bu","10:17:35",1252900
31.8,0.2,100,"bu","10:17:30",1252300
31.8,0.2,3000,"bu","10:17:29",1252200
31.8,0.2,200,"bu","10:17:22",1249200
31.8,0.2,100,"bu","10:17:21",1249000
31.8,0.2,600,"bu","10:17:20",1248900
31.8,0.2,100,"bu","10:17:12",1248300
31.8,0.2,600,"bu","10:17:04",1248200
31.8,0.2,200,"bu","10:17:03",1247600
31.8,0.2,5000,"bu","10:16:58",1247400
31.8,0.2,100,"bu","10:16:54",1242400
31.85,0.25,100,"sd","10:16:50",1242300
31.8,0.2,600,"bu","10:16:49",1242200
31.8,0.2,100,"bu","10:16:54",1242400
31.85,0.25,100,"sd","10:16:50",1242300
31.8,0.2,600,"bu","10:16:49",1242200
31.8,0.2,100,"bu","10:16:45",1241600
31.8,0.2,100,"bu","10:16:36",1241500
31.85,0.25,100,"sd","10:16:35",1241400
31.8,0.2,600,"bu","10:16:33",1241300
31.8,0.2,100,"bu","10:16:27",1240700
31.8,0.2,100,"bu","10:16:25",1240600
31.8,0.2,700,"bu","10:16:18",1240500
31.8,0.2,100,"bu","10:16:09",1239800
31.85,0.25,26400,"bu","10:16:06",1239700
31.85,0.25,1100,"bu","10:16:03",1213300
31.85,0.25,100,"bu","10:16:00",1212200
31.85,0.25,100,"bu","10:15:51",1212100
31.85,0.25,600,"bu","10:15:47",1212000
31.85,0.25,100,"bu","10:15:42",1211400
31.85,0.25,100,"bu","10:15:33",1211300
31.85,0.25,600,"bu","10:15:32",1211200
31.85,0.25,1000,"bu","10:15:26",1210600
31.85,0.25,100,"bu","10:15:24",1209600
31.85,0.25,600,"bu","10:15:16",1209500
31.85,0.25,200,"bu","10:15:15",1208900
31.85,0.25,100,"bu","10:15:06",1208700
31.85,0.25,600,"bu","10:15:01",1208600
31.85,0.25,1000,"bu","10:14:59",1208000
31.85,0.25,200,"bu","10:14:56",1207000
31.85,0.25,1000,"bu","10:14:55",1206800
31.85,0.25,100,"bu","10:14:47",1205800
31.85,0.25,600,"bu","10:14:46",1205700
31.85,0.25,300,"bu","10:14:45",1205100
31.85,0.25,100,"bu","10:14:38",1204800
31.85,0.25,1000,"bu","10:14:37",1204700
31.85,0.25,700,"bu","10:14:30",1203700
31.85,0.25,100,"bu","10:14:20",1203000
31.85,0.25,100,"bu","10:14:16",1202900
31.85,0.25,600,"bu","10:14:15",1202800
31.85,0.25,100,"bu","10:14:12",1202200
31.85,0.25,100,"bu","10:14:02",1202100
31.85,0.25,1500,"bu","10:14:01",1202000
31.85,0.25,5000,"bu","10:13:58",1199900
31.85,0.25,100,"bu","10:13:54",1194900
31.85,0.25,100,"bu","10:13:45",1194800
31.85,0.25,600,"bu","10:13:44",1194700
31.85,0.25,200,"bu","10:13:35",1194100
31.85,0.25,1500,"bu","10:13:33",1193900
31.85,0.25,600,"bu","10:13:29",1192400
31.85,0.25,100,"bu","10:13:26",1191800
31.85,0.25,800,"bu","10:13:22",1191700
31.85,0.25,200,"bu","10:13:19",1190900
31.85,0.25,100,"bu","10:13:17",1190700
31.85,0.25,600,"bu","10:13:14",1190600
31.85,0.25,200,"bu","10:13:09",1190000
31.85,0.25,100,"bu","10:12:59",1189800
31.85,0.25,600,"bu","10:12:58",1189700
31.85,0.25,100,"bu","10:12:50",1189100
31.85,0.25,600,"bu","10:12:43",1189000
31.85,0.25,100,"bu","10:12:41",1188400
31.85,0.25,500,"bu","10:12:34",1188300
31.85,0.25,100,"bu","10:12:32",1187800
31.85,0.25,600,"bu","10:12:28",1187700
31.85,0.25,1000,"bu","10:12:24",1187100
31.85,0.25,100,"bu","10:12:23",1186100
31.85,0.25,3200,"bu","10:12:17",1186000
31.85,0.25,200,"bu","10:12:14",1182800
31.85,0.25,600,"bu","10:12:12",1182600
31.85,0.25,100,"bu","10:12:05",1182000
31.9,0.3,200,"sd","10:12:05",1181900
31.85,0.25,600,"bu","10:11:57",1181700
31.85,0.25,100,"bu","10:11:56",1181100
31.85,0.25,100,"bu","10:11:47",1181000
31.9,0.3,2000,"sd","10:11:45",1180900
31.85,0.25,600,"bu","10:11:41",1178900
31.85,0.25,100,"bu","10:11:38",1178300
31.85,0.25,100,"bu","10:11:29",1178200
31.85,0.25,500,"bu","10:11:28",1178100
31.85,0.25,600,"bu","10:11:26",1177600
31.85,0.25,100,"bu","10:11:20",1177000
31.85,0.25,100,"bu","10:11:11",1176900
31.85,0.25,600,"bu","10:11:11",1176800
31.85,0.25,100,"bu","10:11:02",1176200
31.85,0.25,600,"bu","10:10:55",1176100
31.85,0.25,100,"bu","10:10:53",1175500
31.85,0.25,100,"bu","10:10:44",1175400
31.85,0.25,600,"bu","10:10:39",1175300
31.85,0.25,100,"bu","10:10:35",1174700
31.85,0.25,100,"bu","10:10:26",1174600
31.85,0.25,600,"bu","10:10:24",1174500
31.9,0.3,500,"sd","10:10:18",1173900
31.85,0.25,100,"bu","10:10:17",1173400
31.9,0.3,900,"sd","10:10:13",1173300
31.9,0.3,14300,"bu","10:10:09",1172400
31.9,0.3,100,"bu","10:10:08",1158100
31.9,0.3,600,"bu","10:09:59",1158000
31.9,0.3,600,"bu","10:09:53",1157400
31.9,0.3,700,"bu","10:09:50",1156800
31.9,0.3,1000,"bu","10:09:48",1156100
31.95,0.35,100,"sd","10:09:46",1155100
31.9,0.3,2000,"bu","10:09:41",1155000
31.9,0.3,100,"bu","10:09:41",1153000
31.9,0.3,600,"bu","10:09:38",1152900
31.9,0.3,100,"bu","10:09:32",1152300
31.9,0.3,2000,"bu","10:09:27",1152200
31.9,0.3,700,"bu","10:09:23",1150200
31.9,0.3,5000,"bu","10:09:21",1149500
31.9,0.3,10000,"bu","10:09:19",1144500
31.9,0.3,1500,"bu","10:09:15",1134500
31.9,0.3,100,"bu","10:09:14",1133000
31.9,0.3,600,"bu","10:09:07",1132900
31.9,0.3,100,"bu","10:09:05",1132300
31.9,0.3,100,"bu","10:08:56",1132200
31.9,0.3,600,"bu","10:08:53",1132100
31.9,0.3,3000,"bu","10:08:51",1131500
31.9,0.3,100,"bu","10:08:50",1128500
31.9,0.3,100,"bu","10:08:47",1128400
31.9,0.3,100,"bu","10:08:38",1128300
31.9,0.3,600,"bu","10:08:37",1128200
31.9,0.3,100,"bu","10:08:29",1127600
31.95,0.35,100,"sd","10:08:26",1127500
31.9,0.3,600,"bu","10:08:22",1127400
31.9,0.3,100,"bu","10:08:20",1126800
31.9,0.3,3000,"bu","10:08:14",1126700
31.9,0.3,100,"bu","10:08:11",1123700
31.9,0.3,600,"bu","10:08:06",1123600
31.9,0.3,100,"bu","10:08:02",1123000
31.9,0.3,100,"bu","10:07:53",1122900
31.9,0.3,600,"bu","10:07:51",1122800
31.9,0.3,100,"bu","10:07:44",1122200
31.9,0.3,1700,"bu","10:07:35",1122100
31.9,0.3,100,"bu","10:07:25",1120400
31.9,0.3,600,"bu","10:07:20",1120300
31.9,0.3,100,"bu","10:07:17",1119700
