"price","change","match_qtty","side","time","total_vol"
5.15,0.16,198500,"unknown","14:45:01",527000
5,0.01,300,"bu","14:29:57",328500
5,0.01,2700,"bu","14:29:51",328200
5,0.01,100,"bu","14:29:51",325500
5,0.01,2000,"bu","14:29:51",325400
5,0.01,4500,"bu","14:29:51",323400
5,0.01,1200,"bu","14:29:51",318900
4.93,-0.06,4500,"bu","14:29:51",317700
4.93,-0.06,1000,"sd","14:29:49",313200
4.93,-0.06,100,"sd","14:29:49",312200
4.93,-0.06,1400,"sd","14:29:49",312100
4.93,-0.06,100,"sd","14:29:49",310700
4.93,-0.06,100,"sd","14:29:49",310600
4.93,-0.06,500,"sd","14:29:49",310500
4.93,-0.06,500,"sd","14:29:49",310000
4.99,0,3000,"sd","14:29:49",309500
4.99,0,500,"bu","14:29:44",306500
4.99,0,2300,"bu","14:29:44",306000
4.99,0,1900,"bu","14:29:44",303700
4.98,-0.01,2300,"bu","14:29:44",301800
4.93,-0.06,500,"sd","14:27:40",299500
4.93,-0.06,100,"sd","14:27:40",299000
4.94,-0.05,100,"sd","14:27:40",298900
4.94,-0.05,500,"sd","14:27:40",298800
4.96,-0.03,500,"sd","14:27:40",298300
4.96,-0.03,600,"sd","14:27:40",297800
4.96,-0.03,2300,"sd","14:27:40",297200
4.96,-0.03,400,"sd","14:27:40",294900
4.96,-0.03,100,"sd","14:26:25",294500
4.99,0,500,"bu","14:22:04",294400
4.98,-0.01,500,"bu","14:22:04",293900
4.95,-0.04,100,"sd","14:18:23",293400
4.95,-0.04,400,"sd","14:18:23",293300
4.95,-0.04,100,"sd","14:18:01",292900
4.95,-0.04,300,"sd","14:18:01",292800
4.95,-0.04,200,"sd","14:18:01",292500
4.95,-0.04,200,"sd","14:18:01",292300
4.95,-0.04,200,"sd","14:18:01",292100
4.95,-0.04,100,"sd","14:15:03",291900
4.97,-0.02,500,"bu","14:13:02",291800
4.97,-0.02,500,"bu","14:12:45",291300
4.97,-0.02,500,"bu","14:12:27",290800
4.97,-0.02,100,"bu","14:10:41",290300
4.97,-0.02,200,"bu","14:03:44",290200
4.95,-0.04,200,"sd","14:02:11",290000
4.95,-0.04,1500,"sd","14:01:23",289800
4.96,-0.03,1000,"sd","13:59:45",288300
4.96,-0.03,500,"sd","13:59:45",287300
4.96,-0.03,500,"sd","13:58:45",286800
4.97,-0.02,8200,"sd","13:56:11",286300
4.97,-0.02,100,"sd","13:54:06",278100
4.97,-0.02,200,"sd","13:54:06",278000
4.97,-0.02,100,"sd","13:53:29",277800
4.99,0,300,"bu","13:53:03",277700
4.99,0,700,"bu","13:51:21",277400
4.98,-0.01,300,"bu","13:51:21",276700
4.97,-0.02,200,"sd","13:49:08",276400
4.97,-0.02,100,"sd","13:46:52",276200
4.99,0,200,"bu","13:45:18",276100
4.99,0,400,"bu","13:44:27",275900
4.99,0,600,"bu","13:44:27",275500
4.95,-0.04,900,"sd","13:33:38",274900
4.95,-0.04,200,"sd","13:33:38",274000
4.96,-0.03,100,"sd","13:33:26",273800
4.96,-0.03,2700,"sd","13:33:26",273700
4.96,-0.03,1100,"sd","13:33:26",271000
4.99,0,100,"bu","13:31:43",269900
4.97,-0.02,200,"sd","13:29:41",269800
4.97,-0.02,2000,"sd","13:29:41",269600
4.97,-0.02,2000,"bu","13:26:35",267600
4.96,-0.03,300,"bu","13:25:16",265600
4.95,-0.04,500,"sd","13:15:27",265300
4.95,-0.04,200,"sd","13:15:27",264800
4.95,-0.04,400,"sd","13:15:27",264600
4.95,-0.04,300,"sd","13:15:27",264200
4.96,-0.03,200,"sd","13:14:48",263900
4.95,-0.04,700,"sd","13:10:49",263700
4.95,-0.04,800,"sd","13:10:49",263000
4.96,-0.03,500,"sd","13:10:37",262200
4.96,-0.03,200,"sd","13:10:37",261700
4.96,-0.03,1200,"sd","13:10:37",261500
4.96,-0.03,1600,"sd","13:10:37",260300
4.96,-0.03,200,"sd","13:10:09",258700
4.96,-0.03,500,"sd","13:10:06",258500
4.96,-0.03,300,"sd","13:06:24",258000
4.96,-0.03,100,"sd","13:02:43",257700
4.96,-0.03,500,"bu","13:01:09",257600
4.96,-0.03,2000,"bu","13:01:03",257100
4.96,-0.03,100,"sd","13:00:07",255100
4.96,-0.03,200,"sd","13:00:07",255000
4.99,0,200,"sd","13:00:06",254800
4.99,0,100,"sd","13:00:03",254600
4.99,0,100,"sd","11:27:46",254500
5,0.01,100,"sd","11:23:10",254400
5,0.01,700,"sd","11:23:10",254300
5,0.01,100,"sd","11:22:08",253600
5.01,0.02,100,"sd","11:22:08",253500
5.01,0.02,100,"bu","11:18:28",253400
5,0.01,100,"bu","11:18:03",253300
5,0.01,100,"bu","11:18:03",253200
5,0.01,500,"bu","11:18:03",253100
5,0.01,1000,"bu","11:18:03",252600
5,0.01,2300,"bu","11:18:03",251600
5,0.01,100,"bu","11:15:24",249300
4.99,0,500,"sd","11:11:37",249200
4.99,0,2000,"sd","11:10:59",248700
4.99,0,100,"sd","11:10:38",246700
4.99,0,200,"sd","11:05:11",246600
4.99,0,1000,"bu","11:03:22",246400
4.99,0,1000,"bu","11:03:22",245400
4.99,0,200,"bu","10:54:18",244400
4.99,0,1300,"sd","10:53:45",244200
5,0.01,6800,"bu","10:52:30",242900
5,0.01,800,"bu","10:50:30",236100
5,0.01,200,"bu","10:50:30",235300
4.99,0,3700,"bu","10:50:24",235100
4.99,0,400,"bu","10:48:34",231400
4.98,-0.01,1200,"bu","10:48:34",231000
4.98,-0.01,2600,"bu","10:48:34",229800
4.98,-0.01,300,"bu","10:48:34",227200
4.98,-0.01,200,"bu","10:48:34",226900
4.98,-0.01,1300,"bu","10:48:34",226700
4.98,-0.01,300,"bu","10:40:16",225400
4.98,-0.01,200,"bu","10:39:59",225100
4.98,-0.01,200,"bu","10:39:41",224900
4.98,-0.01,200,"bu","10:39:23",224700
4.98,-0.01,100,"bu","10:39:22",224500
4.98,-0.01,200,"bu","10:39:05",224400
4.98,-0.01,100,"bu","10:34:51",224200
4.98,-0.01,1000,"bu","10:32:48",224100
4.98,-0.01,100,"bu","10:27:30",223100
4.98,-0.01,200,"bu","10:26:38",223000
4.98,-0.01,100,"bu","10:15:49",222800
4.98,-0.01,1000,"bu","10:15:04",222700
4.95,-0.04,100,"bu","10:13:24",221700
4.95,-0.04,300,"bu","10:13:24",221600
4.95,-0.04,400,"bu","10:13:07",221300
4.95,-0.04,4000,"bu","10:12:55",220900
4.95,-0.04,100,"bu","10:10:18",216900
4.95,-0.04,100,"bu","10:04:09",216800
4.95,-0.04,100,"bu","10:01:24",216700
4.9,-0.09,8600,"bu","09:59:47",216600
4.86,-0.13,1000,"sd","09:59:29",208000
4.9,-0.09,200,"bu","09:58:45",207000
4.9,-0.09,1200,"bu","09:58:01",206800
4.9,-0.09,200,"bu","09:58:01",205600
4.9,-0.09,2300,"bu","09:57:48",205400
4.9,-0.09,500,"bu","09:57:45",203100
4.85,-0.14,4000,"sd","09:57:27",202600
4.86,-0.13,5000,"sd","09:57:27",198600
4.9,-0.09,200,"bu","09:57:19",193600
4.85,-0.14,30000,"sd","09:57:08",193400
4.9,-0.09,300,"bu","09:56:47",163400
4.85,-0.14,9700,"sd","09:56:38",163100
4.86,-0.13,300,"sd","09:56:38",153400
4.85,-0.14,400,"sd","09:56:32",153100
4.85,-0.14,5000,"sd","09:56:32",152700
4.85,-0.14,4600,"sd","09:56:32",147700
4.86,-0.13,1000,"sd","09:56:28",143100
4.86,-0.13,5000,"sd","09:56:28",142100
4.85,-0.14,4000,"sd","09:56:28",137100
4.85,-0.14,100,"sd","09:56:00",133100
4.85,-0.14,20000,"sd","09:55:26",133000
4.85,-0.14,800,"sd","09:55:17",113000
4.87,-0.12,700,"sd","09:55:17",112200
4.88,-0.11,500,"sd","09:55:17",111500
4.85,-0.14,20500,"sd","09:55:06",111000
4.86,-0.13,10000,"sd","09:55:06",90500
4.86,-0.13,5000,"sd","09:55:06",80500
4.87,-0.12,500,"sd","09:55:06",75500
4.9,-0.09,4300,"bu","09:53:56",75000
4.9,-0.09,100,"bu","09:53:56",70700
4.9,-0.09,1000,"sd","09:53:47",70600
4.9,-0.09,5000,"sd","09:53:47",69600
4.9,-0.09,2300,"sd","09:53:47",64600
4.9,-0.09,100,"sd","09:53:47",62300
4.9,-0.09,500,"sd","09:53:47",59200
4.9,-0.09,3000,"sd","09:53:47",62200
4.92,-0.07,200,"sd","09:53:47",58700
4.92,-0.07,500,"sd","09:53:47",58500
4.92,-0.07,1000,"sd","09:53:47",58000
4.92,-0.07,1000,"sd","09:53:47",57000
4.92,-0.07,2000,"sd","09:53:47",56000
4.93,-0.06,500,"sd","09:53:47",54000
4.92,-0.07,500,"sd","09:51:15",53500
4.92,-0.07,500,"sd","09:51:04",53000
4.92,-0.07,500,"sd","09:50:29",52500
4.96,-0.03,100,"sd","09:49:26",52000
4.96,-0.03,2000,"sd","09:49:26",51900
4.96,-0.03,1000,"sd","09:49:26",49900
4.96,-0.03,300,"sd","09:49:26",48900
4.95,-0.04,3000,"sd","09:49:26",48600
4.96,-0.03,100,"sd","09:49:26",45600
4.95,-0.04,5000,"sd","09:49:26",45500
4.97,-0.02,1000,"sd","09:49:26",40500
4.95,-0.04,300,"sd","09:49:26",39500
4.97,-0.02,1200,"sd","09:49:26",39200
4.96,-0.03,1000,"sd","09:49:26",38000
4.97,-0.02,500,"sd","09:46:58",37000
4.99,0,300,"bu","09:46:37",36500
4.97,-0.02,300,"sd","09:45:27",36200
4.99,0,100,"bu","09:42:14",35900
4.99,0,4400,"sd","09:41:56",35800
4.99,0,5000,"sd","09:41:56",31400
4.99,0,300,"sd","09:41:56",26400
4.99,0,2000,"sd","09:41:56",26100
5,0.01,2000,"sd","09:41:56",24100
5,0.01,100,"sd","09:41:56",22100
5,0.01,100,"sd","09:41:56",22000
5,0.01,500,"sd","09:41:56",21900
5,0.01,500,"sd","09:41:56",21400
5,0.01,100,"sd","09:41:56",20900
5.01,0.02,500,"sd","09:41:56",20800
5.04,0.05,3400,"bu","09:40:31",20300
5.04,0.05,100,"bu","09:40:31",16900
5.03,0.04,400,"bu","09:39:36",16800
5.03,0.04,500,"bu","09:39:36",16400
5.03,0.04,200,"bu","09:39:36",15900
5.03,0.04,3800,"bu","09:37:48",15700
5.03,0.04,100,"bu","09:37:48",11900
5.03,0.04,100,"bu","09:37:48",11800
5.01,0.02,500,"bu","09:37:48",11700
5,0.01,1400,"sd","09:36:47",11200
5,0.01,500,"sd","09:36:47",9800
5,0.01,100,"sd","09:36:47",9300
5.01,0.02,200,"bu","09:35:33",9200
5.01,0.02,1500,"sd","09:33:39",9000
5.01,0.02,300,"sd","09:33:39",7500
5.03,0.04,300,"bu","09:32:45",7200
5.03,0.04,100,"bu","09:28:50",6900
5.01,0.02,200,"sd","09:28:13",6800
5.01,0.02,300,"sd","09:28:13",6600
5.03,0.04,100,"bu","09:27:54",6300
5.01,0.02,500,"sd","09:26:09",6200
5.01,0.02,100,"sd","09:25:40",5700
5.01,0.02,600,"sd","09:24:11",5600
5.04,0.05,500,"bu","09:22:03",5000
5.04,0.05,400,"sd","09:20:05",4500
5.05,0.06,100,"bu","09:18:40",4100
5,0.01,4000,"bu","09:15:00",4000
