"price","change","match_qtty","side","time","total_vol"
7.93,-0.07,10900,"unknown","14:45:01",152400
7.95,-0.05,2000,"sd","14:29:31",141500
7.95,-0.05,700,"sd","14:29:21",139500
7.95,-0.05,200,"bu","14:29:06",138800
7.95,-0.05,1100,"bu","14:29:06",138600
7.94,-0.06,100,"unknown","14:28:57",137500
7.95,-0.05,500,"bu","14:28:10",137400
7.95,-0.05,100,"bu","14:27:38",136900
7.94,-0.06,200,"sd","14:27:10",136800
7.93,-0.07,1000,"sd","14:26:38",136600
7.93,-0.07,200,"sd","14:26:07",135600
7.97,-0.03,100,"bu","14:19:54",135400
7.97,-0.03,100,"bu","14:19:24",135300
7.93,-0.07,400,"sd","14:15:31",135200
7.93,-0.07,300,"sd","14:15:31",134800
7.93,-0.07,100,"sd","14:15:31",134500
7.94,-0.06,100,"sd","14:15:31",134400
7.94,-0.06,100,"sd","14:15:31",134300
7.94,-0.06,200,"sd","14:15:31",134200
7.94,-0.06,800,"sd","14:15:31",134000
7.96,-0.04,100,"sd","14:14:11",133200
7.98,-0.02,400,"bu","14:13:00",133100
7.94,-0.06,2200,"sd","14:10:53",132700
7.94,-0.06,1000,"sd","14:10:53",130500
7.94,-0.06,900,"sd","14:10:53",129500
7.95,-0.05,100,"unknown","14:10:53",128600
7.95,-0.05,400,"unknown","14:10:53",128500
7.95,-0.05,1000,"unknown","14:10:53",128100
7.95,-0.05,400,"unknown","14:10:53",127100
7.98,-0.02,100,"bu","14:10:10",126700
7.98,-0.02,200,"sd","14:09:55",126600
7.98,-0.02,800,"sd","14:09:41",126400
7.98,-0.02,200,"bu","14:08:49",125600
7.97,-0.03,400,"bu","14:08:17",125400
7.97,-0.03,200,"bu","14:08:17",125000
7.94,-0.06,100,"sd","14:03:48",124800
7.94,-0.06,1000,"sd","14:02:10",124700
7.94,-0.06,1000,"sd","14:01:54",123700
7.94,-0.06,900,"sd","14:01:19",122700
7.94,-0.06,600,"sd","13:59:56",121800
7.94,-0.06,100,"sd","13:59:56",121200
7.94,-0.06,300,"sd","13:59:56",121100
7.94,-0.06,200,"sd","13:56:21",120800
7.94,-0.06,800,"sd","13:56:21",120600
7.97,-0.03,100,"bu","13:56:19",119800
7.94,-0.06,100,"sd","13:54:57",119700
7.94,-0.06,100,"sd","13:54:57",119600
7.95,-0.05,500,"unknown","13:54:39",119500
7.95,-0.05,300,"unknown","13:54:39",119000
7.97,-0.03,500,"bu","13:54:33",118700
7.97,-0.03,700,"bu","13:53:54",118200
7.97,-0.03,400,"bu","13:53:28",117500
7.97,-0.03,300,"bu","13:52:11",117100
7.98,-0.02,500,"sd","13:47:08",116800
7.98,-0.02,800,"sd","13:47:08",116300
7.98,-0.02,100,"sd","13:45:58",115500
7.98,-0.02,100,"sd","13:40:09",115400
7.98,-0.02,100,"sd","13:40:09",115300
7.98,-0.02,900,"sd","13:39:55",115200
7.98,-0.02,100,"sd","13:39:55",114300
7.98,-0.02,200,"sd","13:39:23",114200
7.98,-0.02,200,"sd","13:38:55",114000
7.98,-0.02,100,"sd","13:38:55",113800
7.98,-0.02,100,"sd","13:38:31",113700
7.98,-0.02,100,"sd","13:36:54",113600
7.98,-0.02,100,"sd","13:36:53",113500
7.98,-0.02,300,"sd","13:34:20",113400
7.98,-0.02,1000,"sd","13:33:42",113100
7.98,-0.02,100,"sd","13:33:42",112100
7.98,-0.02,800,"sd","13:33:42",112000
7.98,-0.02,200,"sd","13:32:49",111200
7.98,-0.02,200,"sd","13:32:49",111000
7.98,-0.02,200,"sd","13:32:21",110800
7.98,-0.02,100,"sd","13:31:43",110600
7.98,-0.02,100,"sd","13:31:01",110500
7.98,-0.02,100,"bu","13:30:37",110400
7.98,-0.02,100,"bu","13:30:37",110300
7.97,-0.03,200,"sd","13:30:17",110200
7.97,-0.03,900,"sd","13:30:17",110000
7.97,-0.03,100,"sd","13:29:21",109100
7.97,-0.03,100,"bu","13:28:46",109000
7.96,-0.04,100,"bu","13:27:31",108900
7.95,-0.05,200,"sd","13:22:33",108800
7.95,-0.05,300,"sd","13:21:27",108600
7.95,-0.05,400,"bu","13:20:10",108300
7.95,-0.05,200,"bu","13:19:21",107900
7.95,-0.05,100,"bu","13:18:05",107700
7.95,-0.05,900,"bu","13:17:40",107600
7.95,-0.05,100,"bu","13:17:18",106700
7.95,-0.05,300,"sd","13:16:42",106600
7.97,-0.03,100,"bu","13:16:41",106300
7.95,-0.05,1100,"bu","13:16:11",106200
7.95,-0.05,1200,"bu","13:16:11",105100
7.94,-0.06,100,"bu","13:16:02",103900
7.94,-0.06,100,"sd","13:15:33",103800
7.94,-0.06,200,"sd","13:15:33",103700
7.94,-0.06,300,"sd","13:15:33",103500
7.95,-0.05,100,"bu","13:15:32",103200
7.95,-0.05,100,"bu","13:15:19",103100
7.95,-0.05,3000,"bu","13:15:19",103000
7.95,-0.05,1900,"bu","13:15:19",100000
7.95,-0.05,200,"bu","13:15:00",98100
7.95,-0.05,200,"bu","13:14:54",97900
7.95,-0.05,100,"bu","13:14:49",97700
7.95,-0.05,500,"bu","13:14:30",97600
7.96,-0.04,100,"bu","13:12:14",97100
7.94,-0.06,300,"bu","13:12:00",97000
7.92,-0.08,500,"sd","13:11:38",96700
7.92,-0.08,400,"sd","13:11:38",96200
7.92,-0.08,500,"sd","13:11:32",95800
7.94,-0.06,100,"bu","13:11:22",95300
7.92,-0.08,100,"sd","13:11:20",95200
7.94,-0.06,200,"bu","13:10:48",95100
7.94,-0.06,2500,"bu","13:10:32",94900
7.94,-0.06,2500,"bu","13:10:17",92400
7.95,-0.05,100,"bu","13:09:31",89900
7.98,-0.02,100,"bu","13:07:42",89800
7.91,-0.09,400,"sd","13:07:38",89700
7.94,-0.06,700,"unknown","13:07:38",86300
7.94,-0.06,3000,"unknown","13:07:38",89300
7.96,-0.04,100,"unknown","13:07:38",85600
7.96,-0.04,300,"unknown","13:07:38",85500
8,0,400,"bu","13:06:54",85200
7.99,-0.01,100,"sd","13:06:07",84800
8,0,3100,"bu","13:06:02",84700
8,0,1700,"bu","13:06:02",81600
8,0,600,"sd","13:05:08",79900
8,0,400,"bu","13:05:06",79300
8,0,100,"sd","13:04:44",78900
8,0,500,"sd","13:04:44",78800
8,0,1700,"sd","13:04:44",78300
8,0,100,"sd","13:04:42",76600
8,0,600,"sd","13:04:42",76500
8,0,1000,"sd","13:04:42",75900
8,0,100,"sd","13:04:42",74900
8,0,100,"sd","13:04:42",74800
8,0,100,"sd","13:04:42",74700
8,0,1000,"sd","13:04:38",74600
8,0,1700,"sd","13:04:38",73600
8,0,100,"sd","13:04:38",71900
8,0,200,"sd","13:04:38",71800
8,0,2000,"sd","13:03:54",71600
8,0,2800,"sd","13:03:29",69600
8,0,2600,"sd","13:03:29",66800
8,0,2400,"sd","13:02:55",64200
8.01,0.01,100,"sd","13:02:55",61800
8.01,0.01,500,"sd","13:02:55",61700
8.01,0.01,5000,"sd","13:02:34",61200
8.02,0.02,300,"bu","13:00:32",56200
8.02,0.02,100,"bu","13:00:18",55900
8.01,0.01,200,"sd","13:00:16",55800
8.01,0.01,3000,"sd","13:00:15",55600
8.02,0.02,100,"bu","13:00:13",52600
8.02,0.02,300,"bu","13:00:12",52500
8.01,0.01,300,"sd","13:00:09",52200
8.02,0.02,1100,"bu","13:00:08",51900
8.02,0.02,900,"bu","13:00:08",50800
8.02,0.02,100,"bu","13:00:07",49900
8.02,0.02,100,"sd","11:28:52",49800
8.03,0.03,400,"sd","11:27:46",49700
8.03,0.03,100,"sd","11:27:24",49300
8.03,0.03,100,"sd","11:27:24",49200
8.04,0.04,300,"bu","11:26:13",49100
8.05,0.05,1000,"bu","11:21:03",48800
8.05,0.05,100,"bu","11:20:30",47800
8.04,0.04,100,"sd","11:19:42",47700
8.04,0.04,600,"sd","11:19:42",47600
8.05,0.05,500,"bu","11:14:43",47000
8.05,0.05,300,"bu","11:13:31",46500
8.05,0.05,500,"bu","11:08:49",46200
8.05,0.05,400,"bu","11:08:27",45700
8.04,0.04,5000,"sd","11:08:05",45300
8.04,0.04,500,"sd","11:08:03",40300
8.04,0.04,500,"sd","11:07:58",39800
8.04,0.04,500,"sd","11:07:32",39300
8.04,0.04,200,"sd","11:05:53",38800
8.05,0.05,200,"bu","11:05:40",38600
8.05,0.05,400,"bu","11:05:33",38400
8.05,0.05,100,"bu","11:00:12",38000
8.05,0.05,500,"bu","10:55:56",37900
8.05,0.05,500,"bu","10:55:53",37400
8.05,0.05,300,"bu","10:55:53",36900
8.05,0.05,200,"bu","10:55:53",36600
8.05,0.05,500,"bu","10:55:36",36400
8.05,0.05,300,"bu","10:55:26",35900
8.05,0.05,100,"bu","10:53:17",35600
8.05,0.05,6500,"sd","10:51:28",35500
8.05,0.05,1000,"sd","10:51:28",29000
8.05,0.05,900,"sd","10:51:28",28000
8.05,0.05,100,"sd","10:50:42",27100
8.05,0.05,1000,"sd","10:50:42",27000
8.05,0.05,100,"sd","10:50:42",26000
8.07,0.07,100,"bu","10:48:13",25900
8.06,0.06,1000,"bu","10:47:29",25800
8.07,0.07,100,"bu","10:42:54",24800
8.05,0.05,400,"sd","10:42:46",24700
8.05,0.05,100,"sd","10:42:46",24300
8.05,0.05,500,"sd","10:42:46",24200
8.07,0.07,300,"bu","10:38:41",23700
8.07,0.07,100,"sd","10:38:04",23400
8.08,0.08,600,"bu","10:36:14",23300
8.07,0.07,500,"bu","10:31:03",22700
8.07,0.07,100,"bu","10:31:02",22200
8.07,0.07,300,"bu","10:31:02",22100
8.06,0.06,200,"bu","10:29:31",21800
8.06,0.06,1000,"bu","10:27:47",21600
8.06,0.06,100,"bu","10:26:21",15700
8.06,0.06,4800,"bu","10:26:21",20600
8.06,0.06,100,"bu","10:26:21",15800
8.04,0.04,100,"sd","10:25:40",15600
8.04,0.04,100,"sd","10:25:13",15500
8.04,0.04,100,"bu","10:20:32",15400
8.04,0.04,100,"bu","10:20:05",15300
8.04,0.04,100,"bu","10:19:48",15200
8.04,0.04,200,"bu","10:18:58",15100
8.04,0.04,100,"bu","10:18:28",14900
8.04,0.04,300,"sd","10:15:13",14800
8.05,0.05,100,"sd","10:15:12",14500
8.08,0.08,100,"bu","10:02:08",14400
8.08,0.08,200,"bu","09:52:34",14300
8.08,0.08,400,"bu","09:52:01",14100
8.08,0.08,400,"bu","09:50:19",13700
8.08,0.08,100,"bu","09:50:19",13300
8.07,0.07,300,"bu","09:50:19",13200
8.08,0.08,100,"bu","09:49:25",12900
8.08,0.08,100,"bu","09:49:06",12800
8.08,0.08,100,"bu","09:47:17",12700
8.08,0.08,100,"bu","09:44:39",12600
8.09,0.09,100,"bu","09:42:45",12500
8.09,0.09,100,"sd","09:41:34",12400
8.09,0.09,700,"sd","09:41:34",12300
8.09,0.09,200,"sd","09:41:34",11600
8.08,0.08,1000,"sd","09:38:17",11400
8.09,0.09,200,"bu","09:37:16",10400
8.08,0.08,100,"bu","09:35:21",10200
8.04,0.04,100,"sd","09:29:34",10100
8.08,0.08,100,"bu","09:29:32",10000
8.08,0.08,100,"bu","09:28:14",9900
8.08,0.08,900,"sd","09:27:05",9800
8.08,0.08,700,"unknown","09:25:34",8900
8.08,0.08,400,"unknown","09:25:34",8200
8.08,0.08,600,"bu","09:24:30",7800
8.08,0.08,1000,"sd","09:24:30",7200
8.09,0.09,100,"bu","09:23:39",6200
8.09,0.09,100,"bu","09:23:28",6100
8.08,0.08,300,"sd","09:23:28",6000
8.08,0.08,200,"sd","09:22:12",5700
8.09,0.09,200,"sd","09:21:45",5500
8.08,0.08,300,"sd","09:21:45",5300
8.09,0.09,200,"sd","09:20:42",5000
8.1,0.1,300,"sd","09:19:58",4800
8.17,0.17,200,"bu","09:19:25",4500
8.1,0.1,100,"bu","09:19:22",4300
8.09,0.09,100,"bu","09:19:22",4200
8.09,0.09,1000,"bu","09:19:16",4100
8.09,0.09,900,"bu","09:19:12",3100
8.08,0.08,100,"bu","09:18:22",2200
8.03,0.03,2100,"unknown","09:15:01",2100
