"price","change","match_qtty","side","time","total_vol"
5.05,0.08,15300,"sd","14:45:02",227300
5.02,0.05,500,"sd","14:30:00",212000
5.03,0.06,500,"bu","14:26:36",211500
5.03,0.06,300,"bu","14:24:56",211000
5.03,0.06,600,"bu","14:21:47",210700
5.02,0.05,500,"sd","14:21:17",210100
5.02,0.05,500,"sd","14:21:17",209600
5.02,0.05,100,"bu","14:21:17",209100
5.02,0.05,400,"bu","14:21:05",209000
5.02,0.05,600,"bu","14:20:50",208600
5.01,0.04,800,"bu","14:20:25",208000
5.01,0.04,400,"bu","14:20:13",207200
5.01,0.04,600,"bu","14:19:56",206800
5.02,0.05,500,"bu","14:19:43",206200
5,0.03,8900,"sd","14:19:31",205700
5,0.03,9200,"sd","14:19:17",196800
5,0.03,800,"sd","14:19:17",187600
5,0.03,200,"sd","14:18:08",186800
5,0.03,400,"sd","14:17:08",186600
5,0.03,800,"sd","14:17:08",186200
5.01,0.04,1000,"sd","14:17:08",185400
5.01,0.04,400,"sd","14:17:08",184400
5.01,0.04,200,"sd","14:17:08",184000
5.01,0.04,100,"sd","14:13:58",183800
5.01,0.04,100,"sd","14:13:43",183700
5.02,0.05,500,"bu","14:10:23",183600
5.01,0.04,800,"bu","14:08:38",183100
5.01,0.04,500,"bu","14:08:08",182300
5.01,0.04,400,"bu","14:07:20",181800
5,0.03,100,"bu","14:06:01",181400
5,0.03,2000,"bu","14:05:33",181300
5,0.03,500,"bu","14:05:26",179300
5,0.03,800,"bu","14:05:26",178800
5.01,0.04,2000,"bu","14:05:26",178000
5.01,0.04,200,"bu","14:05:26",176000
5.02,0.05,900,"bu","14:05:26",175800
5.04,0.07,2100,"bu","14:05:15",174900
5.04,0.07,2900,"bu","14:05:15",172800
5.03,0.06,100,"bu","14:05:02",169900
5.03,0.06,2400,"bu","14:04:42",169800
5.02,0.05,3100,"bu","14:04:42",167400
5.01,0.04,500,"bu","14:04:42",164300
5.01,0.04,200,"bu","14:04:27",163800
5.01,0.04,600,"bu","14:04:03",163600
5.01,0.04,1000,"bu","14:03:50",163000
5.01,0.04,500,"bu","14:02:18",162000
5,0.03,100,"bu","14:01:26",161500
5,0.03,100,"bu","14:01:26",161400
5,0.03,600,"bu","14:01:26",161300
5,0.03,300,"bu","13:58:52",160700
5,0.03,100,"bu","13:56:52",160400
5,0.03,200,"bu","13:56:27",160300
5,0.03,100,"bu","13:53:05",160100
5,0.03,600,"bu","13:52:37",160000
5,0.03,100,"bu","13:50:10",159400
5,0.03,400,"bu","13:50:10",159300
4.99,0.02,300,"bu","13:50:04",158900
4.99,0.02,300,"bu","13:49:55",158600
4.98,0.01,100,"bu","13:46:46",158300
4.97,0,400,"bu","13:46:36",158200
4.97,0,900,"bu","13:46:28",157800
4.97,0,200,"bu","13:46:24",156900
4.97,0,100,"bu","13:46:24",156700
4.97,0,100,"bu","13:46:24",156600
4.97,0,1000,"bu","13:46:24",156500
4.97,0,100,"bu","13:46:24",155500
4.97,0,600,"bu","13:46:24",155400
4.97,0,2000,"bu","13:46:24",154800
4.97,0,400,"bu","13:46:24",152800
4.97,0,4200,"unknown","13:46:24",152400
4.98,0.01,400,"sd","13:38:29",148200
4.98,0.01,100,"sd","13:30:47",147800
4.98,0.01,600,"sd","13:30:47",147700
4.98,0.01,100,"sd","13:30:47",147100
4.99,0.02,300,"bu","13:29:08",147000
4.99,0.02,200,"bu","13:29:05",146700
4.99,0.02,100,"bu","13:27:29",146500
4.99,0.02,200,"bu","13:25:43",146400
4.99,0.02,400,"bu","13:24:52",146200
4.99,0.02,300,"bu","13:24:46",145800
4.99,0.02,400,"bu","13:23:16",145500
4.99,0.02,500,"bu","13:22:38",145100
4.99,0.02,500,"bu","13:22:19",144600
4.98,0.01,200,"sd","13:21:13",144100
4.98,0.01,200,"sd","13:15:32",143900
4.98,0.01,600,"sd","13:15:32",143700
4.99,0.02,200,"sd","13:14:42",143100
4.99,0.02,100,"bu","13:13:36",142900
4.99,0.02,200,"sd","13:12:13",142800
4.99,0.02,300,"sd","13:12:13",142600
4.99,0.02,200,"sd","13:12:13",142300
4.99,0.02,200,"sd","13:12:13",142100
5,0.03,300,"bu","13:04:30",141900
5,0.03,200,"bu","13:03:46",141600
4.99,0.02,300,"bu","13:02:15",141400
4.99,0.02,1000,"bu","13:00:12",141100
4.99,0.02,500,"bu","11:28:58",140100
4.99,0.02,200,"bu","11:25:41",139600
4.99,0.02,300,"bu","11:25:41",139400
4.99,0.02,100,"bu","11:14:06",139100
4.99,0.02,200,"bu","11:13:46",139000
4.99,0.02,200,"bu","11:11:22",138800
4.99,0.02,400,"bu","11:04:04",138600
4.98,0.01,500,"bu","11:03:07",138200
4.98,0.01,200,"sd","11:01:22",137700
4.98,0.01,200,"sd","11:01:22",137500
4.98,0.01,1000,"sd","11:01:22",137300
4.98,0.01,100,"sd","11:01:22",136300
4.98,0.01,200,"sd","10:58:59",136200
4.98,0.01,600,"sd","10:58:59",136000
4.98,0.01,200,"sd","10:58:59",135400
4.99,0.02,100,"bu","10:55:17",135200
4.99,0.02,200,"bu","10:53:31",135100
4.99,0.02,100,"bu","10:51:57",134900
4.99,0.02,100,"bu","10:49:53",134800
4.99,0.02,400,"bu","10:49:53",134700
4.99,0.02,600,"bu","10:49:27",134300
4.99,0.02,500,"bu","10:49:13",133700
4.99,0.02,400,"bu","10:48:23",133200
4.99,0.02,100,"bu","10:48:16",132800
4.98,0.01,400,"sd","10:48:13",132700
4.98,0.01,600,"sd","10:48:13",132300
4.99,0.02,400,"bu","10:47:29",131700
4.99,0.02,300,"sd","10:47:23",131300
4.99,0.02,600,"sd","10:47:23",131000
5,0.03,500,"bu","10:46:58",130400
5,0.03,500,"bu","10:46:08",129900
5,0.03,500,"bu","10:46:03",129400
4.99,0.02,300,"sd","10:45:30",128900
4.98,0.01,200,"bu","10:45:17",128600
4.98,0.01,500,"sd","10:44:39",128400
4.98,0.01,300,"sd","10:44:39",127900
4.98,0.01,300,"sd","10:40:20",127600
4.98,0.01,200,"sd","10:40:20",127300
4.98,0.01,500,"sd","10:36:56",127100
4.99,0.02,100,"bu","10:34:17",126600
4.99,0.02,100,"bu","10:30:49",126500
4.99,0.02,100,"bu","10:29:07",126400
4.99,0.02,200,"bu","10:29:01",126300
4.99,0.02,200,"bu","10:28:28",126100
4.99,0.02,100,"bu","10:28:15",125900
4.99,0.02,200,"bu","10:24:23",125800
4.99,0.02,300,"bu","10:24:16",125600
4.99,0.02,100,"bu","10:23:14",125300
4.99,0.02,300,"bu","10:22:47",125200
4.99,0.02,100,"bu","10:22:47",124900
4.99,0.02,300,"bu","10:22:41",124800
4.99,0.02,300,"bu","10:22:35",124500
4.99,0.02,400,"bu","10:22:30",124200
4.99,0.02,200,"bu","10:21:32",123800
4.99,0.02,100,"bu","10:21:28",123600
4.99,0.02,200,"bu","10:21:24",123500
4.99,0.02,300,"bu","10:20:37",123300
4.99,0.02,100,"bu","10:20:31",123000
4.99,0.02,100,"bu","10:20:31",122900
4.99,0.02,300,"bu","10:19:35",122800
4.99,0.02,500,"bu","10:19:30",122500
4.99,0.02,400,"bu","10:19:25",122000
4.99,0.02,300,"bu","10:19:20",121600
4.99,0.02,500,"bu","10:19:14",121300
4.99,0.02,600,"bu","10:18:26",120800
4.99,0.02,300,"bu","10:18:13",120200
4.99,0.02,300,"bu","10:18:13",119900
4.99,0.02,500,"bu","10:18:10",119600
4.99,0.02,400,"bu","10:18:01",119100
4.99,0.02,200,"bu","10:17:59",118700
4.99,0.02,300,"bu","10:17:49",118500
4.99,0.02,300,"bu","10:17:34",118200
4.99,0.02,300,"bu","10:17:34",117900
4.99,0.02,500,"bu","10:17:28",117600
4.99,0.02,700,"bu","10:17:17",117100
4.99,0.02,500,"bu","10:17:17",116400
5,0.03,800,"bu","10:16:48",115900
4.99,0.02,600,"bu","10:16:41",115100
4.99,0.02,600,"bu","10:16:33",114500
4.99,0.02,500,"bu","10:16:26",113900
4.99,0.02,300,"bu","10:15:48",113400
4.99,0.02,200,"bu","10:15:48",113100
4.98,0.01,800,"unknown","10:15:31",112900
4.98,0.01,700,"bu","10:15:20",112100
4.98,0.01,800,"bu","10:15:13",111400
4.98,0.01,600,"bu","10:15:10",110600
4.98,0.01,800,"bu","10:15:03",110000
4.97,0,5000,"sd","10:15:03",109200
4.98,0.01,100,"sd","10:14:53",104200
4.98,0.01,500,"sd","10:14:53",104100
4.98,0.01,700,"sd","10:14:53",103600
4.99,0.02,600,"bu","10:14:26",102900
4.99,0.02,500,"bu","10:14:19",102300
4.99,0.02,400,"bu","10:14:16",101800
4.99,0.02,300,"bu","10:14:09",101400
4.99,0.02,300,"bu","10:14:09",101100
4.99,0.02,500,"bu","10:13:56",100800
4.99,0.02,700,"bu","10:13:51",100300
4.99,0.02,600,"bu","10:13:42",99600
4.98,0.01,800,"bu","10:13:28",99000
4.98,0.01,700,"bu","10:13:23",98200
4.97,0,800,"bu","10:12:56",97500
4.97,0,300,"bu","10:12:45",96700
4.97,0,500,"bu","10:12:29",96400
4.97,0,400,"sd","10:12:28",95900
4.97,0,600,"bu","10:12:23",95500
4.97,0,600,"sd","10:12:14",94900
4.97,0,400,"sd","10:12:14",94300
4.97,0,800,"sd","10:12:14",93900
4.97,0,100,"sd","10:12:14",93100
4.98,0.01,400,"bu","10:12:04",93000
4.98,0.01,100,"bu","10:11:59",92600
4.98,0.01,400,"bu","10:11:59",92500
4.98,0.01,400,"bu","10:11:54",92100
4.98,0.01,400,"bu","10:11:48",91700
4.98,0.01,300,"bu","10:11:31",91300
4.98,0.01,600,"bu","10:10:36",91000
4.98,0.01,500,"bu","10:10:33",90400
4.98,0.01,600,"bu","10:10:28",89900
4.98,0.01,600,"bu","10:10:24",89300
4.97,0,900,"bu","10:10:01",88700
4.97,0,400,"bu","10:10:00",87800
4.97,0,700,"bu","10:09:55",87400
4.97,0,300,"bu","10:09:47",86700
4.97,0,1000,"bu","10:09:40",86400
4.97,0,500,"bu","10:09:35",85400
4.97,0,300,"sd","10:09:31",84900
4.97,0,800,"sd","10:09:31",84600
4.97,0,200,"sd","10:09:31",83800
4.98,0.01,300,"bu","10:09:22",83600
4.98,0.01,200,"bu","10:09:22",83300
4.98,0.01,200,"bu","10:09:01",83100
4.98,0.01,400,"bu","10:08:55",82900
4.98,0.01,300,"bu","10:08:44",82500
4.98,0.01,400,"bu","10:08:40",82200
4.98,0.01,500,"bu","10:08:35",81800
4.98,0.01,100,"bu","10:08:35",81300
4.98,0.01,500,"bu","10:08:28",81200
4.98,0.01,500,"bu","10:08:19",80700
4.98,0.01,200,"bu","10:08:15",80200
4.98,0.01,500,"bu","10:08:11",80000
4.98,0.01,200,"bu","10:08:02",79500
4.98,0.01,200,"bu","10:08:02",79300
4.98,0.01,200,"bu","10:07:59",79100
4.98,0.01,300,"bu","10:07:55",78900
4.98,0.01,200,"bu","10:07:17",78600
4.98,0.01,300,"bu","10:07:14",78400
4.98,0.01,100,"bu","10:07:10",78100
4.97,0,200,"bu","10:06:59",78000
4.97,0,400,"bu","10:06:54",77800
4.97,0,1000,"bu","10:06:47",77400
4.97,0,500,"bu","10:06:40",76400
4.97,0,800,"bu","10:06:39",75900
4.97,0,100,"bu","10:06:39",75100
4.97,0,900,"bu","10:06:28",75000
4.97,0,500,"bu","10:06:27",74100
4.97,0,600,"bu","10:06:22",73600
4.97,0,400,"bu","10:06:19",73000
4.97,0,1000,"bu","10:06:11",72600
4.97,0,400,"bu","10:06:06",71600
4.97,0,200,"sd","10:06:04",71200
4.97,0,100,"bu","10:06:03",71000
4.97,0,1000,"bu","10:06:01",70900
4.97,0,900,"sd","10:05:48",69900
4.97,0,100,"bu","10:05:47",69000
4.97,0,1000,"bu","10:05:35",68900
4.97,0,100,"bu","10:04:50",67900
4.97,0,700,"bu","10:04:35",67800
4.97,0,600,"sd","10:04:30",67100
4.97,0,400,"bu","10:04:23",66500
4.97,0,1000,"bu","10:04:16",66100
4.97,0,500,"bu","10:04:16",65100
4.97,0,600,"bu","10:04:13",64600
4.97,0,500,"bu","10:04:08",64000
4.97,0,400,"sd","10:04:06",63500
4.97,0,400,"bu","10:03:59",63100
4.97,0,300,"bu","10:03:54",62700
4.97,0,900,"bu","10:03:54",62400
4.97,0,100,"bu","10:03:54",61500
4.97,0,100,"bu","10:03:50",61400
4.97,0,200,"bu","10:03:44",61300
4.97,0,300,"bu","10:03:41",61100
4.97,0,200,"bu","10:03:36",60800
4.97,0,900,"bu","10:03:31",60600
4.97,0,100,"bu","10:03:31",59700
4.97,0,100,"bu","10:03:30",59600
4.97,0,200,"bu","10:03:30",59500
4.97,0,300,"bu","10:02:51",59300
4.97,0,400,"bu","10:02:46",59000
4.97,0,500,"bu","10:02:33",58600
4.97,0,600,"sd","10:02:29",58100
4.97,0,100,"bu","10:02:23",57500
4.97,0,1000,"bu","10:02:16",57400
4.97,0,900,"sd","10:02:10",56400
4.97,0,200,"bu","10:02:08",55500
4.97,0,1000,"bu","10:01:59",55300
4.97,0,500,"bu","10:01:42",54300
4.97,0,400,"bu","10:01:32",53800
4.97,0,500,"sd","10:01:27",53400
4.97,0,400,"sd","10:01:27",52900
4.97,0,100,"sd","10:01:10",52500
4.97,0,700,"sd","10:01:10",52400
4.97,0,200,"sd","10:01:09",51700
4.98,0.01,600,"bu","10:01:09",51500
4.97,0,800,"sd","10:00:53",50900
4.97,0,600,"bu","10:00:51",50100
4.97,0,700,"bu","10:00:46",49500
4.97,0,500,"sd","10:00:42",48800
4.97,0,300,"sd","10:00:42",48300
4.97,0,600,"sd","10:00:42",48000
4.97,0,1000,"sd","10:00:42",47400
4.97,0,100,"sd","10:00:42",46400
4.97,0,400,"sd","10:00:42",46300
4.98,0.01,600,"bu","10:00:22",45900
4.98,0.01,500,"unknown","10:00:14",45300
4.98,0.01,700,"bu","10:00:12",44800
4.98,0.01,300,"bu","10:00:07",44100
4.98,0.01,200,"bu","10:00:07",43800
4.98,0.01,400,"bu","10:00:02",43600
4.98,0.01,600,"bu","09:59:45",43200
4.98,0.01,300,"bu","09:59:40",42600
4.98,0.01,200,"bu","09:59:40",42300
4.98,0.01,400,"bu","09:59:16",42100
4.98,0.01,600,"bu","09:58:58",41700
4.98,0.01,200,"bu","09:58:36",41100
4.98,0.01,200,"bu","09:58:36",40900
4.97,0,300,"bu","09:58:25",40700
4.97,0,1000,"bu","09:58:17",40400
4.97,0,100,"bu","09:58:16",39400
4.97,0,1000,"bu","09:58:14",39300
4.97,0,500,"bu","09:58:10",38300
4.97,0,700,"sd","09:58:05",37800
4.97,0,200,"bu","09:57:55",37100
4.97,0,300,"bu","09:57:50",36900
4.97,0,400,"bu","09:57:44",36600
4.97,0,1000,"bu","09:57:39",36200
4.97,0,500,"bu","09:57:09",35200
4.97,0,300,"bu","09:57:05",34700
4.97,0,200,"bu","09:57:01",34400
4.97,0,400,"bu","09:57:01",34200
4.97,0,300,"bu","09:56:33",33800
4.97,0,1000,"bu","09:56:23",33500
4.97,0,1000,"bu","09:56:18",32500
4.97,0,500,"sd","09:56:10",31500
4.97,0,500,"bu","09:55:51",31000
4.97,0,1000,"bu","09:55:37",30500
4.97,0,400,"bu","09:55:29",29500
4.97,0,500,"bu","09:55:22",29100
4.97,0,1500,"bu","09:54:14",28600
4.97,0,600,"sd","09:54:06",27100
4.97,0,300,"bu","09:53:56",26500
4.97,0,500,"bu","09:53:25",26200
4.97,0,300,"bu","09:53:16",25700
4.97,0,100,"bu","09:53:14",25400
4.97,0,400,"bu","09:52:52",25300
4.97,0,900,"sd","09:52:48",24900
4.97,0,200,"sd","09:52:36",24000
4.97,0,1000,"bu","09:52:21",23800
4.97,0,200,"bu","09:52:17",22800
4.97,0,300,"bu","09:51:39",22600
4.97,0,300,"bu","09:51:33",22300
4.97,0,200,"bu","09:51:33",22000
4.97,0,400,"bu","09:51:30",21800
4.97,0,400,"bu","09:51:02",21400
4.97,0,100,"bu","09:51:02",21000
4.97,0,100,"bu","09:50:54",20900
4.97,0,100,"bu","09:50:54",20800
4.97,0,800,"bu","09:50:54",20700
4.97,0,300,"bu","09:50:18",19900
4.97,0,400,"bu","09:50:09",19600
4.97,0,600,"bu","09:50:04",19200
4.97,0,500,"bu","09:49:50",18600
4.97,0,300,"bu","09:49:35",18100
4.97,0,100,"bu","09:49:35",17800
4.97,0,300,"bu","09:49:19",17700
4.97,0,600,"sd","09:49:06",17400
4.97,0,400,"bu","09:48:38",16800
4.97,0,400,"bu","09:48:38",16400
4.97,0,600,"bu","09:48:31",16000
4.97,0,500,"bu","09:48:24",15400
4.97,0,700,"bu","09:48:19",14900
4.97,0,100,"bu","09:48:19",14200
4.97,0,600,"bu","09:48:12",14100
4.97,0,300,"sd","09:47:58",13500
4.97,0,500,"sd","09:47:58",13200
4.97,0,300,"sd","09:47:36",12700
4.97,0,1000,"bu","09:47:29",12400
4.97,0,400,"bu","09:47:27",11400
4.97,0,600,"sd","09:47:23",11000
4.97,0,300,"bu","09:46:55",10400
4.97,0,200,"bu","09:46:49",10100
4.97,0,1000,"bu","09:46:44",9900
4.97,0,300,"bu","09:46:43",8900
4.97,0,500,"bu","09:46:39",8600
4.97,0,400,"bu","09:46:34",8100
4.97,0,500,"sd","09:46:33",7700
4.97,0,200,"bu","09:46:05",7200
4.97,0,200,"bu","09:45:58",7000
4.97,0,800,"bu","09:45:53",6800
4.97,0,700,"bu","09:45:49",6000
4.97,0,500,"bu","09:45:45",5300
4.97,0,300,"sd","09:45:41",4800
4.97,0,400,"sd","09:45:41",4500
4.98,0.01,200,"bu","09:34:45",4100
4.97,0,300,"sd","09:32:22",3900
4.97,0,200,"bu","09:30:36",3600
4.97,0,1000,"bu","09:30:17",3400
4.97,0,900,"sd","09:25:08",2400
4.98,0.01,200,"bu","09:22:00",1500
4.98,0.01,200,"bu","09:16:20",1300
4.98,0.01,200,"bu","09:15:13",1100
4.98,0.01,900,"bu","09:15:01",900
