"price","change","match_qtty","side","time","total_vol"
3.7,-0.2,9000,"sd","14:45:01",187600
3.8,-0.1,200,"sd","14:30:00",178600
3.8,-0.1,400,"sd","14:29:29",178400
3.9,0,100,"bu","14:24:08",178000
3.8,-0.1,1000,"sd","14:23:05",177900
3.8,-0.1,5000,"sd","14:22:54",176900
3.8,-0.1,1000,"sd","14:22:19",171900
3.8,-0.1,10000,"sd","14:22:13",170900
3.8,-0.1,5000,"sd","14:21:46",160900
3.8,-0.1,5000,"sd","14:21:32",155900
3.8,-0.1,7000,"sd","14:20:44",150900
3.8,-0.1,5000,"sd","14:19:34",143900
3.8,-0.1,1100,"sd","14:14:55",138900
3.8,-0.1,200,"sd","14:14:41",137800
3.9,0,9000,"bu","13:59:19",137600
3.8,-0.1,600,"sd","13:53:30",128600
3.8,-0.1,400,"sd","13:50:33",128000
3.9,0,500,"bu","13:48:08",127600
3.8,-0.1,2200,"sd","13:42:28",127100
3.8,-0.1,2100,"sd","13:39:02",124900
3.9,0,100,"bu","13:34:09",122800
3.8,-0.1,2000,"sd","13:25:22",122700
3.8,-0.1,2000,"sd","13:25:18",120700
3.9,0,300,"bu","13:24:51",118700
3.8,-0.1,4000,"sd","13:22:33",118400
3.8,-0.1,2200,"sd","13:04:55",114400
3.8,-0.1,100,"sd","11:27:04",112200
3.9,0,300,"bu","10:58:03",112100
3.8,-0.1,200,"sd","10:54:32",111800
3.9,0,40800,"sd","10:53:28",111600
3.9,0,1000,"sd","10:46:56",70800
3.9,0,100,"sd","10:45:00",69800
3.9,0,900,"sd","10:38:37",69700
3.9,0,1000,"sd","10:36:16",68800
3.9,0,2000,"sd","10:33:13",67800
3.9,0,1000,"sd","10:31:37",65800
3.9,0,500,"sd","10:28:53",64800
3.9,0,3800,"sd","10:27:23",64300
3.9,0,12200,"bu","10:26:53",60500
3.9,0,100,"bu","10:24:05",48300
3.9,0,100,"bu","10:23:54",48200
3.9,0,200,"bu","10:23:51",48100
3.9,0,100,"bu","10:23:43",47900
3.9,0,1000,"bu","10:23:39",47800
3.9,0,100,"bu","10:22:55",46800
3.9,0,1000,"bu","10:20:41",46700
3.9,0,2100,"bu","10:07:28",45700
3.9,0,900,"bu","10:01:51",43600
3.9,0,4700,"sd","10:00:13",42700
3.9,0,2900,"sd","10:00:11",38000
3.9,0,1500,"sd","10:00:03",35100
3.9,0,400,"sd","09:58:58",33600
3.9,0,4000,"sd","09:57:14",33200
4,0.1,100,"bu","09:55:02",29200
4,0.1,100,"bu","09:40:40",29100
3.9,0,3000,"sd","09:35:37",29000
3.9,0,2000,"unknown","09:22:39",26000
3.9,0,6000,"sd","09:22:09",24000
3.9,0,4000,"sd","09:21:09",18000
4,0.1,100,"bu","09:15:44",14000
4,0.1,1000,"bu","09:12:07",13900
4,0.1,100,"bu","09:07:40",12900
3.9,0,300,"bu","09:07:27",12800
3.9,0,3000,"bu","09:04:19",12500
3.9,0,9100,"sd","09:03:06",9500
3.9,0,300,"sd","09:00:15",400
3.9,0,100,"sd","09:00:11",100
