"price","change","match_qtty","side","time","total_vol"
67,-0.2,3400,"bu","14:45:02",151000
66.8,-0.4,2000,"bu","14:23:07",147600
66.7,-0.5,1400,"bu","14:22:58",145600
66.6,-0.6,1300,"bu","14:22:11",144200
66.6,-0.6,700,"sd","14:19:48",142900
66.7,-0.5,200,"bu","14:19:38",142200
66.8,-0.4,200,"bu","14:17:35",142000
66.8,-0.4,1800,"bu","14:17:19",141800
66.8,-0.4,1500,"bu","14:14:11",140000
66.8,-0.4,1000,"bu","14:14:00",138500
66.8,-0.4,400,"sd","14:11:14",137500
66.9,-0.3,3000,"bu","14:02:01",137100
66.8,-0.4,2600,"bu","14:01:54",134100
66.7,-0.5,2800,"bu","14:01:48",131500
66.7,-0.5,300,"sd","14:00:14",128700
66.8,-0.4,200,"bu","14:00:04",128400
66.9,-0.3,200,"bu","13:58:04",128200
66.9,-0.3,2800,"sd","13:57:49",128000
66.9,-0.3,2000,"bu","13:57:40",125200
66.9,-0.3,1000,"bu","13:57:30",123200
66.9,-0.3,2000,"bu","13:54:17",122200
66.8,-0.4,1800,"bu","13:54:10",120200
66.7,-0.5,1700,"bu","13:53:59",118400
66.7,-0.5,400,"sd","13:52:21",116700
66.8,-0.4,200,"sd","13:52:15",116300
66.9,-0.3,2000,"bu","13:52:03",116100
66.9,-0.3,900,"bu","13:51:35",114100
66.9,-0.3,700,"bu","13:51:26",113200
66.9,-0.3,3000,"bu","13:44:51",112500
66.8,-0.4,2800,"sd","13:44:41",109500
66.7,-0.5,2600,"sd","13:44:32",106700
66.7,-0.5,100,"sd","13:40:48",104100
66.8,-0.4,200,"bu","13:40:40",104000
66.9,-0.3,300,"sd","13:40:31",103800
66.9,-0.3,1700,"bu","13:37:29",103500
66.8,-0.4,1800,"bu","13:37:23",101800
66.7,-0.5,1900,"sd","13:37:17",100000
66.7,-0.5,300,"bu","13:31:46",98100
66.8,-0.4,700,"bu","13:29:44",97800
66.8,-0.4,1300,"bu","13:29:41",97100
66.8,-0.4,1500,"bu","13:29:35",95800
66.8,-0.4,1000,"bu","13:29:22",94300
66.8,-0.4,3000,"unknown","13:23:08",93300
66.8,-0.4,2000,"bu","13:22:59",90300
66.8,-0.4,1000,"bu","13:22:52",88300
66.7,-0.5,1700,"sd","13:20:28",87300
66.6,-0.6,1300,"sd","13:20:21",85600
66.5,-0.7,1800,"sd","13:20:10",84300
66.5,-0.7,500,"bu","13:17:23",82500
66.6,-0.6,1200,"bu","13:17:13",82000
66.7,-0.5,500,"bu","13:13:20",80800
66.8,-0.4,2000,"bu","13:11:36",80300
66.8,-0.4,300,"bu","13:11:29",78300
66.8,-0.4,1200,"bu","13:10:22",78000
66.8,-0.4,1000,"bu","13:09:53",76800
66.8,-0.4,300,"sd","13:02:58",75800
66.9,-0.3,700,"bu","11:25:07",75500
67,-0.2,100,"bu","11:24:08",74800
67.1,-0.1,200,"sd","11:23:53",74700
67.2,0,1500,"bu","11:23:18",74500
67.2,0,1000,"bu","11:23:02",73000
67.2,0,500,"bu","11:22:51",72000
67.2,0,1500,"bu","10:56:24",71500
67.1,-0.1,1300,"bu","10:56:10",70000
67,-0.2,1400,"sd","10:55:55",68700
67,-0.2,2000,"bu","10:47:24",67300
67,-0.2,1500,"bu","10:47:13",65300
67,-0.2,1000,"bu","10:46:49",63800
67,-0.2,3000,"bu","10:36:34",62800
67,-0.2,2000,"bu","10:36:25",59800
67,-0.2,1000,"bu","10:36:15",57800
67,-0.2,200,"sd","10:34:25",56800
67.1,-0.1,2000,"bu","10:30:22",56600
67.1,-0.1,1500,"bu","10:30:10",54600
67.1,-0.1,1000,"bu","10:29:59",53100
67.1,-0.1,500,"bu","10:28:57",52100
67.1,-0.1,1000,"bu","10:24:50",51600
67,-0.2,1300,"bu","10:24:39",50600
66.9,-0.3,800,"bu","10:24:26",49300
66.9,-0.3,200,"sd","10:23:00",48500
67,-0.2,3000,"bu","10:11:36",48300
67,-0.2,1500,"bu","10:11:26",45300
67,-0.2,1000,"bu","10:11:15",43800
67,-0.2,2000,"bu","10:05:37",42800
66.9,-0.3,1800,"bu","10:05:21",40800
66.8,-0.4,1700,"sd","10:03:09",39000
66.8,-0.4,400,"sd","10:00:12",37300
66.9,-0.3,400,"sd","10:00:01",36900
67,-0.2,500,"sd","09:59:45",36500
67,-0.2,1500,"bu","09:54:39",36000
66.9,-0.3,1600,"bu","09:54:26",34500
66.8,-0.4,1600,"bu","09:54:11",32900
66.8,-0.4,500,"sd","09:53:41",31300
66.9,-0.3,500,"sd","09:53:31",30800
67,-0.2,400,"sd","09:53:21",30300
67.1,-0.1,300,"sd","09:53:12",29900
67.1,-0.1,400,"bu","09:51:48",29600
67.1,-0.1,1000,"bu","09:51:28",29200
67.1,-0.1,800,"bu","09:51:17",28200
67.1,-0.1,1000,"bu","09:51:04",27400
67.1,-0.1,900,"bu","09:50:50",26400
67.1,-0.1,1000,"bu","09:50:37",25500
67.1,-0.1,1000,"bu","09:50:20",24500
67.1,-0.1,1000,"sd","09:47:56",23500
67,-0.2,1600,"bu","09:47:28",22500
66.9,-0.3,1500,"sd","09:46:37",20900
66.9,-0.3,600,"sd","09:35:57",19400
67,-0.2,500,"sd","09:35:46",18800
67.1,-0.1,1000,"sd","09:35:40",18300
67.2,0,400,"sd","09:35:34",17300
67.3,0.1,200,"sd","09:33:13",16900
67.3,0.1,1800,"bu","09:33:07",16700
67.3,0.1,300,"bu","09:32:56",14900
67.3,0.1,1700,"bu","09:32:53",14600
67.3,0.1,400,"sd","09:32:36",12900
67.3,0.1,1600,"sd","09:32:34",12500
67.2,0,1600,"bu","09:20:28",10900
67.1,-0.1,1000,"sd","09:19:34",9300
67,-0.2,1500,"sd","09:19:20",8300
67,-0.2,400,"sd","09:18:34",6800
67.1,-0.1,1000,"bu","09:18:28",6400
67.2,0,300,"sd","09:18:22",5400
67.2,0,500,"sd","09:13:44",5100
67.2,0,800,"bu","09:13:27",4600
67.2,0,900,"bu","09:13:10",3800
67.2,0,1000,"bu","09:12:38",2900
67.2,0,900,"bu","09:12:23",1900
67.2,0,1000,"bu","09:12:06",1000
