"price","change","match_qtty","side","time","total_vol"
2.3,-0.1,300,"bu","14:49:26",1389600
2.3,-0.1,2000,"bu","14:47:40",1389300
2.3,-0.1,37500,"bu","14:45:02",1387300
2.2,-0.2,200,"sd","14:29:51",1349800
2.2,-0.2,2000,"sd","14:29:10",1349600
2.3,-0.1,300,"bu","14:24:57",1347600
2.3,-0.1,2000,"bu","14:24:49",1347300
2.3,-0.1,5000,"bu","14:24:27",1345300
2.3,-0.1,28000,"bu","14:23:58",1340300
2.3,-0.1,3000,"bu","14:23:07",1312300
2.3,-0.1,800,"bu","14:23:03",1309300
2.3,-0.1,100,"bu","14:22:46",1308500
2.3,-0.1,400,"bu","14:21:33",1308400
2.2,-0.2,400,"sd","14:20:00",1308000
2.2,-0.2,600,"sd","14:19:13",1307600
2.2,-0.2,2000,"sd","14:15:09",1307000
2.3,-0.1,100,"bu","14:14:36",1305000
2.3,-0.1,700,"bu","14:13:39",1304900
2.2,-0.2,3000,"sd","14:13:30",1304200
2.2,-0.2,7600,"sd","14:13:22",1301200
2.3,-0.1,3000,"bu","14:10:10",1293600
2.3,-0.1,200,"bu","14:09:29",1290600
2.3,-0.1,100,"bu","14:07:34",1290400
2.2,-0.2,4000,"sd","14:07:32",1290300
2.2,-0.2,2000,"sd","14:06:35",1286300
2.2,-0.2,5000,"sd","14:05:49",1284300
2.3,-0.1,400,"bu","14:05:48",1279300
2.3,-0.1,1100,"bu","14:05:27",1278900
2.3,-0.1,100,"bu","14:05:09",1277800
2.3,-0.1,1000,"bu","14:05:07",1277700
2.3,-0.1,20000,"bu","14:05:06",1276700
2.3,-0.1,4800,"bu","14:04:42",1256700
2.2,-0.2,1600,"sd","14:00:59",1251900
2.3,-0.1,300,"bu","14:00:04",1250300
2.2,-0.2,800,"sd","14:00:03",1250000
2.2,-0.2,3800,"sd","13:58:25",1249200
2.2,-0.2,200,"sd","13:56:16",1245400
2.2,-0.2,200,"sd","13:55:24",1245200
2.2,-0.2,10000,"sd","13:54:14",1245000
2.3,-0.1,100,"bu","13:52:15",1235000
2.3,-0.1,5000,"bu","13:50:12",1234900
2.2,-0.2,1000,"sd","13:49:57",1229900
2.3,-0.1,200,"bu","13:49:48",1228900
2.3,-0.1,10000,"bu","13:49:23",1228700
2.2,-0.2,700,"sd","13:49:08",1218700
2.2,-0.2,2800,"sd","13:48:28",1218000
2.2,-0.2,1000,"sd","13:46:46",1215200
2.2,-0.2,1100,"sd","13:43:20",1214200
2.2,-0.2,100,"sd","13:41:47",1213100
2.3,-0.1,5000,"bu","13:39:36",1213000
2.2,-0.2,2300,"sd","13:39:22",1208000
2.3,-0.1,200,"bu","13:37:44",1205700
2.2,-0.2,1200,"sd","13:34:27",1205500
2.2,-0.2,2000,"sd","13:33:56",1204300
2.3,-0.1,200,"bu","13:33:36",1202300
2.3,-0.1,100,"bu","13:32:36",1202100
2.3,-0.1,1000,"bu","13:32:08",1202000
2.3,-0.1,400,"bu","13:30:55",1201000
2.3,-0.1,200,"bu","13:30:54",1200600
2.3,-0.1,200,"bu","13:29:25",1200400
2.2,-0.2,19600,"sd","13:28:41",1200200
2.2,-0.2,100,"sd","13:27:30",1180600
2.2,-0.2,1000,"sd","13:26:48",1180500
2.2,-0.2,600,"sd","13:26:03",1179500
2.2,-0.2,400,"sd","13:25:50",1178900
2.3,-0.1,100,"bu","13:25:34",1178500
2.2,-0.2,50000,"sd","13:24:27",1178400
2.2,-0.2,500,"sd","13:24:21",1128400
2.2,-0.2,1000,"sd","13:20:12",1127900
2.2,-0.2,50000,"sd","13:20:04",1126900
2.3,-0.1,19100,"bu","13:20:01",1076900
2.2,-0.2,1000,"sd","13:19:54",1057800
2.2,-0.2,21000,"sd","13:19:29",1056800
2.2,-0.2,5000,"sd","13:18:36",1035800
2.3,-0.1,100,"bu","13:17:55",1030800
2.3,-0.1,300,"bu","13:17:48",1030700
2.3,-0.1,600,"bu","13:16:05",1030400
2.2,-0.2,20200,"sd","13:15:06",1029800
2.2,-0.2,34000,"sd","13:14:53",1009600
2.2,-0.2,10000,"sd","13:14:48",975600
2.2,-0.2,100,"sd","13:14:42",965600
2.2,-0.2,40000,"sd","13:14:33",965500
2.3,-0.1,5000,"bu","13:14:29",925500
2.2,-0.2,15000,"sd","13:14:21",920500
2.2,-0.2,10000,"sd","13:13:44",905500
2.2,-0.2,100,"sd","13:13:19",895500
2.3,-0.1,100200,"bu","13:13:17",895400
2.2,-0.2,9000,"sd","13:13:13",795200
2.2,-0.2,92400,"sd","13:13:05",786200
2.2,-0.2,3000,"sd","13:12:56",693800
2.2,-0.2,13500,"sd","13:12:07",690800
2.2,-0.2,300,"sd","13:12:06",677300
2.2,-0.2,70000,"sd","13:11:51",677000
2.2,-0.2,10000,"sd","13:10:48",607000
2.2,-0.2,1000,"sd","13:09:01",597000
2.2,-0.2,1900,"sd","13:08:29",596000
2.3,-0.1,100,"bu","13:07:36",594100
2.2,-0.2,600,"sd","13:07:02",594000
2.2,-0.2,1000,"sd","13:06:51",593400
2.2,-0.2,10000,"sd","13:06:14",592400
2.2,-0.2,1000,"sd","13:05:48",582400
2.3,-0.1,10000,"bu","13:02:55",581400
2.3,-0.1,100,"bu","13:00:19",571400
2.3,-0.1,2500,"bu","13:00:18",571300
2.2,-0.2,6400,"sd","13:00:06",568800
2.3,-0.1,300,"bu","13:00:05",562400
2.3,-0.1,81200,"bu","13:00:03",562100
2.3,-0.1,1000,"bu","13:00:02",480900
2.3,-0.1,10000,"sd","11:27:00",479900
2.3,-0.1,10000,"sd","11:26:35",469900
2.3,-0.1,800,"sd","11:26:03",459900
2.3,-0.1,20000,"sd","11:24:46",459100
2.3,-0.1,100,"sd","11:24:19",439100
2.3,-0.1,1000,"sd","11:24:14",439000
2.3,-0.1,200,"sd","11:23:30",438000
2.3,-0.1,10000,"sd","11:22:38",437800
2.3,-0.1,50000,"sd","11:22:36",427800
2.3,-0.1,100,"sd","11:22:08",377800
2.3,-0.1,1000,"sd","11:21:13",377700
2.3,-0.1,6500,"sd","11:20:48",376700
2.3,-0.1,2000,"sd","11:18:56",370200
2.3,-0.1,300,"sd","11:16:33",368200
2.3,-0.1,8000,"sd","11:13:09",367900
2.4,0,10000,"bu","11:03:47",359900
2.4,0,5000,"bu","11:02:34",349900
2.4,0,2000,"bu","11:01:56",344900
2.3,-0.1,2000,"sd","11:00:18",342900
2.3,-0.1,300,"sd","10:59:54",340900
2.3,-0.1,1500,"sd","10:56:57",340600
2.3,-0.1,200,"sd","10:55:56",339100
2.3,-0.1,100,"sd","10:55:18",338900
2.3,-0.1,3600,"sd","10:54:38",338800
2.3,-0.1,2000,"sd","10:53:37",335200
2.3,-0.1,3900,"sd","10:52:38",333200
2.3,-0.1,1000,"sd","10:52:19",329300
2.3,-0.1,4600,"sd","10:52:02",328300
2.3,-0.1,4000,"sd","10:51:53",323700
2.3,-0.1,2000,"sd","10:50:58",319700
2.3,-0.1,1000,"sd","10:50:08",317700
2.3,-0.1,600,"sd","10:49:06",316700
2.3,-0.1,2000,"sd","10:49:04",316100
2.3,-0.1,28600,"sd","10:47:08",314100
2.4,0,100,"bu","10:34:35",285500
2.3,-0.1,1000,"sd","10:33:50",285400
2.3,-0.1,7000,"sd","10:33:37",284400
2.3,-0.1,200,"sd","10:32:55",277400
2.3,-0.1,300,"sd","10:30:01",277200
2.3,-0.1,1900,"sd","10:29:20",276900
2.4,0,100,"bu","10:26:14",275000
2.4,0,100,"bu","10:22:44",274900
2.3,-0.1,100,"sd","10:21:51",274800
2.3,-0.1,400,"sd","10:20:28",274700
2.3,-0.1,3700,"sd","10:19:59",274300
2.3,-0.1,1000,"sd","10:19:53",270600
2.3,-0.1,100,"sd","10:18:14",269600
2.3,-0.1,2700,"sd","10:17:42",269500
2.3,-0.1,2300,"sd","10:17:41",266800
2.3,-0.1,30000,"sd","10:15:14",264500
2.3,-0.1,1000,"sd","10:13:27",234500
2.3,-0.1,5500,"sd","10:11:16",233500
2.3,-0.1,200,"sd","10:09:58",228000
2.3,-0.1,300,"sd","10:06:30",227800
2.3,-0.1,100,"sd","10:03:07",227500
2.4,0,500,"bu","10:00:25",227400
2.4,0,6000,"bu","09:58:47",226900
2.4,0,1000,"bu","09:57:58",220900
2.4,0,900,"bu","09:53:37",219900
2.4,0,1500,"bu","09:48:31",219000
2.4,0,500,"sd","09:47:27",217500
2.4,0,1100,"sd","09:44:43",217000
2.4,0,700,"sd","09:41:28",215900
2.4,0,200,"sd","09:40:41",215200
2.4,0,700,"sd","09:40:19",215000
2.4,0,1000,"bu","09:39:07",214300
2.4,0,68800,"bu","09:37:01",213300
2.4,0,1000,"sd","09:37:00",144500
2.4,0,200,"sd","09:34:49",143500
2.4,0,5000,"sd","09:34:43",143300
2.5,0.1,100,"bu","09:34:41",138300
2.4,0,10000,"sd","09:33:58",138200
2.4,0,10000,"sd","09:33:34",128200
2.4,0,1200,"sd","09:29:50",118200
2.4,0,1000,"sd","09:29:24",117000
2.4,0,3000,"sd","09:29:06",116000
2.4,0,800,"sd","09:28:26",113000
2.4,0,100,"bu","09:28:24",112200
2.4,0,100,"bu","09:28:05",112100
2.4,0,1000,"unknown","09:28:02",112000
2.4,0,700,"bu","09:27:25",111000
2.4,0,100,"sd","09:27:19",110300
2.4,0,100,"sd","09:27:11",110200
2.4,0,2200,"bu","09:27:00",110100
2.4,0,5000,"bu","09:26:51",107900
2.4,0,300,"bu","09:26:35",102900
2.4,0,10000,"bu","09:26:21",102600
2.4,0,200,"bu","09:26:16",92600
2.4,0,1000,"bu","09:25:18",92400
2.4,0,1000,"bu","09:24:47",91400
2.4,0,10000,"bu","09:24:31",90400
2.4,0,100,"bu","09:24:27",80400
2.4,0,1000,"bu","09:24:22",80300
2.4,0,500,"bu","09:23:53",79300
2.4,0,100,"bu","09:23:37",78800
2.4,0,2300,"bu","09:23:33",78700
2.4,0,200,"bu","09:23:32",76400
2.4,0,5000,"bu","09:23:16",76200
2.4,0,6000,"bu","09:23:01",71200
2.4,0,400,"bu","09:22:57",65200
2.4,0,20000,"bu","09:22:09",64800
2.4,0,500,"bu","09:20:20",44800
2.4,0,10000,"bu","09:19:51",44300
2.4,0,300,"bu","09:19:49",34300
2.4,0,5000,"bu","09:16:37",34000
2.4,0,500,"bu","09:14:17",29000
2.4,0,5000,"bu","09:12:24",28500
2.4,0,500,"bu","09:10:36",23500
2.4,0,100,"bu","09:10:29",23000
2.4,0,500,"bu","09:09:46",22900
2.4,0,100,"bu","09:09:31",22400
2.4,0,100,"bu","09:09:02",22300
2.4,0,200,"bu","09:08:50",22200
2.4,0,1000,"bu","09:08:33",22000
2.4,0,100,"bu","09:08:26",21000
2.3,-0.1,500,"sd","09:06:47",20900
2.3,-0.1,100,"sd","09:05:43",20400
2.3,-0.1,10500,"sd","09:03:45",20300
2.3,-0.1,100,"sd","09:03:24",9800
2.4,0,7000,"bu","09:00:08",9700
2.4,0,200,"bu","09:00:05",2700
2.4,0,2500,"bu","09:00:04",2500
