"price","change","match_qtty","side","time","total_vol"
76.6,0,56600,"bu","14:45:01",785800
76.2,-0.4,100,"bu","14:29:49",729200
76.1,-0.5,600,"sd","14:29:37",729100
76.1,-0.5,100,"sd","14:29:01",728500
76.1,-0.5,100,"sd","14:28:20",728400
76,-0.6,1400,"sd","14:27:56",728300
76.1,-0.5,100,"sd","14:27:56",726900
76.2,-0.4,800,"bu","14:27:32",726800
76.2,-0.4,2100,"bu","14:27:32",726000
76.1,-0.5,100,"bu","14:27:32",723900
76,-0.6,6600,"sd","14:27:28",723800
76,-0.6,100,"sd","14:27:28",717200
76,-0.6,300,"sd","14:27:28",717100
76,-0.6,600,"sd","14:27:28",716800
76,-0.6,300,"sd","14:27:28",716200
76,-0.6,500,"sd","14:27:28",715900
76,-0.6,200,"sd","14:27:28",715400
76,-0.6,600,"sd","14:27:28",715200
76,-0.6,800,"sd","14:27:28",714600
76.1,-0.5,100,"sd","14:26:56",713800
76.1,-0.5,100,"sd","14:26:56",713700
76.2,-0.4,1000,"bu","14:26:52",713600
76.2,-0.4,200,"bu","14:25:51",712600
76.2,-0.4,300,"bu","14:25:47",712400
76.2,-0.4,1000,"sd","14:25:33",712100
76.2,-0.4,300,"sd","14:25:33",711100
76.2,-0.4,100,"sd","14:25:33",710800
76.2,-0.4,100,"sd","14:25:32",710700
76.2,-0.4,100,"sd","14:25:14",710600
76.3,-0.3,200,"bu","14:24:48",710500
76.3,-0.3,1000,"bu","14:24:39",710300
76.3,-0.3,300,"sd","14:24:26",709300
76.5,-0.1,200,"sd","14:23:58",709000
76.5,-0.1,500,"sd","14:23:58",708800
76.3,-0.3,700,"sd","14:23:58",708300
76.5,-0.1,200,"sd","14:23:58",707600
76.5,-0.1,100,"sd","14:23:33",707400
76.5,-0.1,100,"bu","14:23:16",707300
76.5,-0.1,300,"bu","14:23:16",707200
76.5,-0.1,300,"bu","14:23:13",706900
76.2,-0.4,400,"sd","14:22:37",706600
76.2,-0.4,100,"sd","14:22:37",706200
76.2,-0.4,200,"sd","14:22:37",706100
76.2,-0.4,900,"sd","14:22:37",705900
76.5,-0.1,700,"sd","14:22:30",705000
76.5,-0.1,100,"sd","14:22:12",704300
76.6,0,200,"bu","14:21:52",704200
76.6,0,200,"bu","14:21:51",704000
76.6,0,100,"bu","14:21:08",703800
76.5,-0.1,100,"bu","14:21:02",703700
76.5,-0.1,100,"bu","14:21:02",703600
76.5,-0.1,100,"bu","14:21:01",703500
76.5,-0.1,300,"bu","14:21:01",703400
76.5,-0.1,500,"bu","14:21:01",703100
76.5,-0.1,100,"bu","14:21:01",702600
76.5,-0.1,300,"bu","14:21:00",702500
76.5,-0.1,100,"bu","14:21:00",702200
76.5,-0.1,100,"bu","14:21:00",702100
76.4,-0.2,300,"bu","14:20:53",702000
76.5,-0.1,100,"bu","14:19:54",701700
76.5,-0.1,200,"bu","14:19:54",701600
76.5,-0.1,300,"bu","14:19:35",701400
76.5,-0.1,800,"bu","14:19:04",701100
76.4,-0.2,300,"unknown","14:19:04",700300
76.4,-0.2,100,"unknown","14:19:04",700000
76.3,-0.3,600,"unknown","14:19:04",699900
76.2,-0.4,100,"bu","14:18:07",699300
76.1,-0.5,500,"bu","14:16:54",699200
76.1,-0.5,400,"bu","14:16:54",698700
76.1,-0.5,1000,"bu","14:16:51",698300
76,-0.6,500,"sd","14:14:57",697300
76,-0.6,2000,"sd","14:14:56",696800
76,-0.6,1000,"bu","14:14:16",694800
76,-0.6,100,"bu","14:14:16",693800
76,-0.6,400,"bu","14:14:16",693700
76,-0.6,600,"bu","14:14:02",693300
76,-0.6,200,"bu","14:13:08",692700
76,-0.6,500,"bu","14:13:03",692500
76,-0.6,100,"sd","14:12:57",692000
75.8,-0.8,1000,"sd","14:12:11",691900
75.8,-0.8,100,"sd","14:12:11",690900
76,-0.6,100,"sd","14:12:11",690800
76.1,-0.5,600,"bu","14:12:09",690700
76.1,-0.5,400,"bu","14:12:09",690100
76,-0.6,400,"sd","14:12:08",689700
76,-0.6,300,"sd","14:12:08",689300
76,-0.6,300,"sd","14:12:08",689000
76,-0.6,200,"sd","14:12:07",688700
76,-0.6,100,"sd","14:12:03",688500
76,-0.6,400,"bu","14:11:24",688400
76,-0.6,500,"sd","14:11:19",688000
76,-0.6,100,"sd","14:11:19",687500
76,-0.6,100,"sd","14:11:19",687400
76,-0.6,300,"sd","14:11:09",687300
76,-0.6,600,"sd","14:11:09",687000
76,-0.6,400,"sd","14:11:09",686400
76,-0.6,500,"sd","14:11:09",686000
76,-0.6,200,"sd","14:11:09",685500
76,-0.6,200,"sd","14:10:21",685300
76,-0.6,100,"sd","14:09:59",685100
76.1,-0.5,100,"bu","14:09:50",685000
76.1,-0.5,3000,"bu","14:09:25",684900
76,-0.6,500,"sd","14:09:10",681900
76,-0.6,500,"sd","14:07:51",681400
76.1,-0.5,2000,"sd","14:07:21",680900
76.1,-0.5,400,"sd","14:07:21",678900
76.1,-0.5,4100,"sd","14:07:21",678500
76.1,-0.5,100,"sd","14:07:18",674400
76.2,-0.4,500,"bu","14:07:10",674300
76.2,-0.4,100,"sd","14:06:55",673800
76.2,-0.4,400,"sd","14:06:55",673700
76.2,-0.4,300,"sd","14:06:31",673300
76.2,-0.4,100,"sd","14:06:20",673000
76.3,-0.3,300,"bu","14:06:12",672900
76.3,-0.3,600,"bu","14:06:11",672600
76.4,-0.2,400,"sd","14:06:08",672000
76.4,-0.2,100,"sd","14:06:08",671600
76.4,-0.2,500,"sd","14:06:08",671500
76.4,-0.2,2300,"sd","14:06:08",671000
76.4,-0.2,400,"sd","14:05:57",668700
76.4,-0.2,100,"sd","14:05:55",668300
76.4,-0.2,500,"sd","14:05:55",668200
76.4,-0.2,1900,"sd","14:05:55",667700
76.5,-0.1,200,"bu","14:05:43",665800
76.4,-0.2,100,"sd","14:05:10",665600
76.4,-0.2,200,"sd","14:04:06",665500
76.4,-0.2,200,"sd","14:04:06",665300
76.4,-0.2,100,"sd","14:03:26",665100
76.4,-0.2,400,"bu","14:03:15",665000
76.4,-0.2,100,"bu","14:03:10",664600
76.3,-0.3,100,"bu","14:03:10",664500
76.3,-0.3,100,"bu","14:02:47",664400
76.3,-0.3,100,"bu","14:02:47",664300
76.3,-0.3,100,"bu","14:02:47",664200
76.3,-0.3,2400,"bu","14:02:46",664100
76.2,-0.4,200,"bu","14:02:46",661700
76.2,-0.4,100,"bu","14:02:46",661500
76.2,-0.4,400,"bu","14:02:44",661400
76.2,-0.4,100,"bu","14:02:44",661000
76.2,-0.4,200,"bu","14:02:44",660900
76.2,-0.4,2300,"bu","14:02:44",660700
76.2,-0.4,100,"bu","14:02:44",658400
76.2,-0.4,300,"bu","14:02:44",658300
76.2,-0.4,100,"bu","14:02:44",658000
76.2,-0.4,1500,"bu","14:02:44",657900
76.1,-0.5,100,"bu","14:02:24",656400
76.1,-0.5,300,"bu","14:02:24",656300
76,-0.6,100,"bu","14:02:24",656000
76,-0.6,100,"bu","14:02:24",655900
76,-0.6,800,"bu","14:02:18",655800
76,-0.6,100,"bu","14:02:18",655000
76,-0.6,1000,"bu","14:02:18",654900
76,-0.6,100,"bu","14:02:18",653900
76,-0.6,600,"bu","14:02:16",653800
76,-0.6,300,"bu","14:02:14",653200
76,-0.6,100,"bu","14:02:14",652900
75.9,-0.7,100,"bu","14:02:14",652800
75.9,-0.7,2400,"bu","14:02:14",652700
76,-0.6,300,"bu","14:02:14",650300
76,-0.6,700,"bu","14:02:14",650000
76,-0.6,300,"bu","14:02:14",649300
76,-0.6,100,"bu","14:02:14",649000
76,-0.6,300,"bu","14:02:14",648900
76,-0.6,200,"bu","14:02:14",648600
75.9,-0.7,100,"bu","14:01:57",648400
75.9,-0.7,500,"sd","14:01:52",648300
75.9,-0.7,400,"sd","14:01:52",647800
75.9,-0.7,600,"sd","14:01:52",647400
75.9,-0.7,400,"sd","14:01:52",646800
75.9,-0.7,700,"sd","14:01:52",646400
75.9,-0.7,400,"sd","14:01:52",645700
75.9,-0.7,5700,"sd","14:01:52",645300
75.9,-0.7,100,"sd","14:01:18",639600
75.9,-0.7,500,"sd","14:01:15",639500
75.9,-0.7,1000,"sd","14:01:09",639000
75.9,-0.7,100,"sd","14:00:47",638000
76,-0.6,500,"bu","14:00:46",637900
76,-0.6,1000,"bu","14:00:36",637400
76,-0.6,3500,"bu","14:00:36",636400
75.9,-0.7,3000,"bu","14:00:01",632900
75.9,-0.7,600,"bu","14:00:01",629900
75.9,-0.7,100,"bu","14:00:01",629300
75.9,-0.7,5200,"bu","14:00:01",629200
75.8,-0.8,5000,"bu","14:00:01",624000
75.8,-0.8,300,"bu","14:00:01",619000
75.8,-0.8,500,"bu","14:00:01",618700
75.8,-0.8,1000,"bu","14:00:01",618200
75.8,-0.8,1000,"bu","14:00:01",617200
75.8,-0.8,1300,"bu","14:00:01",616200
75.8,-0.8,1400,"bu","13:59:34",614900
75.8,-0.8,700,"bu","13:59:34",613500
75.8,-0.8,700,"bu","13:59:20",612800
75.8,-0.8,100,"bu","13:59:07",612100
75.8,-0.8,500,"bu","13:58:55",612000
75.8,-0.8,700,"bu","13:58:21",611500
75.8,-0.8,4000,"bu","13:58:15",610800
75.7,-0.9,200,"bu","13:58:15",606800
75.7,-0.9,2000,"bu","13:58:15",606600
75.7,-0.9,1000,"bu","13:58:15",604600
75.7,-0.9,400,"bu","13:57:37",603600
75.7,-0.9,1000,"bu","13:57:22",603200
75.7,-0.9,100,"bu","13:57:19",602200
75.7,-0.9,1000,"bu","13:57:19",602100
75.7,-0.9,100,"sd","13:57:12",601100
75.7,-0.9,200,"sd","13:57:12",601000
75.7,-0.9,100,"sd","13:57:12",600800
75.7,-0.9,5000,"sd","13:57:12",600700
75.7,-0.9,1000,"sd","13:57:12",595700
75.7,-0.9,100,"sd","13:57:12",594700
75.8,-0.8,100,"bu","13:56:30",594600
75.8,-0.8,500,"bu","13:56:24",594500
75.8,-0.8,400,"bu","13:56:24",594000
75.8,-0.8,100,"bu","13:56:22",593600
75.8,-0.8,200,"bu","13:56:22",593500
75.8,-0.8,100,"bu","13:56:20",593300
75.8,-0.8,300,"bu","13:56:20",593200
75.8,-0.8,400,"bu","13:56:01",592900
75.7,-0.9,200,"sd","13:55:37",592500
75.7,-0.9,100,"sd","13:55:14",592300
75.7,-0.9,100,"bu","13:55:02",592200
75.7,-0.9,100,"sd","13:54:42",592100
75.6,-1,100,"sd","13:54:22",592000
75.6,-1,200,"sd","13:54:22",591900
75.6,-1,400,"sd","13:54:15",591700
75.6,-1,1000,"sd","13:54:15",591300
75.6,-1,1000,"sd","13:54:15",590300
75.6,-1,100,"sd","13:54:15",589300
75.8,-0.8,100,"bu","13:53:52",589200
75.6,-1,300,"sd","13:53:37",589100
75.6,-1,100,"sd","13:53:37",588800
75.6,-1,300,"sd","13:53:30",588700
75.6,-1,600,"sd","13:53:20",588400
75.6,-1,400,"sd","13:53:20",587800
75.6,-1,1000,"bu","13:51:30",587400
75.6,-1,500,"bu","13:51:09",586400
75.6,-1,200,"bu","13:50:51",585900
75.6,-1,800,"bu","13:50:51",585700
75.5,-1.1,1000,"sd","13:50:48",584900
75.6,-1,900,"bu","13:50:31",583900
75.6,-1,400,"bu","13:49:52",583000
75.6,-1,1000,"sd","13:49:41",582600
75.6,-1,200,"sd","13:49:41",581600
75.6,-1,1700,"sd","13:49:41",581400
75.6,-1,1300,"sd","13:49:14",579700
75.6,-1,1200,"sd","13:49:14",578400
75.6,-1,3200,"sd","13:48:56",577200
75.6,-1,600,"sd","13:48:56",574000
75.6,-1,2100,"sd","13:48:56",573400
75.6,-1,2700,"sd","13:48:41",571300
75.7,-0.9,400,"sd","13:48:37",568600
75.7,-0.9,900,"sd","13:48:37",568200
75.7,-0.9,200,"sd","13:48:37",567300
75.7,-0.9,800,"sd","13:48:25",567100
75.7,-0.9,1000,"sd","13:48:25",566300
75.7,-0.9,200,"sd","13:48:25",565300
75.7,-0.9,500,"sd","13:48:25",565100
75.7,-0.9,100,"sd","13:48:25",564600
75.7,-0.9,2000,"sd","13:48:10",564500
75.7,-0.9,400,"sd","13:48:10",562500
75.7,-0.9,100,"sd","13:48:10",562100
75.7,-0.9,2600,"sd","13:48:02",562000
75.7,-0.9,400,"sd","13:47:45",559400
75.7,-0.9,100,"sd","13:47:45",559000
75.7,-0.9,2200,"sd","13:47:45",558900
75.7,-0.9,1900,"sd","13:47:25",556700
75.8,-0.8,500,"sd","13:47:25",554800
75.8,-0.8,100,"sd","13:47:25",554300
75.8,-0.8,400,"sd","13:47:25",554200
75.8,-0.8,100,"bu","13:46:36",553800
75.8,-0.8,400,"bu","13:46:36",553700
75.8,-0.8,300,"bu","13:46:19",553300
75.8,-0.8,700,"bu","13:46:19",553000
75.8,-0.8,1300,"bu","13:46:09",552300
75.8,-0.8,400,"bu","13:45:59",551000
75.8,-0.8,2600,"bu","13:45:50",550600
75.8,-0.8,100,"bu","13:45:50",548000
75.8,-0.8,100,"bu","13:45:50",547900
75.8,-0.8,100,"bu","13:45:50",547800
75.8,-0.8,1900,"bu","13:45:50",547700
75.8,-0.8,1000,"bu","13:45:37",545800
75.8,-0.8,400,"bu","13:44:41",544800
75.8,-0.8,900,"bu","13:44:38",544400
75.8,-0.8,800,"bu","13:43:47",543500
75.8,-0.8,200,"bu","13:43:47",542700
75.8,-0.8,1000,"bu","13:43:40",542500
75.8,-0.8,400,"bu","13:43:24",541500
75.8,-0.8,200,"bu","13:42:41",541100
75.8,-0.8,700,"bu","13:42:41",540900
75.8,-0.8,800,"bu","13:42:21",540200
75.8,-0.8,200,"bu","13:42:21",539400
75.7,-0.9,900,"sd","13:42:20",539200
75.7,-0.9,100,"sd","13:42:20",538300
75.7,-0.9,500,"sd","13:42:20",538200
75.8,-0.8,100,"bu","13:42:15",537700
75.8,-0.8,1000,"bu","13:42:12",537600
75.8,-0.8,500,"bu","13:42:06",536600
75.8,-0.8,1000,"bu","13:41:42",536100
75.8,-0.8,1000,"sd","13:41:32",535100
75.8,-0.8,400,"sd","13:41:32",534100
75.8,-0.8,800,"sd","13:41:32",533700
75.9,-0.7,400,"bu","13:40:48",532900
75.9,-0.7,900,"bu","13:40:43",532500
75.9,-0.7,500,"bu","13:40:17",531600
75.9,-0.7,100,"bu","13:40:01",531100
75.8,-0.8,500,"sd","13:39:59",531000
75.8,-0.8,100,"bu","13:39:49",530500
75.8,-0.8,600,"bu","13:39:49",530400
75.8,-0.8,100,"bu","13:39:49",529800
75.8,-0.8,2500,"bu","13:39:49",529700
75.8,-0.8,1000,"bu","13:39:44",527200
75.8,-0.8,400,"bu","13:39:31",526200
75.8,-0.8,100,"bu","13:39:07",525800
75.8,-0.8,100,"sd","13:38:56",525700
75.8,-0.8,900,"sd","13:38:56",525600
75.8,-0.8,100,"bu","13:38:38",524700
75.8,-0.8,100,"sd","13:38:36",524600
75.8,-0.8,400,"sd","13:38:26",524500
75.8,-0.8,100,"sd","13:38:26",524100
75.8,-0.8,1000,"sd","13:38:26",524000
75.8,-0.8,400,"sd","13:38:26",523000
75.8,-0.8,100,"sd","13:38:26",522600
75.8,-0.8,100,"sd","13:38:20",522500
75.8,-0.8,100,"sd","13:37:56",522400
75.8,-0.8,100,"sd","13:37:22",522300
75.8,-0.8,2600,"sd","13:36:53",522200
75.9,-0.7,1000,"bu","13:36:48",519600
75.9,-0.7,1800,"bu","13:36:48",518600
75.9,-0.7,100,"bu","13:36:45",516800
75.8,-0.8,2000,"sd","13:36:40",516700
75.8,-0.8,100,"sd","13:36:40",514700
75.8,-0.8,500,"sd","13:36:40",514600
75.8,-0.8,100,"sd","13:36:40",514100
75.8,-0.8,1000,"sd","13:36:40",514000
75.8,-0.8,400,"sd","13:36:40",513000
75.8,-0.8,100,"sd","13:36:40",512600
75.8,-0.8,1000,"sd","13:36:40",512500
75.8,-0.8,1000,"sd","13:36:40",511500
75.8,-0.8,100,"sd","13:36:40",510500
75.8,-0.8,100,"sd","13:36:40",510400
75.9,-0.7,3600,"sd","13:36:40",510300
75.9,-0.7,300,"sd","13:36:35",506700
76,-0.6,100,"bu","13:36:33",506400
75.9,-0.7,500,"bu","13:36:31",506300
75.9,-0.7,600,"bu","13:36:31",505800
75.8,-0.8,300,"sd","13:36:23",505200
75.8,-0.8,900,"sd","13:36:23",504900
75.8,-0.8,400,"sd","13:36:23",504000
75.8,-0.8,200,"sd","13:36:23",503600
75.9,-0.7,1000,"bu","13:35:58",503400
75.9,-0.7,1000,"bu","13:35:49",502400
75.9,-0.7,400,"sd","13:35:48",501400
75.9,-0.7,1000,"sd","13:35:48",501000
75.9,-0.7,1000,"sd","13:35:48",500000
75.9,-0.7,100,"sd","13:35:09",499000
75.9,-0.7,200,"sd","13:34:53",498900
75.9,-0.7,200,"sd","13:34:52",498700
75.9,-0.7,200,"sd","13:34:37",498500
75.9,-0.7,100,"sd","13:34:37",498300
75.9,-0.7,200,"sd","13:34:20",498200
75.9,-0.7,100,"sd","13:34:20",498000
76,-0.6,400,"bu","13:34:20",497900
76,-0.6,100,"bu","13:34:20",497500
76,-0.6,100,"bu","13:34:13",497400
75.9,-0.7,100,"sd","13:34:01",497300
75.9,-0.7,500,"sd","13:33:53",497200
75.9,-0.7,100,"sd","13:33:43",496700
76,-0.6,100,"bu","13:33:34",496600
75.9,-0.7,600,"bu","13:33:23",496500
75.9,-0.7,500,"bu","13:33:23",495900
75.9,-0.7,100,"bu","13:33:23",495400
75.9,-0.7,400,"bu","13:33:02",495300
75.9,-0.7,1000,"bu","13:32:53",494900
75.9,-0.7,500,"bu","13:32:41",493900
75.9,-0.7,1000,"bu","13:32:41",493400
75.9,-0.7,500,"bu","13:32:41",492400
75.9,-0.7,700,"bu","13:32:41",491900
75.9,-0.7,2000,"bu","13:32:41",491200
75.9,-0.7,100,"bu","13:32:41",489200
75.9,-0.7,100,"bu","13:32:41",489100
75.9,-0.7,100,"bu","13:32:41",489000
75.8,-0.8,100,"sd","13:32:34",488900
75.8,-0.8,1900,"sd","13:32:34",488800
75.8,-0.8,700,"sd","13:31:56",486900
75.8,-0.8,500,"sd","13:31:55",486200
75.8,-0.8,1000,"sd","13:31:50",485700
75.8,-0.8,200,"sd","13:31:18",484700
75.8,-0.8,100,"sd","13:31:16",484500
75.8,-0.8,500,"sd","13:31:07",484400
75.8,-0.8,100,"sd","13:30:34",483900
75.9,-0.7,500,"bu","13:30:27",483800
75.9,-0.7,300,"bu","13:30:23",483300
75.8,-0.8,100,"sd","13:30:11",483000
75.8,-0.8,400,"sd","13:29:39",482900
75.8,-0.8,500,"sd","13:29:28",482500
75.8,-0.8,500,"sd","13:29:28",482000
75.8,-0.8,500,"sd","13:28:59",481500
75.8,-0.8,900,"sd","13:28:40",481000
75.8,-0.8,100,"sd","13:28:40",480100
75.9,-0.7,200,"sd","13:28:18",480000
75.9,-0.7,400,"bu","13:28:01",479800
75.9,-0.7,4000,"bu","13:28:01",479400
75.9,-0.7,100,"bu","13:28:01",475400
75.9,-0.7,100,"bu","13:28:01",475300
75.9,-0.7,4300,"bu","13:28:01",475200
75.8,-0.8,500,"sd","13:27:59",470900
75.8,-0.8,200,"sd","13:27:04",470400
75.8,-0.8,400,"sd","13:27:04",470200
75.8,-0.8,100,"sd","13:26:52",469800
75.8,-0.8,100,"sd","13:26:36",469700
75.9,-0.7,400,"bu","13:26:34",469600
75.9,-0.7,100,"bu","13:26:19",469200
75.9,-0.7,1000,"bu","13:26:02",469100
75.9,-0.7,500,"sd","13:25:38",468100
75.9,-0.7,900,"sd","13:25:38",467600
75.9,-0.7,400,"sd","13:25:38",466700
75.9,-0.7,500,"sd","13:25:33",466300
75.9,-0.7,400,"sd","13:25:33",465800
75.9,-0.7,1000,"sd","13:25:33",465400
75.9,-0.7,100,"sd","13:25:32",464400
75.9,-0.7,100,"sd","13:25:25",464300
75.9,-0.7,2700,"sd","13:24:49",464200
75.9,-0.7,200,"sd","13:24:37",461500
75.9,-0.7,100,"sd","13:24:32",461300
75.9,-0.7,100,"sd","13:24:23",461200
75.9,-0.7,100,"sd","13:24:15",461100
75.9,-0.7,500,"sd","13:23:58",461000
75.9,-0.7,500,"sd","13:23:55",460500
75.9,-0.7,2600,"sd","13:23:49",460000
75.9,-0.7,100,"sd","13:23:49",457400
75.9,-0.7,900,"sd","13:23:17",457300
75.9,-0.7,1600,"sd","13:23:17",456400
75.9,-0.7,400,"sd","13:22:44",454800
76,-0.6,100,"sd","13:22:44",454400
76,-0.6,1000,"sd","13:22:44",454300
76.1,-0.5,900,"sd","13:22:44",453300
76.1,-0.5,500,"sd","13:22:44",452400
76.2,-0.4,400,"bu","13:22:41",451900
76.2,-0.4,100,"bu","13:22:11",451500
76.1,-0.5,100,"sd","13:21:53",451400
76.1,-0.5,100,"sd","13:21:49",451300
76.1,-0.5,100,"sd","13:21:20",451200
76,-0.6,200,"bu","13:20:57",451100
76,-0.6,500,"bu","13:20:57",450900
76,-0.6,800,"bu","13:20:57",450400
76,-0.6,1000,"bu","13:20:57",449600
76,-0.6,100,"bu","13:20:57",448600
76,-0.6,100,"bu","13:20:49",448500
76,-0.6,500,"bu","13:20:49",448400
76,-0.6,2000,"bu","13:20:49",447900
76,-0.6,1500,"bu","13:20:49",445900
76,-0.6,1000,"bu","13:20:37",444400
76,-0.6,400,"bu","13:20:37",443400
76,-0.6,100,"bu","13:20:37",443000
76,-0.6,1000,"bu","13:20:37",442900
76,-0.6,500,"bu","13:20:37",441900
76,-0.6,600,"bu","13:20:37",441400
76,-0.6,1000,"bu","13:20:36",440800
76,-0.6,400,"bu","13:20:36",439800
76,-0.6,300,"bu","13:20:36",439400
76,-0.6,500,"bu","13:20:36",439100
76,-0.6,100,"bu","13:20:36",438600
76,-0.6,100,"bu","13:20:36",438500
76,-0.6,100,"bu","13:20:09",438400
76,-0.6,500,"bu","13:20:09",438300
76,-0.6,300,"bu","13:20:09",437800
76,-0.6,200,"bu","13:20:09",437500
76,-0.6,500,"bu","13:20:06",437300
76,-0.6,1000,"bu","13:19:54",436800
76,-0.6,1000,"bu","13:19:50",435800
75.9,-0.7,500,"bu","13:19:37",434800
75.9,-0.7,100,"bu","13:19:37",434300
75.9,-0.7,2000,"bu","13:19:37",434200
75.9,-0.7,400,"bu","13:19:37",432200
75.9,-0.7,100,"bu","13:19:25",431800
75.8,-0.8,100,"sd","13:19:11",431700
75.8,-0.8,1000,"unknown","13:18:11",431600
75.8,-0.8,100,"bu","13:18:10",430600
75.8,-0.8,5000,"bu","13:18:03",430500
75.7,-0.9,100,"sd","13:17:45",425500
75.7,-0.9,500,"sd","13:17:11",425400
75.7,-0.9,100,"bu","13:17:10",424900
75.7,-0.9,100,"sd","13:16:47",424800
75.7,-0.9,400,"sd","13:16:47",424700
75.7,-0.9,300,"sd","13:16:14",424300
75.7,-0.9,300,"sd","13:16:14",424000
75.7,-0.9,500,"bu","13:16:13",423700
75.7,-0.9,100,"bu","13:15:58",423200
75.7,-0.9,900,"bu","13:15:15",423100
75.7,-0.9,100,"bu","13:15:09",422200
75.7,-0.9,100,"bu","13:14:56",422100
75.7,-0.9,400,"bu","13:14:56",422000
75.7,-0.9,100,"bu","13:14:31",421600
75.5,-1.1,100,"sd","13:14:25",421500
75.5,-1.1,100,"bu","13:14:18",421400
75.5,-1.1,1000,"bu","13:14:18",421300
75.4,-1.2,1400,"bu","13:14:18",420300
75.4,-1.2,900,"bu","13:14:16",418900
75.4,-1.2,200,"sd","13:14:03",418000
75.4,-1.2,100,"sd","13:14:03",417800
75.4,-1.2,400,"sd","13:14:03",417700
75.4,-1.2,100,"sd","13:13:50",417300
75.4,-1.2,100,"sd","13:13:50",417200
75.5,-1.1,500,"bu","13:13:38",417100
75.5,-1.1,100,"bu","13:13:22",416600
75.5,-1.1,1000,"bu","13:13:17",416500
75.5,-1.1,100,"bu","13:13:03",415500
75.4,-1.2,300,"sd","13:12:45",415400
75.4,-1.2,100,"sd","13:12:45",415100
75.4,-1.2,100,"sd","13:12:45",415000
75.4,-1.2,100,"sd","13:12:45",414900
75.4,-1.2,200,"sd","13:12:45",414800
75.4,-1.2,100,"sd","13:12:45",414600
75.4,-1.2,100,"sd","13:12:45",414500
75.4,-1.2,500,"sd","13:12:45",414400
75.4,-1.2,100,"sd","13:12:45",413900
75.4,-1.2,100,"sd","13:12:45",413800
75.4,-1.2,100,"sd","13:12:45",413700
75.4,-1.2,200,"sd","13:12:45",413600
75.5,-1.1,200,"bu","13:12:24",413400
75.5,-1.1,1000,"bu","13:12:23",413200
75.5,-1.1,1000,"bu","13:12:23",412200
75.5,-1.1,100,"bu","13:12:23",411200
75.5,-1.1,100,"bu","13:12:23",411100
75.5,-1.1,100,"bu","13:12:23",411000
75.5,-1.1,100,"bu","13:12:23",410900
75.5,-1.1,100,"sd","13:12:23",410800
75.5,-1.1,1000,"sd","13:12:23",410700
75.5,-1.1,200,"sd","13:12:23",409700
75.5,-1.1,3900,"sd","13:12:23",409500
75.5,-1.1,100,"sd","13:12:23",405600
75.6,-1,1000,"sd","13:12:23",405500
75.5,-1.1,500,"sd","13:12:23",404500
75.6,-1,100,"sd","13:12:23",404000
75.6,-1,900,"sd","13:12:23",403900
75.5,-1.1,500,"sd","13:12:23",403000
75.6,-1,1000,"sd","13:12:23",402500
75.6,-1,1000,"sd","13:12:23",401500
75.6,-1,500,"sd","13:12:23",400500
75.6,-1,800,"sd","13:12:23",400000
75.7,-0.9,500,"sd","13:12:23",399200
75.7,-0.9,900,"sd","13:12:23",398700
75.7,-0.9,100,"sd","13:12:23",397800
75.7,-0.9,1000,"sd","13:12:23",397700
75.7,-0.9,500,"sd","13:12:23",396700
75.7,-0.9,100,"sd","13:12:23",396200
75.7,-0.9,4500,"sd","13:12:16",396100
75.8,-0.8,100,"bu","13:11:55",391600
75.8,-0.8,1000,"bu","13:11:55",391500
75.8,-0.8,2800,"bu","13:11:55",390500
75.9,-0.7,1000,"bu","13:11:20",387700
75.9,-0.7,500,"bu","13:11:03",386700
75.9,-0.7,900,"bu","13:10:21",386200
75.9,-0.7,500,"sd","13:10:16",385300
75.9,-0.7,500,"sd","13:10:16",384800
75.9,-0.7,100,"sd","13:10:13",384300
75.9,-0.7,300,"sd","13:09:47",384200
75.9,-0.7,900,"sd","13:09:47",383900
75.9,-0.7,500,"sd","13:09:47",383000
75.9,-0.7,4800,"sd","13:09:47",382500
75.9,-0.7,3500,"sd","13:09:47",377700
75.9,-0.7,1300,"sd","13:09:05",374200
75.9,-0.7,700,"sd","13:09:05",372900
75.9,-0.7,300,"sd","13:08:54",372200
75.9,-0.7,100,"sd","13:08:53",371900
75.9,-0.7,100,"sd","13:08:46",371800
75.9,-0.7,700,"sd","13:08:34",371700
76,-0.6,100,"bu","13:08:27",371000
76,-0.6,400,"bu","13:08:27",370900
76,-0.6,1000,"bu","13:08:24",370500
76,-0.6,100,"bu","13:08:19",369500
75.9,-0.7,1400,"sd","13:08:05",369400
76,-0.6,100,"bu","13:07:59",368000
75.9,-0.7,1000,"sd","13:07:52",367900
75.9,-0.7,100,"sd","13:07:46",366900
75.9,-0.7,100,"sd","13:07:10",366800
75.9,-0.7,100,"sd","13:07:01",366700
75.9,-0.7,200,"sd","13:06:38",366600
75.8,-0.8,2000,"sd","13:05:53",366400
75.7,-0.9,100,"sd","13:05:52",364400
75.7,-0.9,100,"sd","13:05:41",364300
75.6,-1,200,"sd","13:05:28",364200
75.6,-1,400,"sd","13:05:28",364000
75.6,-1,100,"sd","13:05:27",363600
75.6,-1,2500,"sd","13:05:18",363500
75.7,-0.9,500,"sd","13:05:18",361000
75.7,-0.9,2000,"sd","13:05:18",360500
75.7,-0.9,100,"sd","13:04:30",358500
75.9,-0.7,300,"bu","13:04:28",358400
76,-0.6,400,"bu","13:04:28",358100
76,-0.6,200,"bu","13:04:28",357700
76,-0.6,100,"bu","13:04:13",357500
76,-0.6,100,"bu","13:04:13",357100
76,-0.6,300,"bu","13:04:13",357400
75.8,-0.8,4300,"bu","13:04:13",357000
75.8,-0.8,3200,"sd","13:04:12",352700
75.9,-0.7,2500,"sd","13:04:12",349500
75.9,-0.7,2000,"bu","13:04:01",347000
75.9,-0.7,300,"bu","13:04:01",345000
75.8,-0.8,1000,"sd","13:03:55",344700
75.8,-0.8,100,"sd","13:03:52",343700
75.8,-0.8,500,"bu","13:03:49",343600
75.7,-0.9,1300,"sd","13:03:41",343100
75.7,-0.9,1300,"sd","13:03:38",341800
75.7,-0.9,100,"bu","13:03:38",340500
75.6,-1,400,"sd","13:03:23",340400
75.7,-0.9,400,"bu","13:03:17",340000
75.7,-0.9,100,"sd","13:03:14",339600
75.7,-0.9,700,"sd","13:03:14",339500
75.7,-0.9,100,"sd","13:03:01",338800
75.7,-0.9,100,"sd","13:02:49",338700
75.7,-0.9,100,"sd","13:02:49",338600
75.7,-0.9,3000,"sd","13:02:36",338500
75.7,-0.9,500,"sd","13:02:27",335500
75.7,-0.9,300,"sd","13:02:17",335000
75.8,-0.8,200,"sd","13:02:17",334700
75.9,-0.7,400,"bu","13:02:02",334500
75.9,-0.7,3000,"bu","13:02:02",334100
75.9,-0.7,300,"bu","13:02:02",331100
75.9,-0.7,100,"bu","13:02:02",330800
75.9,-0.7,1000,"bu","13:02:02",330700
75.8,-0.8,4600,"sd","13:01:48",329700
75.7,-0.9,900,"bu","13:01:36",325100
75.6,-1,500,"sd","13:01:30",324200
75.7,-0.9,400,"sd","13:01:27",323700
75.7,-0.9,300,"bu","13:01:24",323300
75.7,-0.9,100,"bu","13:01:24",323000
75.7,-0.9,500,"bu","13:01:24",322900
75.7,-0.9,800,"bu","13:01:24",322400
75.7,-0.9,200,"bu","13:01:24",321600
75.7,-0.9,2500,"bu","13:01:24",321400
75.6,-1,900,"sd","13:01:15",318900
75.6,-1,200,"bu","13:01:08",318000
75.6,-1,100,"bu","13:01:08",317800
75.5,-1.1,900,"sd","13:01:06",317700
75.5,-1.1,500,"sd","13:01:05",316800
75.5,-1.1,400,"sd","13:01:04",316300
75.5,-1.1,100,"sd","13:01:03",315900
75.5,-1.1,200,"sd","13:01:02",315800
75.5,-1.1,500,"sd","13:01:00",315600
75.5,-1.1,100,"sd","13:00:58",315100
75.5,-1.1,500,"sd","13:00:55",315000
75.5,-1.1,200,"sd","13:00:52",314500
75.6,-1,500,"bu","13:00:52",314300
75.5,-1.1,100,"sd","13:00:49",313800
75.5,-1.1,100,"sd","13:00:45",313700
75.5,-1.1,100,"sd","13:00:41",313600
75.5,-1.1,700,"sd","13:00:37",313500
75.6,-1,100,"unknown","13:00:33",312800
75.6,-1,100,"unknown","13:00:32",312700
75.6,-1,1000,"unknown","13:00:31",312600
75.6,-1,100,"unknown","13:00:30",311600
75.6,-1,500,"unknown","13:00:27",311500
75.6,-1,100,"unknown","13:00:26",311000
75.6,-1,100,"unknown","13:00:26",310900
75.5,-1.1,200,"sd","13:00:24",310800
75.6,-1,100,"unknown","13:00:23",310600
75.6,-1,900,"unknown","13:00:22",310500
75.6,-1,200,"unknown","13:00:19",309600
75.6,-1,500,"unknown","13:00:18",309400
75.6,-1,200,"unknown","13:00:15",308900
75.6,-1,100,"unknown","13:00:14",308700
75.6,-1,200,"sd","13:00:01",308600
75.6,-1,300,"sd","13:00:00",308400
75.6,-1,300,"sd","11:29:00",308100
75.6,-1,100,"sd","11:28:59",307800
75.6,-1,500,"sd","11:28:59",307700
75.6,-1,900,"sd","11:28:59",307200
75.6,-1,200,"sd","11:28:59",306300
75.6,-1,100,"sd","11:28:03",306100
75.6,-1,100,"sd","11:27:08",306000
75.6,-1,100,"sd","11:26:47",305900
75.6,-1,100,"sd","11:26:47",305800
75.6,-1,100,"sd","11:26:38",305700
75.6,-1,300,"sd","11:25:39",305600
75.6,-1,400,"sd","11:25:39",305300
75.6,-1,100,"bu","11:25:30",304900
75.5,-1.1,100,"sd","11:24:03",304800
75.5,-1.1,200,"sd","11:23:07",304700
75.5,-1.1,1000,"sd","11:23:07",304500
75.5,-1.1,300,"sd","11:23:06",303500
75.5,-1.1,100,"sd","11:23:06",303200
75.5,-1.1,100,"sd","11:23:06",303100
75.5,-1.1,100,"sd","11:23:06",303000
75.5,-1.1,200,"sd","11:23:06",302900
75.5,-1.1,100,"sd","11:23:06",302700
75.5,-1.1,200,"sd","11:23:06",302600
75.5,-1.1,200,"sd","11:23:06",302400
75.5,-1.1,100,"sd","11:23:06",302200
75.5,-1.1,200,"sd","11:23:06",302100
75.5,-1.1,100,"sd","11:23:06",301900
75.6,-1,900,"sd","11:23:06",301800
75.6,-1,600,"sd","11:23:06",300900
75.6,-1,600,"sd","11:23:06",300300
75.7,-0.9,500,"bu","11:22:56",299700
75.7,-0.9,900,"sd","11:22:43",299200
75.7,-0.9,1100,"sd","11:22:43",298300
75.7,-0.9,100,"sd","11:22:32",297200
75.7,-0.9,300,"sd","11:22:30",297100
75.7,-0.9,100,"bu","11:21:45",296800
75.7,-0.9,100,"bu","11:21:45",296700
75.7,-0.9,300,"bu","11:21:45",296600
75.6,-1,300,"sd","11:21:32",296300
75.6,-1,100,"bu","11:20:38",296000
75.5,-1.1,100,"sd","11:20:23",295900
75.5,-1.1,200,"sd","11:20:21",295800
75.5,-1.1,200,"sd","11:20:11",295600
75.5,-1.1,100,"sd","11:20:11",295400
75.5,-1.1,100,"sd","11:19:02",295300
75.5,-1.1,1000,"sd","11:19:02",295200
75.5,-1.1,100,"sd","11:19:02",294200
75.5,-1.1,300,"sd","11:19:02",294100
75.5,-1.1,100,"sd","11:19:02",293800
75.5,-1.1,100,"sd","11:19:02",293700
75.5,-1.1,500,"sd","11:19:02",293600
75.5,-1.1,100,"sd","11:18:24",293100
75.5,-1.1,1000,"sd","11:18:18",293000
75.5,-1.1,1400,"sd","11:18:12",292000
75.5,-1.1,500,"sd","11:18:12",290600
75.5,-1.1,100,"sd","11:18:12",290100
75.5,-1.1,100,"sd","11:18:12",290000
75.5,-1.1,100,"sd","11:18:12",289900
75.5,-1.1,1000,"sd","11:18:01",289800
75.5,-1.1,300,"sd","11:18:01",288800
75.5,-1.1,200,"sd","11:18:01",288500
75.5,-1.1,700,"sd","11:18:01",288300
75.5,-1.1,1300,"sd","11:17:50",287600
75.6,-1,500,"sd","11:17:50",286300
75.6,-1,200,"sd","11:17:50",285800
75.6,-1,1400,"sd","11:17:37",285600
75.6,-1,500,"sd","11:17:37",284200
75.6,-1,100,"sd","11:17:37",283700
75.6,-1,100,"sd","11:17:19",283600
75.6,-1,100,"sd","11:17:19",283500
75.6,-1,1000,"sd","11:17:19",283400
75.6,-1,200,"sd","11:17:19",282400
75.6,-1,200,"sd","11:17:19",282200
75.6,-1,100,"sd","11:17:19",282000
75.6,-1,500,"sd","11:17:19",281900
75.6,-1,300,"sd","11:17:10",281400
75.6,-1,1000,"sd","11:17:10",281100
75.6,-1,100,"sd","11:17:10",280100
75.6,-1,500,"sd","11:17:10",280000
75.6,-1,100,"sd","11:17:10",279500
75.6,-1,100,"sd","11:17:10",279400
75.6,-1,100,"sd","11:17:10",279300
75.7,-0.9,200,"bu","11:16:29",279200
75.7,-0.9,500,"bu","11:16:28",279000
75.7,-0.9,500,"bu","11:15:10",278500
75.7,-0.9,100,"sd","11:14:40",278000
75.7,-0.9,500,"sd","11:14:40",277900
75.7,-0.9,100,"sd","11:14:40",277400
75.7,-0.9,800,"sd","11:14:40",277300
75.7,-0.9,200,"sd","11:14:16",276500
75.7,-0.9,300,"sd","11:14:16",276300
75.7,-0.9,100,"sd","11:14:16",276000
75.7,-0.9,200,"sd","11:14:16",275900
75.7,-0.9,500,"sd","11:14:16",275700
75.7,-0.9,200,"sd","11:14:16",275200
75.7,-0.9,500,"sd","11:14:16",275000
75.7,-0.9,500,"sd","11:14:16",274500
75.7,-0.9,100,"sd","11:14:15",274000
75.7,-0.9,200,"sd","11:14:15",273900
75.7,-0.9,500,"sd","11:14:15",273700
75.7,-0.9,500,"sd","11:14:15",273200
75.7,-0.9,200,"sd","11:14:15",272700
75.7,-0.9,100,"sd","11:14:00",272500
75.7,-0.9,100,"sd","11:14:00",272400
75.8,-0.8,100,"bu","11:13:53",272300
75.8,-0.8,600,"bu","11:13:52",272200
75.8,-0.8,200,"bu","11:13:16",271600
75.8,-0.8,500,"bu","11:12:34",271400
75.8,-0.8,100,"bu","11:12:25",270900
75.8,-0.8,100,"bu","11:12:10",270800
75.8,-0.8,500,"bu","11:11:16",270700
75.8,-0.8,200,"bu","11:10:48",270200
75.8,-0.8,100,"bu","11:10:18",270000
75.8,-0.8,500,"bu","11:09:59",269900
75.8,-0.8,500,"sd","11:09:20",269400
75.8,-0.8,100,"sd","11:09:20",268900
75.8,-0.8,100,"sd","11:09:20",268800
75.8,-0.8,200,"sd","11:09:20",268700
75.8,-0.8,100,"sd","11:09:20",268500
75.8,-0.8,100,"sd","11:09:20",268400
75.8,-0.8,1300,"sd","11:09:20",268300
75.8,-0.8,500,"sd","11:09:20",267000
75.8,-0.8,200,"sd","11:09:20",266500
75.8,-0.8,500,"sd","11:09:20",266300
75.8,-0.8,300,"sd","11:07:40",265800
75.9,-0.7,600,"bu","11:07:24",265500
75.9,-0.7,500,"bu","11:06:06",264900
75.9,-0.7,100,"bu","11:05:41",264400
75.9,-0.7,500,"bu","11:04:48",264300
75.9,-0.7,500,"bu","11:03:31",263800
75.9,-0.7,100,"bu","11:03:22",263300
75.9,-0.7,100,"bu","11:03:21",263200
75.8,-0.8,2900,"sd","11:02:56",263100
75.9,-0.7,500,"bu","11:02:13",260200
75.9,-0.7,100,"sd","11:01:56",259700
75.9,-0.7,500,"sd","11:01:56",259600
75.9,-0.7,200,"sd","11:01:56",259100
75.9,-0.7,300,"sd","11:01:56",258900
76,-0.6,100,"bu","11:01:49",258600
76,-0.6,100,"bu","11:00:59",258500
76,-0.6,600,"bu","11:00:56",258400
76,-0.6,300,"bu","10:59:37",257800
75.9,-0.7,200,"sd","10:59:17",257500
75.9,-0.7,900,"bu","10:59:13",257300
75.9,-0.7,3500,"bu","10:59:05",256400
75.9,-0.7,1500,"bu","10:59:05",252900
75.9,-0.7,500,"bu","10:58:21",251400
75.9,-0.7,100,"bu","10:58:11",250900
75.9,-0.7,100,"bu","10:57:54",250800
75.9,-0.7,600,"bu","10:57:37",250700
75.9,-0.7,500,"bu","10:57:03",250100
75.9,-0.7,500,"bu","10:55:46",249600
75.9,-0.7,100,"bu","10:55:19",249100
75.9,-0.7,100,"sd","10:55:18",249000
75.9,-0.7,1000,"sd","10:55:18",248900
76,-0.6,100,"bu","10:54:57",247900
76,-0.6,300,"bu","10:54:28",247800
76,-0.6,300,"bu","10:54:28",247500
76,-0.6,200,"bu","10:53:10",247200
76,-0.6,300,"bu","10:53:10",247000
76,-0.6,100,"bu","10:52:58",246700
75.8,-0.8,100,"sd","10:50:26",246600
75.7,-0.9,100,"sd","10:49:35",246500
75.7,-0.9,100,"sd","10:48:39",246400
75.7,-0.9,400,"sd","10:48:39",246300
75.7,-0.9,300,"sd","10:47:50",245900
75.7,-0.9,100,"sd","10:47:11",245600
75.7,-0.9,200,"sd","10:46:46",245500
75.7,-0.9,100,"sd","10:46:46",245300
75.7,-0.9,200,"sd","10:46:46",245200
75.7,-0.9,300,"sd","10:45:51",245000
75.7,-0.9,100,"sd","10:45:49",244700
75.8,-0.8,1000,"sd","10:45:49",244600
75.8,-0.8,500,"sd","10:45:49",243600
75.8,-0.8,200,"sd","10:45:49",243100
75.8,-0.8,500,"sd","10:45:49",242900
75.9,-0.7,300,"sd","10:45:49",242400
75.9,-0.7,200,"sd","10:45:27",242100
75.9,-0.7,800,"sd","10:45:27",241900
75.9,-0.7,200,"sd","10:45:22",241100
75.8,-0.8,300,"sd","10:44:52",240900
75.8,-0.8,200,"sd","10:44:14",240600
75.8,-0.8,1000,"sd","10:44:14",240400
75.8,-0.8,1000,"sd","10:44:14",239400
75.8,-0.8,100,"sd","10:44:14",238400
75.9,-0.7,300,"unknown","10:44:14",238300
75.9,-0.7,200,"bu","10:44:07",238000
75.9,-0.7,100,"bu","10:44:00",237800
75.9,-0.7,400,"bu","10:43:58",237700
75.9,-0.7,100,"sd","10:43:42",237300
75.9,-0.7,200,"sd","10:43:42",237200
75.9,-0.7,300,"sd","10:43:42",237000
75.9,-0.7,100,"sd","10:43:42",236700
75.9,-0.7,600,"sd","10:43:42",236600
75.9,-0.7,400,"bu","10:43:00",236000
75.9,-0.7,100,"bu","10:42:48",235600
75.9,-0.7,200,"bu","10:42:48",235500
75.9,-0.7,200,"bu","10:42:48",235300
75.9,-0.7,500,"bu","10:42:26",235100
75.9,-0.7,300,"sd","10:41:59",234600
75.8,-0.8,500,"sd","10:41:50",234300
75.8,-0.8,500,"sd","10:41:32",233800
75.8,-0.8,500,"sd","10:41:32",233300
75.8,-0.8,300,"sd","10:41:32",232800
75.8,-0.8,300,"sd","10:41:32",232500
75.9,-0.7,600,"sd","10:41:32",232200
75.9,-0.7,100,"sd","10:41:32",231600
75.9,-0.7,100,"sd","10:41:32",231500
75.9,-0.7,100,"sd","10:41:32",231400
75.9,-0.7,400,"bu","10:40:14",231300
75.9,-0.7,100,"bu","10:40:14",230900
75.9,-0.7,100,"bu","10:40:08",230800
75.9,-0.7,100,"bu","10:40:08",230700
75.9,-0.7,500,"bu","10:40:08",230600
75.9,-0.7,1000,"bu","10:39:57",230100
75.9,-0.7,100,"bu","10:39:29",229100
75.8,-0.8,200,"sd","10:39:01",229000
75.8,-0.8,100,"bu","10:37:24",228800
75.8,-0.8,400,"bu","10:37:23",228700
75.8,-0.8,100,"bu","10:37:23",228300
75.8,-0.8,100,"bu","10:37:23",228200
75.8,-0.8,1000,"bu","10:37:23",228100
75.8,-0.8,400,"bu","10:37:23",227100
75.8,-0.8,300,"bu","10:36:51",226700
75.7,-0.9,300,"sd","10:36:09",226400
75.7,-0.9,200,"sd","10:35:21",226100
75.8,-0.8,600,"bu","10:35:02",225900
75.8,-0.8,200,"bu","10:33:58",225300
75.8,-0.8,200,"bu","10:33:57",225100
75.8,-0.8,100,"bu","10:33:51",224900
75.8,-0.8,300,"bu","10:33:49",224800
75.8,-0.8,500,"bu","10:33:46",224500
75.8,-0.8,200,"bu","10:33:37",224000
75.7,-0.9,200,"sd","10:33:29",223800
75.7,-0.9,100,"bu","10:33:18",223600
75.6,-1,500,"sd","10:33:16",223500
75.6,-1,500,"sd","10:33:16",223000
75.6,-1,200,"sd","10:33:16",222500
75.6,-1,700,"sd","10:33:16",222300
75.6,-1,300,"bu","10:32:22",221600
75.6,-1,100,"bu","10:32:20",221300
75.6,-1,600,"bu","10:31:59",221200
75.6,-1,400,"bu","10:31:59",220600
75.6,-1,2000,"bu","10:31:58",220200
75.6,-1,100,"bu","10:31:57",218200
75.6,-1,100,"bu","10:31:34",218100
75.6,-1,100,"bu","10:31:20",218000
75.6,-1,200,"bu","10:31:17",217900
75.6,-1,500,"sd","10:31:15",217700
75.6,-1,200,"sd","10:31:15",217200
75.6,-1,1000,"sd","10:31:15",217000
75.6,-1,100,"sd","10:31:15",216000
75.6,-1,300,"sd","10:31:15",215900
75.6,-1,300,"sd","10:31:12",215600
75.6,-1,200,"sd","10:30:58",215300
75.6,-1,200,"sd","10:30:58",215100
75.6,-1,100,"bu","10:30:58",214900
75.6,-1,100,"sd","10:30:40",214800
75.6,-1,500,"sd","10:30:40",214700
75.6,-1,100,"sd","10:30:40",214200
75.6,-1,200,"sd","10:30:40",214100
75.6,-1,300,"sd","10:30:40",213900
75.6,-1,100,"sd","10:30:38",213600
75.6,-1,100,"sd","10:30:27",213500
75.6,-1,100,"sd","10:30:07",213400
75.6,-1,100,"sd","10:30:06",213300
75.6,-1,100,"sd","10:30:06",213200
75.6,-1,300,"sd","10:30:06",213100
75.6,-1,100,"sd","10:29:59",212800
75.6,-1,100,"sd","10:29:21",212700
75.6,-1,400,"sd","10:29:21",212600
75.6,-1,200,"sd","10:29:05",212200
75.6,-1,1000,"sd","10:28:58",212000
75.6,-1,500,"sd","10:28:38",211000
75.6,-1,400,"sd","10:28:29",210500
75.6,-1,100,"sd","10:28:18",210100
75.5,-1.1,300,"sd","10:28:16",210000
75.6,-1,1000,"sd","10:28:16",209700
75.6,-1,100,"sd","10:28:16",208700
75.5,-1.1,100,"sd","10:28:16",208600
75.6,-1,100,"sd","10:28:16",208500
75.5,-1.1,100,"sd","10:28:16",208400
75.6,-1,700,"sd","10:28:16",208300
75.5,-1.1,1000,"sd","10:28:16",207600
75.5,-1.1,100,"sd","10:28:16",206600
75.5,-1.1,100,"sd","10:28:16",206500
75.5,-1.1,500,"sd","10:28:16",206400
75.5,-1.1,100,"sd","10:28:16",205900
75.5,-1.1,100,"sd","10:28:16",205800
75.5,-1.1,100,"sd","10:28:16",205700
75.5,-1.1,100,"sd","10:28:16",205600
75.5,-1.1,700,"sd","10:28:16",205500
75.5,-1.1,100,"sd","10:28:16",204800
75.5,-1.1,500,"sd","10:28:16",204700
75.5,-1.1,100,"sd","10:28:16",204200
75.6,-1,800,"sd","10:27:42",204100
75.6,-1,100,"sd","10:27:42",203300
75.6,-1,100,"sd","10:27:42",203200
75.6,-1,5000,"sd","10:27:42",203100
75.6,-1,100,"sd","10:27:42",198100
75.7,-0.9,200,"sd","10:27:42",198000
75.7,-0.9,500,"sd","10:27:42",197800
75.7,-0.9,100,"sd","10:27:42",197300
75.7,-0.9,500,"sd","10:27:42",197200
75.7,-0.9,100,"sd","10:27:42",196700
75.7,-0.9,1000,"sd","10:27:42",196600
75.7,-0.9,200,"sd","10:27:42",195600
75.7,-0.9,200,"sd","10:27:42",195400
75.7,-0.9,100,"sd","10:27:42",195200
75.7,-0.9,200,"sd","10:27:42",195100
75.7,-0.9,100,"sd","10:27:42",194900
75.7,-0.9,2700,"sd","10:27:42",194800
75.7,-0.9,200,"sd","10:27:41",192100
75.8,-0.8,500,"bu","10:27:17",191900
75.8,-0.8,100,"bu","10:27:13",191400
75.8,-0.8,100,"bu","10:26:47",191300
75.8,-0.8,100,"bu","10:26:41",191200
75.8,-0.8,100,"bu","10:26:41",191100
75.8,-0.8,300,"bu","10:26:41",191000
75.7,-0.9,100,"sd","10:26:30",190700
75.7,-0.9,100,"sd","10:26:30",190600
75.7,-0.9,400,"sd","10:26:30",190500
75.8,-0.8,200,"bu","10:26:11",190100
75.7,-0.9,300,"sd","10:26:05",189900
75.8,-0.8,100,"bu","10:26:04",189600
75.7,-0.9,100,"sd","10:25:55",189500
75.8,-0.8,200,"bu","10:25:21",189400
75.8,-0.8,100,"bu","10:25:20",189200
75.8,-0.8,300,"bu","10:25:06",189100
75.8,-0.8,100,"bu","10:24:44",188800
75.8,-0.8,100,"bu","10:24:42",188700
75.8,-0.8,500,"bu","10:24:42",188600
75.8,-0.8,100,"sd","10:24:27",188100
75.8,-0.8,100,"sd","10:24:27",188000
75.8,-0.8,100,"sd","10:24:27",187900
75.8,-0.8,100,"sd","10:24:27",187800
75.8,-0.8,100,"sd","10:24:27",187700
75.9,-0.7,800,"bu","10:24:18",187600
75.9,-0.7,100,"bu","10:24:18",186800
75.9,-0.7,100,"bu","10:24:18",186700
75.9,-0.7,200,"bu","10:24:03",186600
75.8,-0.8,200,"bu","10:23:52",186400
75.8,-0.8,1000,"sd","10:23:44",186200
75.7,-0.9,200,"sd","10:23:35",185200
75.8,-0.8,200,"sd","10:23:35",185000
75.8,-0.8,800,"bu","10:23:29",184800
75.8,-0.8,500,"bu","10:23:24",184000
75.8,-0.8,100,"bu","10:22:32",183500
75.8,-0.8,200,"sd","10:22:29",183400
75.8,-0.8,100,"sd","10:22:29",183200
75.8,-0.8,100,"sd","10:22:29",183100
75.8,-0.8,100,"sd","10:22:29",183000
75.8,-0.8,100,"sd","10:22:29",182900
75.8,-0.8,100,"sd","10:22:29",182800
75.8,-0.8,300,"sd","10:22:29",182700
75.9,-0.7,100,"bu","10:22:24",182400
75.9,-0.7,200,"bu","10:22:09",182300
75.9,-0.7,600,"bu","10:22:07",182100
75.8,-0.8,200,"sd","10:22:06",181500
75.8,-0.8,100,"sd","10:22:06",181300
75.8,-0.8,100,"sd","10:22:06",181200
75.8,-0.8,100,"sd","10:22:06",181100
75.9,-0.7,300,"bu","10:22:00",181000
75.9,-0.7,100,"bu","10:21:16",180700
75.9,-0.7,500,"bu","10:20:49",180600
75.9,-0.7,100,"bu","10:20:42",180100
75.8,-0.8,500,"sd","10:20:37",180000
75.9,-0.7,100,"bu","10:20:33",179500
75.8,-0.8,500,"sd","10:20:20",179400
75.8,-0.8,100,"sd","10:20:12",178900
75.8,-0.8,500,"sd","10:20:12",178800
75.8,-0.8,500,"sd","10:19:35",178300
75.8,-0.8,100,"sd","10:19:35",177800
75.8,-0.8,100,"sd","10:19:35",177700
75.8,-0.8,200,"sd","10:19:35",177600
75.8,-0.8,100,"sd","10:19:35",177400
75.8,-0.8,500,"sd","10:19:35",177300
75.8,-0.8,100,"sd","10:19:35",176800
75.8,-0.8,500,"sd","10:19:35",176700
75.8,-0.8,200,"sd","10:19:35",176200
75.8,-0.8,100,"sd","10:19:35",176000
75.8,-0.8,200,"sd","10:18:54",175900
75.9,-0.7,100,"sd","10:18:51",175700
75.9,-0.7,500,"bu","10:18:14",175600
75.9,-0.7,100,"bu","10:17:51",175100
75.8,-0.8,100,"sd","10:17:50",175000
75.8,-0.8,200,"sd","10:17:34",174900
75.8,-0.8,500,"sd","10:17:26",174700
75.8,-0.8,100,"sd","10:17:26",174200
75.8,-0.8,200,"sd","10:17:26",174100
75.8,-0.8,200,"sd","10:17:26",173900
75.9,-0.7,100,"sd","10:17:15",173700
75.9,-0.7,100,"sd","10:17:15",173600
75.9,-0.7,1000,"sd","10:17:15",173500
75.9,-0.7,100,"sd","10:17:15",172500
75.9,-0.7,100,"sd","10:17:15",172400
76,-0.6,500,"bu","10:17:11",172300
76,-0.6,100,"bu","10:16:59",171800
76,-0.6,500,"bu","10:16:56",171700
76,-0.6,100,"bu","10:16:08",171200
76,-0.6,200,"bu","10:15:53",171100
76,-0.6,1000,"bu","10:15:53",170900
76,-0.6,1000,"bu","10:15:53",169900
76,-0.6,200,"bu","10:15:53",168900
76,-0.6,500,"bu","10:15:53",168700
76,-0.6,100,"bu","10:15:53",168200
76,-0.6,100,"bu","10:15:53",168100
76,-0.6,200,"bu","10:15:53",168000
76,-0.6,100,"bu","10:15:53",167800
76,-0.6,100,"bu","10:15:53",167700
76,-0.6,100,"bu","10:15:53",167600
76,-0.6,100,"bu","10:15:53",167500
76,-0.6,100,"bu","10:15:53",167400
76,-0.6,500,"bu","10:15:53",167300
76,-0.6,100,"bu","10:15:53",166800
76,-0.6,100,"bu","10:15:53",166700
76,-0.6,1000,"sd","10:15:53",166600
76,-0.6,200,"sd","10:15:53",165600
76,-0.6,100,"sd","10:15:53",165400
76,-0.6,100,"sd","10:15:53",165300
76,-0.6,100,"sd","10:15:53",165200
76,-0.6,100,"sd","10:15:53",165100
76,-0.6,900,"sd","10:15:53",165000
76,-0.6,200,"sd","10:15:53",164100
76,-0.6,400,"sd","10:15:53",163900
76,-0.6,1600,"sd","10:15:53",163500
76,-0.6,500,"sd","10:15:53",161900
76,-0.6,300,"sd","10:15:53",161400
76,-0.6,100,"sd","10:15:53",161100
76,-0.6,100,"sd","10:15:53",161000
76,-0.6,500,"sd","10:15:53",160900
76,-0.6,400,"sd","10:15:53",160400
76,-0.6,2600,"sd","10:15:34",160000
76,-0.6,100,"sd","10:15:34",157400
76,-0.6,100,"sd","10:15:34",157300
76,-0.6,100,"sd","10:15:34",157200
76,-0.6,100,"sd","10:15:34",157100
76,-0.6,100,"sd","10:15:21",157000
76,-0.6,100,"sd","10:14:37",156900
76,-0.6,100,"sd","10:14:37",156800
76,-0.6,100,"sd","10:14:37",156700
76,-0.6,100,"sd","10:14:37",156600
76,-0.6,100,"sd","10:14:37",156500
76,-0.6,200,"sd","10:13:59",156400
76.1,-0.5,1000,"bu","10:13:28",156200
76.1,-0.5,500,"bu","10:13:20",155200
76.1,-0.5,500,"sd","10:13:11",154700
76.1,-0.5,1000,"sd","10:13:11",154200
76.1,-0.5,100,"sd","10:13:11",153200
76.1,-0.5,500,"sd","10:13:11",153100
76.1,-0.5,100,"sd","10:13:11",152600
76.1,-0.5,100,"sd","10:13:11",152500
76.1,-0.5,100,"sd","10:13:11",152400
76.1,-0.5,500,"sd","10:13:11",152300
76.1,-0.5,300,"sd","10:13:11",151800
76.1,-0.5,300,"sd","10:13:11",151500
76.1,-0.5,200,"sd","10:12:36",151200
76.1,-0.5,100,"sd","10:12:36",151000
76.1,-0.5,100,"sd","10:12:36",150900
76.1,-0.5,100,"sd","10:12:36",150800
76.1,-0.5,100,"sd","10:12:36",150700
76.1,-0.5,100,"sd","10:12:36",150600
76.2,-0.4,100,"bu","10:12:05",150500
76.1,-0.5,100,"sd","10:12:00",150400
76.1,-0.5,400,"sd","10:12:00",150300
76.1,-0.5,700,"sd","10:12:00",149900
76.1,-0.5,200,"sd","10:12:00",149200
76.1,-0.5,100,"sd","10:12:00",149000
76.1,-0.5,100,"sd","10:11:56",148900
76.1,-0.5,100,"sd","10:11:56",148800
76.1,-0.5,100,"sd","10:11:56",148700
76.1,-0.5,100,"sd","10:11:56",148600
76.1,-0.5,100,"sd","10:11:56",148500
76.1,-0.5,300,"sd","10:11:56",148400
76.1,-0.5,200,"sd","10:11:29",148100
76.1,-0.5,300,"sd","10:11:29",147900
76.1,-0.5,1000,"sd","10:11:22",147600
76.1,-0.5,1400,"sd","10:11:22",146600
76.1,-0.5,500,"sd","10:10:53",145200
76.1,-0.5,100,"sd","10:10:41",144700
76.1,-0.5,1800,"sd","10:10:17",144600
76.2,-0.4,100,"sd","10:10:17",142800
76.2,-0.4,100,"sd","10:10:17",142700
76.2,-0.4,400,"sd","10:10:17",142600
76.2,-0.4,100,"sd","10:10:14",142200
76.2,-0.4,100,"sd","10:10:14",142100
76.2,-0.4,1000,"sd","10:10:14",142000
76.2,-0.4,200,"sd","10:10:14",141000
76.2,-0.4,100,"sd","10:10:14",140800
76.2,-0.4,100,"sd","10:10:14",140700
76.2,-0.4,200,"sd","10:10:14",140600
76.2,-0.4,500,"sd","10:10:14",140400
76.2,-0.4,100,"sd","10:10:14",139900
76.2,-0.4,400,"sd","10:09:21",139800
76.2,-0.4,100,"sd","10:09:21",139400
76.2,-0.4,200,"sd","10:09:05",139300
76.2,-0.4,200,"sd","10:08:16",139100
76.3,-0.3,600,"bu","10:07:53",138900
76.3,-0.3,100,"bu","10:07:40",138300
76.2,-0.4,500,"sd","10:05:10",138200
76.2,-0.4,500,"bu","10:05:04",137700
76.2,-0.4,500,"sd","10:04:23",137200
76.2,-0.4,100,"sd","10:03:25",136700
76.1,-0.5,1200,"sd","10:03:17",136600
76.1,-0.5,100,"sd","10:03:17",135400
76.1,-0.5,100,"sd","10:03:17",135300
76.1,-0.5,100,"sd","10:03:17",135200
76.1,-0.5,900,"sd","10:03:17",135100
76.2,-0.4,100,"sd","10:03:14",134200
76.2,-0.4,100,"sd","10:03:14",134100
76.2,-0.4,100,"sd","10:03:14",134000
76.2,-0.4,100,"sd","10:03:14",133900
76.1,-0.5,200,"sd","10:03:14",133800
76.1,-0.5,100,"sd","10:03:14",133600
76.1,-0.5,100,"sd","10:03:14",133500
76.1,-0.5,200,"sd","10:03:14",133400
76.1,-0.5,100,"sd","10:03:14",133200
76.1,-0.5,500,"sd","10:03:14",133100
76.1,-0.5,100,"sd","10:03:14",132600
76.1,-0.5,700,"sd","10:03:14",132500
76.2,-0.4,500,"sd","10:03:12",131800
76.2,-0.4,300,"bu","10:02:39",131300
76.1,-0.5,100,"sd","10:02:36",131000
76.2,-0.4,200,"bu","10:02:18",130900
76.1,-0.5,2400,"sd","10:01:59",130700
76.1,-0.5,2400,"sd","10:01:57",128300
76.1,-0.5,2400,"sd","10:01:42",125900
76.1,-0.5,2000,"sd","10:01:33",123500
76.1,-0.5,100,"sd","10:01:33",121500
76.3,-0.3,300,"sd","10:01:33",121400
76.2,-0.4,300,"bu","10:01:25",121100
76.2,-0.4,100,"sd","10:01:24",120800
76.2,-0.4,100,"sd","10:01:23",120700
76.2,-0.4,100,"sd","10:01:23",120600
76.2,-0.4,100,"sd","10:01:23",120500
76.2,-0.4,7400,"sd","10:01:23",120400
76.2,-0.4,5000,"sd","10:01:23",113000
76.2,-0.4,500,"sd","10:01:23",108000
76.2,-0.4,200,"sd","10:01:23",107500
76.2,-0.4,400,"sd","10:01:23",107300
76.2,-0.4,1000,"sd","10:01:23",106900
76.2,-0.4,100,"sd","10:01:23",105900
76.2,-0.4,1500,"sd","10:01:23",105800
76.2,-0.4,1000,"sd","10:01:23",104300
76.2,-0.4,500,"sd","10:01:23",103300
76.2,-0.4,2000,"sd","10:01:23",102800
76.2,-0.4,100,"sd","10:01:23",100800
76.2,-0.4,1000,"sd","10:01:23",100700
76.2,-0.4,200,"sd","10:01:23",99700
76.2,-0.4,1000,"sd","10:01:23",99500
76.3,-0.3,200,"sd","10:01:23",98500
76.3,-0.3,100,"bu","10:01:20",98300
76.3,-0.3,100,"bu","10:01:03",98200
76.3,-0.3,500,"bu","10:00:58",98100
76.3,-0.3,100,"sd","10:00:24",97600
76.3,-0.3,200,"sd","10:00:24",97500
76.4,-0.2,200,"sd","10:00:24",97300
76.4,-0.2,100,"sd","10:00:24",97100
76.4,-0.2,400,"bu","10:00:07",97000
76.4,-0.2,100,"bu","10:00:02",96600
76.2,-0.4,100,"sd","09:59:45",96500
76.3,-0.3,100,"bu","09:59:36",96400
76.4,-0.2,500,"bu","09:58:49",96300
76.5,-0.1,1400,"bu","09:58:16",95800
76.5,-0.1,700,"bu","09:58:16",94400
76.4,-0.2,6600,"bu","09:58:16",93700
76.3,-0.3,400,"bu","09:58:16",87100
76.3,-0.3,200,"bu","09:58:16",86700
76.3,-0.3,500,"bu","09:58:16",86500
76.3,-0.3,300,"bu","09:58:16",86000
76.2,-0.4,100,"sd","09:57:59",85700
76.2,-0.4,100,"sd","09:57:46",85600
76.2,-0.4,200,"sd","09:57:22",85500
76.2,-0.4,300,"sd","09:57:22",85300
76.2,-0.4,100,"sd","09:57:22",85000
76.3,-0.3,500,"bu","09:56:14",84900
76.3,-0.3,200,"bu","09:56:06",84400
76.3,-0.3,100,"bu","09:56:02",84200
76.3,-0.3,600,"sd","09:55:34",84100
76.3,-0.3,500,"sd","09:55:34",83500
76.3,-0.3,500,"sd","09:55:34",83000
76.3,-0.3,100,"sd","09:54:53",82500
76.3,-0.3,1300,"sd","09:54:36",82400
76.3,-0.3,2400,"sd","09:54:12",81100
76.3,-0.3,1300,"sd","09:54:10",78700
76.3,-0.3,100,"sd","09:54:10",77400
76.3,-0.3,500,"sd","09:54:10",77300
76.3,-0.3,500,"sd","09:54:10",76800
76.3,-0.3,100,"sd","09:54:05",76300
76.3,-0.3,100,"sd","09:54:05",76200
76.3,-0.3,100,"sd","09:53:12",76100
76.3,-0.3,100,"sd","09:53:00",76000
76.3,-0.3,2400,"sd","09:52:48",75900
76.3,-0.3,1100,"sd","09:52:44",73500
76.4,-0.2,500,"sd","09:52:44",72400
76.4,-0.2,800,"sd","09:52:44",71900
76.4,-0.2,100,"sd","09:52:20",71100
76.4,-0.2,100,"sd","09:52:19",71000
76.4,-0.2,200,"sd","09:52:19",70900
76.4,-0.2,500,"sd","09:52:19",70700
76.4,-0.2,2400,"sd","09:52:11",70200
76.4,-0.2,2100,"sd","09:52:09",67800
76.4,-0.2,200,"sd","09:52:09",65700
76.4,-0.2,100,"sd","09:52:09",65500
76.5,-0.1,500,"bu","09:51:03",65400
76.5,-0.1,1000,"bu","09:50:56",64900
76.5,-0.1,200,"sd","09:49:53",63900
76.6,0,200,"bu","09:49:46",63700
76.5,-0.1,300,"bu","09:49:46",63500
76.6,0,1000,"bu","09:48:59",63200
76.4,-0.2,100,"bu","09:48:41",62200
76.4,-0.2,600,"bu","09:48:27",62100
76.4,-0.2,100,"bu","09:48:13",61500
76.4,-0.2,1000,"sd","09:47:25",61400
76.4,-0.2,400,"sd","09:47:25",60400
76.4,-0.2,100,"sd","09:47:25",60000
76.5,-0.1,200,"sd","09:47:25",59900
76.5,-0.1,100,"bu","09:47:24",59700
76.5,-0.1,100,"bu","09:47:24",59600
76.5,-0.1,600,"bu","09:47:24",59500
76.4,-0.2,400,"sd","09:47:11",58900
76.3,-0.3,1200,"sd","09:45:52",58500
76.4,-0.2,200,"bu","09:45:47",57300
76.4,-0.2,200,"bu","09:45:20",57100
76.4,-0.2,300,"bu","09:45:11",56900
76.4,-0.2,500,"bu","09:44:35",56600
76.4,-0.2,100,"bu","09:43:59",56100
76.3,-0.3,5000,"sd","09:43:53",56000
76.3,-0.3,600,"sd","09:43:53",51000
76.3,-0.3,100,"sd","09:42:39",50400
76.3,-0.3,500,"sd","09:40:57",50300
76.3,-0.3,800,"sd","09:40:48",49800
76.4,-0.2,100,"bu","09:39:40",49000
76.4,-0.2,2000,"bu","09:39:40",48900
76.4,-0.2,100,"bu","09:39:40",46900
76.4,-0.2,800,"bu","09:39:40",46800
76.2,-0.4,100,"sd","09:37:56",46000
76.2,-0.4,100,"sd","09:37:56",45900
76.4,-0.2,500,"sd","09:37:44",45800
76.4,-0.2,200,"sd","09:37:44",45300
76.4,-0.2,400,"sd","09:37:44",45100
76.4,-0.2,200,"sd","09:37:25",44700
76.4,-0.2,1000,"sd","09:37:19",44500
76.4,-0.2,3400,"sd","09:37:14",43500
76.4,-0.2,500,"sd","09:36:16",40100
76.4,-0.2,200,"sd","09:36:16",39600
76.4,-0.2,4300,"sd","09:36:16",39400
76.5,-0.1,100,"bu","09:35:01",35100
76.5,-0.1,500,"bu","09:34:58",35000
76.5,-0.1,500,"bu","09:34:18",34500
76.5,-0.1,100,"sd","09:32:51",34000
76.5,-0.1,200,"sd","09:32:51",33900
76.5,-0.1,300,"sd","09:32:22",33700
76.5,-0.1,100,"sd","09:32:22",33400
76.5,-0.1,1000,"sd","09:32:22",33300
76.5,-0.1,200,"sd","09:32:22",32300
76.5,-0.1,1000,"sd","09:32:22",32100
76.5,-0.1,300,"sd","09:32:22",31100
76.5,-0.1,100,"sd","09:32:22",30800
76.6,0,300,"bu","09:32:01",30700
76.6,0,100,"bu","09:31:56",30400
76.6,0,100,"bu","09:31:49",30300
76.6,0,400,"bu","09:31:04",30200
76.6,0,700,"bu","09:31:04",29800
76.6,0,100,"bu","09:31:04",29100
76.6,0,100,"bu","09:30:44",29000
76.6,0,100,"bu","09:30:31",28900
76.6,0,300,"bu","09:30:31",28800
76.6,0,600,"bu","09:30:31",28500
76.6,0,400,"bu","09:30:06",27900
76.6,0,800,"bu","09:30:06",27500
76.6,0,1600,"bu","09:29:36",26700
76.6,0,2400,"bu","09:29:36",25100
76.6,0,1000,"bu","09:29:36",22700
76.5,-0.1,100,"sd","09:29:35",21700
76.6,0,200,"bu","09:28:32",21600
76.5,-0.1,200,"sd","09:26:53",21400
76.5,-0.1,100,"sd","09:26:53",21200
76.4,-0.2,100,"sd","09:26:04",21100
76.5,-0.1,100,"bu","09:25:56",21000
76.5,-0.1,100,"bu","09:25:17",20900
76.5,-0.1,100,"sd","09:24:40",20800
76.5,-0.1,100,"sd","09:24:27",20700
76.5,-0.1,400,"sd","09:24:27",20600
76.5,-0.1,100,"sd","09:24:11",20200
76.4,-0.2,600,"sd","09:24:05",20100
76.4,-0.2,300,"sd","09:24:05",19500
76.5,-0.1,100,"sd","09:24:05",19200
76.5,-0.1,100,"bu","09:23:26",19100
76.6,0,200,"bu","09:19:57",19000
76.6,0,1000,"bu","09:18:34",18800
76.7,0.1,900,"bu","09:17:48",17800
76.1,-0.5,600,"sd","09:17:48",16900
76.1,-0.5,200,"sd","09:17:47",16300
76.1,-0.5,100,"sd","09:17:47",16100
76.2,-0.4,200,"sd","09:17:47",16000
76.7,0.1,100,"sd","09:17:47",15800
76.4,-0.2,100,"sd","09:17:47",15700
76.5,-0.1,100,"sd","09:17:47",15600
76.6,0,500,"sd","09:17:47",15500
76.6,0,1000,"sd","09:17:47",15000
76.6,0,100,"sd","09:17:47",14000
76.6,0,100,"sd","09:17:47",13900
76.8,0.2,100,"bu","09:17:46",13800
76.8,0.2,1000,"bu","09:17:35",13700
76.8,0.2,500,"bu","09:17:31",12700
76.8,0.2,100,"bu","09:16:44",12200
76.8,0.2,100,"sd","09:16:28",12100
76.6,0,100,"sd","09:15:03",12000
77.2,0.6,11900,"bu","09:15:01",11900
