"price","change","match_qtty","side","time","total_vol"
7.1,-0.3,260800,"bu","14:45:03",7724900
7.09,-0.31,2200,"bu","14:30:00",7464100
7.09,-0.31,800,"bu","14:30:00",7461900
7.09,-0.31,2200,"bu","14:29:31",7461100
7.1,-0.3,3200,"bu","14:29:21",7458900
7.1,-0.3,500,"bu","14:29:21",7455700
7.1,-0.3,1300,"bu","14:29:21",7455200
7.06,-0.34,500,"sd","14:29:20",7453900
7.06,-0.34,500,"sd","14:29:15",7453400
7.1,-0.3,9500,"bu","14:29:14",7452900
7.09,-0.31,500,"bu","14:29:14",7443400
7.05,-0.35,700,"sd","14:29:07",7442900
7.05,-0.35,100,"sd","14:29:06",7442200
7.05,-0.35,100,"sd","14:29:06",7442100
7.05,-0.35,300,"sd","14:28:37",7442000
7.05,-0.35,100,"sd","14:28:34",7441700
7.05,-0.35,2000,"sd","14:28:22",7441600
7.05,-0.35,2000,"sd","14:28:16",7439600
7.06,-0.34,2000,"sd","14:28:16",7437600
7.1,-0.3,2800,"bu","14:27:53",7435600
7.05,-0.35,2000,"sd","14:27:53",7432800
7.1,-0.3,1000,"bu","14:27:47",7430800
7.1,-0.3,300,"bu","14:27:16",7429800
7.09,-0.31,3000,"bu","14:27:16",7429500
7.05,-0.35,3300,"bu","14:27:16",7426500
7.04,-0.36,4000,"sd","14:27:13",7423200
7.05,-0.35,100,"bu","14:27:08",7419200
7.05,-0.35,300,"sd","14:26:54",7419100
7.08,-0.32,500,"sd","14:26:54",7418800
7.09,-0.31,500,"bu","14:26:36",7418300
7.09,-0.31,100,"sd","14:26:36",7417800
7.09,-0.31,21000,"sd","14:26:36",7417700
7.09,-0.31,400,"sd","14:26:36",7396700
7.1,-0.3,1000,"bu","14:26:33",7396300
7.09,-0.31,100,"sd","14:26:32",7395300
7.09,-0.31,4900,"sd","14:26:32",7395200
7.09,-0.31,100,"sd","14:26:27",7390300
7.09,-0.31,200,"sd","14:26:06",7390200
7.1,-0.3,800,"bu","14:26:04",7390000
7.09,-0.31,100,"sd","14:26:02",7389200
7.09,-0.31,3000,"sd","14:26:02",7389100
7.09,-0.31,200,"sd","14:25:54",7386100
7.1,-0.3,100,"bu","14:25:40",7385900
7.1,-0.3,200,"bu","14:25:39",7385800
7.1,-0.3,500,"bu","14:25:39",7385600
7.1,-0.3,5000,"sd","14:25:37",7385100
7.1,-0.3,500,"sd","14:25:37",7380100
7.1,-0.3,500,"sd","14:25:37",7379600
7.1,-0.3,300,"sd","14:25:37",7379100
7.1,-0.3,500,"sd","14:25:37",7378800
7.1,-0.3,700,"sd","14:25:37",7378300
7.1,-0.3,100,"sd","14:25:27",7377600
7.1,-0.3,400,"sd","14:25:27",7377500
7.1,-0.3,600,"sd","14:25:15",7377100
7.1,-0.3,200,"sd","14:25:15",7376500
7.1,-0.3,100,"sd","14:25:15",7376300
7.12,-0.28,100,"sd","14:25:15",7376200
7.15,-0.25,5000,"bu","14:25:15",7376100
7.15,-0.25,1800,"bu","14:25:09",7371100
7.14,-0.26,200,"unknown","14:25:09",7369300
7.12,-0.28,100,"bu","14:25:07",7369100
7.12,-0.28,1800,"bu","14:25:07",7369000
7.12,-0.28,1000,"sd","14:25:00",7367200
7.12,-0.28,200,"sd","14:25:00",7366200
7.12,-0.28,400,"sd","14:24:48",7366000
7.15,-0.25,2000,"bu","14:24:45",7365600
7.13,-0.27,1000,"unknown","14:24:45",7363600
7.12,-0.28,3500,"sd","14:24:45",7362600
7.12,-0.28,1500,"sd","14:24:45",7359100
7.12,-0.28,500,"sd","14:24:39",7357600
7.15,-0.25,500,"bu","14:24:37",7357100
7.15,-0.25,5000,"bu","14:24:35",7356600
7.15,-0.25,100,"sd","14:24:32",7351600
7.15,-0.25,300,"sd","14:24:32",7351500
7.15,-0.25,6900,"sd","14:24:32",7351200
7.15,-0.25,2500,"sd","14:24:23",7344300
7.17,-0.23,500,"sd","14:24:23",7341800
7.15,-0.25,600,"sd","14:24:14",7341300
7.15,-0.25,100,"sd","14:24:14",7340700
7.15,-0.25,300,"sd","14:24:14",7340600
7.16,-0.24,300,"sd","14:24:14",7340300
7.16,-0.24,100,"sd","14:24:14",7340000
7.17,-0.23,100,"sd","14:24:14",7339900
7.17,-0.23,500,"sd","14:24:14",7339800
7.17,-0.23,3000,"sd","14:23:49",7339300
7.17,-0.23,1000,"sd","14:23:45",7336300
7.17,-0.23,500,"bu","14:23:37",7335300
7.16,-0.24,500,"bu","14:23:36",7334800
7.16,-0.24,500,"sd","14:23:34",7334300
7.16,-0.24,400,"sd","14:23:34",7333800
7.16,-0.24,9800,"sd","14:23:34",7333400
7.17,-0.23,100,"bu","14:23:34",7323600
7.16,-0.24,200,"sd","14:23:31",7323500
7.17,-0.23,3000,"bu","14:23:29",7323300
7.17,-0.23,1000,"bu","14:23:25",7320300
7.17,-0.23,200,"sd","14:23:20",7319300
7.17,-0.23,200,"sd","14:23:20",7319100
7.2,-0.2,2000,"sd","14:23:04",7318900
7.2,-0.2,800,"sd","14:23:04",7316900
7.2,-0.2,100,"sd","14:23:04",7316100
7.2,-0.2,500,"sd","14:23:04",7316000
7.2,-0.2,1000,"sd","14:23:04",7315500
7.2,-0.2,1000,"sd","14:23:04",7314500
7.2,-0.2,200,"sd","14:23:03",7313500
7.24,-0.16,100,"sd","14:23:03",7313300
7.25,-0.15,1000,"bu","14:23:01",7313200
7.25,-0.15,600,"sd","14:23:01",7312200
7.25,-0.15,9400,"sd","14:23:01",7311600
7.25,-0.15,100,"sd","14:22:58",7302200
7.25,-0.15,500,"bu","14:22:51",7302100
7.25,-0.15,500,"bu","14:22:51",7301600
7.25,-0.15,2000,"bu","14:22:51",7301100
7.25,-0.15,1500,"bu","14:22:51",7299100
7.25,-0.15,100,"bu","14:22:50",7297600
7.25,-0.15,1000,"bu","14:22:38",7297500
7.25,-0.15,100,"bu","14:22:36",7296500
7.25,-0.15,500,"bu","14:22:33",7296400
7.25,-0.15,6800,"bu","14:22:29",7295900
7.25,-0.15,3200,"bu","14:22:29",7289100
7.25,-0.15,1800,"bu","14:22:18",7285900
7.25,-0.15,200,"bu","14:22:18",7284100
7.2,-0.2,300,"sd","14:22:10",7283900
7.22,-0.18,800,"sd","14:22:10",7283600
7.24,-0.16,1000,"sd","14:22:10",7282800
7.24,-0.16,900,"sd","14:22:10",7281800
7.25,-0.15,200,"bu","14:22:01",7280900
7.25,-0.15,500,"bu","14:21:59",7280700
7.24,-0.16,100,"bu","14:21:54",7280200
7.23,-0.17,200,"unknown","14:21:36",7280100
7.22,-0.18,10000,"unknown","14:21:36",7279900
7.22,-0.18,1600,"unknown","14:21:36",7269900
7.2,-0.2,3600,"unknown","14:21:36",7268300
7.2,-0.2,100,"unknown","14:21:36",7264700
7.24,-0.16,9900,"bu","14:21:36",7264600
7.2,-0.2,6000,"bu","14:21:36",7254700
7.24,-0.16,1000,"bu","14:21:36",7248700
7.24,-0.16,1000,"bu","14:21:36",7247700
7.2,-0.2,15500,"bu","14:21:36",7246700
7.24,-0.16,700,"bu","14:21:36",7231200
7.24,-0.16,400,"bu","14:21:36",7230500
7.2,-0.2,300,"bu","14:21:34",7230100
7.2,-0.2,20000,"bu","14:21:30",7229800
7.2,-0.2,700,"bu","14:21:29",7209800
7.2,-0.2,500,"bu","14:21:27",7209100
7.2,-0.2,37000,"bu","14:21:26",7208600
7.2,-0.2,500,"bu","14:21:23",7171600
7.2,-0.2,2100,"bu","14:21:21",7171100
7.16,-0.24,100,"sd","14:21:21",7169000
7.16,-0.24,100,"sd","14:21:21",7168900
7.2,-0.2,100,"bu","14:21:17",7168800
7.2,-0.2,5000,"bu","14:21:12",7168700
7.2,-0.2,200,"bu","14:21:06",7163700
7.2,-0.2,5000,"bu","14:21:04",7163500
7.2,-0.2,100,"bu","14:20:52",7158500
7.2,-0.2,9000,"sd","14:20:22",7158400
7.2,-0.2,2000,"sd","14:20:14",7149400
7.22,-0.18,1300,"bu","14:20:06",7147400
7.21,-0.19,500,"bu","14:20:06",7146100
7.21,-0.19,200,"bu","14:20:06",7145600
7.16,-0.24,1900,"sd","14:19:57",7145400
7.17,-0.23,100,"sd","14:19:57",7143500
7.18,-0.22,100,"sd","14:19:57",7143400
7.2,-0.2,2300,"sd","14:19:57",7143300
7.2,-0.2,200,"sd","14:19:57",7141000
7.2,-0.2,400,"sd","14:19:57",7140800
7.2,-0.2,200,"sd","14:19:57",7140400
7.2,-0.2,1500,"sd","14:19:50",7140200
7.2,-0.2,500,"sd","14:19:48",7138700
7.2,-0.2,7400,"bu","14:19:47",7138200
7.2,-0.2,100,"bu","14:19:44",7130800
7.2,-0.2,2000,"bu","14:19:37",7130700
7.2,-0.2,10500,"bu","14:19:37",7128700
7.2,-0.2,200,"bu","14:19:37",7118200
7.2,-0.2,5000,"bu","14:19:31",7118000
7.2,-0.2,2100,"bu","14:19:26",7113000
7.2,-0.2,500,"sd","14:19:25",7110900
7.2,-0.2,500,"sd","14:19:25",7110400
7.2,-0.2,1700,"sd","14:19:25",7109900
7.2,-0.2,300,"sd","14:19:22",7108200
7.2,-0.2,3000,"sd","14:19:22",7107900
7.2,-0.2,6700,"sd","14:19:22",7104900
7.2,-0.2,100,"sd","14:19:14",7098200
7.2,-0.2,300,"sd","14:19:09",7098100
7.22,-0.18,2100,"bu","14:18:59",7097800
7.22,-0.18,17200,"bu","14:18:59",7095700
7.22,-0.18,500,"bu","14:18:59",7078500
7.2,-0.2,2000,"sd","14:18:56",7078000
7.2,-0.2,5000,"bu","14:18:54",7076000
7.2,-0.2,500,"bu","14:18:54",7071000
7.2,-0.2,2100,"bu","14:18:54",7070500
7.2,-0.2,1300,"bu","14:18:54",7068400
7.2,-0.2,10000,"bu","14:18:54",7067100
7.2,-0.2,1000,"bu","14:18:54",7057100
7.2,-0.2,10000,"bu","14:18:47",7056100
7.2,-0.2,16400,"bu","14:18:32",7046100
7.2,-0.2,500,"bu","14:18:32",7029700
7.2,-0.2,100,"bu","14:18:32",7029200
7.2,-0.2,18400,"bu","14:18:32",7029100
7.19,-0.21,100,"bu","14:18:32",7010700
7.19,-0.21,4500,"bu","14:18:32",7010600
7.15,-0.25,100,"sd","14:18:26",7006100
7.19,-0.21,2400,"bu","14:18:21",7006000
7.19,-0.21,100,"bu","14:18:21",7003600
7.17,-0.23,400,"bu","14:18:21",7003500
7.15,-0.25,1000,"bu","14:18:21",7003100
7.15,-0.25,200,"bu","14:18:21",7002100
7.15,-0.25,100,"bu","14:18:21",7001900
7.15,-0.25,3000,"bu","14:18:21",7001800
7.15,-0.25,800,"bu","14:18:21",6998800
7.12,-0.28,1000,"sd","14:17:47",6998000
7.15,-0.25,500,"bu","14:17:41",6997000
7.12,-0.28,1000,"sd","14:17:40",6996500
7.12,-0.28,200,"bu","14:17:36",6995500
7.12,-0.28,500,"bu","14:17:30",6995300
7.12,-0.28,1000,"bu","14:17:24",6994800
7.1,-0.3,1000,"sd","14:17:00",6993800
7.12,-0.28,1900,"bu","14:16:52",6992800
7.12,-0.28,500,"bu","14:16:52",6990900
7.1,-0.3,600,"sd","14:16:52",6990400
7.1,-0.3,500,"sd","14:16:35",6989800
7.1,-0.3,2000,"sd","14:16:24",6989300
7.1,-0.3,500,"sd","14:15:57",6987300
7.1,-0.3,300,"sd","14:15:57",6986800
7.1,-0.3,200,"bu","14:15:46",6986500
7.1,-0.3,900,"unknown","14:15:28",6986300
7.1,-0.3,200,"unknown","14:15:28",6985400
7.1,-0.3,100,"bu","14:15:28",6985200
7.1,-0.3,500,"bu","14:15:28",6985100
7.1,-0.3,200,"bu","14:15:28",6984600
7.1,-0.3,100,"bu","14:15:28",6984400
7.1,-0.3,200,"bu","14:15:28",6984300
7.1,-0.3,100,"bu","14:15:28",6984100
7.1,-0.3,500,"bu","14:15:28",6984000
7.09,-0.31,500,"bu","14:15:25",6983500
7.09,-0.31,2000,"bu","14:15:25",6983000
7.09,-0.31,3000,"bu","14:14:39",6981000
7.06,-0.34,500,"sd","14:14:36",6978000
7.06,-0.34,500,"bu","14:14:25",6977500
7.06,-0.34,500,"bu","14:14:25",6977000
7.06,-0.34,500,"bu","14:14:25",6976500
7.05,-0.35,200,"bu","14:14:11",6976000
7.04,-0.36,3000,"sd","14:13:57",6975800
7.04,-0.36,500,"sd","14:12:37",6972800
7.04,-0.36,1000,"sd","14:12:27",6972300
7.04,-0.36,100,"sd","14:12:26",6971300
7.04,-0.36,200,"sd","14:11:49",6971200
7.05,-0.35,500,"unknown","14:11:40",6971000
7.05,-0.35,2000,"unknown","14:11:40",6970500
7.05,-0.35,200,"unknown","14:11:40",6968500
7.05,-0.35,900,"unknown","14:11:40",6968300
7.05,-0.35,100,"bu","14:11:36",6967400
7.04,-0.36,2000,"sd","14:11:31",6967300
7.04,-0.36,100,"sd","14:11:30",6965300
7.05,-0.35,100,"bu","14:11:21",6965200
7.04,-0.36,600,"sd","14:11:12",6965100
7.04,-0.36,100,"sd","14:10:55",6964500
7.05,-0.35,500,"bu","14:10:55",6964400
7.04,-0.36,600,"sd","14:10:46",6963900
7.03,-0.37,1400,"sd","14:10:22",6963300
7.03,-0.37,600,"sd","14:10:22",6961900
7.03,-0.37,6000,"sd","14:10:12",6961300
7.04,-0.36,4000,"sd","14:10:11",6955300
7.03,-0.37,1200,"sd","14:10:03",6951300
7.03,-0.37,100,"sd","14:10:00",6950100
7.03,-0.37,100,"sd","14:09:53",6950000
7.04,-0.36,1000,"sd","14:09:53",6949900
7.03,-0.37,1000,"sd","14:09:41",6948900
7.03,-0.37,2000,"sd","14:09:36",6947900
7.02,-0.38,2000,"sd","14:09:28",6945900
7.02,-0.38,100,"sd","14:09:25",6943900
7.02,-0.38,700,"sd","14:09:15",6943800
7.03,-0.37,300,"sd","14:09:15",6943100
7.03,-0.37,1700,"sd","14:09:07",6942800
7.03,-0.37,100,"sd","14:09:07",6941100
7.03,-0.37,200,"sd","14:09:07",6941000
7.05,-0.35,1000,"sd","14:08:51",6940800
7.05,-0.35,500,"sd","14:08:51",6939800
7.05,-0.35,100,"sd","14:08:51",6939300
7.05,-0.35,1800,"sd","14:08:51",6939200
7.05,-0.35,200,"sd","14:08:45",6937400
7.05,-0.35,100,"sd","14:08:29",6937200
7.05,-0.35,9900,"sd","14:08:12",6937100
7.05,-0.35,100,"sd","14:08:12",6927200
7.05,-0.35,4900,"sd","14:07:53",6927100
7.06,-0.34,100,"sd","14:07:53",6922200
7.09,-0.31,100,"bu","14:07:52",6922100
7.02,-0.38,2000,"sd","14:07:22",6922000
7.02,-0.38,22200,"sd","14:07:15",6920000
7.03,-0.37,1000,"unknown","14:07:15",6897800
7.05,-0.35,100,"sd","14:07:15",6896800
7.05,-0.35,100,"sd","14:07:15",6896700
7.05,-0.35,900,"sd","14:07:15",6896600
7.07,-0.33,100,"sd","14:07:15",6895700
7.09,-0.31,1300,"sd","14:07:15",6895600
7.1,-0.3,14300,"sd","14:07:15",6894300
7.1,-0.3,5700,"sd","14:07:08",6880000
7.1,-0.3,1400,"sd","14:07:08",6874300
7.1,-0.3,500,"sd","14:07:08",6872900
7.12,-0.28,2000,"sd","14:07:08",6872400
7.12,-0.28,100,"sd","14:07:08",6870400
7.12,-0.28,300,"sd","14:07:08",6870300
7.15,-0.25,100,"bu","14:07:06",6870000
7.12,-0.28,1200,"sd","14:06:56",6869900
7.12,-0.28,200,"sd","14:06:53",6868700
7.12,-0.28,2900,"sd","14:06:42",6868500
7.13,-0.27,100,"sd","14:06:42",6865600
7.15,-0.25,500,"sd","14:06:41",6865500
7.15,-0.25,1000,"sd","14:06:41",6865000
7.17,-0.23,100,"sd","14:06:28",6864000
7.19,-0.21,300,"bu","14:06:19",6863900
7.2,-0.2,10000,"bu","14:05:58",6863600
7.2,-0.2,1000,"bu","14:05:33",6853600
7.2,-0.2,1000,"bu","14:05:25",6852600
7.2,-0.2,2500,"bu","14:05:14",6851600
7.2,-0.2,20000,"sd","14:05:07",6849100
7.2,-0.2,30000,"sd","14:05:07",6829100
7.2,-0.2,9000,"sd","14:05:07",6799100
7.21,-0.19,500,"sd","14:05:07",6790100
7.21,-0.19,2000,"sd","14:05:07",6789600
7.21,-0.19,100,"sd","14:05:07",6787600
7.21,-0.19,500,"sd","14:05:07",6787500
7.21,-0.19,5000,"sd","14:05:07",6787000
7.24,-0.16,3000,"bu","14:05:06",6782000
7.23,-0.17,100,"sd","14:05:02",6779000
7.24,-0.16,1000,"bu","14:05:00",6778900
7.24,-0.16,800,"bu","14:04:57",6777900
7.24,-0.16,4800,"bu","14:04:43",6777100
7.24,-0.16,300,"bu","14:04:43",6772300
7.24,-0.16,200,"bu","14:04:43",6772000
7.23,-0.17,100,"bu","14:04:43",6771800
7.21,-0.19,5000,"bu","14:04:06",6771700
7.2,-0.2,5000,"bu","14:04:04",6766700
7.2,-0.2,200,"bu","14:04:04",6761700
7.2,-0.2,4800,"bu","14:04:04",6761500
7.18,-0.22,900,"sd","14:04:03",6756700
7.19,-0.21,100,"sd","14:04:03",6755800
7.2,-0.2,1000,"bu","14:03:59",6755700
7.2,-0.2,200,"bu","14:03:42",6754700
7.2,-0.2,5000,"bu","14:03:42",6754500
7.2,-0.2,900,"bu","14:03:42",6749500
7.2,-0.2,5000,"bu","14:03:42",6748600
7.2,-0.2,200,"bu","14:03:42",6743600
7.19,-0.21,1000,"bu","14:03:42",6743400
7.19,-0.21,700,"bu","14:03:42",6742400
7.19,-0.21,5000,"bu","14:03:42",6741700
7.19,-0.21,4000,"bu","14:03:39",6736700
7.18,-0.22,5000,"bu","14:03:39",6732700
7.17,-0.23,1000,"bu","14:03:39",6727700
7.17,-0.23,1000,"bu","14:03:36",6726700
7.16,-0.24,1000,"bu","14:03:36",6725700
7.15,-0.25,5000,"sd","14:03:34",6724700
7.15,-0.25,300,"bu","14:03:26",6719700
7.15,-0.25,400,"bu","14:03:26",6719400
7.15,-0.25,2000,"bu","14:03:26",6719000
7.15,-0.25,500,"bu","14:03:26",6717000
7.15,-0.25,800,"bu","14:03:26",6716500
7.12,-0.28,400,"bu","14:03:17",6715700
7.12,-0.28,3000,"bu","14:03:17",6715300
7.12,-0.28,900,"bu","14:03:15",6712300
7.11,-0.29,100,"bu","14:03:15",6711400
7.12,-0.28,8000,"bu","14:03:08",6711300
7.12,-0.28,1400,"bu","14:03:08",6703300
7.12,-0.28,500,"bu","14:02:50",6701900
7.12,-0.28,300,"bu","14:02:43",6701400
7.12,-0.28,500,"bu","14:02:42",6701100
7.12,-0.28,5000,"bu","14:02:29",6700600
7.1,-0.3,2000,"bu","14:02:15",6695600
7.1,-0.3,100,"bu","14:02:15",6693600
7.1,-0.3,600,"bu","14:02:13",6693500
7.1,-0.3,500,"bu","14:02:12",6692900
7.1,-0.3,100,"bu","14:02:12",6692400
7.1,-0.3,200,"bu","14:02:12",6692300
7.1,-0.3,1000,"bu","14:02:12",6692100
7.1,-0.3,200,"bu","14:02:12",6691100
7.09,-0.31,2000,"sd","14:02:02",6690900
7.09,-0.31,600,"sd","14:02:02",6688900
7.09,-0.31,400,"bu","14:01:56",6688300
7.09,-0.31,500,"bu","14:01:53",6687900
7.09,-0.31,4100,"bu","14:01:53",6687400
7.09,-0.31,900,"bu","14:01:53",6683300
7.09,-0.31,17300,"bu","14:01:47",6682400
7.07,-0.33,200,"bu","14:01:17",6665100
7.07,-0.33,1500,"bu","14:01:17",6664900
7.07,-0.33,1100,"bu","14:01:17",6663400
7.07,-0.33,4600,"bu","14:01:17",6662300
7.05,-0.35,3600,"bu","14:01:16",6657700
7.05,-0.35,500,"bu","14:01:16",6654100
7.05,-0.35,1000,"bu","14:01:13",6653600
7.05,-0.35,500,"bu","14:01:13",6652600
7.05,-0.35,2000,"bu","14:01:10",6652100
7.05,-0.35,1000,"bu","14:01:07",6650100
7.05,-0.35,700,"bu","14:01:01",6649100
7.04,-0.36,1000,"sd","14:00:58",6648400
7.04,-0.36,1000,"sd","14:00:58",6647400
7.04,-0.36,1000,"bu","14:00:39",6646400
7.03,-0.37,2400,"bu","14:00:21",6645400
7.03,-0.37,2200,"bu","14:00:21",6643000
7.02,-0.38,700,"sd","14:00:02",6640800
7.02,-0.38,100,"sd","13:59:41",6640100
7.03,-0.37,1800,"bu","13:59:40",6640000
7.03,-0.37,200,"bu","13:59:40",6638200
7.02,-0.38,100,"bu","13:59:34",6638000
7.02,-0.38,200,"bu","13:59:34",6637900
7.02,-0.38,700,"bu","13:59:34",6637700
7.02,-0.38,1000,"bu","13:59:34",6637000
7.02,-0.38,200,"bu","13:59:34",6636000
7.02,-0.38,700,"bu","13:59:34",6635800
7.02,-0.38,600,"bu","13:59:31",6635100
7.02,-0.38,400,"bu","13:59:31",6634500
7.01,-0.39,18800,"bu","13:59:04",6634100
7.01,-0.39,700,"bu","13:59:04",6615300
7,-0.4,400,"sd","13:59:04",6614600
7,-0.4,100,"sd","13:59:04",6614200
7.01,-0.39,200,"bu","13:58:57",6614100
7,-0.4,1000,"sd","13:58:38",6613900
7,-0.4,100,"sd","13:58:24",6612900
7.01,-0.39,200,"bu","13:58:20",6612800
7,-0.4,900,"sd","13:58:10",6612600
7,-0.4,100,"sd","13:58:10",6611700
7,-0.4,400,"sd","13:57:45",6611600
7,-0.4,1000,"sd","13:57:45",6611200
7,-0.4,600,"sd","13:57:45",6610200
7.02,-0.38,400,"bu","13:57:10",6609600
7,-0.4,100,"sd","13:57:07",6609200
7,-0.4,1300,"sd","13:56:57",6609100
7,-0.4,5000,"sd","13:56:57",6607800
7,-0.4,100,"sd","13:56:57",6602800
7,-0.4,100,"sd","13:56:57",6602700
7,-0.4,100,"sd","13:56:57",6602600
7,-0.4,1000,"sd","13:56:57",6602500
7,-0.4,1000,"sd","13:56:56",6601500
7,-0.4,100,"sd","13:56:56",6600500
7,-0.4,900,"sd","13:56:56",6600400
7,-0.4,9400,"sd","13:56:56",6599500
7.01,-0.39,1000,"sd","13:56:56",6590100
7.01,-0.39,3000,"sd","13:56:54",6589100
7.02,-0.38,100,"bu","13:56:40",6586100
7.02,-0.38,100,"bu","13:56:37",6586000
7,-0.4,200,"sd","13:56:13",6585900
7,-0.4,300,"sd","13:54:59",6585700
7,-0.4,100,"sd","13:54:48",6585400
7,-0.4,100,"sd","13:54:48",6585300
7,-0.4,400,"bu","13:54:30",6585200
7,-0.4,100,"bu","13:54:19",6584800
7,-0.4,500,"bu","13:54:19",6584700
7,-0.4,1000,"sd","13:54:06",6584200
7.01,-0.39,1600,"bu","13:54:04",6583200
7.01,-0.39,200,"bu","13:54:04",6581600
7.01,-0.39,500,"bu","13:54:04",6581400
7.01,-0.39,100,"bu","13:54:04",6580900
7.01,-0.39,900,"bu","13:54:04",6580800
7.02,-0.38,9000,"bu","13:54:04",6579900
7.01,-0.39,500,"bu","13:54:04",6570900
7,-0.4,500,"bu","13:54:03",6570400
7,-0.4,200,"bu","13:54:03",6569900
7,-0.4,600,"bu","13:54:03",6569700
7,-0.4,2000,"bu","13:54:01",6569100
7,-0.4,100,"bu","13:53:58",6567100
7,-0.4,500,"bu","13:53:48",6567000
7,-0.4,100,"sd","13:53:40",6566500
7,-0.4,500,"sd","13:53:40",6566400
7,-0.4,1200,"sd","13:53:40",6565900
7,-0.4,900,"sd","13:53:37",6564700
7,-0.4,4000,"sd","13:52:48",6563800
7,-0.4,200,"bu","13:52:44",6559800
7,-0.4,10000,"bu","13:52:44",6559600
7,-0.4,1000,"bu","13:52:44",6549600
7,-0.4,2000,"bu","13:52:44",6548600
7,-0.4,100,"bu","13:52:44",6546600
7,-0.4,1200,"bu","13:52:44",6546500
7,-0.4,3000,"bu","13:52:44",6545300
7,-0.4,4000,"bu","13:52:44",6542300
7,-0.4,9500,"bu","13:52:44",6538300
7,-0.4,500,"bu","13:52:36",6528800
6.99,-0.41,1000,"bu","13:51:40",6528300
6.98,-0.42,5000,"sd","13:51:31",6527300
6.99,-0.41,200,"bu","13:51:30",6522300
6.99,-0.41,100,"bu","13:51:17",6522100
6.98,-0.42,400,"sd","13:51:16",6522000
6.98,-0.42,1500,"sd","13:51:10",6521600
6.98,-0.42,100,"sd","13:51:01",6520100
6.99,-0.41,100,"bu","13:50:53",6520000
6.99,-0.41,1000,"bu","13:50:51",6519900
6.98,-0.42,5000,"sd","13:50:40",6518900
6.98,-0.42,1000,"sd","13:50:40",6513900
6.97,-0.43,900,"sd","13:50:40",6512900
6.97,-0.43,100,"sd","13:50:23",6512000
6.96,-0.44,4200,"sd","13:48:39",6511900
6.96,-0.44,5000,"sd","13:48:39",6507700
6.96,-0.44,2900,"sd","13:48:39",6502700
6.96,-0.44,100,"sd","13:48:39",6499800
6.96,-0.44,5300,"sd","13:48:39",6499700
6.96,-0.44,1700,"sd","13:48:39",6494400
6.97,-0.43,10000,"sd","13:48:39",6492700
6.98,-0.42,1000,"sd","13:48:39",6482700
6.98,-0.42,1300,"sd","13:48:38",6481700
6.98,-0.42,100,"sd","13:48:26",6480400
6.99,-0.41,200,"sd","13:48:20",6480300
6.99,-0.41,300,"sd","13:48:20",6480100
7,-0.4,2000,"sd","13:48:09",6479800
7,-0.4,300,"sd","13:48:04",6477800
7,-0.4,700,"sd","13:48:04",6477500
6.99,-0.41,9300,"bu","13:47:31",6476800
6.99,-0.41,200,"sd","13:47:24",6467500
6.99,-0.41,21800,"sd","13:47:24",6467300
6.99,-0.41,2000,"sd","13:47:24",6445500
6.99,-0.41,2000,"sd","13:47:24",6443500
7,-0.4,15000,"bu","13:47:23",6441500
7,-0.4,200,"bu","13:47:23",6426500
7,-0.4,1000,"bu","13:47:23",6426300
7,-0.4,5000,"bu","13:47:23",6425300
7,-0.4,2500,"bu","13:47:23",6420300
7,-0.4,100,"bu","13:47:19",6417800
7,-0.4,100,"bu","13:47:02",6417700
6.99,-0.41,700,"bu","13:47:02",6417600
6.99,-0.41,500,"bu","13:46:58",6416900
6.99,-0.41,4000,"sd","13:46:23",6416400
6.99,-0.41,200,"sd","13:46:23",6412400
6.99,-0.41,4600,"sd","13:46:23",6412200
7,-0.4,100,"bu","13:46:21",6407600
7,-0.4,7000,"bu","13:46:03",6407500
6.99,-0.41,100,"sd","13:46:01",6400500
6.99,-0.41,200,"bu","13:45:44",6400400
6.99,-0.41,100,"bu","13:45:44",6400200
6.96,-0.44,1800,"sd","13:45:12",6400100
6.98,-0.42,1000,"sd","13:45:12",6398300
6.96,-0.44,500,"sd","13:45:08",6397300
6.96,-0.44,500,"sd","13:45:08",6396800
6.96,-0.44,1700,"sd","13:45:08",6396300
6.97,-0.43,300,"sd","13:45:07",6394600
6.97,-0.43,4600,"sd","13:45:07",6394300
6.97,-0.43,200,"sd","13:45:07",6389700
6.97,-0.43,1800,"sd","13:45:07",6389500
6.98,-0.42,200,"bu","13:44:52",6387700
6.98,-0.42,500,"sd","13:44:49",6387500
6.99,-0.41,100,"bu","13:44:46",6387000
6.99,-0.41,300,"bu","13:44:27",6386900
6.99,-0.41,1000,"sd","13:44:05",6386600
6.97,-0.43,200,"sd","13:43:48",6385600
6.98,-0.42,100,"sd","13:43:48",6385400
6.98,-0.42,100,"sd","13:43:48",6385300
6.98,-0.42,2000,"sd","13:43:48",6385200
6.98,-0.42,600,"sd","13:43:48",6383200
7,-0.4,200,"bu","13:43:39",6382600
7,-0.4,800,"bu","13:43:39",6382400
7,-0.4,200,"bu","13:43:36",6381600
7,-0.4,100,"bu","13:43:15",6381400
7,-0.4,2100,"bu","13:42:57",6381300
7,-0.4,1000,"bu","13:42:57",6379200
7,-0.4,1000,"bu","13:42:57",6378200
7,-0.4,2000,"bu","13:42:57",6377200
7,-0.4,500,"bu","13:42:57",6375200
7,-0.4,500,"bu","13:42:57",6374700
7,-0.4,500,"bu","13:42:57",6374200
7,-0.4,25000,"bu","13:42:57",6373700
7,-0.4,2000,"bu","13:42:57",6348700
7,-0.4,400,"bu","13:42:57",6346700
7,-0.4,7000,"bu","13:42:57",6346300
7,-0.4,900,"bu","13:42:57",6339300
7,-0.4,300,"bu","13:42:57",6338400
6.99,-0.41,200,"bu","13:42:57",6338100
7,-0.4,600,"bu","13:42:57",6337900
6.99,-0.41,1000,"bu","13:42:57",6337300
7,-0.4,5000,"bu","13:42:57",6336300
6.98,-0.42,500,"bu","13:42:32",6331300
6.98,-0.42,400,"bu","13:42:32",6330800
6.98,-0.42,100,"bu","13:42:23",6330400
6.97,-0.43,5000,"bu","13:42:08",6330300
6.97,-0.43,1000,"bu","13:42:05",6325300
6.95,-0.45,1700,"sd","13:42:04",6324300
6.95,-0.45,400,"sd","13:42:04",6322600
6.95,-0.45,1700,"sd","13:42:04",6322200
6.95,-0.45,6200,"sd","13:42:04",6320500
6.97,-0.43,1000,"bu","13:42:04",6314300
6.97,-0.43,3000,"bu","13:41:56",6313300
6.95,-0.45,100,"sd","13:41:49",6310300
6.95,-0.45,400,"sd","13:41:16",6310200
6.95,-0.45,100,"bu","13:41:07",6309800
6.95,-0.45,100,"bu","13:41:07",6309700
6.95,-0.45,100,"bu","13:41:07",6309600
6.95,-0.45,100,"bu","13:41:04",6309500
6.95,-0.45,300,"bu","13:41:04",6309400
6.95,-0.45,700,"bu","13:41:04",6309100
6.95,-0.45,1300,"bu","13:40:53",6308400
6.95,-0.45,4500,"bu","13:40:53",6307100
6.95,-0.45,1000,"bu","13:40:53",6302600
6.95,-0.45,300,"bu","13:40:53",6301600
6.95,-0.45,5000,"bu","13:40:53",6301300
6.95,-0.45,5000,"bu","13:40:53",6296300
6.95,-0.45,200,"bu","13:40:53",6291300
6.95,-0.45,2000,"bu","13:40:53",6291100
6.95,-0.45,200,"bu","13:40:53",6289100
6.94,-0.46,200,"bu","13:40:53",6288900
6.94,-0.46,100,"bu","13:40:46",6288700
6.94,-0.46,500,"bu","13:40:43",6288600
6.94,-0.46,100,"bu","13:40:29",6288100
6.93,-0.47,600,"bu","13:40:07",6288000
6.93,-0.47,100,"bu","13:40:04",6287400
6.94,-0.46,100,"bu","13:39:47",6287300
6.92,-0.48,10300,"sd","13:39:43",6287200
6.92,-0.48,3800,"sd","13:39:43",6276900
6.93,-0.47,800,"sd","13:39:43",6273100
6.94,-0.46,5100,"sd","13:39:43",6272300
6.94,-0.46,4900,"bu","13:39:35",6267200
6.93,-0.47,200,"sd","13:39:30",6262300
6.94,-0.46,2000,"bu","13:39:25",6262100
6.94,-0.46,200,"bu","13:39:17",6260100
6.94,-0.46,1500,"bu","13:39:16",6259900
6.94,-0.46,200,"bu","13:39:14",6258400
6.94,-0.46,200,"sd","13:38:57",6258200
6.94,-0.46,1000,"bu","13:38:48",6258000
6.94,-0.46,100,"bu","13:38:48",6257000
6.94,-0.46,200,"bu","13:38:48",6256900
6.92,-0.48,1000,"sd","13:38:31",6256700
6.92,-0.48,5200,"bu","13:38:07",6255700
6.92,-0.48,200,"bu","13:38:03",6250500
6.92,-0.48,3000,"bu","13:38:01",6250300
6.92,-0.48,500,"bu","13:38:00",6247300
6.92,-0.48,600,"bu","13:37:57",6246800
6.92,-0.48,500,"bu","13:37:51",6246200
6.91,-0.49,2000,"sd","13:37:06",6245700
6.92,-0.48,5000,"sd","13:37:06",6243700
6.92,-0.48,3000,"sd","13:37:06",6238700
6.92,-0.48,1000,"bu","13:36:50",6235700
6.92,-0.48,1000,"bu","13:36:50",6234700
6.92,-0.48,10000,"bu","13:36:46",6233700
6.92,-0.48,100,"bu","13:36:40",6223700
6.92,-0.48,10000,"bu","13:36:35",6223600
6.92,-0.48,200,"bu","13:36:31",6213600
6.92,-0.48,3700,"sd","13:36:28",6213400
6.93,-0.47,10000,"sd","13:36:28",6209700
6.93,-0.47,10000,"bu","13:36:28",6199700
6.92,-0.48,2300,"sd","13:36:27",6189700
6.92,-0.48,200,"sd","13:36:23",6187400
6.92,-0.48,3000,"bu","13:36:11",6187200
6.92,-0.48,800,"bu","13:36:11",6184200
6.91,-0.49,200,"sd","13:36:01",6183400
6.91,-0.49,100,"sd","13:35:55",6183200
6.91,-0.49,1000,"sd","13:35:50",6183100
6.91,-0.49,100,"bu","13:35:46",6182100
6.91,-0.49,800,"bu","13:35:46",6182000
6.91,-0.49,1200,"sd","13:35:19",6181200
6.91,-0.49,800,"bu","13:35:17",6180000
6.91,-0.49,200,"bu","13:35:16",6179200
6.91,-0.49,800,"bu","13:35:16",6179000
6.9,-0.5,1600,"sd","13:35:15",6178200
6.91,-0.49,800,"bu","13:35:07",6176600
6.91,-0.49,500,"bu","13:35:07",6175800
6.91,-0.49,100,"bu","13:35:07",6175300
6.91,-0.49,2800,"bu","13:35:07",6175200
6.91,-0.49,200,"sd","13:35:03",6172400
6.91,-0.49,300,"sd","13:35:03",6172200
6.91,-0.49,200,"sd","13:35:02",6171900
6.91,-0.49,100,"sd","13:34:58",6171700
6.91,-0.49,300,"sd","13:34:55",6171600
6.91,-0.49,100,"sd","13:34:49",6171300
6.91,-0.49,3900,"sd","13:34:49",6171200
6.91,-0.49,1100,"sd","13:34:47",6167300
6.91,-0.49,200,"sd","13:34:47",6166200
6.91,-0.49,2700,"sd","13:34:47",6166000
6.91,-0.49,1000,"sd","13:34:46",6163300
6.92,-0.48,100,"bu","13:34:43",6162300
6.91,-0.49,300,"sd","13:34:32",6162200
6.91,-0.49,500,"sd","13:34:32",6161900
6.91,-0.49,200,"sd","13:34:32",6161400
6.91,-0.49,100,"sd","13:34:22",6161200
6.91,-0.49,700,"sd","13:34:22",6161100
6.91,-0.49,200,"sd","13:34:22",6160400
6.91,-0.49,100,"sd","13:34:22",6160200
6.91,-0.49,9300,"sd","13:34:21",6160100
6.91,-0.49,100,"sd","13:34:21",6150800
6.91,-0.49,600,"sd","13:34:21",6150700
6.91,-0.49,300,"sd","13:34:21",6150100
6.91,-0.49,100,"sd","13:34:20",6149800
6.91,-0.49,1900,"sd","13:34:20",6149700
6.92,-0.48,1100,"bu","13:34:14",6147800
6.91,-0.49,1000,"sd","13:33:58",6146700
6.92,-0.48,300,"bu","13:33:49",6145700
6.92,-0.48,900,"bu","13:33:48",6145400
6.92,-0.48,100,"bu","13:33:33",6144500
6.92,-0.48,2000,"sd","13:33:27",6144400
6.91,-0.49,2100,"sd","13:33:25",6142400
6.91,-0.49,200,"sd","13:33:25",6140300
6.91,-0.49,100,"sd","13:33:25",6140100
6.91,-0.49,500,"sd","13:33:25",6140000
6.91,-0.49,1100,"sd","13:33:25",6139500
6.92,-0.48,1000,"bu","13:33:22",6138400
6.92,-0.48,700,"bu","13:33:22",6137400
6.92,-0.48,300,"bu","13:33:19",6136700
6.92,-0.48,700,"bu","13:33:19",6136400
6.92,-0.48,100,"bu","13:33:17",6135700
6.91,-0.49,400,"sd","13:33:11",6135600
6.91,-0.49,1000,"sd","13:33:11",6135200
6.91,-0.49,600,"sd","13:33:11",6134200
6.91,-0.49,200,"sd","13:33:11",6133600
6.91,-0.49,500,"sd","13:33:11",6133400
6.91,-0.49,800,"sd","13:33:11",6132900
6.91,-0.49,1000,"sd","13:33:11",6132100
6.91,-0.49,500,"sd","13:33:11",6131100
6.92,-0.48,1000,"bu","13:33:06",6130600
6.92,-0.48,200,"bu","13:33:03",6129600
6.92,-0.48,100,"bu","13:33:03",6129400
6.91,-0.49,500,"sd","13:33:00",6129300
6.91,-0.49,2000,"sd","13:33:00",6128800
6.91,-0.49,1500,"sd","13:33:00",6126800
6.91,-0.49,100,"sd","13:32:49",6125300
6.91,-0.49,100,"sd","13:32:49",6125200
6.91,-0.49,900,"sd","13:32:46",6125100
6.91,-0.49,100,"sd","13:32:46",6124200
6.92,-0.48,500,"bu","13:32:42",6124100
6.92,-0.48,10000,"bu","13:32:27",6123600
6.92,-0.48,2100,"bu","13:32:27",6113600
6.92,-0.48,2900,"bu","13:32:18",6111500
6.92,-0.48,2000,"sd","13:32:17",6108600
6.91,-0.49,100,"sd","13:32:11",6106600
6.91,-0.49,2000,"sd","13:32:08",6106500
6.91,-0.49,7900,"sd","13:32:07",6104500
6.91,-0.49,10000,"sd","13:32:07",6096600
6.91,-0.49,1000,"sd","13:32:07",6086600
6.91,-0.49,5000,"sd","13:32:07",6085600
6.91,-0.49,1100,"sd","13:32:07",6080600
6.91,-0.49,8900,"sd","13:32:04",6079500
6.91,-0.49,26100,"sd","13:32:04",6070600
6.91,-0.49,100,"sd","13:31:58",6044500
6.91,-0.49,2700,"sd","13:31:58",6044400
6.93,-0.47,1200,"bu","13:31:53",6041700
6.93,-0.47,800,"bu","13:31:53",6040500
6.92,-0.48,3000,"bu","13:31:53",6039700
6.92,-0.48,7100,"bu","13:31:45",6036700
6.92,-0.48,1900,"sd","13:31:42",6029600
6.92,-0.48,100,"bu","13:31:40",6027700
6.91,-0.49,16200,"sd","13:31:39",6027600
6.92,-0.48,2000,"sd","13:31:39",6011400
6.92,-0.48,100,"sd","13:31:39",6009400
6.92,-0.48,500,"sd","13:31:39",6009300
6.92,-0.48,500,"sd","13:31:39",6008800
6.92,-0.48,700,"sd","13:31:39",6008300
6.92,-0.48,1000,"sd","13:31:39",6007600
6.92,-0.48,2000,"sd","13:31:33",6006600
6.93,-0.47,300,"bu","13:31:27",6004600
6.93,-0.47,300,"bu","13:31:10",6004300
6.93,-0.47,200,"bu","13:31:07",6004000
6.92,-0.48,6700,"sd","13:31:06",6003800
6.92,-0.48,1300,"sd","13:31:06",5997100
6.92,-0.48,2000,"sd","13:31:06",5995800
6.93,-0.47,100,"bu","13:30:56",5993800
6.93,-0.47,1800,"sd","13:30:55",5993700
6.93,-0.47,1000,"sd","13:30:55",5991900
6.93,-0.47,500,"sd","13:30:55",5990900
6.93,-0.47,200,"sd","13:30:53",5990400
6.93,-0.47,200,"sd","13:30:53",5990200
6.93,-0.47,200,"sd","13:30:51",5990000
6.93,-0.47,2000,"sd","13:30:50",5989800
6.93,-0.47,600,"sd","13:30:46",5987800
6.93,-0.47,2400,"sd","13:30:46",5987200
6.93,-0.47,5000,"sd","13:30:44",5984800
6.94,-0.46,1000,"sd","13:30:29",5979800
6.94,-0.46,800,"sd","13:30:29",5978800
6.94,-0.46,2000,"sd","13:30:27",5978000
6.94,-0.46,200,"sd","13:30:19",5976000
6.94,-0.46,800,"sd","13:30:19",5975800
6.94,-0.46,3200,"sd","13:30:19",5975000
6.94,-0.46,2500,"sd","13:30:19",5971800
6.94,-0.46,100,"sd","13:30:14",5969300
6.95,-0.45,300,"bu","13:30:07",5969200
6.94,-0.46,3000,"sd","13:30:07",5968900
6.94,-0.46,1000,"sd","13:29:56",5965900
6.95,-0.45,100,"bu","13:29:52",5964900
6.94,-0.46,5900,"sd","13:29:51",5964800
6.94,-0.46,3000,"sd","13:29:51",5958900
6.94,-0.46,100,"sd","13:29:51",5955900
6.94,-0.46,1000,"sd","13:29:51",5955800
6.95,-0.45,100,"bu","13:29:44",5954800
6.95,-0.45,100,"bu","13:29:30",5954700
6.95,-0.45,100,"bu","13:29:30",5954600
6.95,-0.45,100,"bu","13:29:30",5954500
6.95,-0.45,100,"bu","13:29:30",5954400
6.95,-0.45,500,"bu","13:29:30",5954300
6.95,-0.45,2000,"bu","13:29:30",5953800
6.95,-0.45,700,"bu","13:29:30",5951800
6.95,-0.45,200,"bu","13:29:21",5951100
6.95,-0.45,100,"bu","13:29:00",5950900
6.95,-0.45,100,"bu","13:29:00",5950800
6.95,-0.45,100,"bu","13:28:43",5950700
6.95,-0.45,1800,"sd","13:28:33",5950600
6.95,-0.45,200,"bu","13:28:32",5948800
6.95,-0.45,200,"bu","13:28:29",5948600
6.95,-0.45,100,"bu","13:28:24",5948400
6.95,-0.45,100,"bu","13:28:24",5948300
6.94,-0.46,100,"sd","13:28:17",5948200
6.94,-0.46,100,"sd","13:28:17",5948100
6.94,-0.46,1200,"sd","13:27:42",5948000
6.94,-0.46,500,"sd","13:27:42",5946800
6.95,-0.45,700,"sd","13:27:42",5946300
6.95,-0.45,400,"sd","13:27:38",5945600
6.95,-0.45,400,"sd","13:27:36",5945200
6.95,-0.45,3500,"sd","13:27:36",5944800
6.95,-0.45,3000,"sd","13:27:30",5941300
6.95,-0.45,2000,"sd","13:27:29",5938300
6.95,-0.45,1000,"bu","13:27:26",5936300
6.95,-0.45,500,"bu","13:27:26",5935300
6.94,-0.46,100,"bu","13:27:22",5934800
6.94,-0.46,2900,"bu","13:27:22",5934700
6.94,-0.46,1100,"bu","13:27:22",5931800
6.94,-0.46,1000,"bu","13:27:09",5930700
6.94,-0.46,100,"sd","13:26:53",5929700
6.94,-0.46,4900,"sd","13:26:53",5929600
6.94,-0.46,100,"sd","13:26:51",5924700
6.95,-0.45,4500,"bu","13:26:44",5924600
6.95,-0.45,500,"bu","13:26:44",5920100
6.95,-0.45,2000,"bu","13:26:31",5919600
6.95,-0.45,3000,"bu","13:26:09",5917600
6.95,-0.45,400,"sd","13:26:09",5914600
6.95,-0.45,100,"sd","13:26:09",5914200
6.95,-0.45,100,"sd","13:26:08",5914100
6.95,-0.45,100,"sd","13:26:08",5914000
6.95,-0.45,800,"sd","13:26:08",5913900
6.98,-0.42,600,"bu","13:26:00",5913100
7,-0.4,1300,"bu","13:25:19",5912500
7,-0.4,1700,"bu","13:25:19",5911200
6.95,-0.45,200,"sd","13:25:14",5909500
6.97,-0.43,200,"sd","13:25:14",5909300
6.97,-0.43,2800,"sd","13:25:12",5909100
6.97,-0.43,2100,"sd","13:25:12",5906300
6.97,-0.43,5000,"sd","13:25:12",5904200
6.98,-0.42,100,"sd","13:25:12",5899200
6.98,-0.42,200,"sd","13:25:10",5899100
6.98,-0.42,500,"sd","13:24:56",5898900
6.98,-0.42,300,"sd","13:24:56",5898400
6.98,-0.42,1000,"sd","13:24:43",5898100
7,-0.4,5100,"bu","13:24:33",5897100
6.98,-0.42,9900,"bu","13:24:33",5892000
6.98,-0.42,100,"sd","13:24:26",5882100
6.98,-0.42,100,"sd","13:24:26",5882000
6.98,-0.42,300,"sd","13:24:26",5881900
6.98,-0.42,700,"sd","13:24:09",5881600
6.98,-0.42,600,"sd","13:24:09",5880900
6.98,-0.42,200,"sd","13:24:03",5880300
6.98,-0.42,200,"sd","13:23:48",5880100
7,-0.4,100,"bu","13:23:43",5879900
7,-0.4,300,"sd","13:23:15",5879800
7,-0.4,500,"sd","13:23:15",5879500
7,-0.4,300,"sd","13:23:15",5879000
7.04,-0.36,800,"sd","13:23:09",5878700
7.04,-0.36,200,"sd","13:23:06",5877900
7.05,-0.35,18800,"bu","13:23:01",5877700
7.04,-0.36,3600,"bu","13:23:01",5858900
7.03,-0.37,200,"bu","13:23:01",5855300
7,-0.4,500,"bu","13:23:01",5855100
7,-0.4,6900,"bu","13:23:01",5854600
7,-0.4,100,"sd","13:22:58",5847700
7,-0.4,1000,"sd","13:22:58",5847600
7.04,-0.36,14500,"bu","13:22:22",5846600
7.05,-0.35,10000,"sd","13:22:14",5832100
7.05,-0.35,1000,"sd","13:22:14",5822100
7.05,-0.35,16600,"sd","13:22:14",5821100
7.05,-0.35,13500,"sd","13:22:14",5804500
7.07,-0.33,500,"bu","13:22:06",5791000
7.05,-0.35,7000,"sd","13:21:48",5790500
7.05,-0.35,500,"sd","13:21:48",5783500
7.02,-0.38,2000,"sd","13:21:48",5783000
7.02,-0.38,100,"sd","13:21:48",5781000
7,-0.4,10300,"sd","13:21:48",5780900
7,-0.4,2000,"sd","13:21:30",5770600
7,-0.4,2900,"sd","13:21:30",5768600
7.02,-0.38,100,"bu","13:21:24",5765700
7,-0.4,2900,"sd","13:21:23",5765600
7,-0.4,500,"sd","13:21:23",5762700
7.01,-0.39,1000,"sd","13:21:23",5762200
7.01,-0.39,100,"sd","13:21:23",5761200
7.02,-0.38,100,"bu","13:21:20",5761100
7.02,-0.38,1500,"bu","13:21:18",5761000
7.02,-0.38,100,"bu","13:21:03",5759500
7.02,-0.38,1000,"bu","13:20:49",5759400
7.02,-0.38,100,"bu","13:20:48",5758400
7.01,-0.39,500,"sd","13:20:40",5758300
7,-0.4,700,"bu","13:20:35",5757800
7,-0.4,1000,"sd","13:20:33",5757100
7,-0.4,2000,"sd","13:20:33",5756100
7.01,-0.39,2300,"sd","13:20:33",5754100
7.01,-0.39,2700,"bu","13:20:31",5751800
7.01,-0.39,1300,"bu","13:20:17",5749100
7,-0.4,3700,"bu","13:20:17",5747800
7,-0.4,1000,"bu","13:20:13",5744100
7,-0.4,100,"sd","13:20:13",5743100
7,-0.4,200,"sd","13:20:13",5743000
7,-0.4,1000,"sd","13:20:13",5742800
7.01,-0.39,3000,"bu","13:20:05",5741800
7.01,-0.39,200,"bu","13:20:03",5738800
7,-0.4,1000,"sd","13:19:58",5738600
7.01,-0.39,5000,"bu","13:19:54",5737600
7.01,-0.39,200,"bu","13:19:39",5732600
7,-0.4,3000,"unknown","13:19:19",5732400
7,-0.4,4000,"unknown","13:19:19",5729400
7,-0.4,1000,"unknown","13:19:19",5725400
7,-0.4,5000,"unknown","13:19:19",5724400
7,-0.4,100,"unknown","13:19:19",5719400
7,-0.4,10000,"unknown","13:19:19",5719300
7,-0.4,300,"unknown","13:19:19",5709300
7,-0.4,400,"unknown","13:19:19",5709000
6.99,-0.41,300,"unknown","13:19:19",5708600
7.01,-0.39,19700,"bu","13:19:19",5708300
6.99,-0.41,200,"unknown","13:19:19",5688600
7.01,-0.39,200,"bu","13:19:19",5688400
6.99,-0.41,300,"bu","13:19:19",5688200
7.01,-0.39,200,"bu","13:19:19",5687900
7.01,-0.39,100,"bu","13:19:19",5687700
7.01,-0.39,1000,"bu","13:19:19",5687600
7,-0.4,200,"bu","13:19:19",5686600
7,-0.4,1000,"bu","13:19:19",5686400
7,-0.4,1000,"bu","13:19:19",5685400
6.99,-0.41,100,"bu","13:19:19",5684400
7,-0.4,2000,"bu","13:19:19",5684300
6.95,-0.45,5000,"bu","13:18:42",5682300
6.95,-0.45,300,"bu","13:18:42",5677300
6.94,-0.46,4000,"bu","13:18:42",5677000
6.94,-0.46,1900,"bu","13:18:42",5673000
6.93,-0.47,2600,"sd","13:18:29",5671100
6.93,-0.47,1400,"sd","13:18:29",5668500
6.94,-0.46,1500,"bu","13:18:29",5667100
6.94,-0.46,6600,"bu","13:18:28",5665600
6.94,-0.46,400,"bu","13:18:28",5659000
6.94,-0.46,600,"bu","13:18:26",5658600
6.94,-0.46,1400,"bu","13:18:26",5658000
6.93,-0.47,600,"sd","13:18:25",5656600
6.94,-0.46,400,"bu","13:18:06",5656000
6.93,-0.47,5000,"sd","13:17:46",5655600
6.93,-0.47,2000,"sd","13:17:40",5650600
6.93,-0.47,3200,"bu","13:17:36",5648600
6.93,-0.47,1000,"bu","13:17:36",5645400
6.93,-0.47,400,"bu","13:17:36",5644400
6.93,-0.47,8900,"bu","13:17:36",5644000
6.93,-0.47,1000,"bu","13:17:36",5635100
6.93,-0.47,2800,"bu","13:17:36",5634100
6.92,-0.48,1300,"sd","13:17:34",5631300
6.92,-0.48,12000,"bu","13:17:33",5630000
6.92,-0.48,3000,"bu","13:17:29",5618000
6.91,-0.49,20000,"sd","13:17:29",5615000
6.91,-0.49,1200,"sd","13:17:18",5595000
6.92,-0.48,10000,"sd","13:17:18",5593800
6.92,-0.48,100,"sd","13:17:18",5583800
6.92,-0.48,2700,"sd","13:17:18",5583700
6.92,-0.48,500,"sd","13:17:14",5581000
6.92,-0.48,100,"sd","13:17:04",5580500
6.92,-0.48,1700,"sd","13:16:53",5580400
6.92,-0.48,300,"sd","13:16:53",5578700
6.92,-0.48,1000,"sd","13:16:53",5578400
6.92,-0.48,100,"sd","13:16:53",5577400
6.92,-0.48,1000,"sd","13:16:53",5577300
6.92,-0.48,2900,"sd","13:16:53",5576300
6.93,-0.47,6900,"bu","13:16:47",5573400
6.92,-0.48,2500,"sd","13:16:47",5566500
6.92,-0.48,500,"sd","13:16:42",5564000
6.93,-0.47,1000,"bu","13:16:39",5563500
6.92,-0.48,7000,"sd","13:16:34",5562500
6.93,-0.47,100,"bu","13:16:27",5555500
6.92,-0.48,1000,"sd","13:16:16",5555400
6.92,-0.48,200,"sd","13:16:12",5554400
6.92,-0.48,6900,"bu","13:16:11",5554200
6.92,-0.48,100,"sd","13:16:10",5547300
6.92,-0.48,2000,"sd","13:16:08",5547200
6.92,-0.48,4000,"sd","13:16:08",5545200
6.93,-0.47,4000,"bu","13:16:06",5541200
6.92,-0.48,3800,"bu","13:16:00",5537200
6.92,-0.48,900,"sd","13:15:57",5533400
6.92,-0.48,100,"sd","13:15:57",5532500
6.92,-0.48,5200,"sd","13:15:57",5532400
6.92,-0.48,5000,"sd","13:15:57",5527200
6.92,-0.48,9800,"sd","13:15:55",5522200
6.92,-0.48,200,"sd","13:15:55",5512400
6.92,-0.48,2800,"sd","13:15:45",5512200
6.92,-0.48,2000,"sd","13:15:45",5509400
6.92,-0.48,200,"sd","13:15:45",5507400
6.93,-0.47,500,"bu","13:15:39",5507200
6.92,-0.48,1700,"sd","13:15:32",5506700
6.92,-0.48,300,"sd","13:15:32",5505000
6.92,-0.48,500,"sd","13:15:29",5504700
6.93,-0.47,400,"bu","13:15:28",5504200
6.92,-0.48,2300,"sd","13:15:25",5503800
6.92,-0.48,10000,"sd","13:15:25",5501500
6.92,-0.48,600,"sd","13:15:25",5491500
6.92,-0.48,2000,"sd","13:15:25",5490900
6.92,-0.48,100,"sd","13:15:25",5488900
6.92,-0.48,5000,"sd","13:15:25",5488800
6.93,-0.47,100,"bu","13:15:21",5483800
6.92,-0.48,3000,"sd","13:15:20",5483700
6.92,-0.48,100,"sd","13:15:18",5480700
6.92,-0.48,2100,"sd","13:15:14",5480600
6.93,-0.47,200,"bu","13:15:13",5478500
6.93,-0.47,100,"bu","13:14:55",5478300
6.93,-0.47,2000,"bu","13:14:53",5478200
6.93,-0.47,1000,"sd","13:14:52",5476200
6.93,-0.47,500,"sd","13:14:52",5475200
6.93,-0.47,400,"sd","13:14:52",5474700
6.93,-0.47,10000,"sd","13:14:44",5474300
6.93,-0.47,100,"sd","13:14:42",5464300
6.93,-0.47,7000,"sd","13:14:33",5464200
6.94,-0.46,100,"bu","13:14:10",5457200
6.93,-0.47,3000,"sd","13:14:08",5457100
6.94,-0.46,7200,"bu","13:14:02",5454100
6.93,-0.47,500,"sd","13:13:52",5446900
6.93,-0.47,8700,"bu","13:13:45",5446400
6.93,-0.47,300,"bu","13:13:45",5437700
6.93,-0.47,1000,"bu","13:13:40",5437400
6.92,-0.48,10000,"sd","13:13:38",5436400
6.92,-0.48,200,"sd","13:13:35",5426400
6.92,-0.48,2000,"sd","13:13:21",5426200
6.92,-0.48,200,"sd","13:13:11",5424200
6.93,-0.47,100,"bu","13:13:03",5424000
6.92,-0.48,100,"sd","13:13:01",5423900
6.93,-0.47,300,"bu","13:12:58",5423800
6.92,-0.48,100,"bu","13:12:43",5423500
6.91,-0.49,1000,"sd","13:12:30",5423400
6.91,-0.49,200,"bu","13:12:25",5422400
6.91,-0.49,20000,"bu","13:12:25",5422200
6.91,-0.49,12500,"bu","13:12:25",5402200
6.91,-0.49,600,"bu","13:12:24",5389700
6.91,-0.49,6900,"bu","13:12:23",5389100
6.91,-0.49,3100,"bu","13:12:23",5382200
6.91,-0.49,400,"bu","13:12:21",5379100
6.9,-0.5,2000,"sd","13:12:18",5378700
6.91,-0.49,200,"bu","13:12:11",5376700
6.9,-0.5,1000,"sd","13:12:07",5376500
6.91,-0.49,1000,"bu","13:12:06",5375500
6.9,-0.5,1300,"sd","13:11:50",5374500
6.9,-0.5,10000,"sd","13:11:50",5373200
6.9,-0.5,2000,"sd","13:11:50",5363200
6.9,-0.5,10000,"sd","13:11:50",5361200
6.9,-0.5,1000,"sd","13:11:50",5351200
6.91,-0.49,300,"bu","13:11:50",5350200
6.9,-0.5,100,"sd","13:11:44",5349900
6.9,-0.5,200,"sd","13:11:44",5349800
6.9,-0.5,4700,"sd","13:11:44",5349600
6.9,-0.5,1600,"sd","13:11:36",5344900
6.9,-0.5,400,"sd","13:11:36",5343300
6.9,-0.5,6100,"sd","13:11:32",5342900
6.91,-0.49,1000,"sd","13:11:32",5336800
6.91,-0.49,5000,"sd","13:11:32",5335800
6.91,-0.49,300,"sd","13:11:32",5330800
6.91,-0.49,4900,"sd","13:11:32",5330500
6.91,-0.49,1000,"sd","13:11:32",5325600
6.91,-0.49,100,"sd","13:11:32",5324600
6.91,-0.49,100,"sd","13:11:32",5324500
6.91,-0.49,1000,"sd","13:11:32",5324400
6.91,-0.49,100,"sd","13:11:32",5323400
6.91,-0.49,400,"sd","13:11:32",5323300
6.91,-0.49,300,"sd","13:11:32",5322900
6.91,-0.49,2000,"sd","13:11:23",5322600
6.91,-0.49,2000,"sd","13:11:09",5320600
6.91,-0.49,100,"sd","13:11:09",5318600
6.91,-0.49,100,"sd","13:11:09",5318500
6.91,-0.49,1000,"sd","13:11:08",5318400
6.91,-0.49,200,"sd","13:11:08",5317400
6.91,-0.49,1600,"sd","13:11:08",5317200
6.91,-0.49,200,"sd","13:11:07",5315600
6.91,-0.49,100,"sd","13:11:07",5315400
6.91,-0.49,300,"sd","13:11:05",5315300
6.92,-0.48,2100,"bu","13:11:05",5315000
6.91,-0.49,200,"sd","13:10:59",5312900
6.92,-0.48,500,"sd","13:10:49",5312700
6.92,-0.48,200,"sd","13:10:49",5312200
6.92,-0.48,1500,"sd","13:10:49",5312000
6.92,-0.48,1400,"sd","13:10:49",5310500
6.93,-0.47,200,"bu","13:10:48",5309100
6.93,-0.47,800,"sd","13:10:48",5308900
6.93,-0.47,200,"sd","13:10:48",5308100
6.93,-0.47,100,"sd","13:10:47",5307900
6.93,-0.47,2900,"bu","13:10:37",5307800
6.93,-0.47,100,"bu","13:10:30",5304900
6.92,-0.48,100,"sd","13:10:26",5304800
6.92,-0.48,1500,"sd","13:10:16",5304700
6.92,-0.48,5500,"sd","13:10:16",5303200
6.93,-0.47,100,"bu","13:10:11",5297700
6.92,-0.48,3000,"sd","13:10:10",5297600
6.93,-0.47,100,"bu","13:10:05",5294600
6.93,-0.47,300,"sd","13:10:02",5294500
6.93,-0.47,500,"sd","13:10:02",5294200
6.93,-0.47,100,"sd","13:09:56",5293700
6.93,-0.47,400,"sd","13:09:56",5293600
6.93,-0.47,1000,"bu","13:09:54",5293200
6.93,-0.47,100,"bu","13:09:52",5292200
6.93,-0.47,100,"bu","13:09:46",5292100
6.92,-0.48,1500,"sd","13:09:43",5292000
6.92,-0.48,500,"sd","13:09:43",5290500
6.93,-0.47,100,"bu","13:09:42",5290000
6.93,-0.47,200,"sd","13:09:42",5289900
6.93,-0.47,1000,"sd","13:09:42",5289700
6.93,-0.47,100,"sd","13:09:42",5288700
6.93,-0.47,400,"sd","13:09:42",5288600
6.94,-0.46,100,"bu","13:09:37",5288200
6.94,-0.46,2000,"bu","13:09:25",5288100
6.94,-0.46,2000,"bu","13:09:22",5286100
6.94,-0.46,500,"sd","13:09:15",5284100
6.94,-0.46,3000,"sd","13:09:15",5283600
6.94,-0.46,1900,"sd","13:09:15",5280600
6.95,-0.45,5000,"sd","13:09:15",5278700
6.95,-0.45,1400,"sd","13:09:14",5273700
6.99,-0.41,4100,"bu","13:09:03",5272300
6.99,-0.41,3600,"bu","13:09:03",5268200
6.99,-0.41,3000,"bu","13:09:03",5264600
6.99,-0.41,1400,"bu","13:09:03",5261600
6.98,-0.42,1000,"bu","13:09:03",5260200
6.98,-0.42,6900,"bu","13:09:03",5259200
6.98,-0.42,100,"bu","13:09:02",5252300
6.95,-0.45,1600,"sd","13:09:01",5252200
6.95,-0.45,200,"sd","13:09:01",5250600
6.95,-0.45,100,"sd","13:09:01",5250400
6.95,-0.45,300,"sd","13:09:01",5250300
6.95,-0.45,100,"sd","13:09:01",5250000
6.95,-0.45,400,"sd","13:09:01",5249900
6.96,-0.44,1700,"sd","13:09:01",5249500
6.96,-0.44,1600,"sd","13:09:01",5247800
6.98,-0.42,3000,"bu","13:08:55",5246200
6.98,-0.42,200,"bu","13:08:55",5243200
6.98,-0.42,300,"sd","13:08:53",5243000
6.98,-0.42,2000,"sd","13:08:46",5242700
6.98,-0.42,10000,"bu","13:08:37",5240700
6.98,-0.42,5000,"bu","13:08:37",5230700
6.97,-0.43,500,"bu","13:08:37",5225700
6.96,-0.44,400,"sd","13:08:26",5225200
6.96,-0.44,2000,"bu","13:07:55",5224800
6.95,-0.45,1100,"sd","13:07:42",5222800
6.95,-0.45,500,"sd","13:07:34",5221700
6.95,-0.45,2500,"sd","13:07:34",5221200
6.96,-0.44,1000,"bu","13:07:28",5218700
6.94,-0.46,100,"sd","13:07:15",5217700
6.95,-0.45,8800,"bu","13:07:07",5217600
6.95,-0.45,500,"sd","13:07:04",5208800
6.95,-0.45,700,"sd","13:07:04",5208300
6.95,-0.45,1000,"sd","13:06:47",5207600
6.95,-0.45,4400,"sd","13:06:40",5206600
6.95,-0.45,5000,"sd","13:06:39",5202200
6.95,-0.45,3000,"sd","13:06:39",5197200
6.95,-0.45,2000,"sd","13:06:39",5194200
6.94,-0.46,500,"sd","13:06:17",5192200
6.94,-0.46,500,"sd","13:06:17",5191700
6.99,-0.41,800,"bu","13:05:16",5191200
6.99,-0.41,100,"bu","13:05:16",5190400
6.97,-0.43,100,"bu","13:05:16",5190300
6.93,-0.47,1000,"sd","13:05:01",5190200
6.93,-0.47,2500,"bu","13:04:59",5189200
6.93,-0.47,2000,"bu","13:04:56",5186700
6.91,-0.49,2600,"sd","13:04:49",5184700
6.92,-0.48,2400,"sd","13:04:49",5182100
6.92,-0.48,5000,"sd","13:04:32",5179700
6.92,-0.48,500,"bu","13:04:26",5174700
6.91,-0.49,12100,"bu","13:04:26",5174200
6.91,-0.49,20000,"bu","13:04:25",5162100
6.91,-0.49,200,"bu","13:04:20",5142100
6.91,-0.49,2900,"bu","13:04:11",5141900
6.91,-0.49,2100,"bu","13:04:11",5139000
6.9,-0.5,500,"sd","13:04:09",5136900
6.9,-0.5,100,"sd","13:04:05",5136400
6.91,-0.49,900,"bu","13:04:04",5136300
6.9,-0.5,6600,"sd","13:03:54",5135400
6.9,-0.5,1000,"sd","13:03:54",5128800
6.9,-0.5,100,"sd","13:03:54",5127800
6.9,-0.5,300,"sd","13:03:54",5127700
6.9,-0.5,300,"sd","13:03:54",5127400
6.9,-0.5,100,"sd","13:03:54",5127100
6.9,-0.5,1000,"sd","13:03:54",5127000
6.9,-0.5,3000,"sd","13:03:54",5126000
6.9,-0.5,5000,"sd","13:03:54",5123000
6.9,-0.5,2000,"sd","13:03:54",5118000
6.9,-0.5,5000,"sd","13:03:54",5116000
6.9,-0.5,200,"sd","13:03:54",5111000
6.9,-0.5,600,"sd","13:03:54",5110800
6.9,-0.5,2300,"sd","13:03:54",5110200
6.9,-0.5,700,"sd","13:03:50",5107900
6.9,-0.5,300,"sd","13:03:50",5107200
6.9,-0.5,700,"sd","13:03:50",5106900
6.91,-0.49,1300,"sd","13:03:50",5106200
6.92,-0.48,11900,"bu","13:03:48",5104900
6.91,-0.49,300,"bu","13:03:43",5093000
6.9,-0.5,100,"sd","13:03:35",5092700
6.9,-0.5,1000,"sd","13:03:34",5092600
6.9,-0.5,8200,"sd","13:03:34",5091600
6.9,-0.5,500,"sd","13:03:34",5083400
6.9,-0.5,2000,"sd","13:03:34",5082900
6.9,-0.5,100,"sd","13:03:34",5080900
6.9,-0.5,200,"sd","13:03:34",5080800
6.9,-0.5,500,"sd","13:03:34",5080600
6.9,-0.5,500,"sd","13:03:34",5080100
6.9,-0.5,1000,"sd","13:03:34",5079600
6.9,-0.5,1000,"sd","13:03:34",5078600
6.9,-0.5,100,"sd","13:03:34",5077600
6.9,-0.5,100,"sd","13:03:34",5077500
6.9,-0.5,500,"sd","13:03:34",5077400
6.9,-0.5,36300,"sd","13:03:34",5076900
6.91,-0.49,200,"bu","13:03:28",5040600
6.91,-0.49,500,"unknown","13:03:24",5040400
6.9,-0.5,100,"sd","13:03:24",5039900
6.9,-0.5,1000,"sd","13:03:20",5039800
6.9,-0.5,400,"sd","13:03:11",5038800
6.92,-0.48,600,"bu","13:03:11",5038400
6.9,-0.5,10000,"sd","13:03:11",5037800
6.9,-0.5,16100,"sd","13:03:09",5027800
6.92,-0.48,2000,"bu","13:03:04",5011700
6.92,-0.48,1200,"bu","13:03:04",5009700
6.91,-0.49,200,"bu","13:03:04",5008500
6.92,-0.48,900,"bu","13:03:04",5008300
6.91,-0.49,100,"bu","13:03:04",5007400
6.9,-0.5,2000,"sd","13:02:56",5007300
6.92,-0.48,2100,"bu","13:02:51",5005300
6.9,-0.5,33100,"sd","13:02:50",5003200
6.9,-0.5,200,"sd","13:02:50",4970100
6.91,-0.49,500,"sd","13:02:50",4969900
6.9,-0.5,500,"sd","13:02:50",4969400
6.91,-0.49,100,"sd","13:02:50",4968900
6.9,-0.5,200,"sd","13:02:50",4968800
6.91,-0.49,1000,"sd","13:02:50",4968600
6.9,-0.5,1000,"sd","13:02:50",4967600
6.91,-0.49,500,"sd","13:02:50",4966600
6.91,-0.49,300,"sd","13:02:50",4966100
6.9,-0.5,2000,"sd","13:02:50",4965800
6.9,-0.5,600,"sd","13:02:50",4963700
6.91,-0.49,100,"sd","13:02:50",4963800
6.91,-0.49,1000,"sd","13:02:50",4963100
6.91,-0.49,4500,"sd","13:02:50",4962100
6.91,-0.49,600,"sd","13:02:50",4957600
6.91,-0.49,1000,"sd","13:02:50",4957000
6.91,-0.49,300,"sd","13:02:50",4956000
6.91,-0.49,2000,"sd","13:02:50",4955700
6.91,-0.49,200,"sd","13:02:50",4953700
6.91,-0.49,200,"sd","13:02:50",4953500
6.91,-0.49,100,"sd","13:02:50",4953300
6.91,-0.49,1000,"sd","13:02:48",4953200
6.92,-0.48,600,"sd","13:02:48",4952200
6.92,-0.48,200,"sd","13:02:48",4951600
6.92,-0.48,200,"sd","13:02:48",4951400
6.92,-0.48,200,"sd","13:02:48",4951200
6.92,-0.48,500,"sd","13:02:48",4951000
6.92,-0.48,400,"sd","13:02:45",4950500
6.92,-0.48,100,"sd","13:02:45",4950100
6.92,-0.48,500,"sd","13:02:45",4950000
6.92,-0.48,500,"sd","13:02:32",4949500
6.92,-0.48,300,"sd","13:02:32",4949000
6.92,-0.48,6200,"sd","13:02:32",4948700
6.92,-0.48,1000,"sd","13:02:27",4942500
6.92,-0.48,800,"sd","13:02:26",4941500
6.93,-0.47,200,"sd","13:02:26",4940700
6.93,-0.47,100,"unknown","13:02:14",4940500
6.93,-0.47,100,"unknown","13:02:14",4940400
6.93,-0.47,500,"bu","13:02:13",4940300
6.92,-0.48,600,"sd","13:02:11",4939800
6.93,-0.47,500,"bu","13:02:01",4939200
6.92,-0.48,1000,"sd","13:01:51",4938700
6.92,-0.48,200,"sd","13:01:50",4937700
6.97,-0.43,900,"bu","13:01:49",4937500
6.97,-0.43,500,"bu","13:01:49",4936600
6.95,-0.45,16500,"bu","13:01:49",4936100
6.93,-0.47,2100,"bu","13:01:49",4919600
6.92,-0.48,100,"sd","13:01:44",4917500
6.93,-0.47,900,"bu","13:01:41",4917400
6.92,-0.48,6600,"sd","13:01:33",4916500
6.93,-0.47,500,"sd","13:01:33",4909900
6.93,-0.47,300,"sd","13:01:33",4909400
6.93,-0.47,4000,"sd","13:01:33",4909100
6.92,-0.48,13500,"sd","13:01:33",4905100
6.92,-0.48,1000,"sd","13:01:33",4891600
6.92,-0.48,5000,"sd","13:01:33",4890600
6.92,-0.48,200,"sd","13:01:33",4885600
6.93,-0.47,500,"sd","13:01:33",4885400
6.93,-0.47,1000,"sd","13:01:32",4884900
6.95,-0.45,100,"bu","13:01:27",4883900
6.93,-0.47,200,"sd","13:01:18",4883800
6.93,-0.47,300,"sd","13:01:16",4883600
6.93,-0.47,500,"sd","13:01:15",4883300
6.95,-0.45,300,"bu","13:01:14",4882800
6.97,-0.43,1000,"bu","13:01:14",4882500
6.96,-0.44,1000,"bu","13:01:14",4881500
6.97,-0.43,100,"bu","13:01:14",4880500
6.97,-0.43,200,"bu","13:01:13",4880400
6.96,-0.44,200,"bu","13:01:13",4880200
6.94,-0.46,500,"sd","13:01:13",4880000
6.95,-0.45,12000,"bu","13:01:12",4879500
6.95,-0.45,100,"bu","13:01:12",4867500
6.95,-0.45,10200,"bu","13:01:12",4867400
6.96,-0.44,300,"bu","13:01:12",4857200
6.95,-0.45,500,"bu","13:01:12",4856900
6.95,-0.45,2000,"bu","13:01:12",4856400
6.95,-0.45,500,"bu","13:01:12",4854400
6.97,-0.43,1900,"bu","13:01:11",4853900
6.95,-0.45,1000,"bu","13:01:11",4852000
6.96,-0.44,500,"bu","13:01:11",4851000
6.95,-0.45,300,"bu","13:01:11",4850500
6.97,-0.43,100,"bu","13:01:11",4850200
7.1,-0.3,300,"bu","13:01:10",4850100
6.95,-0.45,500,"bu","13:01:10",4849800
6.97,-0.43,9000,"bu","13:01:10",4849300
6.95,-0.45,500,"bu","13:01:10",4840300
6.95,-0.45,10000,"bu","13:01:09",4839800
6.97,-0.43,5800,"bu","13:01:09",4829800
6.96,-0.44,5000,"bu","13:01:09",4824000
6.95,-0.45,500,"bu","13:01:09",4819000
7,-0.4,100,"bu","13:01:09",4818500
6.96,-0.44,2500,"bu","13:01:09",4818400
6.95,-0.45,5900,"bu","13:01:08",4815900
6.96,-0.44,100,"bu","13:01:08",4810000
6.96,-0.44,300,"bu","13:01:08",4809900
6.97,-0.43,6000,"bu","13:01:07",4809600
6.95,-0.45,6200,"bu","13:01:06",4803600
6.97,-0.43,5000,"bu","13:01:06",4797400
6.96,-0.44,5000,"bu","13:01:05",4792400
6.95,-0.45,100,"bu","13:01:05",4787400
6.96,-0.44,4200,"bu","13:01:05",4787300
6.97,-0.43,600,"sd","13:01:04",4783100
6.97,-0.43,10400,"sd","13:01:04",4782500
7.07,-0.33,300,"bu","13:01:04",4772100
6.95,-0.45,1000,"sd","13:01:03",4771800
6.96,-0.44,10000,"sd","13:01:03",4770800
6.96,-0.44,100,"sd","13:01:03",4760800
6.96,-0.44,100,"sd","13:01:03",4760700
6.96,-0.44,1000,"sd","13:01:03",4760600
6.96,-0.44,400,"sd","13:01:03",4759600
6.95,-0.45,2000,"sd","13:01:02",4759200
6.96,-0.44,7800,"sd","13:01:01",4757200
6.95,-0.45,100,"sd","13:01:01",4749400
6.95,-0.45,7000,"sd","13:01:00",4749300
6.95,-0.45,2000,"sd","13:00:59",4742300
6.95,-0.45,3700,"sd","13:00:59",4740300
6.95,-0.45,500,"sd","13:00:58",4736600
6.95,-0.45,500,"sd","13:00:58",4736100
6.99,-0.41,700,"unknown","13:00:57",4735600
7,-0.4,300,"bu","13:00:57",4734900
6.95,-0.45,5300,"sd","13:00:56",4734600
6.97,-0.43,2000,"sd","13:00:56",4729300
7,-0.4,100,"bu","13:00:56",4727300
7,-0.4,200,"bu","13:00:55",4727200
7,-0.4,200,"bu","13:00:55",4727000
6.97,-0.43,2100,"sd","13:00:55",4726800
7,-0.4,100,"bu","13:00:53",4724700
6.98,-0.42,1300,"unknown","13:00:52",4724600
7.01,-0.39,3000,"bu","13:00:50",4723300
6.98,-0.42,500,"sd","13:00:48",4720300
7,-0.4,100,"bu","13:00:47",4719800
6.98,-0.42,5500,"sd","13:00:45",4719700
7.01,-0.39,1500,"bu","13:00:43",4714200
6.98,-0.42,400,"sd","13:00:41",4712700
7,-0.4,700,"bu","13:00:41",4712300
7,-0.4,800,"bu","13:00:41",4711600
6.98,-0.42,1500,"sd","13:00:38",4710800
7,-0.4,3500,"bu","13:00:37",4709300
6.98,-0.42,600,"sd","13:00:36",4705800
7,-0.4,600,"bu","13:00:32",4705200
6.99,-0.41,700,"unknown","13:00:32",4704600
7.01,-0.39,1000,"bu","13:00:27",4703900
7.01,-0.39,900,"bu","13:00:26",4702900
6.99,-0.41,500,"sd","13:00:26",4702000
7.01,-0.39,1000,"bu","13:00:23",4701500
7.01,-0.39,600,"bu","13:00:21",4700500
7,-0.4,100,"bu","13:00:17",4699900
7,-0.4,3300,"bu","13:00:15",4699800
6.99,-0.41,100,"sd","13:00:13",4696500
7,-0.4,2300,"bu","13:00:13",4696400
7.01,-0.39,1000,"bu","13:00:11",4694100
7.01,-0.39,500,"bu","13:00:11",4693100
6.99,-0.41,1500,"sd","13:00:10",4692600
6.99,-0.41,9200,"sd","13:00:08",4691100
7,-0.4,11400,"sd","13:00:07",4681900
7.15,-0.25,8400,"bu","13:00:07",4670500
7,-0.4,3000,"sd","13:00:07",4662100
7,-0.4,1000,"sd","13:00:06",4659100
7.1,-0.3,1000,"bu","13:00:05",4658100
7.01,-0.39,300,"bu","13:00:05",4657100
7.1,-0.3,1100,"bu","13:00:05",4656800
6.98,-0.42,2600,"sd","13:00:04",4655700
7.01,-0.39,200,"bu","13:00:03",4653100
6.98,-0.42,1000,"sd","13:00:03",4652900
6.98,-0.42,100,"sd","13:00:03",4651900
6.99,-0.41,10000,"sd","13:00:03",4651800
6.99,-0.41,10000,"sd","13:00:03",4641800
6.99,-0.41,200,"sd","13:00:02",4631800
7.01,-0.39,800,"unknown","13:00:02",4631600
7,-0.4,200,"sd","13:00:02",4630800
7,-0.4,400,"sd","13:00:02",4630600
7,-0.4,300,"sd","13:00:02",4630200
6.99,-0.41,100,"sd","13:00:02",4629900
7,-0.4,100,"sd","13:00:02",4629800
7.01,-0.39,300,"sd","13:00:01",4629700
7,-0.4,200,"sd","13:00:01",4629400
7,-0.4,5200,"sd","13:00:01",4629200
7,-0.4,500,"sd","13:00:01",4624000
7,-0.4,1000,"sd","13:00:01",4623500
7,-0.4,3000,"sd","13:00:01",4622500
7.01,-0.39,1500,"sd","11:29:53",4619500
7.02,-0.38,500,"sd","11:29:53",4618000
7.02,-0.38,200,"sd","11:29:53",4617500
7.01,-0.39,7400,"sd","11:29:31",4617300
7.01,-0.39,10000,"sd","11:29:31",4609900
7.01,-0.39,2400,"sd","11:29:31",4599900
7.02,-0.38,200,"sd","11:29:31",4597500
7.08,-0.32,500,"bu","11:29:30",4597300
7.08,-0.32,3400,"bu","11:29:27",4596800
7.08,-0.32,1500,"bu","11:29:27",4593400
7.08,-0.32,500,"bu","11:29:27",4591900
7.08,-0.32,1800,"bu","11:29:27",4591400
7.08,-0.32,800,"bu","11:29:27",4589600
7.08,-0.32,3000,"bu","11:29:12",4588800
7.01,-0.39,500,"sd","11:28:51",4585800
7.01,-0.39,100,"sd","11:28:33",4585300
7.01,-0.39,100,"sd","11:28:33",4585200
7.08,-0.32,100,"bu","11:27:56",4585100
7,-0.4,1000,"sd","11:27:29",4585000
7,-0.4,400,"sd","11:27:27",4584000
7.01,-0.39,100,"sd","11:27:27",4583600
7,-0.4,100,"sd","11:26:46",4583500
7,-0.4,1000,"bu","11:26:43",4583400
7,-0.4,700,"bu","11:26:43",4582400
7,-0.4,100,"bu","11:26:34",4581700
7,-0.4,16800,"bu","11:26:33",4581600
7,-0.4,10000,"bu","11:26:12",4564800
7,-0.4,3000,"bu","11:25:59",4554800
7,-0.4,100,"bu","11:25:44",4551800
7,-0.4,100,"bu","11:25:44",4551700
6.98,-0.42,4900,"sd","11:25:14",4551600
6.98,-0.42,100,"sd","11:25:14",4546700
7,-0.4,900,"bu","11:25:14",4546600
7,-0.4,1000,"bu","11:25:14",4545700
7,-0.4,3100,"bu","11:25:14",4544700
7,-0.4,200,"bu","11:25:04",4541600
7,-0.4,400,"bu","11:24:54",4541400
6.99,-0.41,5000,"bu","11:24:48",4541000
6.97,-0.43,1600,"sd","11:24:32",4536000
6.98,-0.42,200,"sd","11:24:32",4534400
6.98,-0.42,100,"sd","11:24:32",4534200
6.98,-0.42,100,"sd","11:24:32",4534100
6.98,-0.42,5000,"sd","11:24:32",4534000
6.98,-0.42,100,"sd","11:24:32",4529000
6.98,-0.42,1000,"sd","11:24:32",4528900
6.98,-0.42,500,"sd","11:24:32",4527900
6.99,-0.41,1400,"sd","11:24:32",4527400
6.99,-0.41,3600,"bu","11:24:31",4526000
6.99,-0.41,5000,"bu","11:24:26",4522400
6.99,-0.41,100,"bu","11:24:24",4517400
6.99,-0.41,200,"bu","11:24:21",4517300
6.99,-0.41,200,"bu","11:24:17",4517100
6.99,-0.41,5000,"bu","11:24:11",4516900
6.99,-0.41,3900,"bu","11:23:50",4511900
6.99,-0.41,600,"bu","11:23:50",4508000
6.99,-0.41,500,"bu","11:23:50",4507400
6.99,-0.41,5000,"bu","11:23:35",4506900
6.97,-0.43,1000,"sd","11:23:15",4501900
6.97,-0.43,300,"sd","11:23:14",4500900
6.97,-0.43,1700,"sd","11:23:14",4500600
6.99,-0.41,1000,"bu","11:23:06",4498900
6.99,-0.41,200,"bu","11:22:59",4497900
6.97,-0.43,3000,"sd","11:22:50",4497700
6.97,-0.43,300,"sd","11:22:45",4494700
6.99,-0.41,2300,"bu","11:22:38",4494400
6.97,-0.43,1700,"bu","11:22:38",4492100
6.97,-0.43,1000,"sd","11:22:36",4490400
6.97,-0.43,2100,"sd","11:22:21",4489400
6.97,-0.43,1900,"sd","11:22:21",4487300
6.98,-0.42,100,"sd","11:22:21",4485400
6.96,-0.44,2400,"sd","11:22:09",4485300
6.96,-0.44,200,"sd","11:22:09",4482900
6.97,-0.43,100,"sd","11:22:09",4482700
6.97,-0.43,2500,"sd","11:22:09",4482600
6.97,-0.43,500,"sd","11:22:09",4480100
6.97,-0.43,300,"sd","11:22:09",4479600
6.98,-0.42,100,"unknown","11:22:02",4479300
6.98,-0.42,100,"unknown","11:22:02",4479200
6.98,-0.42,500,"unknown","11:22:02",4479100
6.98,-0.42,500,"unknown","11:22:02",4478600
6.98,-0.42,200,"unknown","11:22:02",4478100
6.98,-0.42,3600,"unknown","11:22:02",4477900
6.99,-0.41,5000,"bu","11:21:59",4474300
6.99,-0.41,1500,"bu","11:21:55",4469300
6.99,-0.41,100,"bu","11:21:42",4467800
6.99,-0.41,1000,"bu","11:21:35",4467700
6.98,-0.42,200,"sd","11:21:33",4466700
6.98,-0.42,1200,"sd","11:21:33",4466500
6.98,-0.42,100,"sd","11:21:33",4465300
6.98,-0.42,400,"sd","11:21:33",4465200
6.98,-0.42,800,"sd","11:21:33",4464800
6.98,-0.42,200,"sd","11:21:33",4464000
6.99,-0.41,300,"bu","11:21:33",4463800
6.99,-0.41,500,"sd","11:21:32",4463500
6.99,-0.41,200,"sd","11:21:32",4463000
6.99,-0.41,100,"sd","11:21:32",4462800
6.99,-0.41,1000,"sd","11:21:32",4462700
6.99,-0.41,100,"sd","11:21:32",4461700
6.99,-0.41,1000,"sd","11:21:32",4461600
6.99,-0.41,1100,"sd","11:21:32",4460600
6.99,-0.41,700,"sd","11:21:32",4459500
6.99,-0.41,500,"sd","11:21:32",4458800
7,-0.4,100,"bu","11:21:27",4458300
7,-0.4,500,"bu","11:21:20",4458200
7,-0.4,19100,"bu","11:21:12",4457700
7,-0.4,1500,"bu","11:21:08",4438600
7,-0.4,500,"bu","11:21:07",4437100
7,-0.4,500,"bu","11:20:56",4436600
7,-0.4,200,"sd","11:20:56",4436100
7,-0.4,1000,"sd","11:20:56",4435900
7,-0.4,2000,"sd","11:20:56",4434900
7,-0.4,5000,"sd","11:20:56",4432900
7,-0.4,1000,"sd","11:20:56",4427900
7,-0.4,1000,"sd","11:20:56",4426900
7,-0.4,1000,"sd","11:20:56",4425900
7,-0.4,100,"sd","11:20:56",4424900
7,-0.4,500,"sd","11:20:56",4424800
7,-0.4,10000,"sd","11:20:56",4424300
7,-0.4,500,"sd","11:20:56",4414300
7,-0.4,500,"sd","11:20:56",4413800
7,-0.4,200,"sd","11:20:56",4413300
7,-0.4,5000,"sd","11:20:56",4413100
7,-0.4,5000,"sd","11:20:56",4408100
7,-0.4,10000,"sd","11:20:56",4403100
7,-0.4,100,"sd","11:20:56",4393100
7,-0.4,100,"sd","11:20:56",4393000
7,-0.4,300,"sd","11:20:56",4392900
7,-0.4,200,"sd","11:20:56",4392600
7,-0.4,100,"sd","11:20:56",4392400
7,-0.4,2000,"sd","11:20:56",4392300
7,-0.4,2000,"sd","11:20:56",4390300
7,-0.4,10000,"sd","11:20:56",4388300
7,-0.4,500,"sd","11:20:56",4378300
7,-0.4,500,"sd","11:20:56",4377800
7,-0.4,5000,"sd","11:20:56",4377300
7,-0.4,500,"sd","11:20:56",4372300
7,-0.4,1200,"sd","11:20:56",4371800
7,-0.4,800,"sd","11:20:56",4370600
7,-0.4,1000,"sd","11:20:56",4369800
7,-0.4,500,"sd","11:20:56",4368800
7,-0.4,1000,"sd","11:20:56",4368300
7,-0.4,1000,"sd","11:20:56",4367300
7,-0.4,200,"sd","11:20:56",4366300
7,-0.4,1000,"sd","11:20:56",4366100
7,-0.4,1000,"sd","11:20:56",4365100
7,-0.4,400,"sd","11:20:56",4364100
7,-0.4,1500,"sd","11:20:56",4363700
7.01,-0.39,200,"sd","11:20:56",4362200
7.01,-0.39,400,"bu","11:20:56",4362000
7.01,-0.39,2000,"bu","11:20:56",4361600
7,-0.4,200,"sd","11:20:53",4359600
7.01,-0.39,10000,"bu","11:20:51",4359400
7.01,-0.39,500,"bu","11:20:51",4349400
7.01,-0.39,5000,"bu","11:20:51",4348900
7.01,-0.39,2100,"bu","11:20:51",4343900
7.03,-0.37,10000,"bu","11:20:51",4341800
7.01,-0.39,1700,"sd","11:20:39",4331800
7.01,-0.39,100,"sd","11:20:36",4330100
7.01,-0.39,100,"sd","11:20:36",4330000
7.01,-0.39,300,"sd","11:20:36",4329900
7,-0.4,100,"sd","11:20:19",4329600
7,-0.4,1000,"sd","11:20:19",4329500
7,-0.4,5000,"sd","11:20:19",4328500
7,-0.4,10000,"sd","11:20:19",4323500
7,-0.4,1000,"sd","11:20:19",4313500
7,-0.4,5000,"sd","11:20:19",4312500
7,-0.4,100,"sd","11:20:19",4307500
7,-0.4,500,"sd","11:20:19",4307400
7,-0.4,3000,"sd","11:20:19",4306900
7,-0.4,100,"sd","11:20:19",4303900
7.01,-0.39,1500,"unknown","11:20:19",4303800
7,-0.4,200,"sd","11:20:19",4302300
7,-0.4,100,"sd","11:20:19",4302100
7,-0.4,300,"sd","11:20:19",4302000
7,-0.4,100,"sd","11:20:19",4301700
7,-0.4,1600,"sd","11:20:19",4301600
7,-0.4,1500,"sd","11:20:19",4300000
7,-0.4,100,"sd","11:20:19",4298500
7,-0.4,1000,"sd","11:20:19",4298400
7,-0.4,3300,"sd","11:20:19",4297400
7,-0.4,100,"sd","11:20:19",4294100
7,-0.4,200,"sd","11:20:19",4294000
7,-0.4,5000,"sd","11:20:19",4293800
7,-0.4,2500,"sd","11:20:19",4288800
7.01,-0.39,5000,"sd","11:20:19",4286300
7.01,-0.39,100,"sd","11:20:19",4281300
7.01,-0.39,100,"sd","11:20:19",4281200
7.01,-0.39,1500,"sd","11:20:19",4281100
7.01,-0.39,8500,"sd","11:20:15",4279600
7.01,-0.39,1500,"sd","11:20:15",4271100
7.02,-0.38,10000,"sd","11:20:15",4269600
7.01,-0.39,2000,"sd","11:19:33",4259600
7.01,-0.39,100,"sd","11:19:33",4257600
7.01,-0.39,900,"sd","11:19:33",4257500
7.01,-0.39,4100,"sd","11:19:33",4256600
7.01,-0.39,500,"sd","11:19:33",4252500
7.01,-0.39,200,"sd","11:19:33",4252000
7.02,-0.38,500,"sd","11:19:33",4251800
7.02,-0.38,200,"sd","11:19:33",4251300
7.03,-0.37,1000,"sd","11:19:33",4251100
7.03,-0.37,100,"sd","11:19:33",4250100
7.03,-0.37,600,"sd","11:19:33",4250000
7.04,-0.36,500,"sd","11:19:33",4249400
7.04,-0.36,100,"sd","11:19:33",4248900
7.04,-0.36,300,"sd","11:19:33",4248800
7.04,-0.36,1900,"sd","11:19:33",4248500
7.05,-0.35,300,"bu","11:19:25",4246600
7.05,-0.35,200,"bu","11:19:25",4246300
7.05,-0.35,100,"sd","11:19:22",4246100
7.05,-0.35,1000,"sd","11:19:22",4246000
7.05,-0.35,1000,"sd","11:19:22",4245000
7.05,-0.35,100,"sd","11:19:22",4244000
7.05,-0.35,200,"sd","11:19:22",4243900
7.05,-0.35,2300,"sd","11:19:04",4243700
7.06,-0.34,900,"sd","11:19:04",4241400
7.06,-0.34,200,"sd","11:19:01",4240500
7.06,-0.34,800,"bu","11:18:57",4240300
7.06,-0.34,900,"bu","11:18:57",4239500
7.06,-0.34,500,"bu","11:18:32",4238600
7.06,-0.34,300,"bu","11:18:23",4238100
7.05,-0.35,900,"sd","11:18:12",4237800
7.05,-0.35,1800,"sd","11:18:06",4236900
7.05,-0.35,500,"sd","11:18:06",4235100
7.05,-0.35,3000,"sd","11:18:06",4234600
7.05,-0.35,100,"sd","11:18:06",4231600
7.05,-0.35,300,"sd","11:18:06",4231500
7.05,-0.35,10000,"sd","11:18:06",4231200
7.05,-0.35,200,"sd","11:18:06",4221200
7.06,-0.34,100,"bu","11:18:02",4221000
7.06,-0.34,600,"sd","11:17:54",4220900
7.06,-0.34,2900,"sd","11:17:54",4220300
7.06,-0.34,100,"sd","11:17:39",4217400
7.07,-0.33,200,"sd","11:17:39",4217300
7.07,-0.33,500,"sd","11:17:39",4217100
7.07,-0.33,200,"sd","11:17:39",4216600
7.08,-0.32,10000,"sd","11:17:27",4216400
7.08,-0.32,500,"sd","11:17:27",4206400
7.08,-0.32,900,"sd","11:17:27",4205900
7.1,-0.3,10000,"sd","11:17:00",4205000
7.1,-0.3,100,"sd","11:17:00",4195000
7.1,-0.3,200,"sd","11:17:00",4194900
7.1,-0.3,400,"sd","11:17:00",4194700
7.1,-0.3,500,"sd","11:17:00",4194300
7.1,-0.3,1000,"sd","11:17:00",4193800
7.1,-0.3,200,"sd","11:17:00",4192800
7.1,-0.3,900,"sd","11:17:00",4192600
7.1,-0.3,500,"sd","11:17:00",4191700
7.1,-0.3,1000,"sd","11:17:00",4191200
7.1,-0.3,200,"sd","11:17:00",4190200
7.1,-0.3,1000,"sd","11:17:00",4190000
7.1,-0.3,500,"sd","11:17:00",4189000
7.1,-0.3,1000,"sd","11:17:00",4188500
7.1,-0.3,10000,"sd","11:17:00",4187500
7.1,-0.3,500,"sd","11:17:00",4177500
7.1,-0.3,100,"sd","11:17:00",4177000
7.1,-0.3,100,"sd","11:17:00",4176900
7.11,-0.29,10000,"sd","11:17:00",4176800
7.1,-0.3,100,"sd","11:17:00",4166800
7.11,-0.29,200,"sd","11:17:00",4166700
7.11,-0.29,10200,"sd","11:17:00",4166500
7.11,-0.29,300,"sd","11:17:00",4156300
7.1,-0.3,200,"sd","11:17:00",4156000
7.1,-0.3,10000,"sd","11:17:00",4155800
7.1,-0.3,10000,"sd","11:17:00",4145800
7.11,-0.29,2000,"sd","11:17:00",4135800
7.11,-0.29,5000,"sd","11:17:00",4133800
7.1,-0.3,700,"sd","11:17:00",4128800
7.1,-0.3,1000,"sd","11:17:00",4128100
7.11,-0.29,400,"sd","11:17:00",4127100
7.1,-0.3,100,"sd","11:17:00",4126700
7.1,-0.3,500,"sd","11:17:00",4126600
7.1,-0.3,2000,"sd","11:17:00",4126100
7.1,-0.3,10000,"sd","11:17:00",4124100
7.12,-0.28,2800,"bu","11:16:56",4114100
7.12,-0.28,500,"bu","11:16:54",4111300
7.12,-0.28,100,"sd","11:16:50",4110800
7.12,-0.28,1900,"sd","11:16:50",4110700
7.12,-0.28,8100,"sd","11:16:42",4108800
7.12,-0.28,200,"sd","11:16:42",4100700
7.12,-0.28,13700,"sd","11:16:42",4100500
7.12,-0.28,1000,"sd","11:16:37",4086800
7.12,-0.28,200,"sd","11:16:37",4085800
7.13,-0.27,200,"bu","11:16:08",4085600
7.13,-0.27,1000,"bu","11:15:40",4085400
7.13,-0.27,100,"bu","11:15:22",4084400
7.13,-0.27,1900,"bu","11:15:09",4084300
7.13,-0.27,2000,"sd","11:14:55",4082400
7.13,-0.27,2100,"sd","11:14:48",4080400
7.13,-0.27,500,"sd","11:14:48",4078300
7.13,-0.27,10000,"sd","11:14:48",4077800
7.13,-0.27,2400,"sd","11:14:48",4067800
7.13,-0.27,2600,"sd","11:14:25",4065400
7.13,-0.27,100,"sd","11:14:25",4062800
7.13,-0.27,100,"sd","11:14:25",4062700
7.13,-0.27,100,"sd","11:14:25",4062600
7.13,-0.27,1300,"sd","11:14:25",4062500
7.14,-0.26,100,"bu","11:13:39",4061200
7.14,-0.26,4000,"sd","11:13:10",4061100
7.14,-0.26,1000,"bu","11:13:04",4057100
7.14,-0.26,3900,"bu","11:13:01",4056100
7.14,-0.26,100,"bu","11:12:47",4052200
7.15,-0.25,300,"bu","11:11:58",4052100
7.14,-0.26,900,"bu","11:11:58",4051800
7.14,-0.26,10000,"bu","11:11:50",4050900
7.14,-0.26,1000,"bu","11:11:50",4040900
7.14,-0.26,8100,"bu","11:11:50",4039900
7.15,-0.25,700,"sd","11:11:11",4031800
7.15,-0.25,500,"sd","11:11:11",4031100
7.15,-0.25,300,"sd","11:11:11",4030600
7.15,-0.25,200,"sd","11:10:43",4030300
7.14,-0.26,200,"sd","11:09:18",4030100
7.14,-0.26,1700,"sd","11:09:12",4029900
7.14,-0.26,100,"sd","11:09:12",4028200
7.14,-0.26,1100,"sd","11:09:12",4028100
7.17,-0.23,100,"bu","11:09:00",4027000
7.17,-0.23,700,"sd","11:08:31",4026900
7.15,-0.25,400,"bu","11:08:08",4026200
7.15,-0.25,700,"sd","11:08:02",4025800
7.15,-0.25,700,"sd","11:08:02",4025100
7.15,-0.25,1000,"sd","11:08:02",4024400
7.15,-0.25,200,"sd","11:08:01",4023400
7.15,-0.25,2000,"sd","11:08:01",4023200
7.15,-0.25,1000,"sd","11:08:01",4021200
7.15,-0.25,100,"sd","11:08:01",4020200
7.15,-0.25,8200,"sd","11:08:01",4020100
7.16,-0.24,500,"sd","11:08:01",4011900
7.16,-0.24,3000,"sd","11:08:01",4011400
7.17,-0.23,2200,"sd","11:08:01",4008400
7.19,-0.21,100,"bu","11:07:41",4006200
7.19,-0.21,700,"bu","11:07:26",4006100
7.17,-0.23,6700,"sd","11:07:25",4005400
7.18,-0.22,1400,"sd","11:07:25",3998700
7.18,-0.22,11900,"sd","11:07:25",3997300
7.19,-0.21,200,"bu","11:05:56",3985400
7.18,-0.22,100,"unknown","11:05:33",3985200
7.17,-0.23,1100,"sd","11:05:30",3985100
7.17,-0.23,1000,"sd","11:05:30",3984000
7.18,-0.22,600,"sd","11:05:30",3983000
7.18,-0.22,3000,"sd","11:05:30",3982400
7.18,-0.22,300,"sd","11:05:30",3979400
7.18,-0.22,100,"sd","11:05:30",3979100
7.18,-0.22,300,"sd","11:05:30",3979000
7.2,-0.2,3900,"bu","11:04:55",3978700
7.19,-0.21,8100,"bu","11:04:55",3974800
7.19,-0.21,800,"bu","11:04:50",3966700
7.19,-0.21,100,"sd","11:04:47",3965900
7.19,-0.21,1000,"sd","11:04:47",3965800
7.2,-0.2,1000,"sd","11:04:07",3964800
7.2,-0.2,200,"sd","11:04:07",3963800
7.2,-0.2,200,"sd","11:04:07",3963600
7.2,-0.2,1700,"sd","11:04:07",3963400
7.2,-0.2,3200,"sd","11:04:07",3961700
7.24,-0.16,1500,"bu","11:04:06",3958500
7.24,-0.16,300,"sd","11:03:34",3957000
7.2,-0.2,6900,"sd","11:03:25",3956700
7.21,-0.19,4400,"sd","11:03:25",3949800
7.23,-0.17,1100,"sd","11:03:25",3945400
7.23,-0.17,500,"sd","11:03:25",3944300
7.23,-0.17,1100,"sd","11:03:25",3943800
7.24,-0.16,500,"sd","11:03:25",3942700
7.24,-0.16,500,"sd","11:03:25",3942200
7.24,-0.16,100,"bu","11:03:01",3941700
7.24,-0.16,9900,"bu","11:03:01",3941600
7.24,-0.16,100,"bu","11:02:46",3931700
7.23,-0.17,1900,"bu","11:02:32",3931600
7.23,-0.17,1000,"bu","11:02:18",3929700
7.23,-0.17,100,"bu","11:02:17",3928700
7.23,-0.17,200,"bu","11:01:51",3928600
7.23,-0.17,1000,"bu","11:01:43",3928400
7.21,-0.19,500,"sd","11:01:40",3927400
7.23,-0.17,800,"bu","11:00:58",3926900
7.23,-0.17,200,"bu","11:00:58",3926100
7.2,-0.2,10000,"bu","11:00:45",3925900
7.2,-0.2,1000,"bu","11:00:45",3915900
7.2,-0.2,100,"bu","11:00:45",3914900
7.2,-0.2,500,"bu","11:00:45",3914800
7.2,-0.2,8300,"bu","11:00:45",3914300
7.2,-0.2,1700,"bu","11:00:40",3906000
7.2,-0.2,10000,"bu","11:00:40",3904300
7.2,-0.2,7300,"bu","11:00:40",3894300
7.2,-0.2,100,"bu","11:00:35",3887000
7.2,-0.2,2000,"bu","11:00:33",3886900
7.2,-0.2,200,"bu","11:00:28",3884900
7.19,-0.21,100,"bu","11:00:28",3884700
7.19,-0.21,200,"sd","11:00:23",3884600
7.19,-0.21,200,"sd","11:00:23",3884400
7.19,-0.21,300,"bu","10:59:57",3884200
7.19,-0.21,4000,"bu","10:59:41",3883900
7.19,-0.21,100,"bu","10:59:36",3879900
7.19,-0.21,100,"sd","10:59:30",3879800
7.19,-0.21,5500,"sd","10:59:30",3879700
7.19,-0.21,900,"bu","10:59:12",3874200
7.19,-0.21,500,"sd","10:58:46",3873300
7.19,-0.21,100,"bu","10:58:42",3872800
7.19,-0.21,100,"bu","10:58:42",3872700
7.19,-0.21,2100,"bu","10:58:42",3872600
7.19,-0.21,200,"bu","10:58:10",3870500
7.18,-0.22,400,"bu","10:57:47",3870300
7.18,-0.22,800,"bu","10:57:31",3869900
7.18,-0.22,100,"bu","10:57:31",3869100
7.18,-0.22,700,"bu","10:57:31",3869000
7.18,-0.22,300,"bu","10:57:28",3868300
7.18,-0.22,3800,"bu","10:57:26",3868000
7.18,-0.22,5000,"bu","10:57:26",3864200
7.18,-0.22,1700,"bu","10:57:26",3859200
7.18,-0.22,900,"bu","10:57:18",3857500
7.17,-0.23,3000,"sd","10:56:13",3856600
7.17,-0.23,100,"sd","10:55:44",3853600
7.17,-0.23,500,"unknown","10:54:47",3853500
7.18,-0.22,2000,"bu","10:54:35",3853000
7.18,-0.22,1300,"bu","10:54:34",3851000
7.15,-0.25,100,"sd","10:54:28",3849700
7.16,-0.24,100,"bu","10:54:15",3849600
7.15,-0.25,1700,"sd","10:54:03",3849500
7.15,-0.25,300,"sd","10:54:03",3847800
7.15,-0.25,200,"bu","10:53:35",3847500
7.15,-0.25,600,"bu","10:53:34",3847300
7.15,-0.25,4400,"bu","10:53:34",3846700
7.14,-0.26,100,"sd","10:53:32",3842300
7.14,-0.26,600,"bu","10:53:05",3842200
7.14,-0.26,2000,"bu","10:53:05",3841600
7.14,-0.26,1200,"bu","10:53:05",3839600
7.13,-0.27,700,"sd","10:52:33",3838400
7.13,-0.27,2000,"sd","10:52:26",3837700
7.13,-0.27,500,"sd","10:51:39",3835700
7.13,-0.27,500,"sd","10:50:36",3835200
7.13,-0.27,100,"sd","10:50:36",3834700
7.13,-0.27,300,"sd","10:50:36",3834600
7.14,-0.26,100,"bu","10:50:31",3834300
7.14,-0.26,200,"bu","10:50:14",3834200
7.14,-0.26,500,"bu","10:50:13",3834000
7.14,-0.26,3000,"sd","10:49:37",3833500
7.13,-0.27,5000,"sd","10:49:22",3830500
7.15,-0.25,300,"bu","10:49:01",3825500
7.15,-0.25,200,"sd","10:48:28",3825200
7.15,-0.25,100,"sd","10:48:28",3825000
7.15,-0.25,1000,"sd","10:48:11",3824900
7.15,-0.25,2000,"sd","10:48:11",3823900
7.15,-0.25,1000,"sd","10:48:11",3821900
7.15,-0.25,900,"sd","10:48:11",3820900
7.16,-0.24,100,"sd","10:48:11",3820000
7.18,-0.22,500,"bu","10:47:19",3819900
7.18,-0.22,3000,"bu","10:46:43",3819400
7.18,-0.22,600,"bu","10:46:39",3816400
7.19,-0.21,4700,"bu","10:46:32",3815800
7.18,-0.22,300,"bu","10:46:32",3811100
7.18,-0.22,200,"sd","10:46:12",3810800
7.2,-0.2,100,"bu","10:45:50",3810600
7.2,-0.2,100,"bu","10:45:30",3810500
7.2,-0.2,700,"bu","10:45:19",3810400
7.21,-0.19,1000,"sd","10:45:12",3809700
7.21,-0.19,8500,"sd","10:45:12",3808700
7.21,-0.19,1500,"sd","10:44:56",3800200
7.21,-0.19,500,"sd","10:44:56",3798700
7.21,-0.19,200,"sd","10:44:36",3798200
7.25,-0.15,2800,"bu","10:44:15",3798000
7.25,-0.15,1000,"bu","10:44:15",3795200
7.25,-0.15,1000,"bu","10:44:15",3794200
7.24,-0.16,500,"bu","10:44:15",3793200
7.24,-0.16,300,"bu","10:44:15",3792700
7.22,-0.18,1300,"bu","10:44:15",3792400
7.22,-0.18,200,"bu","10:44:14",3791100
7.22,-0.18,5000,"sd","10:44:12",3790900
7.22,-0.18,100,"sd","10:44:12",3785900
7.22,-0.18,700,"sd","10:44:12",3785800
7.22,-0.18,100,"sd","10:44:12",3785100
7.22,-0.18,500,"sd","10:43:42",3785000
7.21,-0.19,300,"bu","10:43:17",3784500
7.21,-0.19,200,"bu","10:43:16",3784200
7.2,-0.2,100,"sd","10:43:15",3784000
7.2,-0.2,5000,"bu","10:43:11",3783900
7.2,-0.2,5000,"bu","10:43:11",3778900
7.2,-0.2,600,"bu","10:43:11",3773900
7.2,-0.2,800,"bu","10:43:11",3773300
7.2,-0.2,1000,"bu","10:43:11",3772500
7.2,-0.2,100,"bu","10:43:11",3771500
7.2,-0.2,400,"bu","10:43:11",3771400
7.2,-0.2,1000,"bu","10:43:10",3771000
7.2,-0.2,5000,"bu","10:43:10",3770000
7.2,-0.2,3000,"bu","10:43:10",3765000
7.2,-0.2,1000,"bu","10:43:10",3762000
7.2,-0.2,100,"bu","10:43:10",3761000
7.19,-0.21,200,"unknown","10:43:02",3760900
7.19,-0.21,100,"unknown","10:43:02",3760700
7.19,-0.21,1400,"unknown","10:43:02",3760600
7.2,-0.2,3900,"bu","10:43:02",3759200
7.2,-0.2,1400,"bu","10:43:02",3755300
7.19,-0.21,3600,"bu","10:42:49",3753900
7.19,-0.21,5000,"bu","10:42:48",3750300
7.19,-0.21,300,"bu","10:42:48",3745300
7.19,-0.21,200,"bu","10:42:35",3745000
7.19,-0.21,100,"bu","10:42:34",3744800
7.18,-0.22,800,"bu","10:42:16",3744700
7.18,-0.22,5000,"bu","10:42:13",3743900
7.18,-0.22,2000,"bu","10:42:08",3738900
7.16,-0.24,500,"bu","10:41:51",3736900
7.16,-0.24,600,"bu","10:41:51",3736400
7.16,-0.24,1000,"bu","10:41:33",3735800
7.16,-0.24,5500,"bu","10:41:30",3734800
7.16,-0.24,100,"bu","10:41:24",3729300
7.16,-0.24,2000,"bu","10:41:18",3729200
7.16,-0.24,200,"bu","10:41:14",3727200
7.15,-0.25,900,"sd","10:41:14",3727000
7.15,-0.25,500,"sd","10:41:04",3726100
7.16,-0.24,1300,"bu","10:40:58",3725600
7.16,-0.24,300,"sd","10:40:44",3724300
7.15,-0.25,2700,"bu","10:39:40",3724000
7.15,-0.25,800,"bu","10:39:33",3721300
7.15,-0.25,700,"bu","10:39:27",3720500
7.15,-0.25,8200,"sd","10:39:24",3719800
7.16,-0.24,2000,"sd","10:39:24",3711600
7.16,-0.24,1900,"sd","10:39:24",3709600
7.17,-0.23,500,"sd","10:39:24",3707700
7.17,-0.23,3000,"sd","10:39:24",3707200
7.17,-0.23,200,"sd","10:39:24",3704200
7.18,-0.22,300,"sd","10:39:16",3704000
7.18,-0.22,1900,"sd","10:39:16",3703700
7.19,-0.21,100,"bu","10:39:13",3701800
7.19,-0.21,700,"bu","10:39:10",3701700
7.18,-0.22,3100,"sd","10:39:08",3701000
7.18,-0.22,100,"sd","10:39:08",3697900
7.18,-0.22,4800,"sd","10:39:08",3697800
7.19,-0.21,100,"bu","10:39:07",3693000
7.19,-0.21,2000,"bu","10:39:07",3692900
7.19,-0.21,200,"bu","10:38:52",3690900
7.19,-0.21,300,"bu","10:38:48",3690700
7.19,-0.21,300,"bu","10:38:47",3690400
7.19,-0.21,100,"bu","10:38:44",3690100
7.19,-0.21,100,"bu","10:38:42",3690000
7.19,-0.21,1000,"bu","10:38:01",3689900
7.19,-0.21,4200,"bu","10:37:58",3688900
7.19,-0.21,800,"bu","10:37:58",3684700
7.19,-0.21,200,"bu","10:37:58",3683900
7.19,-0.21,100,"bu","10:37:58",3683700
7.19,-0.21,100,"bu","10:37:58",3683600
7.19,-0.21,100,"bu","10:37:58",3683500
7.19,-0.21,100,"bu","10:37:58",3683400
7.19,-0.21,500,"bu","10:37:58",3683300
7.18,-0.22,100,"bu","10:37:49",3682800
7.18,-0.22,100,"bu","10:37:49",3682700
7.18,-0.22,2000,"bu","10:37:42",3682600
7.18,-0.22,100,"bu","10:37:33",3680600
7.18,-0.22,900,"bu","10:37:24",3680500
7.18,-0.22,200,"bu","10:37:24",3679600
7.18,-0.22,200,"bu","10:37:18",3679400
7.18,-0.22,600,"bu","10:37:12",3679200
7.18,-0.22,1000,"bu","10:37:12",3678600
7.17,-0.23,100,"sd","10:37:01",3677600
7.17,-0.23,9700,"bu","10:36:43",3677500
7.17,-0.23,300,"bu","10:36:40",3667800
7.16,-0.24,100,"sd","10:36:12",3667500
7.16,-0.24,200,"unknown","10:35:57",3667400
7.16,-0.24,2100,"unknown","10:35:57",3667200
7.16,-0.24,300,"bu","10:35:51",3665100
7.15,-0.25,500,"bu","10:35:01",3664800
7.15,-0.25,6500,"bu","10:35:01",3664300
7.15,-0.25,3000,"bu","10:34:44",3657800
7.15,-0.25,200,"bu","10:34:33",3654800
7.15,-0.25,300,"bu","10:34:23",3654600
7.14,-0.26,3800,"sd","10:34:21",3654300
7.15,-0.25,1200,"sd","10:34:21",3650500
7.15,-0.25,100,"bu","10:34:19",3649300
7.15,-0.25,500,"bu","10:34:18",3649200
7.15,-0.25,5000,"bu","10:34:14",3648700
7.14,-0.26,1000,"sd","10:34:12",3643700
7.14,-0.26,100,"sd","10:34:06",3642700
7.15,-0.25,700,"bu","10:33:47",3642600
7.15,-0.25,12000,"bu","10:33:46",3641900
7.15,-0.25,500,"sd","10:33:36",3629900
7.15,-0.25,10000,"sd","10:33:36",3629400
7.15,-0.25,1200,"sd","10:33:36",3619400
7.16,-0.24,500,"bu","10:33:28",3618200
7.15,-0.25,3800,"sd","10:33:28",3617700
7.15,-0.25,1200,"sd","10:33:28",3613900
7.16,-0.24,100,"bu","10:33:17",3612700
7.16,-0.24,400,"bu","10:33:17",3612600
7.16,-0.24,1000,"bu","10:33:14",3612200
7.16,-0.24,700,"bu","10:33:14",3611200
7.16,-0.24,800,"bu","10:33:00",3610500
7.16,-0.24,100,"bu","10:32:56",3609700
7.16,-0.24,1000,"bu","10:32:53",3609600
7.15,-0.25,300,"sd","10:32:47",3608600
7.16,-0.24,1000,"bu","10:32:45",3608300
7.15,-0.25,500,"bu","10:32:37",3607300
7.15,-0.25,9500,"bu","10:32:29",3606800
7.15,-0.25,200,"bu","10:32:29",3597300
7.15,-0.25,300,"bu","10:32:29",3597100
7.15,-0.25,100,"bu","10:32:20",3596800
7.1,-0.3,100,"sd","10:32:18",3596700
7.1,-0.3,3000,"sd","10:32:02",3596600
7.1,-0.3,200,"bu","10:31:42",3593600
7.1,-0.3,600,"bu","10:31:42",3593400
7.1,-0.3,5000,"bu","10:31:42",3592800
7.1,-0.3,1000,"bu","10:31:42",3587800
7.1,-0.3,1000,"bu","10:31:32",3586800
7.07,-0.33,400,"sd","10:31:31",3585800
7.07,-0.33,100,"sd","10:31:31",3585400
7.07,-0.33,400,"bu","10:31:18",3585300
7.04,-0.36,100,"bu","10:30:58",3584900
7.03,-0.37,400,"bu","10:30:54",3584800
7.03,-0.37,2000,"bu","10:30:44",3584400
7.03,-0.37,1500,"bu","10:30:41",3582400
7.03,-0.37,200,"sd","10:30:36",3580900
7.03,-0.37,300,"sd","10:30:36",3580700
7.03,-0.37,400,"sd","10:30:36",3580400
7.03,-0.37,200,"sd","10:30:36",3580000
7.03,-0.37,1000,"bu","10:30:25",3579800
7.03,-0.37,3800,"bu","10:30:25",3578800
7.02,-0.38,500,"sd","10:30:21",3575000
7.02,-0.38,500,"sd","10:30:10",3574500
7.02,-0.38,4100,"sd","10:30:10",3574000
7.02,-0.38,400,"bu","10:30:08",3569900
7,-0.4,1000,"sd","10:30:08",3569500
7,-0.4,500,"sd","10:30:08",3568500
7,-0.4,500,"sd","10:30:08",3568000
7.01,-0.39,5000,"sd","10:30:07",3567500
7,-0.4,300,"sd","10:30:07",3562500
7.01,-0.39,700,"sd","10:30:07",3562200
7.01,-0.39,1000,"sd","10:30:07",3561500
7,-0.4,500,"sd","10:30:07",3560500
7,-0.4,800,"sd","10:30:07",3560000
7.01,-0.39,700,"sd","10:30:07",3559200
7.02,-0.38,10000,"bu","10:30:05",3558500
7.02,-0.38,500,"bu","10:29:59",3548500
7.03,-0.37,1200,"bu","10:29:45",3548000
7.03,-0.37,8800,"bu","10:29:45",3546800
7.02,-0.38,1000,"bu","10:29:45",3538000
7.02,-0.38,800,"bu","10:29:43",3537000
7.01,-0.39,100,"sd","10:29:35",3536200
7.02,-0.38,2000,"sd","10:29:35",3536100
7.02,-0.38,200,"sd","10:29:35",3534100
7.02,-0.38,1000,"sd","10:29:35",3533900
7.01,-0.39,300,"sd","10:29:21",3532900
7.02,-0.38,200,"sd","10:29:21",3532600
7.02,-0.38,400,"sd","10:29:20",3532400
7.02,-0.38,600,"sd","10:29:16",3532000
7.02,-0.38,100,"sd","10:29:16",3531400
7.02,-0.38,200,"sd","10:29:16",3531300
7.02,-0.38,100,"sd","10:29:16",3531100
7.02,-0.38,200,"sd","10:29:11",3531000
7.02,-0.38,200,"bu","10:29:07",3530800
7.02,-0.38,500,"bu","10:29:07",3530600
7.02,-0.38,1500,"sd","10:28:54",3530100
7.02,-0.38,200,"sd","10:28:49",3528600
7.02,-0.38,8300,"sd","10:28:49",3528400
7.01,-0.39,800,"sd","10:28:43",3520100
7,-0.4,100,"sd","10:28:43",3519300
7.01,-0.39,200,"sd","10:28:42",3519200
7,-0.4,1200,"sd","10:28:23",3519000
7,-0.4,1000,"bu","10:28:23",3517800
7,-0.4,2000,"bu","10:28:23",3516800
7,-0.4,1000,"bu","10:28:23",3514800
7,-0.4,100,"bu","10:28:23",3513800
7,-0.4,500,"bu","10:28:23",3513700
7,-0.4,3000,"bu","10:28:23",3513200
7,-0.4,2000,"bu","10:28:23",3510200
7,-0.4,500,"bu","10:28:23",3508200
7,-0.4,100,"bu","10:28:23",3507700
7,-0.4,100,"bu","10:28:23",3507600
7,-0.4,7100,"bu","10:28:23",3507500
7,-0.4,1500,"sd","10:28:15",3500400
7,-0.4,10000,"sd","10:28:14",3498900
7,-0.4,1400,"sd","10:28:05",3488900
7,-0.4,300,"sd","10:28:05",3487500
7,-0.4,1000,"sd","10:28:05",3487200
7,-0.4,5000,"sd","10:28:05",3486200
7,-0.4,1000,"sd","10:28:05",3481200
7,-0.4,200,"sd","10:28:05",3480200
7,-0.4,100,"sd","10:28:05",3480000
7,-0.4,100,"sd","10:28:05",3479900
7,-0.4,100,"sd","10:28:05",3479800
7,-0.4,100,"sd","10:28:05",3479700
7,-0.4,600,"sd","10:27:57",3479600
7.01,-0.39,200,"sd","10:27:57",3479000
7.01,-0.39,100,"sd","10:27:57",3478800
7,-0.4,2900,"sd","10:27:57",3478700
7,-0.4,1000,"sd","10:27:57",3475800
7,-0.4,500,"sd","10:27:57",3474800
7,-0.4,500,"sd","10:27:57",3474300
7,-0.4,200,"sd","10:27:57",3473800
7.02,-0.38,1600,"bu","10:27:51",3473600
7,-0.4,800,"sd","10:27:43",3472000
7,-0.4,600,"sd","10:27:42",3471200
7,-0.4,300,"sd","10:27:42",3470600
7.01,-0.39,100,"sd","10:27:42",3470300
7.02,-0.38,100,"sd","10:27:40",3470200
7.03,-0.37,1000,"bu","10:27:36",3470100
7.03,-0.37,100,"bu","10:27:35",3469100
7,-0.4,1600,"sd","10:27:21",3469000
7.02,-0.38,100,"sd","10:27:21",3467400
7.03,-0.37,100,"sd","10:27:21",3467300
7,-0.4,500,"sd","10:27:16",3467200
7,-0.4,100,"sd","10:27:16",3466700
7,-0.4,500,"sd","10:27:16",3466600
7,-0.4,1000,"sd","10:27:16",3466100
7,-0.4,200,"sd","10:27:16",3465100
7,-0.4,1000,"sd","10:27:16",3464900
7,-0.4,100,"sd","10:27:16",3463900
7,-0.4,1000,"sd","10:27:16",3463800
7,-0.4,3500,"sd","10:27:16",3462800
7,-0.4,500,"sd","10:27:16",3459300
7,-0.4,1000,"sd","10:27:16",3458800
7,-0.4,200,"sd","10:27:16",3457800
7,-0.4,1000,"sd","10:27:16",3457600
7,-0.4,1000,"sd","10:27:16",3456600
7,-0.4,5500,"sd","10:27:16",3455600
7,-0.4,1000,"sd","10:27:16",3450100
7,-0.4,2000,"sd","10:27:16",3449100
7,-0.4,100,"sd","10:27:16",3447100
7,-0.4,5200,"sd","10:27:16",3447000
7,-0.4,2000,"sd","10:27:16",3441800
7,-0.4,200,"sd","10:27:16",3439800
7,-0.4,6000,"sd","10:27:16",3439600
7,-0.4,500,"sd","10:27:16",3433600
7,-0.4,1000,"sd","10:27:16",3433100
7,-0.4,5000,"sd","10:27:16",3432100
7,-0.4,15800,"sd","10:27:16",3427100
7,-0.4,16000,"sd","10:27:16",3411300
7,-0.4,1000,"sd","10:27:16",3395300
7,-0.4,400,"sd","10:27:16",3394300
7,-0.4,1000,"sd","10:27:16",3393900
7,-0.4,100,"sd","10:27:16",3392900
7,-0.4,10500,"sd","10:27:16",3392800
7,-0.4,10000,"sd","10:27:16",3382300
7,-0.4,400,"sd","10:27:16",3372300
7,-0.4,9000,"sd","10:27:16",3371900
7,-0.4,10000,"sd","10:27:16",3362900
7,-0.4,5300,"sd","10:27:16",3352900
7,-0.4,51000,"sd","10:27:16",3347600
7,-0.4,100,"sd","10:27:16",3296600
7,-0.4,20000,"sd","10:27:16",3296500
7,-0.4,500,"sd","10:27:16",3276500
7.01,-0.39,2300,"sd","10:27:16",3276000
7,-0.4,1400,"sd","10:27:16",3273700
7.01,-0.39,1000,"sd","10:27:16",3272300
7,-0.4,600,"sd","10:27:16",3271300
7,-0.4,1100,"sd","10:27:16",3270700
7,-0.4,6000,"sd","10:27:16",3269600
7.01,-0.39,10000,"sd","10:27:16",3263600
7,-0.4,700,"sd","10:27:16",3253600
7,-0.4,100,"sd","10:27:16",3252900
7.01,-0.39,15200,"sd","10:27:16",3252800
7,-0.4,700,"sd","10:27:16",3237600
7.01,-0.39,10500,"sd","10:27:16",3236900
7,-0.4,6000,"sd","10:27:16",3226400
7,-0.4,500,"sd","10:27:16",3220400
7.01,-0.39,6000,"sd","10:27:16",3219900
7,-0.4,5000,"sd","10:27:16",3213900
7,-0.4,18400,"sd","10:27:16",3208900
7.01,-0.39,3200,"sd","10:27:16",3190500
7,-0.4,3000,"sd","10:27:16",3187300
7,-0.4,500,"sd","10:27:16",3184300
7,-0.4,200,"sd","10:27:16",3183800
7.02,-0.38,100,"sd","10:27:16",3183600
7,-0.4,600,"sd","10:27:16",3183500
7,-0.4,100,"sd","10:27:16",3182900
7,-0.4,600,"sd","10:27:16",3182800
7,-0.4,18000,"sd","10:27:16",3182200
7,-0.4,100,"sd","10:27:16",3164200
7.02,-0.38,1000,"sd","10:27:16",3164100
7,-0.4,100,"sd","10:27:16",3163100
7,-0.4,5000,"sd","10:27:16",3163000
7,-0.4,500,"sd","10:27:16",3158000
7.02,-0.38,500,"sd","10:27:16",3157500
7,-0.4,10500,"sd","10:27:16",3157000
7.02,-0.38,4500,"sd","10:27:16",3146500
7,-0.4,5500,"sd","10:27:16",3142000
7,-0.4,2000,"sd","10:27:16",3136500
7,-0.4,2500,"sd","10:27:16",3134500
7,-0.4,500,"sd","10:27:16",3132000
7.01,-0.39,1000,"sd","10:27:16",3131500
7,-0.4,300,"sd","10:27:16",3130500
7.01,-0.39,1000,"sd","10:27:16",3130200
7.01,-0.39,2000,"sd","10:27:16",3129200
7.01,-0.39,10000,"sd","10:27:16",3127200
7.03,-0.37,1000,"sd","10:27:14",3117200
7.02,-0.38,500,"sd","10:27:07",3116200
7.01,-0.39,1800,"sd","10:26:47",3115700
7.01,-0.39,100,"sd","10:26:47",3113900
7.01,-0.39,3000,"sd","10:26:47",3113800
7.01,-0.39,400,"sd","10:26:47",3110800
7.05,-0.35,500,"sd","10:26:47",3110400
7.01,-0.39,4600,"sd","10:26:45",3109900
7.01,-0.39,100,"sd","10:26:45",3105300
7.05,-0.35,100,"sd","10:26:45",3105200
7.05,-0.35,1000,"sd","10:26:45",3105100
7.05,-0.35,5000,"sd","10:26:45",3104100
7.01,-0.39,5000,"sd","10:26:45",3099100
7.01,-0.39,6000,"sd","10:26:45",3092400
7.05,-0.35,1700,"sd","10:26:45",3094100
7.02,-0.38,500,"sd","10:26:45",3086400
7.02,-0.38,1000,"sd","10:26:45",3085900
7.02,-0.38,300,"sd","10:26:45",3084900
7.02,-0.38,4700,"sd","10:26:45",3084600
7.05,-0.35,2900,"bu","10:26:35",3079900
7.05,-0.35,5400,"bu","10:26:35",3077000
7.02,-0.38,300,"sd","10:26:35",3071600
7.03,-0.37,2000,"sd","10:26:35",3071300
7.03,-0.37,500,"sd","10:26:35",3069300
7.04,-0.36,100,"sd","10:26:35",3068800
7.04,-0.36,100,"sd","10:26:35",3068700
7.05,-0.35,10000,"bu","10:26:06",3068600
7.05,-0.35,2000,"sd","10:25:58",3058600
7.05,-0.35,1000,"sd","10:25:58",3056600
7.05,-0.35,500,"sd","10:25:58",3055600
7.05,-0.35,5000,"sd","10:25:58",3055100
7.05,-0.35,100,"sd","10:25:58",3050100
7.07,-0.33,100,"sd","10:25:58",3050000
7.05,-0.35,500,"sd","10:25:58",3049900
7.05,-0.35,200,"sd","10:25:58",3049400
7.05,-0.35,200,"sd","10:25:58",3049200
7.05,-0.35,500,"sd","10:25:58",3049000
7.05,-0.35,400,"sd","10:25:58",3048500
7.05,-0.35,500,"sd","10:25:58",3048100
7.05,-0.35,2800,"sd","10:25:58",3047600
7.07,-0.33,5000,"sd","10:25:58",3044800
7.07,-0.33,1400,"sd","10:25:58",3039800
7.07,-0.33,1000,"sd","10:25:57",3038400
7.05,-0.35,5000,"sd","10:25:50",3037400
7.05,-0.35,2200,"sd","10:25:50",3032400
7.05,-0.35,200,"sd","10:25:50",3030200
7.05,-0.35,500,"sd","10:25:50",3030000
7.05,-0.35,300,"sd","10:25:50",3029500
7.05,-0.35,500,"sd","10:25:50",3029200
7.06,-0.34,5000,"sd","10:25:50",3028700
7.05,-0.35,2000,"sd","10:25:50",3023700
7.05,-0.35,10000,"sd","10:25:50",3021700
7.06,-0.34,100,"sd","10:25:50",3011700
7.05,-0.35,100,"sd","10:25:50",3011600
7.06,-0.34,1000,"sd","10:25:50",3011500
7.06,-0.34,700,"sd","10:25:50",3010500
7.05,-0.35,10000,"sd","10:25:50",3009800
7.06,-0.34,2000,"sd","10:25:50",2999800
7.05,-0.35,300,"sd","10:25:50",2997800
7.07,-0.33,1000,"sd","10:25:50",2997500
7.05,-0.35,500,"sd","10:25:50",2996500
7.05,-0.35,2000,"sd","10:25:50",2996000
7.05,-0.35,5000,"sd","10:25:50",2994000
7.05,-0.35,500,"sd","10:25:50",2989000
7.05,-0.35,1000,"sd","10:25:50",2988500
7.05,-0.35,100,"sd","10:25:50",2987500
7.07,-0.33,500,"sd","10:25:48",2987400
7.07,-0.33,700,"sd","10:25:39",2986900
7.07,-0.33,100,"sd","10:25:39",2986200
7.07,-0.33,10000,"sd","10:25:39",2986100
7.07,-0.33,1500,"sd","10:25:39",2976100
7.07,-0.33,3000,"sd","10:25:39",2974600
7.07,-0.33,2300,"sd","10:25:39",2971600
7.07,-0.33,500,"sd","10:25:39",2969300
7.07,-0.33,300,"sd","10:25:39",2968800
7.07,-0.33,500,"sd","10:25:39",2968500
7.07,-0.33,200,"sd","10:25:39",2968000
7.07,-0.33,500,"sd","10:25:39",2967800
7.07,-0.33,400,"sd","10:25:39",2967300
7.07,-0.33,300,"sd","10:25:36",2966900
7.07,-0.33,10000,"sd","10:25:36",2966600
7.07,-0.33,4500,"sd","10:25:36",2956600
7.08,-0.32,1000,"sd","10:25:36",2952100
7.08,-0.32,500,"sd","10:25:36",2951100
7.08,-0.32,700,"sd","10:25:36",2950600
7.08,-0.32,3000,"sd","10:25:36",2949900
7.09,-0.31,1000,"sd","10:25:22",2946900
7.09,-0.31,3000,"sd","10:25:22",2945900
7.09,-0.31,500,"sd","10:25:22",2942900
7.1,-0.3,2000,"bu","10:25:16",2942400
7.1,-0.3,1000,"sd","10:25:03",2940400
7.1,-0.3,3000,"sd","10:25:03",2939400
7.1,-0.3,100,"sd","10:25:03",2936400
7.1,-0.3,2000,"sd","10:25:03",2936300
7.1,-0.3,5000,"sd","10:25:03",2934300
7.1,-0.3,5000,"sd","10:25:03",2929300
7.14,-0.26,100,"sd","10:25:03",2924300
7.15,-0.25,100,"sd","10:25:03",2924200
7.16,-0.24,100,"bu","10:24:51",2924100
7.16,-0.24,1000,"bu","10:24:39",2924000
7.17,-0.23,200,"bu","10:23:34",2923000
7.16,-0.24,100,"bu","10:23:25",2922800
7.09,-0.31,2600,"sd","10:23:09",2922700
7.16,-0.24,9700,"bu","10:23:07",2920100
7.1,-0.3,300,"bu","10:23:07",2910400
7.09,-0.31,100,"sd","10:23:06",2910100
7.09,-0.31,500,"sd","10:23:06",2910000
7.09,-0.31,500,"sd","10:23:06",2909500
7.1,-0.3,100,"bu","10:22:59",2909000
7.1,-0.3,1000,"sd","10:22:56",2908900
7.1,-0.3,100,"sd","10:22:56",2907900
7.1,-0.3,1000,"sd","10:22:56",2907800
7.1,-0.3,100,"sd","10:22:56",2906800
7.1,-0.3,3000,"sd","10:22:56",2906700
7.1,-0.3,100,"sd","10:22:56",2903700
7.1,-0.3,2000,"sd","10:22:56",2903600
7.15,-0.25,1000,"sd","10:22:56",2901600
7.1,-0.3,20000,"sd","10:22:56",2900600
7.1,-0.3,3000,"sd","10:22:56",2880600
7.1,-0.3,1000,"sd","10:22:56",2877600
7.1,-0.3,1000,"sd","10:22:56",2876600
7.11,-0.29,300,"sd","10:22:56",2875600
7.11,-0.29,200,"sd","10:22:56",2875300
7.11,-0.29,10000,"sd","10:22:56",2875100
7.11,-0.29,100,"sd","10:22:56",2865100
7.12,-0.28,300,"sd","10:22:56",2865000
7.12,-0.28,4100,"sd","10:22:56",2864700
7.13,-0.27,1500,"sd","10:22:56",2860600
7.13,-0.27,3000,"sd","10:22:56",2859100
7.13,-0.27,2000,"sd","10:22:56",2856100
7.13,-0.27,1000,"sd","10:22:56",2854100
7.13,-0.27,400,"sd","10:22:56",2853100
7.13,-0.27,200,"sd","10:22:56",2852700
7.16,-0.24,200,"bu","10:22:31",2852500
7.17,-0.23,5000,"bu","10:22:20",2852300
7.17,-0.23,800,"bu","10:22:20",2847300
7.18,-0.22,10000,"bu","10:22:16",2846500
7.17,-0.23,200,"sd","10:22:14",2836500
7.17,-0.23,5000,"bu","10:21:36",2836300
7.13,-0.27,800,"sd","10:20:49",2831300
7.13,-0.27,1500,"sd","10:20:49",2830500
7.18,-0.22,4700,"sd","10:20:27",2829000
7.18,-0.22,300,"bu","10:20:16",2824300
7.18,-0.22,1000,"bu","10:20:16",2824000
7.18,-0.22,4000,"bu","10:20:16",2823000
7.13,-0.27,3000,"sd","10:20:13",2819000
7.12,-0.28,1000,"bu","10:19:22",2816000
7.12,-0.28,1400,"bu","10:19:22",2815000
7.12,-0.28,100,"bu","10:19:22",2813600
7.12,-0.28,100,"bu","10:19:19",2813500
7.12,-0.28,9900,"bu","10:19:19",2813400
7.12,-0.28,200,"bu","10:19:17",2803500
7.12,-0.28,9000,"bu","10:19:16",2803300
7.12,-0.28,10000,"bu","10:19:11",2794300
7.12,-0.28,900,"bu","10:19:09",2784300
7.12,-0.28,500,"bu","10:19:03",2783400
7.11,-0.29,800,"sd","10:19:00",2782900
7.11,-0.29,9100,"sd","10:18:56",2782100
7.11,-0.29,900,"sd","10:18:56",2773000
7.12,-0.28,500,"bu","10:18:30",2772100
7.1,-0.3,800,"sd","10:18:26",2771600
7.1,-0.3,600,"sd","10:18:26",2770800
7.1,-0.3,500,"bu","10:18:21",2770200
7.1,-0.3,1000,"bu","10:18:21",2769700
7.1,-0.3,200,"bu","10:18:21",2768700
7.1,-0.3,100,"bu","10:18:21",2768500
7.1,-0.3,100,"bu","10:18:21",2768400
7.1,-0.3,3500,"bu","10:18:21",2768300
7.1,-0.3,100,"bu","10:18:20",2764800
7.1,-0.3,400,"bu","10:18:18",2764700
7.1,-0.3,600,"bu","10:18:18",2764300
7.1,-0.3,1600,"bu","10:18:17",2763700
7.1,-0.3,5000,"bu","10:18:17",2762100
7.1,-0.3,3400,"bu","10:18:17",2757100
7.1,-0.3,200,"bu","10:18:10",2753700
7.1,-0.3,1000,"bu","10:18:08",2753500
7.1,-0.3,100,"bu","10:18:07",2752500
7.09,-0.31,1000,"sd","10:18:07",2752400
7.09,-0.31,1200,"sd","10:18:06",2751400
7.09,-0.31,500,"sd","10:18:06",2750200
7.09,-0.31,900,"sd","10:18:06",2749700
7.1,-0.3,10000,"bu","10:18:06",2748800
7.09,-0.31,700,"sd","10:18:01",2738800
7.09,-0.31,800,"sd","10:18:01",2738100
7.1,-0.3,100,"bu","10:17:58",2737300
7.09,-0.31,100,"sd","10:17:53",2737200
7.09,-0.31,100,"sd","10:17:53",2737100
7.1,-0.3,100,"bu","10:17:42",2737000
7.1,-0.3,100,"bu","10:17:39",2736900
7.1,-0.3,2000,"bu","10:17:36",2736800
7.1,-0.3,100,"bu","10:17:31",2734800
7.1,-0.3,100,"bu","10:17:26",2734700
7.1,-0.3,12000,"bu","10:17:11",2734600
7.1,-0.3,2500,"bu","10:16:33",2722600
7.09,-0.31,200,"sd","10:16:30",2720100
7.1,-0.3,8800,"bu","10:16:19",2719900
7.07,-0.33,500,"sd","10:15:28",2711100
7.1,-0.3,100,"bu","10:15:06",2710600
7.1,-0.3,2000,"bu","10:14:51",2710500
7.1,-0.3,300,"bu","10:14:47",2708500
7.06,-0.34,300,"sd","10:14:46",2708200
7.06,-0.34,100,"sd","10:14:46",2707900
7.06,-0.34,4600,"sd","10:14:46",2707800
7.07,-0.33,5000,"bu","10:14:46",2703200
7.06,-0.34,400,"sd","10:14:43",2698200
7.06,-0.34,1000,"sd","10:14:43",2697800
7.06,-0.34,100,"sd","10:14:43",2696800
7.06,-0.34,300,"sd","10:14:43",2696700
7.06,-0.34,600,"sd","10:14:43",2696400
7.06,-0.34,10000,"sd","10:14:43",2695800
7.06,-0.34,400,"sd","10:14:43",2685800
7.07,-0.33,2700,"sd","10:14:43",2685400
7.07,-0.33,300,"sd","10:14:34",2682700
7.1,-0.3,1000,"bu","10:14:09",2682400
7.07,-0.33,100,"sd","10:14:07",2681400
7.08,-0.32,900,"sd","10:14:07",2681300
7.08,-0.32,5000,"sd","10:14:07",2680400
7.08,-0.32,2000,"sd","10:14:07",2675400
7.08,-0.32,3000,"sd","10:14:06",2673400
7.08,-0.32,4800,"sd","10:14:06",2670400
7.08,-0.32,1300,"sd","10:14:06",2665600
7.08,-0.32,100,"sd","10:14:06",2664300
7.08,-0.32,100,"sd","10:14:06",2664200
7.08,-0.32,700,"sd","10:14:06",2664100
7.08,-0.32,300,"sd","10:14:06",2663400
7.08,-0.32,200,"sd","10:14:06",2663100
7.08,-0.32,100,"sd","10:14:06",2662900
7.08,-0.32,1400,"sd","10:14:06",2662800
7.08,-0.32,400,"sd","10:14:02",2661400
7.09,-0.31,500,"sd","10:13:54",2661000
7.09,-0.31,100,"sd","10:13:54",2660500
7.09,-0.31,500,"sd","10:13:54",2660400
7.09,-0.31,200,"sd","10:13:54",2659900
7.09,-0.31,300,"sd","10:13:54",2659700
7.09,-0.31,500,"sd","10:13:54",2659400
7.1,-0.3,2000,"sd","10:13:32",2658900
7.1,-0.3,2000,"sd","10:13:32",2656900
7.1,-0.3,200,"sd","10:13:32",2654900
7.1,-0.3,200,"sd","10:13:32",2654700
7.1,-0.3,1700,"sd","10:13:32",2654500
7.12,-0.28,1000,"bu","10:13:29",2652800
7.1,-0.3,100,"sd","10:13:29",2651800
7.11,-0.29,2900,"sd","10:13:29",2651700
7.11,-0.29,4300,"sd","10:13:29",2648800
7.11,-0.29,12700,"sd","10:13:29",2644500
7.12,-0.28,5000,"bu","10:13:20",2631800
7.12,-0.28,500,"bu","10:13:14",2626800
7.11,-0.29,300,"sd","10:13:12",2626300
7.12,-0.28,1000,"sd","10:13:11",2626000
7.18,-0.22,1000,"bu","10:13:02",2625000
7.1,-0.3,8200,"sd","10:13:01",2624000
7.1,-0.3,500,"sd","10:13:01",2615800
7.1,-0.3,200,"sd","10:13:01",2615300
7.1,-0.3,1000,"sd","10:13:01",2615100
7.1,-0.3,200,"sd","10:13:01",2614100
7.1,-0.3,10000,"sd","10:13:01",2613900
7.1,-0.3,100,"sd","10:13:01",2603900
7.1,-0.3,1100,"sd","10:13:01",2603800
7.1,-0.3,100,"sd","10:13:01",2602700
7.1,-0.3,4000,"sd","10:13:01",2602600
7.1,-0.3,6000,"sd","10:13:01",2598600
7.1,-0.3,40000,"sd","10:13:01",2592600
7.1,-0.3,1500,"sd","10:13:01",2552600
7.1,-0.3,100,"sd","10:13:01",2551100
7.1,-0.3,200,"sd","10:13:01",2551000
7.1,-0.3,100,"sd","10:13:01",2550800
7.1,-0.3,500,"sd","10:13:01",2550700
7.1,-0.3,5600,"sd","10:13:01",2550200
7.1,-0.3,5000,"sd","10:13:01",2544600
7.1,-0.3,1000,"sd","10:13:01",2539600
7.11,-0.29,500,"sd","10:13:01",2538600
7.1,-0.3,1000,"sd","10:13:01",2538100
7.11,-0.29,3000,"sd","10:13:01",2537100
7.1,-0.3,600,"sd","10:13:01",2534100
7.1,-0.3,800,"sd","10:13:01",2533500
7.1,-0.3,1000,"sd","10:13:01",2532700
7.1,-0.3,2500,"sd","10:13:01",2531700
7.11,-0.29,2000,"sd","10:13:01",2529200
7.11,-0.29,10000,"sd","10:13:01",2527200
7.1,-0.3,2000,"sd","10:13:01",2517200
7.11,-0.29,500,"sd","10:13:01",2515200
7.11,-0.29,300,"sd","10:13:01",2514700
7.1,-0.3,2000,"sd","10:13:01",2514400
7.11,-0.29,10000,"sd","10:13:01",2512400
7.1,-0.3,600,"sd","10:13:01",2502400
7.11,-0.29,100,"sd","10:13:01",2501800
7.12,-0.28,5200,"sd","10:13:01",2501700
7.11,-0.29,200,"sd","10:13:01",2496500
7.1,-0.3,600,"sd","10:13:01",2496300
7.12,-0.28,100,"sd","10:13:01",2495700
7.11,-0.29,100,"sd","10:13:01",2495600
7.1,-0.3,2000,"sd","10:13:01",2495500
7.11,-0.29,1000,"sd","10:13:01",2493500
7.1,-0.3,200,"sd","10:13:01",2492500
7.11,-0.29,300,"sd","10:13:01",2492300
7.11,-0.29,200,"sd","10:13:01",2492000
7.12,-0.28,15000,"sd","10:13:01",2491800
7.12,-0.28,200,"sd","10:13:01",2476800
7.12,-0.28,2000,"sd","10:13:01",2476600
7.12,-0.28,500,"sd","10:13:01",2474600
7.13,-0.27,100,"sd","10:13:01",2474100
7.12,-0.28,1000,"sd","10:12:50",2474000
7.12,-0.28,1000,"sd","10:12:29",2473000
7.12,-0.28,100,"sd","10:12:25",2472000
7.19,-0.21,200,"bu","10:11:37",2471900
7.2,-0.2,100,"bu","10:10:41",2471700
7.2,-0.2,300,"bu","10:10:38",2471600
7.2,-0.2,700,"bu","10:10:38",2471300
7.2,-0.2,2000,"bu","10:10:38",2470600
7.2,-0.2,200,"bu","10:10:34",2468600
7.2,-0.2,1000,"bu","10:10:22",2468400
7.11,-0.29,2900,"sd","10:10:13",2467400
7.12,-0.28,100,"sd","10:10:13",2464500
7.12,-0.28,100,"sd","10:10:08",2464400
7.11,-0.29,1600,"sd","10:09:46",2464300
7.11,-0.29,500,"sd","10:09:46",2462700
7.11,-0.29,500,"sd","10:09:46",2462200
7.11,-0.29,3400,"sd","10:09:46",2461700
7.11,-0.29,1600,"sd","10:09:46",2458300
7.11,-0.29,4400,"sd","10:09:46",2456700
7.11,-0.29,600,"sd","10:09:46",2452300
7.11,-0.29,500,"sd","10:09:46",2451700
7.11,-0.29,100,"sd","10:09:46",2451200
7.11,-0.29,500,"sd","10:09:46",2451100
7.12,-0.28,1300,"sd","10:09:46",2450600
7.12,-0.28,700,"sd","10:09:44",2449300
7.12,-0.28,2000,"sd","10:09:44",2448600
7.12,-0.28,100,"sd","10:09:44",2446600
7.12,-0.28,1000,"sd","10:09:44",2446500
7.12,-0.28,400,"sd","10:09:44",2445500
7.12,-0.28,500,"sd","10:09:44",2445100
7.12,-0.28,300,"sd","10:09:44",2444600
7.2,-0.2,200,"bu","10:09:38",2444300
7.1,-0.3,3000,"sd","10:08:03",2444100
7.1,-0.3,500,"sd","10:08:03",2441100
7.1,-0.3,1000,"sd","10:08:03",2440600
7.1,-0.3,5000,"sd","10:08:03",2439600
7.1,-0.3,10000,"sd","10:08:03",2434600
7.1,-0.3,500,"sd","10:08:03",2424600
7.1,-0.3,1000,"sd","10:08:03",2424100
7.1,-0.3,100,"sd","10:08:03",2423100
7.11,-0.29,1000,"sd","10:08:03",2423000
7.11,-0.29,300,"sd","10:08:03",2422000
7.11,-0.29,1000,"sd","10:08:03",2421700
7.11,-0.29,2500,"sd","10:08:03",2420700
7.11,-0.29,14100,"sd","10:08:03",2418200
7.11,-0.29,15900,"sd","10:07:56",2404100
7.11,-0.29,3900,"sd","10:07:56",2388200
7.18,-0.22,200,"sd","10:07:56",2384300
7.11,-0.29,3800,"sd","10:07:46",2384100
7.12,-0.28,1000,"sd","10:07:46",2380300
7.13,-0.27,100,"sd","10:07:46",2379300
7.13,-0.27,3000,"sd","10:07:46",2379200
7.14,-0.26,500,"sd","10:07:46",2376200
7.15,-0.25,100,"sd","10:07:46",2375700
7.15,-0.25,500,"sd","10:07:46",2375600
7.15,-0.25,500,"sd","10:07:46",2375100
7.15,-0.25,500,"sd","10:07:46",2374600
7.15,-0.25,200,"sd","10:07:46",2374100
7.15,-0.25,100,"sd","10:07:46",2373900
7.16,-0.24,3000,"sd","10:07:46",2373800
7.16,-0.24,3000,"sd","10:07:46",2370800
7.16,-0.24,2900,"sd","10:07:46",2367800
7.16,-0.24,100,"sd","10:07:46",2364900
7.16,-0.24,700,"sd","10:07:46",2364800
7.16,-0.24,400,"sd","10:07:43",2364100
7.18,-0.22,500,"sd","10:07:43",2363700
7.18,-0.22,100,"sd","10:07:43",2363200
7.18,-0.22,1000,"sd","10:07:43",2363100
7.18,-0.22,4000,"sd","10:07:43",2362100
7.18,-0.22,1000,"sd","10:07:32",2358100
7.2,-0.2,500,"bu","10:07:18",2357100
7.2,-0.2,700,"bu","10:07:15",2356600
7.2,-0.2,500,"bu","10:06:22",2355900
7.2,-0.2,1000,"bu","10:06:12",2355400
7.2,-0.2,5000,"bu","10:06:12",2354400
7.2,-0.2,2000,"bu","10:06:12",2349400
7.2,-0.2,1100,"bu","10:06:12",2347400
7.21,-0.19,200,"bu","10:06:12",2346300
7.21,-0.19,100,"bu","10:06:12",2346100
7.21,-0.19,4800,"bu","10:06:12",2346000
7.21,-0.19,100,"sd","10:06:08",2341200
7.21,-0.19,600,"sd","10:06:02",2341100
7.22,-0.18,300,"sd","10:06:02",2340500
7.22,-0.18,400,"bu","10:05:49",2340200
7.22,-0.18,200,"sd","10:05:37",2339800
7.27,-0.13,100,"bu","10:05:24",2339600
7.27,-0.13,200,"bu","10:05:18",2339500
7.27,-0.13,100,"bu","10:05:18",2339300
7.26,-0.14,200,"bu","10:05:18",2339200
7.27,-0.13,1200,"bu","10:04:22",2339000
7.26,-0.14,300,"bu","10:04:22",2337800
7.28,-0.12,600,"bu","10:04:02",2337500
7.27,-0.13,100,"bu","10:04:02",2336900
7.28,-0.12,500,"sd","10:03:39",2336800
7.28,-0.12,2900,"sd","10:03:39",2336300
7.28,-0.12,300,"sd","10:03:32",2333400
7.28,-0.12,5000,"bu","10:03:27",2333100
7.27,-0.13,2500,"bu","10:03:27",2328100
7.25,-0.15,1000,"unknown","10:03:21",2325600
7.2,-0.2,3900,"sd","10:03:15",2324600
7.2,-0.2,500,"sd","10:03:15",2320700
7.2,-0.2,5000,"sd","10:03:15",2320200
7.2,-0.2,1000,"sd","10:03:15",2315200
7.2,-0.2,1000,"sd","10:03:15",2314200
7.2,-0.2,1000,"sd","10:03:15",2313200
7.2,-0.2,7000,"sd","10:03:15",2312200
7.22,-0.18,100,"sd","10:03:15",2305200
7.22,-0.18,500,"sd","10:03:15",2305100
7.27,-0.13,700,"bu","10:03:14",2304600
7.25,-0.15,2000,"bu","10:03:14",2303900
7.25,-0.15,2300,"bu","10:03:14",2301900
7.25,-0.15,500,"bu","10:03:02",2299600
7.25,-0.15,100,"bu","10:03:02",2299100
7.25,-0.15,100,"bu","10:03:02",2299000
7.25,-0.15,700,"sd","10:02:57",2298900
7.25,-0.15,100,"sd","10:02:57",2298200
