"price","change","match_qtty","side","time","total_vol"
4.2,-0.3,14700,"unknown","14:45:03",1412100
4.3,-0.2,100,"bu","14:29:59",1397400
4.3,-0.2,3000,"sd","14:29:52",1397300
4.3,-0.2,10000,"sd","14:29:47",1394300
4.3,-0.2,3000,"sd","14:29:42",1384300
4.3,-0.2,1100,"sd","14:29:37",1381300
4.3,-0.2,500,"sd","14:29:32",1380200
4.3,-0.2,3000,"sd","14:29:23",1379700
4.3,-0.2,5000,"sd","14:29:20",1376700
4.3,-0.2,4000,"sd","14:29:08",1371700
4.3,-0.2,1500,"sd","14:29:01",1367700
4.3,-0.2,3000,"sd","14:29:00",1366200
4.3,-0.2,1000,"sd","14:28:56",1363200
4.3,-0.2,3300,"sd","14:28:54",1362200
4.3,-0.2,5900,"sd","14:28:45",1358900
4.3,-0.2,5000,"sd","14:28:43",1353000
4.3,-0.2,300,"sd","14:28:41",1348000
4.3,-0.2,4000,"sd","14:28:36",1347700
4.3,-0.2,2000,"sd","14:28:32",1343700
4.3,-0.2,9200,"sd","14:28:30",1341700
4.3,-0.2,5000,"sd","14:28:17",1332500
4.3,-0.2,15000,"sd","14:28:12",1327500
4.3,-0.2,200,"sd","14:28:07",1312500
4.3,-0.2,1000,"sd","14:28:01",1312300
4.3,-0.2,2500,"sd","14:27:42",1311300
4.3,-0.2,200,"sd","14:27:32",1308800
4.3,-0.2,500,"sd","14:27:14",1308600
4.3,-0.2,1000,"sd","14:26:47",1308100
4.3,-0.2,50000,"sd","14:26:34",1307100
4.3,-0.2,3000,"sd","14:26:33",1257100
4.3,-0.2,15000,"sd","14:26:09",1254100
4.3,-0.2,200,"sd","14:26:04",1239100
4.3,-0.2,1000,"sd","14:25:30",1238900
4.3,-0.2,500,"sd","14:25:00",1237900
4.3,-0.2,2200,"sd","14:24:54",1237400
4.4,-0.1,100,"bu","14:22:52",1235200
4.3,-0.2,101500,"bu","14:20:46",1235100
4.3,-0.2,100,"bu","14:20:04",1133600
4.2,-0.3,6000,"sd","14:17:43",1133500
4.2,-0.3,1000,"sd","14:15:59",1127500
4.2,-0.3,3500,"sd","14:15:36",1126500
4.2,-0.3,100,"bu","14:15:26",1123000
4.2,-0.3,5000,"bu","14:15:08",1122900
4.2,-0.3,200,"bu","14:15:06",1117900
4.2,-0.3,2000,"bu","14:15:05",1117700
4.2,-0.3,10000,"bu","14:14:54",1115700
4.2,-0.3,1800,"bu","14:14:27",1105700
4.2,-0.3,300,"bu","14:14:21",1103900
4.2,-0.3,300,"bu","14:14:10",1103600
4.2,-0.3,1000,"bu","14:13:36",1103300
4.2,-0.3,100,"bu","14:13:08",1102300
4.2,-0.3,1000,"bu","14:12:36",1102200
4.2,-0.3,14700,"bu","14:12:03",1101200
4.2,-0.3,6400,"sd","14:11:31",1086500
4.2,-0.3,200,"bu","14:10:54",1080100
4.2,-0.3,2000,"bu","14:10:20",1079900
4.2,-0.3,3000,"bu","14:10:05",1077900
4.2,-0.3,5000,"bu","14:10:01",1074900
4.2,-0.3,300,"bu","14:09:14",1069900
4.2,-0.3,2100,"bu","14:08:39",1069600
4.2,-0.3,200,"sd","14:08:35",1067500
4.2,-0.3,500,"sd","14:08:28",1067300
4.2,-0.3,100,"sd","14:08:19",1066800
4.2,-0.3,4100,"sd","14:08:14",1066700
4.2,-0.3,1000,"sd","14:08:08",1062600
4.2,-0.3,16000,"sd","14:08:06",1061600
4.2,-0.3,5000,"sd","14:07:57",1045600
4.2,-0.3,100,"sd","14:03:09",1040600
4.2,-0.3,2000,"bu","14:03:07",1040500
4.2,-0.3,300,"bu","14:03:06",1038500
4.2,-0.3,500,"bu","14:02:57",1038200
4.2,-0.3,42000,"bu","14:02:47",1037700
4.2,-0.3,300,"bu","14:02:30",995700
4.2,-0.3,4000,"bu","14:02:22",995400
4.2,-0.3,100,"bu","14:02:07",991400
4.1,-0.4,400,"sd","14:01:01",991300
4.2,-0.3,2000,"bu","14:00:44",990900
4.2,-0.3,1000,"bu","14:00:34",988900
4.2,-0.3,5000,"bu","14:00:23",987900
4.2,-0.3,100,"bu","14:00:06",982900
4.2,-0.3,500,"bu","13:59:22",982800
4.2,-0.3,500,"bu","13:57:27",982300
4.2,-0.3,100,"bu","13:57:05",981800
4.2,-0.3,200,"bu","13:56:15",981700
4.2,-0.3,3400,"bu","13:56:09",981500
4.2,-0.3,400,"bu","13:55:08",978100
4.2,-0.3,200,"bu","13:55:05",977700
4.2,-0.3,500,"bu","13:55:01",977500
4.2,-0.3,500,"bu","13:53:58",977000
4.1,-0.4,5000,"sd","13:52:47",976500
4.2,-0.3,300,"bu","13:52:23",971500
4.2,-0.3,100,"bu","13:51:45",971200
4.1,-0.4,1000,"sd","13:51:04",971100
4.1,-0.4,100,"sd","13:51:01",970100
4.2,-0.3,1000,"bu","13:50:00",970000
4.2,-0.3,200,"bu","13:49:42",969000
4.2,-0.3,200,"bu","13:49:32",968800
4.2,-0.3,1000,"bu","13:49:27",968600
4.2,-0.3,8200,"bu","13:49:02",967600
4.2,-0.3,600,"sd","13:48:45",959400
4.2,-0.3,6700,"sd","13:48:14",958800
4.2,-0.3,10000,"sd","13:47:40",952100
4.2,-0.3,3300,"sd","13:47:23",942100
4.2,-0.3,6700,"bu","13:47:18",938800
4.2,-0.3,3000,"bu","13:46:57",932100
4.2,-0.3,2000,"bu","13:46:53",929100
4.2,-0.3,4000,"bu","13:46:42",927100
4.2,-0.3,3000,"bu","13:46:17",923100
4.2,-0.3,200,"bu","13:46:15",920100
4.2,-0.3,1000,"bu","13:45:14",919900
4.1,-0.4,10000,"sd","13:45:13",918900
4.1,-0.4,100000,"sd","13:44:39",908900
4.2,-0.3,4600,"sd","13:44:24",808900
4.2,-0.3,100,"sd","13:44:16",804300
4.2,-0.3,300,"sd","13:42:20",804200
4.2,-0.3,4000,"sd","13:41:06",803900
4.2,-0.3,700,"sd","13:40:37",799900
4.2,-0.3,3000,"bu","13:40:33",799200
4.2,-0.3,900,"bu","13:40:32",796200
4.2,-0.3,100,"bu","13:40:22",795300
4.2,-0.3,5000,"bu","13:40:20",795200
4.2,-0.3,200,"bu","13:40:15",790200
4.2,-0.3,100,"bu","13:40:03",790000
4.2,-0.3,1000,"unknown","13:39:49",789900
4.2,-0.3,10000,"bu","13:39:44",788900
4.2,-0.3,100,"bu","13:39:35",778900
4.2,-0.3,1000,"bu","13:39:32",778800
4.2,-0.3,2000,"bu","13:39:20",777800
4.2,-0.3,8500,"bu","13:39:14",775800
4.2,-0.3,200,"bu","13:39:07",767300
4.2,-0.3,13800,"bu","13:38:13",767100
4.2,-0.3,2300,"sd","13:38:00",753300
4.2,-0.3,20000,"sd","13:37:52",751000
4.2,-0.3,500,"sd","13:36:28",731000
4.2,-0.3,6000,"sd","13:35:50",730500
4.2,-0.3,4900,"sd","13:34:12",724500
4.2,-0.3,5000,"sd","13:33:27",719600
4.2,-0.3,8700,"sd","13:32:57",714600
4.2,-0.3,2000,"sd","13:32:55",705900
4.2,-0.3,1500,"sd","13:32:47",703900
4.2,-0.3,2100,"sd","13:31:09",702400
4.2,-0.3,2000,"sd","13:30:07",700300
4.2,-0.3,2000,"sd","13:29:54",698300
4.2,-0.3,2200,"sd","13:29:39",696300
4.2,-0.3,1500,"sd","13:29:03",694100
4.2,-0.3,18000,"sd","13:28:22",692600
4.2,-0.3,5000,"sd","13:28:03",674600
4.2,-0.3,5000,"sd","13:27:51",669600
4.3,-0.2,2000,"bu","13:26:56",664600
4.3,-0.2,500,"bu","13:26:28",662600
4.3,-0.2,1100,"bu","13:22:29",662100
4.3,-0.2,3000,"bu","13:22:16",661000
4.2,-0.3,1000,"sd","13:20:35",658000
4.2,-0.3,3000,"sd","13:18:11",657000
4.3,-0.2,1300,"bu","13:17:57",654000
4.2,-0.3,500,"sd","13:17:09",652700
4.2,-0.3,3000,"sd","13:16:58",652200
4.2,-0.3,500,"sd","13:16:51",649200
4.2,-0.3,200,"sd","13:15:51",648700
4.2,-0.3,600,"sd","13:15:46",648500
4.2,-0.3,500,"sd","13:15:15",647900
4.2,-0.3,2000,"sd","13:14:47",647400
4.2,-0.3,2000,"sd","13:14:01",645400
4.2,-0.3,1000,"sd","13:12:24",643400
4.2,-0.3,1000,"sd","13:09:47",642400
4.2,-0.3,500,"sd","13:06:57",641400
4.2,-0.3,6400,"bu","13:06:48",640900
4.2,-0.3,5000,"bu","13:06:46",634500
4.2,-0.3,5000,"bu","13:06:39",629500
4.2,-0.3,1200,"bu","13:06:25",624500
4.2,-0.3,6000,"sd","13:06:23",623300
4.2,-0.3,1000,"sd","13:06:22",617300
4.2,-0.3,4200,"sd","13:06:21",616300
4.2,-0.3,60000,"sd","13:06:19",612100
4.2,-0.3,1000,"sd","13:06:08",552100
4.2,-0.3,5500,"sd","13:05:51",551100
4.2,-0.3,20000,"sd","13:05:50",545600
4.2,-0.3,100,"sd","13:05:26",525600
4.2,-0.3,2800,"sd","13:05:23",525500
4.2,-0.3,3000,"sd","13:05:21",522700
4.2,-0.3,10000,"sd","13:05:13",519700
4.2,-0.3,20900,"sd","13:05:06",509700
4.2,-0.3,3000,"sd","13:04:37",488800
4.2,-0.3,1400,"sd","13:04:34",485800
4.2,-0.3,10000,"sd","13:04:32",484400
4.2,-0.3,200,"sd","13:03:39",474400
4.2,-0.3,7000,"sd","13:03:35",474200
4.2,-0.3,1000,"sd","13:03:23",467200
4.2,-0.3,1000,"sd","13:03:14",466200
4.2,-0.3,200,"sd","13:02:45",465200
4.2,-0.3,500,"sd","13:02:44",465000
4.2,-0.3,5000,"sd","13:02:28",464500
4.2,-0.3,700,"sd","13:02:18",459500
4.2,-0.3,200,"sd","13:02:02",458800
4.2,-0.3,500,"sd","13:01:23",458600
4.3,-0.2,100,"bu","13:00:10",458100
4.3,-0.2,1000,"bu","13:00:09",458000
4.3,-0.2,500,"bu","13:00:05",457000
4.3,-0.2,5300,"bu","13:00:04",456500
4.3,-0.2,13300,"bu","13:00:03",451200
4.3,-0.2,400,"sd","11:29:52",437900
4.3,-0.2,200,"sd","11:29:41",437500
4.3,-0.2,400,"sd","11:29:32",437300
4.3,-0.2,600,"bu","11:29:07",436900
4.3,-0.2,400,"sd","11:28:34",436300
4.3,-0.2,5000,"bu","11:27:04",435900
4.3,-0.2,5000,"bu","11:26:07",430900
4.3,-0.2,10600,"bu","11:25:44",425900
4.3,-0.2,8000,"sd","11:25:08",415300
4.3,-0.2,1000,"sd","11:24:23",407300
4.3,-0.2,1200,"sd","11:24:20",406300
4.3,-0.2,2700,"sd","11:23:16",405100
4.3,-0.2,500,"bu","11:22:38",402400
4.3,-0.2,1800,"sd","11:21:24",401900
4.3,-0.2,1300,"sd","11:21:21",400100
4.3,-0.2,1000,"sd","11:21:20",398800
4.3,-0.2,100,"sd","11:19:51",397800
4.3,-0.2,600,"sd","11:18:22",397700
4.3,-0.2,10000,"sd","11:18:17",397100
4.3,-0.2,2100,"sd","11:18:13",387100
4.3,-0.2,10000,"sd","11:17:43",385000
4.3,-0.2,3000,"sd","11:17:27",375000
4.3,-0.2,1000,"sd","11:16:59",372000
4.3,-0.2,600,"sd","11:16:52",371000
4.3,-0.2,2000,"sd","11:16:12",370400
4.3,-0.2,15000,"sd","11:15:24",368400
4.3,-0.2,5000,"sd","11:15:09",353400
4.3,-0.2,20300,"sd","11:14:02",348400
4.4,-0.1,300,"bu","11:01:48",328100
4.4,-0.1,1000,"bu","10:54:00",327800
4.4,-0.1,1000,"bu","10:53:09",326800
4.3,-0.2,100,"sd","10:51:54",325800
4.4,-0.1,100,"bu","10:46:35",325700
4.4,-0.1,10000,"bu","10:46:04",325600
4.4,-0.1,1000,"bu","10:43:59",315600
4.4,-0.1,900,"bu","10:41:39",314600
4.4,-0.1,100,"bu","10:41:28",313700
4.3,-0.2,1200,"sd","10:41:04",313600
4.3,-0.2,3000,"sd","10:40:53",312400
4.3,-0.2,28700,"sd","10:36:26",309400
4.3,-0.2,21900,"sd","10:35:53",280700
4.3,-0.2,2000,"sd","10:35:15",258800
4.4,-0.1,3000,"bu","10:33:49",256800
4.3,-0.2,1000,"sd","10:32:41",253800
4.4,-0.1,200,"bu","10:32:37",252800
4.3,-0.2,300,"sd","10:32:04",252600
4.3,-0.2,1400,"sd","10:31:00",252300
4.3,-0.2,400,"sd","10:30:56",250900
4.3,-0.2,1000,"sd","10:30:45",250500
4.3,-0.2,2000,"sd","10:30:38",249500
4.3,-0.2,500,"sd","10:30:31",247500
4.3,-0.2,4800,"sd","10:30:22",247000
4.3,-0.2,4500,"sd","10:30:07",242200
4.3,-0.2,2000,"sd","10:29:09",237700
4.3,-0.2,10000,"sd","10:28:45",235700
4.3,-0.2,300,"sd","10:27:40",225700
4.3,-0.2,10000,"sd","10:27:08",225400
4.3,-0.2,5000,"sd","10:26:41",215400
4.3,-0.2,10000,"sd","10:26:40",210400
4.4,-0.1,1700,"bu","10:26:35",200400
4.3,-0.2,5000,"sd","10:25:44",198700
4.3,-0.2,2000,"sd","10:25:22",193700
4.3,-0.2,5000,"sd","10:24:01",191700
4.4,-0.1,1000,"bu","10:23:34",186700
4.4,-0.1,5000,"bu","10:22:58",185700
4.4,-0.1,100,"bu","10:21:33",180700
4.4,-0.1,3900,"bu","10:21:00",180600
4.4,-0.1,500,"bu","10:18:53",176700
4.4,-0.1,1000,"bu","10:17:59",176200
4.4,-0.1,2000,"bu","10:17:23",175200
4.4,-0.1,1000,"bu","10:16:32",173200
4.4,-0.1,3700,"bu","10:15:28",172200
4.3,-0.2,500,"sd","10:14:59",168500
4.3,-0.2,200,"sd","10:14:09",168000
4.4,-0.1,200,"bu","10:09:34",167800
4.4,-0.1,1000,"bu","10:09:24",167600
4.4,-0.1,3400,"sd","10:09:06",166600
4.4,-0.1,600,"sd","10:08:54",163200
4.4,-0.1,1000,"bu","10:08:48",162600
4.4,-0.1,100,"bu","10:08:40",161600
4.4,-0.1,100,"bu","10:06:32",161500
4.4,-0.1,3200,"sd","10:06:11",161400
4.4,-0.1,900,"bu","10:04:07",158200
4.4,-0.1,2000,"bu","10:03:48",157300
4.4,-0.1,100,"bu","10:03:04",155300
4.4,-0.1,200,"bu","10:01:55",155200
4.4,-0.1,4800,"sd","10:01:24",155000
4.4,-0.1,3200,"sd","10:01:08",150200
4.4,-0.1,1600,"bu","10:00:27",147000
4.4,-0.1,500,"bu","10:00:04",145400
4.4,-0.1,100,"bu","09:59:23",144900
4.4,-0.1,4700,"sd","09:59:08",144800
4.4,-0.1,3000,"sd","09:57:38",140100
4.4,-0.1,1000,"sd","09:57:07",137100
4.4,-0.1,20000,"sd","09:56:42",136100
4.4,-0.1,200,"sd","09:56:27",116100
4.4,-0.1,100,"sd","09:56:19",115900
4.4,-0.1,2000,"sd","09:56:03",115800
4.4,-0.1,5500,"sd","09:56:01",113800
4.4,-0.1,5000,"sd","09:55:57",108300
4.4,-0.1,1000,"sd","09:55:52",103300
4.4,-0.1,1000,"sd","09:55:51",102300
4.4,-0.1,7000,"sd","09:55:45",101300
4.4,-0.1,10000,"sd","09:55:41",94300
4.4,-0.1,10000,"sd","09:55:01",84300
4.4,-0.1,5000,"sd","09:54:17",74300
4.4,-0.1,4000,"sd","09:53:38",69300
4.4,-0.1,1500,"sd","09:53:11",65300
4.4,-0.1,15000,"sd","09:52:59",63800
4.4,-0.1,1000,"sd","09:52:34",48800
4.4,-0.1,300,"sd","09:51:10",47800
4.4,-0.1,2100,"sd","09:48:49",47500
4.4,-0.1,300,"sd","09:44:40",45400
4.4,-0.1,9000,"sd","09:44:12",45100
4.5,0,200,"bu","09:42:26",36100
4.4,-0.1,3000,"sd","09:41:50",35900
4.5,0,100,"bu","09:40:43",32900
4.5,0,100,"bu","09:40:07",32800
4.5,0,100,"bu","09:38:12",32700
4.5,0,500,"bu","09:37:05",32600
4.4,-0.1,200,"sd","09:35:29",32100
4.5,0,100,"bu","09:34:50",31900
4.5,0,2000,"bu","09:34:32",31800
4.5,0,200,"bu","09:33:02",29800
4.5,0,100,"bu","09:32:54",29600
4.5,0,200,"bu","09:32:14",29500
4.5,0,100,"bu","09:29:57",29300
4.5,0,1100,"bu","09:29:56",29200
4.5,0,1000,"bu","09:29:51",28100
4.5,0,200,"bu","09:29:36",27100
4.5,0,1000,"bu","09:28:31",26900
4.5,0,100,"bu","09:28:26",25900
4.5,0,3000,"bu","09:28:04",25800
4.5,0,100,"bu","09:27:16",22800
4.5,0,2000,"bu","09:27:00",22700
4.5,0,1000,"bu","09:26:47",20700
4.4,-0.1,700,"sd","09:22:39",19700
4.4,-0.1,1000,"sd","09:21:43",19000
4.4,-0.1,2000,"sd","09:21:28",18000
4.4,-0.1,200,"sd","09:15:12",16000
4.4,-0.1,600,"sd","09:11:33",15800
4.4,-0.1,200,"sd","09:02:41",15200
4.4,-0.1,6500,"unknown","09:02:05",15000
4.4,-0.1,5000,"sd","09:01:31",8500
4.5,0,200,"bu","09:00:32",3500
4.5,0,1000,"bu","09:00:17",3300
4.5,0,600,"bu","09:00:10",2300
4.5,0,1700,"bu","09:00:02",1700
