"price","change","match_qtty","side","time","total_vol"
38.5,-1.5,37400,"unknown","14:45:04",1064700
38.55,-1.45,700,"sd","14:29:58",1027300
38.55,-1.45,100,"sd","14:29:58",1026600
38.6,-1.4,500,"bu","14:29:54",1026500
38.6,-1.4,300,"bu","14:29:46",1026000
38.6,-1.4,100,"sd","14:29:43",1025700
38.6,-1.4,100,"sd","14:29:43",1025600
38.65,-1.35,100,"bu","14:29:37",1025500
38.65,-1.35,100,"sd","14:29:26",1025400
38.9,-1.1,200,"sd","14:29:26",1025300
38.65,-1.35,100,"sd","14:29:08",1025100
38.7,-1.3,100,"unknown","14:29:08",1025000
38.7,-1.3,100,"unknown","14:29:08",1024900
38.7,-1.3,200,"unknown","14:29:08",1024800
38.7,-1.3,100,"sd","14:29:08",1024600
38.65,-1.35,400,"sd","14:29:08",1024500
38.9,-1.1,2000,"sd","14:28:43",1024100
39.3,-0.7,200,"sd","14:28:08",1022100
39.4,-0.6,200,"bu","14:28:03",1021900
39.4,-0.6,100,"bu","14:28:03",1021700
39.3,-0.7,100,"sd","14:28:02",1021600
39.4,-0.6,100,"bu","14:27:32",1021500
39.4,-0.6,1800,"bu","14:26:43",1021400
39.3,-0.7,300,"bu","14:26:43",1019600
39.4,-0.6,400,"bu","14:26:43",1019300
39.35,-0.65,300,"bu","14:26:43",1018900
39.3,-0.7,500,"sd","14:26:03",1018600
39.35,-0.65,300,"sd","14:25:53",1018100
39.4,-0.6,300,"bu","14:25:47",1017800
39.4,-0.6,300,"sd","14:25:37",1017500
39.4,-0.6,400,"sd","14:25:37",1017200
39.55,-0.45,200,"sd","14:25:33",1016800
39.55,-0.45,300,"bu","14:25:30",1016600
39.55,-0.45,200,"sd","14:25:22",1016300
39.6,-0.4,100,"bu","14:25:14",1016100
39.6,-0.4,700,"bu","14:24:50",1016000
39.6,-0.4,100,"bu","14:24:50",1015300
39.6,-0.4,100,"bu","14:24:50",1015200
39.6,-0.4,200,"bu","14:24:48",1015100
39.6,-0.4,700,"bu","14:24:39",1014900
39.6,-0.4,500,"bu","14:24:13",1014200
39.55,-0.45,100,"sd","14:23:59",1013700
39.55,-0.45,100,"sd","14:23:20",1013600
39.55,-0.45,200,"bu","14:22:51",1013500
39.55,-0.45,100,"bu","14:22:35",1013300
39.4,-0.6,2400,"sd","14:22:28",1013200
39.5,-0.5,2600,"bu","14:22:28",1010800
39.5,-0.5,400,"bu","14:22:24",1008200
39.5,-0.5,100,"bu","14:22:03",1007800
39.4,-0.6,500,"sd","14:21:26",1007700
39.4,-0.6,1200,"sd","14:20:53",1007200
39.4,-0.6,300,"sd","14:20:53",1006000
39.4,-0.6,100,"sd","14:20:53",1005700
39.4,-0.6,8400,"sd","14:20:53",1005600
39.35,-0.65,200,"bu","14:20:34",997200
39.4,-0.6,1400,"bu","14:20:33",997000
39.35,-0.65,200,"sd","14:20:12",995600
39.35,-0.65,600,"sd","14:20:12",995400
39.35,-0.65,200,"sd","14:20:04",994800
39.4,-0.6,300,"bu","14:19:54",994600
39.4,-0.6,100,"bu","14:19:46",994300
39.4,-0.6,200,"sd","14:19:41",994200
39.5,-0.5,100,"bu","14:19:21",994000
39.5,-0.5,400,"bu","14:19:21",993900
39.5,-0.5,100,"bu","14:19:04",993500
39.5,-0.5,200,"bu","14:19:04",993400
39.4,-0.6,200,"bu","14:19:04",993200
39.5,-0.5,300,"bu","14:19:04",993000
39.4,-0.6,100,"bu","14:19:04",992700
39.5,-0.5,500,"bu","14:19:04",992600
39.5,-0.5,100,"bu","14:19:04",992100
39.5,-0.5,100,"bu","14:19:04",992000
39.4,-0.6,200,"bu","14:19:04",991900
39.35,-0.65,300,"bu","14:18:12",991700
39.35,-0.65,1700,"bu","14:18:09",991400
39.35,-0.65,4400,"bu","14:18:09",989700
39.3,-0.7,200,"sd","14:18:07",985300
39.3,-0.7,100,"sd","14:17:36",985100
39.3,-0.7,2000,"bu","14:17:07",985000
39.1,-0.9,1000,"bu","14:17:02",983000
38.65,-1.35,300,"bu","14:12:16",982000
38.65,-1.35,200,"sd","14:12:09",981700
38.65,-1.35,400,"bu","14:12:04",981500
38.65,-1.35,300,"bu","14:11:33",981100
38.65,-1.35,200,"bu","14:11:22",980800
38.65,-1.35,100,"bu","14:11:06",980600
38.6,-1.4,400,"bu","14:11:06",980500
38.6,-1.4,500,"bu","14:11:05",980100
38.6,-1.4,100,"sd","14:11:01",979600
38.65,-1.35,400,"sd","14:10:55",979500
38.65,-1.35,4100,"sd","14:10:31",979100
38.65,-1.35,600,"sd","14:10:31",975000
38.8,-1.2,500,"sd","14:10:31",974400
38.95,-1.05,300,"sd","14:10:31",973900
39,-1,100,"sd","14:10:20",973600
39.1,-0.9,600,"unknown","14:10:07",973500
39.1,-0.9,700,"bu","14:09:26",972900
39.1,-0.9,500,"bu","14:09:08",972200
39.1,-0.9,300,"sd","14:09:06",971700
39.1,-0.9,200,"sd","14:09:03",971400
39.35,-0.65,600,"bu","14:08:09",971200
39.4,-0.6,500,"sd","14:07:10",970600
39.4,-0.6,200,"sd","14:07:09",970100
39.4,-0.6,100,"sd","14:06:53",969900
39.5,-0.5,100,"bu","14:06:42",969800
39.5,-0.5,600,"bu","14:06:11",969700
39.5,-0.5,100,"bu","14:06:04",969100
39.5,-0.5,300,"unknown","14:05:54",969000
39.5,-0.5,600,"sd","14:05:54",968700
39.5,-0.5,100,"sd","14:05:47",968100
39.5,-0.5,1000,"sd","14:05:36",968000
39.5,-0.5,100,"sd","14:05:07",967000
39.6,-0.4,400,"sd","14:04:41",966900
39.6,-0.4,100,"bu","14:04:14",966500
39.6,-0.4,500,"bu","14:04:13",966400
39.6,-0.4,300,"sd","14:04:04",965900
39.6,-0.4,2000,"sd","14:04:04",965600
39.6,-0.4,100,"sd","14:04:04",963600
39.6,-0.4,400,"bu","14:03:46",963500
39.6,-0.4,1800,"sd","14:03:39",963100
39.7,-0.3,600,"sd","14:03:37",961300
39.8,-0.2,200,"sd","14:03:37",960700
39.75,-0.25,3700,"bu","14:03:34",960500
39.75,-0.25,1000,"sd","14:03:32",956800
39.75,-0.25,300,"sd","14:03:32",955800
39.8,-0.2,3000,"bu","14:03:31",955500
39.75,-0.25,200,"bu","14:03:21",952500
39.7,-0.3,100,"sd","14:03:16",952300
39.7,-0.3,100,"bu","14:03:03",952200
39.5,-0.5,500,"bu","14:02:50",952100
39.5,-0.5,500,"bu","14:02:50",951600
39.5,-0.5,100,"bu","14:02:50",951100
39.5,-0.5,2000,"bu","14:02:50",951000
39.5,-0.5,1000,"bu","14:02:50",949000
39.45,-0.55,100,"bu","14:02:41",948000
39.4,-0.6,500,"bu","14:02:29",947900
39.3,-0.7,800,"bu","14:02:29",947400
39.1,-0.9,400,"bu","14:01:32",946600
39.1,-0.9,600,"bu","14:01:18",946200
39.1,-0.9,1000,"bu","14:01:14",945600
39,-1,500,"sd","14:01:13",944600
39,-1,1500,"sd","14:01:13",944100
39,-1,500,"sd","14:00:47",942600
39,-1,500,"bu","13:59:43",942100
39,-1,500,"bu","13:59:43",941600
39,-1,500,"bu","13:59:43",941100
39,-1,100,"bu","13:59:43",940600
39,-1,100,"bu","13:59:43",940500
39,-1,100,"bu","13:59:43",940400
39,-1,1000,"bu","13:59:43",940300
39,-1,400,"bu","13:59:43",939300
39,-1,2000,"bu","13:59:43",938900
38.95,-1.05,100,"bu","13:59:20",936900
38.95,-1.05,500,"bu","13:59:20",936800
38.95,-1.05,500,"bu","13:59:12",936300
38.9,-1.1,200,"bu","13:59:12",935800
38.9,-1.1,500,"bu","13:59:12",935600
38.9,-1.1,100,"bu","13:59:12",935100
38.9,-1.1,100,"bu","13:59:12",935000
38.8,-1.2,600,"bu","13:59:12",934900
38.65,-1.35,100,"sd","13:59:11",934300
38.8,-1.2,500,"bu","13:58:21",934200
38.8,-1.2,500,"bu","13:58:21",933700
38.8,-1.2,300,"sd","13:58:15",933200
38.8,-1.2,100,"sd","13:58:15",932900
38.8,-1.2,100,"sd","13:58:15",932800
38.8,-1.2,900,"sd","13:57:56",932700
38.8,-1.2,3100,"sd","13:57:56",931800
38.8,-1.2,2000,"sd","13:57:47",928700
38.8,-1.2,900,"sd","13:57:34",926700
38.8,-1.2,100,"bu","13:56:49",925800
38.8,-1.2,200,"bu","13:56:49",925700
38.7,-1.3,100,"bu","13:56:49",925500
38.8,-1.2,400,"bu","13:56:49",925400
38.7,-1.3,100,"bu","13:56:49",925000
38.8,-1.2,400,"bu","13:56:49",924900
38.8,-1.2,100,"bu","13:56:49",924500
38.7,-1.3,700,"bu","13:56:49",924400
38.7,-1.3,1100,"bu","13:56:24",923700
38.7,-1.3,100,"bu","13:56:09",922600
38.7,-1.3,200,"bu","13:55:56",922500
38.7,-1.3,100,"bu","13:55:49",922300
38.7,-1.3,200,"bu","13:55:38",922200
38.65,-1.35,500,"sd","13:55:35",922000
38.65,-1.35,100,"bu","13:55:05",921500
38.6,-1.4,1200,"bu","13:54:37",921400
38.7,-1.3,600,"bu","13:54:26",920200
38.7,-1.3,100,"bu","13:54:26",919600
38.7,-1.3,500,"bu","13:54:26",919500
38.7,-1.3,100,"bu","13:54:23",919000
38.6,-1.4,1000,"sd","13:53:43",918900
38.6,-1.4,5000,"unknown","13:52:47",917900
38.55,-1.45,200,"sd","13:51:25",912900
38.55,-1.45,100,"sd","13:51:19",912700
38.55,-1.45,500,"sd","13:51:00",912600
38.55,-1.45,200,"sd","13:50:30",912100
38.55,-1.45,200,"sd","13:50:30",911900
38.55,-1.45,100,"sd","13:49:25",911700
38.55,-1.45,200,"sd","13:49:13",911600
38.55,-1.45,100,"sd","13:48:51",911400
38.55,-1.45,100,"sd","13:48:50",911300
38.55,-1.45,400,"sd","13:48:04",911200
38.55,-1.45,100,"sd","13:48:04",910800
38.55,-1.45,200,"sd","13:48:04",910700
38.55,-1.45,200,"sd","13:48:04",910500
38.55,-1.45,900,"sd","13:48:04",910300
38.55,-1.45,100,"sd","13:48:04",909400
38.6,-1.4,100,"sd","13:48:04",909300
38.55,-1.45,100,"sd","13:46:09",909200
38.5,-1.5,100,"bu","13:43:40",909100
38.5,-1.5,300,"bu","13:43:30",909000
38.5,-1.5,1000,"bu","13:43:30",908700
38.5,-1.5,400,"bu","13:43:30",907700
38.5,-1.5,300,"bu","13:43:30",907300
38.5,-1.5,200,"bu","13:42:45",907000
38.4,-1.6,500,"bu","13:42:31",906800
38.4,-1.6,12500,"bu","13:42:31",906300
38.3,-1.7,5800,"bu","13:42:01",893800
38.3,-1.7,900,"bu","13:41:42",888000
38.3,-1.7,4700,"bu","13:41:13",887100
38.2,-1.8,200,"bu","13:40:34",882400
38.2,-1.8,500,"sd","13:40:17",882200
38.2,-1.8,700,"sd","13:40:17",881700
38.2,-1.8,100,"sd","13:40:17",881000
38.2,-1.8,800,"sd","13:39:57",880900
38.2,-1.8,200,"sd","13:39:57",880100
38.2,-1.8,900,"sd","13:39:57",879900
38.2,-1.8,100,"sd","13:39:57",879000
38.2,-1.8,100,"sd","13:39:39",878900
38.25,-1.75,100,"sd","13:39:39",878800
38.2,-1.8,2200,"bu","13:38:26",878700
38.2,-1.8,100,"bu","13:37:59",876500
38.2,-1.8,1000,"bu","13:37:47",876400
38.2,-1.8,200,"bu","13:37:44",875400
38.2,-1.8,1000,"bu","13:37:34",875200
38.2,-1.8,200,"bu","13:37:20",874200
38.2,-1.8,500,"bu","13:37:14",874000
38.2,-1.8,100,"bu","13:36:55",873500
38.2,-1.8,1800,"bu","13:36:48",873400
38.15,-1.85,100,"sd","13:35:38",871600
38.15,-1.85,100,"sd","13:35:27",871500
38.1,-1.9,300,"sd","13:34:30",871400
38.1,-1.9,1000,"bu","13:34:07",871100
38.1,-1.9,1900,"bu","13:34:07",870100
38.1,-1.9,100,"bu","13:33:52",868200
38.1,-1.9,900,"bu","13:33:52",868100
38.1,-1.9,100,"bu","13:33:42",867200
38.1,-1.9,8600,"bu","13:33:42",867100
38.1,-1.9,900,"bu","13:32:53",858500
38.1,-1.9,200,"bu","13:32:37",857600
38.1,-1.9,4800,"sd","13:32:02",857400
38.2,-1.8,1000,"bu","13:31:54",852600
38.2,-1.8,1000,"bu","13:30:55",851600
38.2,-1.8,900,"bu","13:29:57",850600
38.3,-1.7,500,"bu","13:29:25",849700
38.3,-1.7,900,"bu","13:28:58",849200
38.3,-1.7,900,"bu","13:27:59",848300
38.1,-1.9,200,"sd","13:27:59",847400
38.3,-1.7,300,"bu","13:27:56",847200
38.3,-1.7,900,"bu","13:27:00",846900
38.3,-1.7,100,"sd","13:26:48",846000
38.3,-1.7,100,"sd","13:26:36",845900
38.4,-1.6,500,"bu","13:26:16",845800
38.3,-1.7,100,"sd","13:26:11",845300
38.3,-1.7,200,"bu","13:26:02",845200
38.3,-1.7,200,"bu","13:26:02",845000
38.3,-1.7,200,"bu","13:26:02",844800
38.3,-1.7,300,"bu","13:25:55",844600
38.3,-1.7,100,"bu","13:25:55",844300
38.3,-1.7,2000,"bu","13:25:55",844200
38.3,-1.7,2100,"bu","13:25:55",842200
38.3,-1.7,500,"bu","13:25:55",840100
38.05,-1.95,2700,"sd","13:24:42",839600
38.05,-1.95,500,"sd","13:24:42",836900
38.05,-1.95,900,"sd","13:24:42",836400
38.1,-1.9,900,"sd","13:24:32",835500
38.1,-1.9,100,"bu","13:24:01",834600
38.1,-1.9,400,"sd","13:24:00",834500
38.1,-1.9,1000,"sd","13:24:00",834100
38.05,-1.95,2000,"sd","13:22:37",833100
38,-2,600,"bu","13:20:50",831100
38,-2,200,"bu","13:20:50",830500
38,-2,10500,"bu","13:20:50",830300
38,-2,100,"bu","13:20:47",819800
38,-2,500,"bu","13:20:38",819700
38,-2,200,"bu","13:20:21",819200
38,-2,12500,"bu","13:20:14",819000
38,-2,900,"bu","13:20:09",806500
38,-2,2000,"bu","13:19:56",805600
38,-2,900,"bu","13:19:10",803600
38,-2,100,"bu","13:19:08",802700
38,-2,100,"bu","13:18:50",802600
38,-2,200,"bu","13:18:37",802500
38,-2,7300,"bu","13:18:33",802300
38,-2,900,"bu","13:18:11",795000
38,-2,8000,"bu","13:18:05",794100
38,-2,900,"sd","13:18:01",786100
38,-2,900,"sd","13:18:01",785200
38,-2,1000,"sd","13:18:01",784300
38,-2,100,"sd","13:18:01",783300
38,-2,900,"sd","13:18:01",783200
38.05,-1.95,900,"sd","13:18:01",782300
38.05,-1.95,1100,"sd","13:18:01",781400
38.05,-1.95,900,"sd","13:16:54",780300
38.05,-1.95,100,"sd","13:16:54",779400
38,-2,600,"bu","13:13:44",779300
37.85,-2.15,100,"sd","13:13:39",778700
37.85,-2.15,100,"sd","13:13:29",778600
37.85,-2.15,600,"sd","13:13:29",778500
37.85,-2.15,300,"sd","13:13:04",777900
38,-2,200,"bu","13:13:04",777600
37.85,-2.15,100,"sd","13:13:04",777400
37.85,-2.15,100,"sd","13:13:04",777300
37.85,-2.15,400,"sd","13:13:04",777200
37.95,-2.05,100,"sd","13:13:04",776800
38,-2,200,"sd","13:12:53",776700
37.85,-2.15,600,"sd","13:12:11",776500
37.9,-2.1,200,"sd","13:12:11",775900
37.9,-2.1,100,"sd","13:12:11",775700
37.9,-2.1,100,"sd","13:12:11",775600
37.9,-2.1,800,"sd","13:11:56",775500
37.9,-2.1,100,"sd","13:11:56",774700
37.9,-2.1,100,"sd","13:11:56",774600
38,-2,800,"bu","13:11:53",774500
37.9,-2.1,1000,"sd","13:11:09",773700
38,-2,100,"sd","13:10:53",772700
38,-2,100,"sd","13:10:53",772600
38,-2,900,"sd","13:10:43",772500
38,-2,100,"sd","13:10:43",771600
38,-2,100,"sd","13:10:22",771500
38,-2,900,"sd","13:10:15",771400
38.05,-1.95,100,"sd","13:10:15",770500
38.05,-1.95,100,"sd","13:09:41",770400
38.05,-1.95,100,"sd","13:09:41",770300
38.05,-1.95,300,"sd","13:09:41",770200
38.1,-1.9,500,"sd","13:09:41",769900
38.3,-1.7,200,"bu","13:09:36",769400
38.3,-1.7,900,"bu","13:09:22",769200
38.3,-1.7,500,"bu","13:09:01",768300
38.3,-1.7,900,"bu","13:08:24",767800
38.3,-1.7,500,"bu","13:08:21",766900
38.3,-1.7,300,"bu","13:08:21",766400
38.05,-1.95,700,"sd","13:08:03",766100
38.3,-1.7,100,"bu","13:07:54",765400
38.3,-1.7,1600,"bu","13:07:52",765300
38.3,-1.7,400,"bu","13:07:52",763700
38.3,-1.7,900,"bu","13:07:25",763300
38.3,-1.7,700,"bu","13:06:50",762400
38.3,-1.7,100,"bu","13:06:50",761700
38.3,-1.7,200,"bu","13:06:50",761600
38,-2,300,"unknown","13:06:22",761400
38,-2,5500,"bu","13:06:21",761100
38,-2,100,"bu","13:06:13",755600
37.9,-2.1,900,"sd","13:05:27",755500
37.95,-2.05,100,"sd","13:05:27",754600
38,-2,800,"bu","13:05:27",754500
38,-2,100,"bu","13:05:27",753700
38,-2,400,"sd","13:05:08",753600
38,-2,100,"sd","13:05:08",753200
38,-2,100,"sd","13:05:08",753100
38,-2,300,"sd","13:05:08",753000
38,-2,200,"sd","13:04:48",752700
38,-2,1000,"sd","13:04:48",752500
38,-2,2000,"sd","13:04:48",751500
38,-2,100,"sd","13:04:48",749500
38,-2,100,"sd","13:04:48",749400
38,-2,100,"sd","13:04:48",749300
38,-2,100,"sd","13:04:48",749200
38,-2,600,"sd","13:04:48",749100
38,-2,100,"sd","13:04:48",748500
38,-2,5000,"sd","13:04:48",748400
38,-2,500,"sd","13:04:48",743400
38,-2,100,"sd","13:04:48",742900
38.1,-1.9,100,"sd","13:04:48",742800
38,-2,1000,"sd","13:04:48",742700
38.1,-1.9,1000,"sd","13:04:48",741700
38,-2,200,"sd","13:04:48",740700
38.15,-1.85,100,"sd","13:04:48",740500
38,-2,200,"sd","13:04:48",740400
38.15,-1.85,100,"sd","13:04:48",740200
38,-2,400,"sd","13:04:48",740100
38,-2,500,"sd","13:04:48",739700
38,-2,300,"sd","13:04:48",739200
38.05,-1.95,500,"sd","13:04:48",738900
38.05,-1.95,100,"sd","13:04:48",738400
38.1,-1.9,200,"sd","13:04:48",738300
38.1,-1.9,100,"sd","13:04:48",738100
38.15,-1.85,500,"sd","13:04:48",738000
38.2,-1.8,900,"sd","13:04:48",737500
38.2,-1.8,200,"sd","13:04:48",736600
38.2,-1.8,900,"sd","13:04:48",736400
38.2,-1.8,2800,"sd","13:04:48",735500
38.2,-1.8,200,"sd","13:04:39",732700
38.2,-1.8,1000,"sd","13:04:29",732500
38.2,-1.8,100,"sd","13:04:26",731500
38.2,-1.8,4000,"sd","13:04:09",731400
38.2,-1.8,900,"sd","13:04:09",727400
38.2,-1.8,400,"sd","13:04:05",726500
38.2,-1.8,300,"sd","13:04:03",726100
38.2,-1.8,300,"sd","13:03:43",725800
38.2,-1.8,200,"sd","13:03:43",725500
38.25,-1.75,1000,"sd","13:03:28",725300
38.25,-1.75,400,"sd","13:03:28",724300
38.3,-1.7,100,"sd","13:03:28",723900
38.3,-1.7,1000,"sd","13:03:28",723800
38.3,-1.7,800,"sd","13:03:28",722800
38.3,-1.7,200,"sd","13:03:28",722000
38.2,-1.8,9000,"sd","13:03:28",721800
38.25,-1.75,500,"sd","13:03:28",712800
38.4,-1.6,100,"sd","13:03:06",712300
38.3,-1.7,200,"sd","13:03:06",712200
38.4,-1.6,700,"sd","13:03:06",712000
38.4,-1.6,100,"sd","13:02:58",711300
38.4,-1.6,100,"sd","13:02:32",711200
38.4,-1.6,100,"sd","13:02:32",711100
38.4,-1.6,800,"sd","13:02:32",711000
38.4,-1.6,100,"sd","13:01:50",710200
38.4,-1.6,100,"unknown","13:01:13",710100
38.65,-1.35,600,"bu","13:01:08",710000
38.65,-1.35,1000,"bu","13:01:08",709400
38.65,-1.35,1900,"bu","13:01:08",708400
38.6,-1.4,500,"unknown","13:01:07",706500
38.6,-1.4,500,"unknown","13:01:05",706000
38.4,-1.6,400,"unknown","13:01:04",705500
38.4,-1.6,1000,"unknown","13:01:04",705100
38.4,-1.6,1000,"unknown","13:01:03",704100
38.4,-1.6,700,"unknown","13:01:02",703100
38.35,-1.65,300,"unknown","13:01:00",702400
38.35,-1.65,2000,"unknown","13:00:58",702100
38.65,-1.35,6100,"bu","13:00:35",700100
38.65,-1.35,900,"bu","13:00:34",694000
38.65,-1.35,10000,"bu","13:00:32",693100
38.65,-1.35,4000,"bu","13:00:27",683100
38.35,-1.65,1100,"bu","13:00:21",679100
38.3,-1.7,400,"sd","13:00:19",678000
38.35,-1.65,100,"bu","13:00:19",677600
38.35,-1.65,800,"bu","13:00:17",677500
38.3,-1.7,100,"sd","13:00:13",676700
38.3,-1.7,900,"sd","13:00:09",676600
38.35,-1.65,1000,"bu","13:00:06",675700
38.4,-1.6,1000,"bu","13:00:06",674700
38.35,-1.65,100,"sd","13:00:01",673700
38.4,-1.6,200,"sd","11:29:53",673600
38.4,-1.6,1000,"sd","11:29:53",673400
38.4,-1.6,700,"sd","11:29:53",672400
38.5,-1.5,1000,"sd","11:29:53",671700
38.4,-1.6,900,"sd","11:29:53",670700
38.4,-1.6,1000,"sd","11:29:39",669800
38.4,-1.6,700,"sd","11:29:29",668800
38.35,-1.65,1600,"sd","11:27:44",668100
38.3,-1.7,100,"sd","11:26:17",666500
38.65,-1.35,900,"sd","11:26:15",666400
38.65,-1.35,2000,"sd","11:26:15",665500
38.65,-1.35,200,"sd","11:26:15",663500
38.65,-1.35,500,"sd","11:26:00",663300
38.65,-1.35,200,"bu","11:24:41",662800
38.65,-1.35,300,"bu","11:24:36",662600
38.6,-1.4,200,"bu","11:24:36",662300
38.2,-1.8,800,"sd","11:22:28",662100
38.2,-1.8,100,"sd","11:22:28",661300
38.2,-1.8,500,"sd","11:22:28",661200
38.2,-1.8,3300,"sd","11:22:28",660700
38.25,-1.75,100,"sd","11:22:28",657400
38.35,-1.65,1800,"sd","11:22:28",657300
38.35,-1.65,400,"sd","11:22:28",655500
38.35,-1.65,100,"sd","11:21:51",655100
38.35,-1.65,400,"sd","11:21:51",655000
38.5,-1.5,100,"bu","11:21:50",654600
38.35,-1.65,100,"bu","11:21:40",654500
38.35,-1.65,200,"bu","11:21:40",654400
38.35,-1.65,100,"bu","11:21:40",654200
38.2,-1.8,1700,"sd","11:21:38",654100
38.2,-1.8,200,"sd","11:21:38",652400
38.2,-1.8,100,"sd","11:21:38",652200
38.45,-1.55,100,"unknown","11:21:28",652100
38.5,-1.5,300,"unknown","11:21:28",652000
38.5,-1.5,100,"unknown","11:21:28",651700
38.35,-1.65,100,"sd","11:21:28",651600
38.5,-1.5,400,"unknown","11:21:28",651500
38.5,-1.5,100,"unknown","11:21:28",651100
38.35,-1.65,100,"sd","11:21:28",651000
38.5,-1.5,100,"sd","11:21:28",650900
38.4,-1.6,100,"sd","11:21:28",650800
38.4,-1.6,100,"sd","11:21:28",650700
38.4,-1.6,100,"sd","11:21:28",650600
38.5,-1.5,100,"sd","11:21:28",650500
38.4,-1.6,100,"sd","11:21:28",650400
38.5,-1.5,100,"sd","11:21:28",650300
38.5,-1.5,100,"sd","11:21:28",650200
38.5,-1.5,100,"sd","11:21:28",650100
38.5,-1.5,100,"sd","11:21:28",650000
38.5,-1.5,100,"sd","11:21:28",649900
38.5,-1.5,100,"sd","11:21:28",649800
38.5,-1.5,100,"sd","11:21:28",649700
38.5,-1.5,100,"sd","11:21:28",649600
38.5,-1.5,100,"sd","11:21:28",649500
38.5,-1.5,100,"sd","11:21:28",649400
38.5,-1.5,100,"sd","11:21:28",649300
38.5,-1.5,100,"sd","11:21:28",649200
38.5,-1.5,100,"sd","11:21:28",649100
38.5,-1.5,100,"sd","11:21:28",649000
38.5,-1.5,100,"sd","11:21:28",648900
38.5,-1.5,100,"sd","11:21:28",648800
38.5,-1.5,200,"sd","11:21:27",648700
38.5,-1.5,2500,"sd","11:21:24",648500
38.5,-1.5,2500,"sd","11:21:24",646000
38.75,-1.25,500,"bu","11:21:22",643500
38.5,-1.5,100,"sd","11:21:21",643000
38.5,-1.5,100,"sd","11:21:21",642900
38.5,-1.5,100,"sd","11:21:21",642800
38.5,-1.5,100,"sd","11:21:21",642700
38.5,-1.5,100,"sd","11:21:21",642600
38.5,-1.5,100,"sd","11:21:21",642500
38.5,-1.5,100,"sd","11:21:21",642400
38.5,-1.5,100,"sd","11:21:21",642300
38.5,-1.5,100,"sd","11:21:21",642200
38.5,-1.5,100,"sd","11:21:21",642100
38.5,-1.5,100,"sd","11:21:21",642000
38.5,-1.5,100,"sd","11:21:20",641900
38.5,-1.5,100,"sd","11:21:20",641800
38.5,-1.5,100,"sd","11:21:20",641700
38.5,-1.5,100,"sd","11:21:20",641600
38.5,-1.5,100,"sd","11:21:20",641500
38.5,-1.5,100,"sd","11:21:20",641400
38.5,-1.5,100,"sd","11:21:20",641300
38.5,-1.5,100,"sd","11:21:20",641200
38.5,-1.5,200,"sd","11:21:20",641100
38.5,-1.5,200,"sd","11:21:20",640900
38.5,-1.5,100,"sd","11:21:20",640700
38.5,-1.5,800,"sd","11:21:20",640600
38.5,-1.5,100,"sd","11:21:20",639800
38.5,-1.5,200,"sd","11:21:20",639700
38.5,-1.5,100,"sd","11:21:20",639500
38.5,-1.5,100,"sd","11:21:20",639400
38.5,-1.5,100,"sd","11:21:20",639300
38.5,-1.5,100,"sd","11:21:20",639200
38.5,-1.5,100,"sd","11:21:20",639100
38.5,-1.5,200,"sd","11:21:20",639000
38.5,-1.5,8400,"sd","11:20:49",638800
38.6,-1.4,900,"sd","11:20:49",630400
38.6,-1.4,100,"sd","11:20:49",629500
38.6,-1.4,15600,"sd","11:20:49",629400
38.6,-1.4,1000,"sd","11:20:45",613800
38.6,-1.4,28500,"sd","11:20:34",612800
38.6,-1.4,500,"sd","11:20:23",584300
38.65,-1.35,100,"sd","11:20:23",583800
38.65,-1.35,100,"sd","11:20:23",583700
38.65,-1.35,300,"sd","11:20:23",583600
38.8,-1.2,900,"bu","11:19:47",583300
38.8,-1.2,400,"bu","11:18:48",582400
38.8,-1.2,300,"bu","11:18:48",582000
38.7,-1.3,200,"bu","11:18:48",581700
38.8,-1.2,700,"bu","11:15:06",581500
38.8,-1.2,100,"bu","11:14:26",580800
38.85,-1.15,100,"sd","11:13:08",580700
38.9,-1.1,100,"bu","11:09:25",580600
38.8,-1.2,900,"bu","11:09:13",580500
38.85,-1.15,100,"sd","11:08:08",579600
38.6,-1.4,600,"sd","11:07:59",579500
38.7,-1.3,500,"sd","11:07:59",578900
38.7,-1.3,200,"sd","11:07:59",578400
38.7,-1.3,1000,"sd","11:07:59",578200
38.7,-1.3,400,"sd","11:07:59",577200
38.8,-1.2,200,"sd","11:07:43",576800
38.85,-1.15,100,"sd","11:07:43",576600
38.85,-1.15,100,"sd","11:07:37",576500
38.85,-1.15,100,"bu","11:06:51",576400
38.85,-1.15,100,"bu","11:06:30",576300
38.85,-1.15,100,"bu","11:05:53",576200
38.8,-1.2,800,"bu","11:05:15",576100
38.8,-1.2,200,"bu","11:05:12",575300
38.7,-1.3,200,"bu","11:05:00",575100
38.7,-1.3,400,"bu","11:05:00",574900
38.7,-1.3,200,"bu","11:04:48",574500
38.7,-1.3,100,"bu","11:04:36",574300
38.7,-1.3,500,"bu","11:04:34",574200
38.6,-1.4,200,"bu","11:04:20",573700
38.6,-1.4,100,"bu","11:04:20",573500
38.6,-1.4,100,"bu","11:04:20",573400
38.6,-1.4,1000,"bu","11:04:20",573300
38.6,-1.4,52400,"bu","11:04:20",572300
38.6,-1.4,2000,"bu","11:04:18",519900
38.6,-1.4,4300,"bu","11:04:14",517900
38.55,-1.45,1000,"sd","11:04:13",513600
38.6,-1.4,100,"bu","11:04:06",512600
38.6,-1.4,2000,"bu","11:03:50",512500
38.6,-1.4,1000,"bu","11:03:42",510500
38.6,-1.4,7000,"bu","11:03:20",509500
38.6,-1.4,2000,"bu","11:03:15",502500
38.6,-1.4,2000,"bu","11:03:09",500500
38.6,-1.4,3100,"bu","11:03:01",498500
38.6,-1.4,100,"bu","11:02:23",495400
38.6,-1.4,1000,"bu","11:02:11",495300
38.6,-1.4,1000,"bu","11:01:27",494300
38.6,-1.4,14000,"bu","11:01:14",493300
38.6,-1.4,1000,"bu","11:00:54",479300
38.6,-1.4,200,"bu","11:00:22",478300
38.5,-1.5,800,"bu","10:58:14",478100
38.5,-1.5,100,"bu","10:58:14",477300
38.5,-1.5,100,"bu","10:58:14",477200
38.5,-1.5,100,"bu","10:58:14",477100
38.4,-1.6,1700,"sd","10:57:47",477000
38.5,-1.5,500,"bu","10:57:46",475300
38.5,-1.5,500,"bu","10:56:34",474800
38.5,-1.5,2000,"bu","10:56:00",474300
38.5,-1.5,1000,"bu","10:55:56",472300
38.4,-1.6,100,"sd","10:55:04",471300
38.5,-1.5,100,"bu","10:55:02",471200
38.5,-1.5,800,"bu","10:54:02",471100
38.5,-1.5,1600,"bu","10:54:02",470300
38.5,-1.5,200,"sd","10:52:07",468700
38.5,-1.5,2200,"bu","10:52:05",468500
38.5,-1.5,6000,"bu","10:52:05",466300
38.3,-1.7,5500,"sd","10:49:40",460300
38.2,-1.8,2000,"bu","10:49:30",454800
38.2,-1.8,100,"bu","10:48:52",452800
38.2,-1.8,100,"bu","10:48:31",452700
38.2,-1.8,3000,"sd","10:48:28",452600
38.2,-1.8,300,"sd","10:48:28",449600
38.3,-1.7,3000,"sd","10:48:28",449300
38.4,-1.6,200,"bu","10:48:21",446300
38.2,-1.8,200,"bu","10:47:43",446100
38.15,-1.85,100,"bu","10:47:39",445900
38.15,-1.85,500,"bu","10:47:17",445800
38.15,-1.85,100,"bu","10:47:06",445300
38.15,-1.85,100,"sd","10:46:41",445200
38.15,-1.85,100,"sd","10:46:41",445100
38.15,-1.85,200,"sd","10:46:41",445000
38.2,-1.8,1400,"sd","10:46:24",444800
38.2,-1.8,1000,"sd","10:46:24",443400
38.2,-1.8,200,"sd","10:46:24",442400
38.2,-1.8,300,"sd","10:46:24",442200
38.2,-1.8,100,"sd","10:46:24",441900
38.2,-1.8,500,"sd","10:46:24",441800
38.2,-1.8,100,"sd","10:46:24",441300
38.2,-1.8,100,"sd","10:46:24",441200
38.2,-1.8,500,"sd","10:46:24",441100
38.25,-1.75,100,"sd","10:46:24",440600
38.25,-1.75,100,"sd","10:46:24",440500
38.3,-1.7,200,"sd","10:46:24",440400
38.3,-1.7,100,"sd","10:46:24",440200
38.3,-1.7,5000,"sd","10:46:24",440100
38.3,-1.7,100,"sd","10:46:24",435100
38.4,-1.6,300,"sd","10:46:04",435000
38.4,-1.6,1000,"sd","10:46:04",434700
38.4,-1.6,100,"sd","10:46:04",433700
38.4,-1.6,200,"sd","10:46:04",433600
38.4,-1.6,100,"sd","10:46:04",433400
38.4,-1.6,100,"sd","10:46:04",433300
38.45,-1.55,500,"sd","10:45:32",433200
38.4,-1.6,1000,"sd","10:43:58",432700
38.6,-1.4,200,"bu","10:43:50",431700
38.5,-1.5,4800,"bu","10:43:50",431500
38.5,-1.5,100,"sd","10:43:47",426700
38.5,-1.5,5100,"sd","10:43:47",426600
38.55,-1.45,500,"bu","10:43:36",421500
38.5,-1.5,500,"sd","10:43:10",421000
38.5,-1.5,400,"bu","10:43:04",420500
38.4,-1.6,1000,"bu","10:43:04",420100
38.4,-1.6,500,"bu","10:42:55",419100
38.4,-1.6,200,"bu","10:42:49",418600
38.4,-1.6,200,"sd","10:42:06",418400
38.4,-1.6,100,"sd","10:42:06",418200
38.5,-1.5,600,"bu","10:41:18",418100
38.5,-1.5,2000,"bu","10:41:11",417500
38.2,-1.8,100,"sd","10:40:53",415500
38.2,-1.8,5000,"sd","10:40:53",415400
38.2,-1.8,100,"sd","10:40:53",410400
38.2,-1.8,100,"sd","10:40:53",410300
38.2,-1.8,1200,"sd","10:40:53",410200
38.2,-1.8,200,"sd","10:40:17",409000
38.2,-1.8,100,"sd","10:40:17",408800
38.2,-1.8,300,"sd","10:40:17",408700
38.25,-1.75,300,"sd","10:40:17",408400
38.2,-1.8,100,"sd","10:39:08",408100
38.2,-1.8,100,"sd","10:39:08",408000
38.2,-1.8,100,"sd","10:39:08",407900
38.2,-1.8,100,"sd","10:39:08",407800
38.2,-1.8,100,"sd","10:39:08",407700
38.2,-1.8,100,"sd","10:39:08",407600
38.2,-1.8,100,"bu","10:38:20",407500
38.2,-1.8,400,"bu","10:38:15",407400
38.2,-1.8,100,"bu","10:38:01",407000
38.2,-1.8,1000,"bu","10:37:52",406900
38.2,-1.8,100,"bu","10:37:25",405900
38.2,-1.8,300,"bu","10:37:16",405800
38.2,-1.8,500,"bu","10:37:10",405500
38.1,-1.9,100,"bu","10:36:41",405000
38.1,-1.9,3000,"bu","10:36:41",404900
38,-2,200,"sd","10:36:25",401900
38,-2,200,"bu","10:36:25",401700
38,-2,100,"bu","10:36:19",401500
38,-2,900,"bu","10:36:19",401400
38,-2,100,"bu","10:36:19",400500
38,-2,100,"bu","10:36:19",400400
38,-2,800,"bu","10:36:19",400300
38,-2,100,"bu","10:36:18",399500
38,-2,100,"bu","10:36:15",399400
38,-2,100,"bu","10:36:03",399300
38,-2,100,"bu","10:35:58",399200
38,-2,1000,"bu","10:35:54",399100
38,-2,600,"bu","10:35:54",398100
37.95,-2.05,900,"bu","10:35:54",397500
37.95,-2.05,100,"bu","10:35:50",396600
38,-2,100,"bu","10:35:37",396500
38,-2,100,"bu","10:35:31",396400
38,-2,100,"bu","10:35:28",396300
38,-2,10000,"bu","10:35:24",396200
38,-2,400,"sd","10:35:17",386200
38,-2,400,"sd","10:35:17",385800
38,-2,2000,"sd","10:35:17",385400
38,-2,100,"sd","10:35:17",383400
38,-2,200,"sd","10:35:17",383300
38,-2,100,"sd","10:35:17",383100
38,-2,100,"sd","10:35:17",383000
38.05,-1.95,100,"sd","10:35:17",382900
38,-2,200,"sd","10:35:17",382800
38,-2,5000,"sd","10:35:17",382600
38,-2,200,"sd","10:35:17",377600
38,-2,100,"sd","10:35:17",377400
38,-2,100,"sd","10:35:17",377300
38,-2,100,"sd","10:35:17",377200
38.05,-1.95,500,"sd","10:35:08",377100
38.05,-1.95,1000,"sd","10:35:08",376600
38,-2,600,"sd","10:34:46",375600
38,-2,100,"sd","10:34:46",375000
38,-2,1200,"sd","10:34:46",374900
38,-2,200,"sd","10:34:46",373700
38,-2,300,"sd","10:34:46",373500
38,-2,800,"sd","10:34:46",373200
38,-2,300,"sd","10:34:46",372400
38,-2,100,"sd","10:34:46",372100
38,-2,100,"sd","10:34:46",372000
38,-2,500,"sd","10:34:46",371900
38,-2,100,"sd","10:34:46",371400
38,-2,1000,"sd","10:34:46",371300
38,-2,1000,"sd","10:34:46",370300
38,-2,300,"sd","10:34:46",369300
38,-2,200,"sd","10:34:46",369000
38,-2,5000,"sd","10:34:46",368800
38,-2,200,"sd","10:34:46",363800
38,-2,100,"sd","10:34:46",363600
38,-2,200,"sd","10:34:46",363500
38.05,-1.95,500,"sd","10:34:46",363300
38.05,-1.95,300,"sd","10:34:46",362800
38.1,-1.9,100,"bu","10:34:45",362500
38.1,-1.9,200,"bu","10:34:34",362400
38.1,-1.9,3000,"sd","10:34:16",362200
38.1,-1.9,1000,"sd","10:34:16",359200
38.1,-1.9,200,"sd","10:34:16",358200
38.1,-1.9,100,"sd","10:34:16",358000
38.1,-1.9,5000,"sd","10:34:16",357900
38.1,-1.9,200,"sd","10:34:16",352900
38.1,-1.9,300,"sd","10:34:16",352700
38.2,-1.8,1000,"sd","10:34:16",352400
38.2,-1.8,100,"sd","10:34:16",351400
38.2,-1.8,200,"sd","10:34:16",351300
38.2,-1.8,2000,"sd","10:34:16",351100
38.3,-1.7,100,"sd","10:34:16",349100
38.3,-1.7,3000,"sd","10:34:16",349000
38.4,-1.6,2300,"sd","10:34:03",346000
38.4,-1.6,1000,"sd","10:33:55",343700
38.4,-1.6,200,"sd","10:33:55",342700
38.4,-1.6,300,"sd","10:33:55",342500
38.4,-1.6,700,"sd","10:33:46",342200
38.4,-1.6,100,"sd","10:33:46",341500
38.4,-1.6,2000,"sd","10:33:46",341400
38.4,-1.6,200,"sd","10:33:46",339400
38.4,-1.6,100,"sd","10:33:46",339200
38.4,-1.6,10000,"sd","10:33:46",339100
38.45,-1.55,200,"sd","10:33:46",329100
38.5,-1.5,200,"sd","10:33:46",328900
38.5,-1.5,300,"sd","10:33:46",328700
38.5,-1.5,100,"sd","10:33:46",328400
38.5,-1.5,1000,"sd","10:33:46",328300
38.5,-1.5,100,"sd","10:33:46",327300
38.6,-1.4,100,"sd","10:33:21",327200
38.6,-1.4,700,"sd","10:33:21",327100
38.7,-1.3,100,"sd","10:33:21",326400
38.7,-1.3,5700,"sd","10:33:21",326300
38.7,-1.3,200,"bu","10:32:57",320600
38.7,-1.3,2900,"bu","10:32:57",320400
38.7,-1.3,300,"bu","10:32:57",317500
38.65,-1.35,900,"bu","10:32:57",317200
38.65,-1.35,100,"bu","10:32:52",316300
38.65,-1.35,200,"sd","10:32:52",316200
38.65,-1.35,100,"sd","10:32:52",316000
38.65,-1.35,100,"sd","10:32:52",315900
38.65,-1.35,100,"sd","10:32:52",315800
38.65,-1.35,500,"sd","10:32:52",315700
38.7,-1.3,4700,"bu","10:32:51",315200
38.7,-1.3,400,"bu","10:32:51",310500
38.7,-1.3,1200,"bu","10:32:51",310100
38.7,-1.3,100,"bu","10:32:35",308900
38.7,-1.3,200,"bu","10:31:40",308800
38.7,-1.3,100,"bu","10:31:40",308600
38.7,-1.3,100,"bu","10:31:21",308500
38.7,-1.3,1800,"sd","10:30:57",308400
38.7,-1.3,600,"sd","10:30:38",306600
38.7,-1.3,600,"sd","10:30:36",306000
38.7,-1.3,2000,"bu","10:30:02",305400
38.7,-1.3,300,"bu","10:29:58",303400
38.75,-1.25,100,"bu","10:29:00",303100
38.75,-1.25,200,"bu","10:28:51",303000
38.8,-1.2,200,"bu","10:27:33",302800
38.7,-1.3,200,"bu","10:26:49",302600
38.7,-1.3,200,"bu","10:26:49",302400
38.6,-1.4,700,"bu","10:26:15",302200
38.5,-1.5,200,"bu","10:26:15",301500
38.5,-1.5,500,"sd","10:26:13",301300
38.5,-1.5,1500,"sd","10:26:04",300800
38.5,-1.5,2000,"sd","10:26:04",299300
38.5,-1.5,100,"sd","10:26:04",297300
38.5,-1.5,1000,"sd","10:26:04",297200
38.5,-1.5,100,"sd","10:26:04",296200
38.5,-1.5,1100,"sd","10:26:04",296100
38.5,-1.5,2000,"sd","10:26:04",295000
38.5,-1.5,2000,"sd","10:26:04",293000
38.5,-1.5,1000,"sd","10:26:04",291000
38.5,-1.5,1000,"sd","10:26:04",290000
38.5,-1.5,2000,"sd","10:26:04",289000
38.5,-1.5,500,"sd","10:26:04",287000
38.55,-1.45,300,"sd","10:26:04",286500
38.55,-1.45,400,"sd","10:26:04",286200
38.6,-1.4,200,"sd","10:25:41",285800
38.6,-1.4,400,"sd","10:25:41",285600
38.65,-1.35,100,"sd","10:25:25",285200
38.65,-1.35,100,"sd","10:25:25",285100
38.65,-1.35,100,"sd","10:25:25",285000
38.6,-1.4,600,"sd","10:25:25",284900
38.6,-1.4,100,"sd","10:25:25",284300
38.6,-1.4,100,"sd","10:25:25",284200
38.6,-1.4,100,"sd","10:25:25",284100
38.6,-1.4,200,"sd","10:25:25",284000
38.6,-1.4,2000,"sd","10:25:25",283800
38.65,-1.35,100,"sd","10:25:25",281800
38.7,-1.3,100,"bu","10:24:59",281700
38.65,-1.35,200,"sd","10:24:34",281600
38.7,-1.3,100,"bu","10:23:49",281400
38.8,-1.2,1000,"bu","10:23:27",281300
38.7,-1.3,3600,"bu","10:23:27",280300
38.7,-1.3,700,"bu","10:23:27",276700
38.7,-1.3,3000,"bu","10:23:14",276000
38.7,-1.3,5000,"sd","10:23:08",273000
38.7,-1.3,100,"sd","10:23:08",268000
38.7,-1.3,100,"sd","10:23:08",267900
38.7,-1.3,100,"sd","10:23:08",267800
38.7,-1.3,100,"sd","10:23:08",267700
38.7,-1.3,100,"sd","10:23:08",267300
38.7,-1.3,300,"sd","10:23:08",267600
38.8,-1.2,500,"bu","10:22:11",267200
38.8,-1.2,500,"bu","10:22:10",266700
38.9,-1.1,400,"bu","10:21:47",266200
38.9,-1.1,100,"bu","10:21:47",265800
38.8,-1.2,400,"bu","10:21:34",265700
38.8,-1.2,1300,"bu","10:21:34",265300
38.8,-1.2,200,"bu","10:20:34",264000
38.8,-1.2,6000,"bu","10:20:33",263800
38.8,-1.2,100,"bu","10:20:21",257800
38.8,-1.2,2400,"sd","10:20:01",257700
38.8,-1.2,700,"sd","10:19:50",255300
38.8,-1.2,300,"bu","10:19:45",254600
38.8,-1.2,400,"bu","10:19:45",254300
38.8,-1.2,100,"bu","10:19:45",253900
38.8,-1.2,100,"bu","10:19:45",253800
38.8,-1.2,8000,"bu","10:19:32",253700
38.8,-1.2,100,"bu","10:19:24",245700
38.8,-1.2,100,"bu","10:18:43",245600
38.8,-1.2,100,"sd","10:17:58",245500
38.8,-1.2,500,"sd","10:17:58",245400
38.8,-1.2,1000,"sd","10:17:58",244900
38.8,-1.2,5000,"sd","10:17:58",243900
38.85,-1.15,100,"sd","10:17:58",238900
38.85,-1.15,600,"bu","10:17:58",238800
38.85,-1.15,100,"bu","10:17:57",238200
38.8,-1.2,5000,"sd","10:17:40",238100
38.85,-1.15,500,"bu","10:17:21",233100
38.9,-1.1,100,"bu","10:16:14",232600
38.8,-1.2,1000,"sd","10:15:04",232500
38.8,-1.2,100,"sd","10:15:04",231500
38.8,-1.2,100,"sd","10:15:04",231400
38.8,-1.2,100,"sd","10:14:40",231300
38.8,-1.2,200,"sd","10:14:40",231200
38.8,-1.2,200,"sd","10:14:40",231000
38.9,-1.1,100,"sd","10:14:07",230800
39,-1,100,"bu","10:14:03",230700
39,-1,100,"bu","10:12:53",230600
39,-1,300,"bu","10:12:20",230500
39,-1,400,"bu","10:12:20",230200
39,-1,1300,"bu","10:12:20",229800
39,-1,100,"bu","10:11:44",228500
39,-1,100,"bu","10:11:09",228400
38.8,-1.2,300,"sd","10:11:00",228300
38.9,-1.1,100,"sd","10:11:00",228000
38.9,-1.1,200,"sd","10:11:00",227900
38.9,-1.1,100,"sd","10:11:00",227700
39,-1,300,"bu","10:10:57",227600
39,-1,1000,"bu","10:10:43",227300
39,-1,700,"bu","10:10:02",226300
39,-1,300,"bu","10:09:58",225600
39,-1,1000,"sd","10:09:27",225300
39,-1,300,"sd","10:09:27",224300
39,-1,100,"sd","10:09:27",224000
39,-1,200,"sd","10:09:27",223900
39,-1,100,"sd","10:09:27",223700
39,-1,300,"sd","10:09:27",223600
39,-1,200,"sd","10:09:27",223300
39,-1,100,"sd","10:09:27",223100
39,-1,100,"sd","10:09:27",223000
39,-1,100,"sd","10:09:27",222900
39,-1,100,"sd","10:09:27",222800
39,-1,100,"sd","10:09:27",222700
39,-1,500,"sd","10:09:27",222600
39,-1,200,"sd","10:09:27",222100
39,-1,100,"sd","10:09:27",221900
39,-1,100,"sd","10:09:27",221800
39,-1,5000,"sd","10:09:27",221700
39.05,-0.95,1000,"sd","10:09:27",216700
39,-1,500,"sd","10:09:27",215700
39.05,-0.95,300,"sd","10:09:27",215200
39,-1,200,"sd","10:09:27",214900
39.05,-0.95,100,"sd","10:09:27",214700
39.05,-0.95,300,"sd","10:09:27",214600
39,-1,100,"sd","10:09:27",214300
39.05,-0.95,100,"sd","10:09:27",214200
39,-1,100,"sd","10:09:27",214100
39.05,-0.95,100,"sd","10:09:27",214000
39.1,-0.9,100,"sd","10:09:27",213900
39,-1,100,"sd","10:09:27",213800
39.1,-0.9,200,"sd","10:09:27",213700
39.1,-0.9,200,"sd","10:09:27",213500
39,-1,100,"sd","10:09:27",213300
39,-1,100,"sd","10:09:27",213200
39,-1,500,"sd","10:09:27",213100
39,-1,500,"sd","10:09:27",212600
39,-1,100,"sd","10:09:27",212100
39,-1,100,"sd","10:09:27",212000
39,-1,1000,"sd","10:09:27",211900
39.1,-0.9,100,"sd","10:09:11",210900
39.1,-0.9,100,"sd","10:09:03",210800
39.1,-0.9,200,"sd","10:08:37",210700
39.1,-0.9,400,"sd","10:07:14",210500
39.1,-0.9,5000,"sd","10:07:14",210100
39.1,-0.9,100,"sd","10:07:14",205100
39.15,-0.85,500,"sd","10:07:14",205000
39.15,-0.85,100,"sd","10:07:14",204500
39.2,-0.8,2900,"sd","10:07:14",204400
39.35,-0.65,300,"unknown","10:06:49",201500
39.35,-0.65,5300,"unknown","10:06:49",201200
39.3,-0.7,3000,"bu","10:06:00",195900
39.3,-0.7,400,"bu","10:06:00",192900
39.3,-0.7,100,"bu","10:05:05",192500
39.3,-0.7,900,"bu","10:05:05",192400
39.2,-0.8,1500,"sd","10:04:34",191500
39.3,-0.7,100,"bu","10:04:10",190000
39.2,-0.8,600,"sd","10:03:24",189900
39.2,-0.8,400,"sd","10:03:24",189300
39.3,-0.7,4000,"bu","10:02:51",188900
39.3,-0.7,400,"bu","10:02:51",184900
39.2,-0.8,600,"bu","10:02:51",184500
39.2,-0.8,400,"sd","10:02:37",183900
39.2,-0.8,600,"bu","10:01:51",183500
39.2,-0.8,200,"bu","10:01:41",182900
39.1,-0.9,100,"sd","10:01:02",182700
39.1,-0.9,100,"sd","10:01:02",182600
39.1,-0.9,600,"sd","10:01:02",182500
39.1,-0.9,200,"sd","10:01:02",181900
39.2,-0.8,200,"bu","10:00:38",181700
39.15,-0.85,600,"bu","10:00:19",181500
39.2,-0.8,100,"bu","09:59:55",180900
39.2,-0.8,300,"bu","09:59:55",180800
39.3,-0.7,200,"bu","09:59:51",180500
39.2,-0.8,300,"bu","09:59:39",180300
39.2,-0.8,700,"sd","09:59:28",180000
39.25,-0.75,200,"bu","09:59:20",179300
39.25,-0.75,100,"bu","09:59:20",179100
39.2,-0.8,200,"bu","09:58:51",179000
39.2,-0.8,100,"bu","09:58:51",178800
39.2,-0.8,500,"bu","09:58:51",178700
39.2,-0.8,300,"bu","09:58:49",178200
39.05,-0.95,200,"sd","09:57:50",177900
39.05,-0.95,300,"bu","09:57:03",177700
39,-1,100,"sd","09:56:58",177400
39,-1,300,"sd","09:56:26",177300
39,-1,9700,"sd","09:56:26",177000
39,-1,1000,"sd","09:56:26",167300
39,-1,300,"sd","09:56:26",166300
39,-1,500,"sd","09:56:26",166000
39.05,-0.95,100,"sd","09:55:57",165500
39.1,-0.9,100,"sd","09:55:57",165400
39.1,-0.9,100,"sd","09:55:57",165300
39.1,-0.9,100,"sd","09:55:57",165200
39.1,-0.9,200,"sd","09:55:57",165100
39.1,-0.9,100,"sd","09:55:57",164900
39.1,-0.9,100,"sd","09:55:57",164800
39.1,-0.9,200,"sd","09:55:57",164700
39.1,-0.9,100,"sd","09:55:57",164500
39.1,-0.9,200,"sd","09:55:57",164400
39.15,-0.85,100,"sd","09:55:57",164200
39.15,-0.85,500,"sd","09:55:57",164100
39.15,-0.85,100,"sd","09:55:57",163600
39.15,-0.85,100,"sd","09:55:53",163500
39.2,-0.8,2000,"bu","09:55:51",163400
39.2,-0.8,100,"bu","09:55:34",161400
39.2,-0.8,100,"bu","09:55:34",161300
39.2,-0.8,100,"bu","09:55:34",161200
39.2,-0.8,500,"bu","09:55:34",161100
39.2,-0.8,800,"bu","09:55:34",160600
39.2,-0.8,4200,"sd","09:55:23",159800
39.2,-0.8,100,"sd","09:55:23",155600
39.2,-0.8,400,"sd","09:55:23",155500
39.2,-0.8,100,"sd","09:55:23",155100
39.2,-0.8,100,"sd","09:55:23",155000
39.2,-0.8,100,"sd","09:55:23",154900
39.25,-0.75,100,"sd","09:55:07",154800
39.25,-0.75,400,"sd","09:55:07",154700
39.25,-0.75,200,"sd","09:54:53",154300
39.25,-0.75,400,"sd","09:54:35",154100
39.25,-0.75,100,"sd","09:54:35",153700
39.3,-0.7,4400,"sd","09:54:25",153600
39.3,-0.7,600,"bu","09:54:24",149200
39.3,-0.7,1200,"sd","09:54:15",148600
39.3,-0.7,100,"sd","09:54:15",147400
39.3,-0.7,100,"sd","09:54:15",147300
39.3,-0.7,100,"sd","09:53:59",147200
39.3,-0.7,100,"sd","09:53:53",147100
39.3,-0.7,4300,"sd","09:53:40",147000
39.3,-0.7,200,"sd","09:53:40",142700
39.3,-0.7,100,"sd","09:53:40",142500
39.3,-0.7,100,"sd","09:53:40",142400
39.3,-0.7,300,"sd","09:53:40",142300
39.3,-0.7,600,"sd","09:53:36",142000
39.35,-0.65,100,"sd","09:53:22",141400
39.35,-0.65,100,"sd","09:53:22",141300
39.35,-0.65,800,"sd","09:53:22",141200
39.35,-0.65,700,"sd","09:53:13",140400
39.35,-0.65,200,"sd","09:53:01",139700
39.35,-0.65,2400,"sd","09:52:55",139500
39.35,-0.65,700,"sd","09:52:49",137100
39.35,-0.65,200,"sd","09:52:15",136400
39.4,-0.6,100,"bu","09:51:17",136200
39.4,-0.6,300,"sd","09:51:13",136100
39.4,-0.6,1800,"sd","09:50:52",135800
39.4,-0.6,500,"sd","09:50:49",134000
39.4,-0.6,200,"bu","09:49:59",133500
39.4,-0.6,500,"bu","09:49:59",133300
39.4,-0.6,100,"sd","09:48:57",132800
39.4,-0.6,4900,"sd","09:48:41",132700
39.4,-0.6,100,"sd","09:48:41",127800
39.4,-0.6,100,"sd","09:48:20",127700
39.4,-0.6,200,"sd","09:48:20",127600
39.4,-0.6,100,"sd","09:47:00",127400
39.4,-0.6,300,"sd","09:47:00",127300
39.4,-0.6,100,"sd","09:47:00",127000
39.4,-0.6,300,"sd","09:46:26",126900
39.5,-0.5,2000,"bu","09:45:17",126600
39.5,-0.5,500,"bu","09:44:41",124600
39.45,-0.55,100,"bu","09:44:15",124100
39.4,-0.6,100,"sd","09:44:00",124000
39.4,-0.6,500,"sd","09:44:00",123900
39.4,-0.6,4000,"sd","09:44:00",123400
39.4,-0.6,1000,"bu","09:43:03",119400
39.35,-0.65,100,"sd","09:42:13",118400
39.4,-0.6,2000,"bu","09:42:12",118300
39.4,-0.6,1000,"bu","09:41:46",116300
39.3,-0.7,100,"sd","09:39:38",115300
39.3,-0.7,100,"sd","09:39:38",115200
39.3,-0.7,100,"sd","09:39:38",115100
39.3,-0.7,700,"sd","09:39:38",115000
39.35,-0.65,4100,"sd","09:39:38",114300
39.35,-0.65,400,"bu","09:39:32",110200
39.35,-0.65,4500,"bu","09:39:32",109800
39.3,-0.7,300,"sd","09:38:37",105300
39.3,-0.7,100,"sd","09:38:37",105000
39.3,-0.7,100,"sd","09:38:37",104900
39.35,-0.65,300,"sd","09:38:11",104800
39.35,-0.65,100,"sd","09:38:11",104500
39.35,-0.65,100,"sd","09:38:11",104400
39.4,-0.6,700,"bu","09:37:59",104300
39.4,-0.6,100,"bu","09:37:59",103600
39.4,-0.6,100,"bu","09:37:59",103500
39.4,-0.6,100,"bu","09:37:59",103400
39.4,-0.6,100,"bu","09:37:59",103300
39.4,-0.6,100,"bu","09:37:59",103200
39.4,-0.6,100,"bu","09:37:59",103100
39.4,-0.6,100,"bu","09:37:59",103000
39.45,-0.55,5000,"sd","09:37:53",102900
39.45,-0.55,100,"sd","09:37:53",97900
39.5,-0.5,100,"unknown","09:37:44",97800
39.5,-0.5,100,"sd","09:37:17",97700
39.5,-0.5,100,"sd","09:37:17",97600
39.5,-0.5,300,"sd","09:37:17",97500
39.5,-0.5,100,"sd","09:37:17",97200
39.5,-0.5,2500,"sd","09:37:17",97100
39.5,-0.5,500,"sd","09:37:17",94600
39.5,-0.5,1000,"sd","09:37:17",94100
39.5,-0.5,400,"sd","09:37:17",93100
39.6,-0.4,100,"sd","09:36:47",92700
39.6,-0.4,100,"sd","09:36:47",92600
39.6,-0.4,100,"sd","09:36:47",92500
39.6,-0.4,400,"sd","09:36:47",92400
39.7,-0.3,100,"sd","09:36:17",92000
39.7,-0.3,500,"sd","09:36:17",91900
39.7,-0.3,1000,"sd","09:36:17",91400
39.75,-0.25,2000,"sd","09:36:17",90400
39.75,-0.25,300,"bu","09:36:11",88400
39.75,-0.25,500,"bu","09:36:11",88100
39.75,-0.25,100,"bu","09:36:11",87600
39.75,-0.25,100,"bu","09:36:11",87500
39.75,-0.25,100,"bu","09:35:59",87400
39.75,-0.25,100,"bu","09:35:48",87300
39.75,-0.25,100,"bu","09:35:27",87200
39.75,-0.25,100,"bu","09:35:04",87100
39.8,-0.2,100,"bu","09:34:20",87000
39.8,-0.2,100,"bu","09:34:12",86900
39.75,-0.25,100,"bu","09:34:02",86800
39.7,-0.3,300,"bu","09:33:37",86700
39.7,-0.3,100,"bu","09:33:25",86400
39.7,-0.3,2000,"bu","09:32:53",86300
39.6,-0.4,600,"bu","09:31:18",84300
39.6,-0.4,100,"bu","09:30:42",83700
39.6,-0.4,1000,"bu","09:30:33",83600
39.5,-0.5,100,"sd","09:30:17",82600
39.6,-0.4,100,"bu","09:30:02",82500
39.5,-0.5,100,"sd","09:29:34",82400
39.55,-0.45,100,"sd","09:29:34",82300
39.7,-0.3,2900,"bu","09:29:18",82200
39.7,-0.3,400,"bu","09:29:18",79300
39.7,-0.3,3000,"bu","09:29:18",78900
39.7,-0.3,400,"bu","09:29:18",75900
39.55,-0.45,100,"bu","09:29:18",75500
39.55,-0.45,100,"bu","09:28:56",75400
39.5,-0.5,400,"bu","09:28:36",75300
39.5,-0.5,200,"bu","09:28:35",74900
39.5,-0.5,100,"sd","09:28:35",74700
39.5,-0.5,300,"sd","09:28:35",74600
39.5,-0.5,200,"bu","09:28:20",74300
39.5,-0.5,500,"bu","09:28:12",74100
39.5,-0.5,100,"bu","09:28:11",73600
39.5,-0.5,200,"bu","09:27:59",73500
39.5,-0.5,400,"bu","09:27:50",73300
39.5,-0.5,200,"bu","09:27:33",72900
39.5,-0.5,1400,"bu","09:27:15",72700
39.5,-0.5,300,"bu","09:27:15",71300
39.5,-0.5,5000,"bu","09:27:15",71000
39.5,-0.5,2000,"bu","09:27:15",66000
39.4,-0.6,200,"bu","09:27:15",64000
39.4,-0.6,100,"bu","09:27:15",63800
39.4,-0.6,200,"bu","09:27:13",63700
39.4,-0.6,100,"bu","09:26:50",63500
39.4,-0.6,300,"bu","09:26:48",63400
39.4,-0.6,100,"bu","09:26:48",63100
39.4,-0.6,2000,"bu","09:26:40",63000
39.4,-0.6,300,"bu","09:26:37",61000
39.4,-0.6,5000,"bu","09:26:36",60700
39.4,-0.6,100,"bu","09:26:21",55700
39.4,-0.6,200,"bu","09:25:53",55600
39.4,-0.6,100,"bu","09:25:49",55400
39.4,-0.6,100,"bu","09:25:49",55300
39.4,-0.6,1000,"bu","09:25:43",55200
39.4,-0.6,200,"bu","09:25:36",54200
39.4,-0.6,200,"sd","09:25:20",54000
39.4,-0.6,500,"sd","09:25:14",53800
39.45,-0.55,100,"sd","09:25:14",53300
39.45,-0.55,200,"sd","09:25:14",53200
39.4,-0.6,300,"sd","09:25:05",53000
39.4,-0.6,200,"sd","09:25:05",52700
39.4,-0.6,100,"sd","09:25:05",52500
39.4,-0.6,100,"sd","09:25:05",52400
39.45,-0.55,100,"sd","09:24:41",52300
39.4,-0.6,100,"bu","09:23:23",52200
39.4,-0.6,100,"bu","09:23:21",52100
39.4,-0.6,200,"sd","09:23:21",52000
39.4,-0.6,100,"sd","09:23:21",51800
39.5,-0.5,600,"bu","09:23:20",51700
39.45,-0.55,400,"bu","09:23:20",51100
39.45,-0.55,100,"sd","09:23:13",50700
39.5,-0.5,800,"bu","09:22:55",50600
39.5,-0.5,100,"sd","09:22:32",49800
39.5,-0.5,1500,"sd","09:22:32",49700
39.5,-0.5,2000,"sd","09:22:06",48200
39.55,-0.45,100,"bu","09:22:06",46200
39.5,-0.5,1500,"sd","09:21:48",46100
39.5,-0.5,100,"sd","09:21:48",44600
39.55,-0.45,100,"bu","09:21:44",44500
39.5,-0.5,900,"sd","09:21:40",44400
39.5,-0.5,100,"sd","09:21:40",43500
39.55,-0.45,100,"sd","09:21:33",43400
39.55,-0.45,100,"sd","09:21:33",43300
39.6,-0.4,100,"bu","09:21:09",43200
39.6,-0.4,100,"sd","09:21:08",43100
39.6,-0.4,100,"sd","09:21:07",43000
39.6,-0.4,100,"sd","09:21:07",42900
39.6,-0.4,700,"sd","09:21:07",42800
39.6,-0.4,100,"sd","09:21:07",42100
39.6,-0.4,200,"sd","09:21:07",42000
39.6,-0.4,800,"sd","09:21:07",41800
39.6,-0.4,1000,"sd","09:21:07",41000
39.6,-0.4,100,"sd","09:21:07",40000
39.6,-0.4,100,"sd","09:21:07",39900
39.7,-0.3,200,"bu","09:21:05",39800
39.7,-0.3,1800,"bu","09:21:05",39600
39.6,-0.4,1000,"sd","09:21:04",37800
39.7,-0.3,100,"sd","09:20:33",36800
39.7,-0.3,500,"sd","09:20:33",36700
39.7,-0.3,100,"sd","09:20:33",36200
39.8,-0.2,200,"bu","09:19:35",36100
39.8,-0.2,1000,"sd","09:19:33",35900
39.8,-0.2,100,"sd","09:19:33",34900
39.8,-0.2,1000,"sd","09:19:33",34800
39.9,-0.1,100,"bu","09:19:12",33800
40,0,1000,"bu","09:18:46",33700
40,0,300,"bu","09:18:18",32700
40,0,100,"bu","09:18:15",32400
40,0,9000,"bu","09:17:29",32300
40,0,1000,"bu","09:17:29",23300
39.7,-0.3,100,"sd","09:17:21",22300
39.7,-0.3,100,"sd","09:17:21",22200
39.75,-0.25,100,"sd","09:17:21",22100
39.6,-0.4,22000,"sd","09:15:01",22000
