"price","change","match_qtty","side","time","total_vol"
17.5,0.5,823700,"unknown","14:45:01",8765100
17.1,0.1,100,"sd","14:29:59",7941400
17.1,0.1,1000,"sd","14:29:58",7941300
17.1,0.1,100,"sd","14:29:58",7940300
17.1,0.1,1000,"sd","14:29:57",7940200
17.1,0.1,400,"sd","14:29:52",7939200
17.1,0.1,200,"sd","14:29:52",7938800
17.1,0.1,100,"sd","14:29:50",7938600
17.1,0.1,400,"sd","14:29:50",7938500
17.1,0.1,200,"sd","14:29:50",7938100
17.1,0.1,500,"sd","14:29:50",7937900
17.1,0.1,1000,"bu","14:29:50",7937400
17.1,0.1,200,"bu","14:29:50",7936400
17.1,0.1,1500,"bu","14:29:50",7936200
17.05,0.05,1000,"unknown","14:29:44",7934700
17.1,0.1,10000,"bu","14:29:38",7933700
16.7,-0.3,400,"sd","14:29:23",7923700
16.7,-0.3,500,"sd","14:29:23",7923300
16.85,-0.15,200,"sd","14:29:23",7922800
16.85,-0.15,400,"sd","14:29:23",7922600
16.9,-0.1,100,"sd","14:29:23",7922200
16.9,-0.1,200,"sd","14:29:23",7922100
17,0,500,"sd","14:29:23",7921900
17,0,300,"sd","14:29:23",7921400
17,0,1000,"sd","14:29:23",7921100
17,0,200,"sd","14:29:23",7920100
17,0,500,"sd","14:29:23",7919900
17,0,2000,"sd","14:29:23",7919400
17,0,500,"sd","14:29:22",7917400
17,0,500,"sd","14:29:22",7916900
17,0,700,"sd","14:29:22",7916400
17.1,0.1,1000,"sd","14:29:20",7915700
17.1,0.1,100,"sd","14:29:20",7914700
17.1,0.1,100,"sd","14:29:20",7914600
17.1,0.1,100,"sd","14:29:20",7914500
17.1,0.1,100,"sd","14:29:20",7914400
17.1,0.1,100,"sd","14:29:20",7914300
17.1,0.1,7000,"sd","14:29:20",7914200
17.15,0.15,1000,"bu","14:29:18",7907200
17.1,0.1,2000,"sd","14:29:17",7906200
17.15,0.15,300,"bu","14:29:14",7904200
17.15,0.15,500,"bu","14:29:13",7903900
17.15,0.15,200,"bu","14:29:13",7903400
17.15,0.15,500,"bu","14:29:11",7903200
17.15,0.15,1500,"bu","14:29:01",7902700
17.15,0.15,500,"bu","14:28:59",7901200
17.15,0.15,1000,"bu","14:28:59",7900700
17.15,0.15,100,"bu","14:28:56",7899700
17.15,0.15,400,"bu","14:28:56",7899600
17.15,0.15,1600,"bu","14:28:53",7899200
17.15,0.15,300,"bu","14:28:53",7897600
17.15,0.15,300,"bu","14:28:53",7897300
17.15,0.15,600,"bu","14:28:53",7897000
17.1,0.1,100,"sd","14:28:52",7896400
17.15,0.15,2700,"bu","14:28:47",7896300
17.15,0.15,1700,"bu","14:28:46",7893600
17.15,0.15,100,"bu","14:28:46",7891900
17.15,0.15,200,"bu","14:28:46",7891800
17.15,0.15,300,"bu","14:28:45",7891600
17.15,0.15,1000,"bu","14:28:45",7891300
17.15,0.15,10000,"bu","14:28:45",7890300
17.15,0.15,2600,"bu","14:28:43",7880300
17.15,0.15,5000,"bu","14:28:41",7877700
17.15,0.15,1000,"bu","14:28:39",7872700
17.15,0.15,400,"bu","14:28:39",7871700
17.15,0.15,500,"bu","14:28:39",7871300
17.15,0.15,1000,"bu","14:28:39",7870800
17.15,0.15,200,"bu","14:28:39",7869800
17.15,0.15,500,"bu","14:28:39",7869600
17.15,0.15,500,"bu","14:28:36",7869100
17.15,0.15,2100,"bu","14:28:36",7868600
17.15,0.15,100,"bu","14:28:33",7866500
17.15,0.15,2700,"bu","14:28:32",7866400
17.15,0.15,2700,"bu","14:28:28",7863700
17.15,0.15,2400,"sd","14:28:27",7861000
17.15,0.15,100,"sd","14:28:27",7858600
17.15,0.15,100,"sd","14:28:24",7858500
17.2,0.2,1500,"bu","14:28:23",7858400
17.2,0.2,100,"bu","14:28:23",7856900
17.2,0.2,800,"bu","14:28:23",7856800
17.15,0.15,200,"bu","14:28:23",7856000
17.15,0.15,500,"bu","14:28:23",7855800
17.15,0.15,1900,"bu","14:28:23",7855300
17.15,0.15,3000,"bu","14:28:23",7853400
17.15,0.15,2700,"bu","14:28:20",7850400
17.15,0.15,2400,"sd","14:28:19",7847700
17.15,0.15,200,"bu","14:28:17",7845300
17.2,0.2,1500,"bu","14:28:15",7845100
17.15,0.15,1000,"bu","14:28:15",7843600
17.2,0.2,2700,"bu","14:28:13",7842600
17.2,0.2,500,"bu","14:28:12",7839900
17.2,0.2,1500,"bu","14:28:12",7839400
17.15,0.15,100,"sd","14:28:10",7837900
17.15,0.15,2000,"bu","14:28:09",7837800
17.15,0.15,500,"bu","14:28:09",7835800
17.15,0.15,500,"sd","14:28:06",7835300
17.2,0.2,500,"bu","14:28:06",7834800
17.2,0.2,3500,"bu","14:28:05",7834300
17.15,0.15,200,"sd","14:28:05",7830800
17.2,0.2,300,"bu","14:28:05",7830600
17.2,0.2,2000,"bu","14:28:05",7830300
17.2,0.2,400,"bu","14:28:05",7828300
17.2,0.2,600,"bu","14:28:01",7827900
17.2,0.2,100,"bu","14:28:01",7827300
17.2,0.2,1000,"bu","14:28:01",7827200
17.15,0.15,500,"sd","14:28:01",7826200
17.2,0.2,500,"bu","14:28:01",7825700
17.2,0.2,400,"bu","14:28:01",7825200
17.2,0.2,500,"bu","14:28:00",7824800
17.15,0.15,100,"sd","14:27:59",7824300
17.15,0.15,100,"sd","14:27:59",7824200
17.15,0.15,200,"sd","14:27:58",7824100
17.2,0.2,2700,"bu","14:27:58",7823900
17.15,0.15,1000,"unknown","14:27:54",7821200
17.15,0.15,400,"bu","14:27:50",7820200
17.15,0.15,1000,"bu","14:27:50",7819800
17.15,0.15,200,"bu","14:27:50",7818800
17.15,0.15,1000,"bu","14:27:50",7818600
17.15,0.15,300,"bu","14:27:50",7817600
17.2,0.2,6400,"bu","14:27:50",7817300
17.15,0.15,300,"bu","14:27:50",7810900
17.15,0.15,500,"bu","14:27:50",7810600
17.15,0.15,500,"bu","14:27:50",7810100
17.15,0.15,5000,"bu","14:27:50",7809600
17.2,0.2,3000,"bu","14:27:50",7804600
17.15,0.15,100,"bu","14:27:50",7801600
17.15,0.15,1200,"bu","14:27:50",7801500
17.15,0.15,100,"bu","14:27:50",7800300
17.15,0.15,2700,"bu","14:27:50",7800200
17.1,0.1,300,"sd","14:27:48",7797500
17.15,0.15,9000,"bu","14:27:47",7797200
17.15,0.15,500,"bu","14:27:47",7788200
17.15,0.15,700,"bu","14:27:47",7787700
17.15,0.15,3000,"bu","14:27:47",7787000
17.15,0.15,200,"bu","14:27:47",7784000
17.15,0.15,4000,"bu","14:27:47",7783800
17.15,0.15,3000,"bu","14:27:47",7779800
17.15,0.15,700,"bu","14:27:47",7776800
17.15,0.15,1700,"bu","14:27:47",7776100
17.15,0.15,1000,"bu","14:27:47",7774400
17.15,0.15,500,"bu","14:27:47",7773400
17.15,0.15,300,"bu","14:27:47",7772900
17.15,0.15,300,"bu","14:27:47",7772600
17.15,0.15,1000,"bu","14:27:47",7772300
17.15,0.15,4100,"bu","14:27:47",7771300
17.15,0.15,2700,"bu","14:27:46",7767200
17.1,0.1,600,"bu","14:27:45",7764500
17.1,0.1,2600,"bu","14:27:43",7763900
17.1,0.1,1800,"bu","14:27:42",7761300
17.1,0.1,600,"bu","14:27:42",7759500
17.1,0.1,300,"bu","14:27:42",7758900
17.1,0.1,400,"bu","14:27:42",7758600
17.1,0.1,2700,"bu","14:27:39",7758200
17.1,0.1,5000,"bu","14:27:39",7755500
17.1,0.1,300,"bu","14:27:36",7750500
17.1,0.1,1600,"bu","14:27:35",7750200
17.1,0.1,700,"bu","14:27:35",7748600
17.1,0.1,300,"bu","14:27:35",7747900
17.1,0.1,2700,"unknown","14:27:31",7747600
17.15,0.15,2600,"bu","14:27:27",7744900
17,0,300,"sd","14:27:26",7742300
17,0,1000,"sd","14:27:26",7742000
17,0,10000,"sd","14:27:26",7741000
17,0,500,"sd","14:27:26",7731000
17.1,0.1,9800,"sd","14:27:26",7730500
17.1,0.1,10000,"sd","14:27:26",7720700
17.1,0.1,2500,"sd","14:27:26",7710700
17.1,0.1,2000,"sd","14:27:26",7708200
17.1,0.1,900,"sd","14:27:26",7706200
17.15,0.15,2700,"bu","14:27:24",7705300
17.15,0.15,2600,"bu","14:27:20",7702600
17.15,0.15,2700,"bu","14:27:16",7700000
17.1,0.1,100,"sd","14:27:13",7697300
17.15,0.15,2600,"bu","14:27:12",7697200
17.1,0.1,500,"sd","14:27:11",7694600
17.1,0.1,100,"bu","14:27:08",7694100
17.1,0.1,800,"bu","14:27:08",7694000
17.1,0.1,300,"bu","14:27:08",7693200
17,0,3500,"sd","14:27:07",7692900
17,0,1500,"sd","14:27:07",7689400
17,0,1200,"bu","14:27:05",7687900
17,0,600,"bu","14:27:05",7686700
17,0,1000,"bu","14:27:03",7686100
17,0,2600,"bu","14:27:01",7685100
17,0,500,"sd","14:26:58",7682500
17,0,100,"sd","14:26:58",7682000
17.1,0.1,9700,"bu","14:26:57",7681900
17.2,0.2,2700,"bu","14:26:57",7672200
17.1,0.1,200,"sd","14:26:56",7669500
17.1,0.1,100,"unknown","14:26:55",7669300
17.2,0.2,7500,"bu","14:26:54",7669200
17.2,0.2,1000,"bu","14:26:54",7661700
17.2,0.2,7000,"bu","14:26:54",7660700
17.2,0.2,2000,"bu","14:26:54",7653700
17.2,0.2,1000,"bu","14:26:54",7651700
17.15,0.15,100,"bu","14:26:54",7650700
17.15,0.15,10000,"bu","14:26:54",7650600
17.15,0.15,6400,"bu","14:26:54",7640600
17.15,0.15,2600,"bu","14:26:53",7634200
17.15,0.15,1000,"bu","14:26:51",7631600
17.15,0.15,100,"bu","14:26:51",7630600
17.15,0.15,500,"bu","14:26:51",7630500
17.15,0.15,100,"bu","14:26:51",7630000
17.15,0.15,1000,"bu","14:26:51",7629900
17.1,0.1,20000,"bu","14:26:51",7628900
17.1,0.1,100,"bu","14:26:51",7608900
17.1,0.1,7100,"bu","14:26:51",7608800
17.15,0.15,100,"bu","14:26:51",7601700
17.1,0.1,1200,"bu","14:26:50",7601600
17.1,0.1,2600,"bu","14:26:49",7600400
17.1,0.1,100,"bu","14:26:49",7597800
16.65,-0.35,6900,"sd","14:26:47",7597700
17.1,0.1,100,"bu","14:26:47",7590800
16.65,-0.35,100,"sd","14:26:47",7590700
16.8,-0.2,100,"sd","14:26:47",7590600
16.8,-0.2,100,"sd","14:26:47",7590500
16.8,-0.2,900,"sd","14:26:47",7590400
16.8,-0.2,100,"sd","14:26:47",7589500
16.8,-0.2,200,"sd","14:26:47",7589400
16.8,-0.2,300,"sd","14:26:47",7589200
16.9,-0.1,100,"sd","14:26:47",7588900
16.8,-0.2,200,"sd","14:26:47",7588800
16.85,-0.15,500,"sd","14:26:47",7588600
16.9,-0.1,500,"sd","14:26:47",7588100
16.85,-0.15,3000,"sd","14:26:47",7587600
16.9,-0.1,200,"sd","14:26:47",7584600
16.9,-0.1,1000,"sd","14:26:47",7584400
16.95,-0.05,200,"sd","14:26:47",7583400
16.9,-0.1,3000,"sd","14:26:47",7583200
16.95,-0.05,100,"sd","14:26:47",7580200
16.9,-0.1,200,"sd","14:26:47",7580100
16.95,-0.05,800,"sd","14:26:47",7579900
16.95,-0.05,2000,"sd","14:26:47",7579100
17,0,1500,"sd","14:26:47",7577100
17,0,500,"sd","14:26:47",7575600
17,0,5000,"sd","14:26:47",7575100
17,0,12500,"sd","14:26:47",7570100
17.1,0.1,800,"bu","14:26:46",7557600
17.1,0.1,500,"bu","14:26:46",7556800
17.1,0.1,1300,"bu","14:26:46",7556300
17.1,0.1,500,"bu","14:26:43",7555000
17.1,0.1,1200,"bu","14:26:43",7554500
17.1,0.1,1500,"unknown","14:26:42",7553300
17,0,1000,"sd","14:26:38",7551800
17.15,0.15,100,"bu","14:26:38",7550800
17.15,0.15,600,"bu","14:26:38",7550700
17.15,0.15,500,"bu","14:26:38",7550100
17.15,0.15,1400,"bu","14:26:38",7549600
17,0,5900,"sd","14:26:37",7548200
17.05,0.05,100,"sd","14:26:37",7542300
17.1,0.1,2500,"sd","14:26:37",7542200
17.1,0.1,1500,"sd","14:26:37",7539700
17.1,0.1,500,"sd","14:26:35",7538200
17.1,0.1,500,"sd","14:26:35",7537700
17.15,0.15,2700,"bu","14:26:34",7537200
17.15,0.15,2600,"bu","14:26:30",7534500
17.1,0.1,200,"bu","14:26:27",7531900
17.1,0.1,4800,"bu","14:26:25",7531700
17.1,0.1,1000,"bu","14:26:25",7526900
17.1,0.1,14200,"bu","14:26:25",7525900
17.1,0.1,2700,"bu","14:26:23",7511700
17.1,0.1,900,"bu","14:26:20",7509000
17.05,0.05,100,"unknown","14:26:20",7508100
17.1,0.1,2600,"bu","14:26:19",7508000
17.1,0.1,5000,"bu","14:26:18",7505400
17.1,0.1,3000,"bu","14:26:16",7500400
17,0,1000,"sd","14:26:16",7497400
17,0,100,"sd","14:26:16",7496400
17,0,2000,"sd","14:26:16",7496300
17,0,29600,"sd","14:26:16",7494300
17,0,100,"sd","14:26:16",7464700
17,0,1000,"sd","14:26:16",7464600
17,0,1000,"sd","14:26:16",7463600
17,0,200,"sd","14:26:16",7462600
17.05,0.05,200,"sd","14:26:16",7462400
17,0,100,"sd","14:26:16",7462200
17,0,2000,"sd","14:26:16",7462100
17,0,200,"sd","14:26:16",7460100
17,0,2500,"sd","14:26:16",7459900
17.1,0.1,1000,"bu","14:26:16",7457400
17.1,0.1,2700,"bu","14:26:15",7456400
17.1,0.1,300,"sd","14:26:11",7453700
17.1,0.1,15000,"sd","14:26:11",7453400
17.1,0.1,12600,"sd","14:26:11",7438400
17.2,0.2,300,"bu","14:26:11",7425800
17.15,0.15,500,"sd","14:26:11",7425500
17.15,0.15,1800,"sd","14:26:11",7425000
17.15,0.15,200,"sd","14:26:10",7423200
17.2,0.2,100,"bu","14:26:09",7423000
17.15,0.15,500,"sd","14:26:08",7422900
17.2,0.2,600,"bu","14:26:08",7422400
17.2,0.2,400,"bu","14:26:08",7421800
17.2,0.2,100,"bu","14:26:08",7421400
17.2,0.2,100,"bu","14:26:08",7421300
17.2,0.2,1000,"bu","14:26:08",7421200
17.2,0.2,500,"bu","14:26:08",7420200
17.15,0.15,500,"sd","14:26:06",7419700
17.15,0.15,500,"sd","14:26:06",7419200
17.15,0.15,500,"sd","14:26:06",7418700
17.15,0.15,1000,"sd","14:26:04",7418200
17.2,0.2,2600,"bu","14:26:04",7417200
17.15,0.15,300,"sd","14:26:03",7414600
17.15,0.15,100,"sd","14:26:00",7414300
17.2,0.2,1900,"bu","14:26:00",7414200
17.2,0.2,800,"bu","14:26:00",7412300
17.15,0.15,100,"sd","14:25:58",7411500
17.15,0.15,1400,"sd","14:25:58",7411400
17.15,0.15,100,"sd","14:25:57",7410000
17.15,0.15,500,"sd","14:25:56",7409900
17.2,0.2,700,"bu","14:25:56",7409400
17.2,0.2,1900,"bu","14:25:56",7408700
17.15,0.15,400,"sd","14:25:53",7406800
17.2,0.2,2700,"bu","14:25:52",7406400
17.15,0.15,100,"sd","14:25:51",7403700
17.15,0.15,800,"sd","14:25:51",7403600
17.15,0.15,300,"sd","14:25:51",7402800
17.15,0.15,800,"sd","14:25:51",7402500
17.15,0.15,200,"sd","14:25:51",7401700
17.15,0.15,1500,"sd","14:25:50",7401500
17.15,0.15,500,"sd","14:25:50",7400000
17.15,0.15,1100,"sd","14:25:49",7399500
17.2,0.2,2600,"bu","14:25:49",7398400
17.15,0.15,200,"sd","14:25:48",7395800
17.15,0.15,1300,"sd","14:25:47",7395600
17.15,0.15,500,"sd","14:25:47",7394300
17.15,0.15,6400,"sd","14:25:45",7393800
17.15,0.15,400,"sd","14:25:45",7387400
17.2,0.2,2700,"bu","14:25:45",7387000
17.15,0.15,400,"sd","14:25:44",7384300
17.15,0.15,1000,"sd","14:25:44",7383900
17.15,0.15,900,"bu","14:25:40",7382900
17.15,0.15,10000,"bu","14:25:40",7382000
17.15,0.15,2500,"bu","14:25:37",7372000
17.15,0.15,2600,"unknown","14:25:37",7369500
17.2,0.2,100,"bu","14:25:34",7366900
17.2,0.2,300,"bu","14:25:34",7366800
17.2,0.2,2200,"bu","14:25:34",7366500
17.15,0.15,100,"bu","14:25:34",7364300
17.15,0.15,200,"sd","14:25:33",7364200
17.15,0.15,9700,"sd","14:25:33",7364000
17.15,0.15,300,"sd","14:25:31",7354300
17.15,0.15,200,"sd","14:25:31",7354000
17.15,0.15,2500,"sd","14:25:31",7353800
17.2,0.2,500,"bu","14:25:31",7351300
17.2,0.2,2600,"bu","14:25:30",7350800
17.2,0.2,2700,"bu","14:25:26",7348200
17.15,0.15,1000,"sd","14:25:23",7345500
17.2,0.2,2600,"bu","14:25:22",7344500
17.15,0.15,1000,"sd","14:25:20",7341900
17.15,0.15,900,"sd","14:25:20",7340900
17.15,0.15,100,"sd","14:25:20",7340000
17.2,0.2,400,"bu","14:25:18",7339900
17.2,0.2,2300,"bu","14:25:18",7339500
17.2,0.2,2600,"bu","14:25:15",7337200
17.15,0.15,200,"sd","14:25:13",7334600
17.2,0.2,2700,"bu","14:25:11",7334400
17.15,0.15,400,"sd","14:25:08",7331700
17.2,0.2,500,"bu","14:25:07",7331300
17.2,0.2,2600,"bu","14:25:07",7330800
17.2,0.2,2700,"bu","14:25:03",7328200
17.15,0.15,500,"sd","14:25:03",7325500
17.15,0.15,500,"sd","14:25:01",7325000
17.2,0.2,5100,"bu","14:25:00",7324500
17.2,0.2,500,"bu","14:25:00",7319400
17.2,0.2,500,"bu","14:25:00",7318900
17.2,0.2,1000,"bu","14:25:00",7318400
17.2,0.2,100,"bu","14:25:00",7317400
17.2,0.2,1500,"bu","14:24:59",7317300
17.2,0.2,1200,"bu","14:24:59",7315800
17.2,0.2,1800,"bu","14:24:56",7314600
17.2,0.2,500,"bu","14:24:56",7312800
17.2,0.2,300,"bu","14:24:56",7312300
17.2,0.2,100,"bu","14:24:54",7312000
17.2,0.2,400,"bu","14:24:54",7311900
17.2,0.2,200,"bu","14:24:54",7311500
17.2,0.2,1300,"bu","14:24:54",7311300
17.15,0.15,1000,"bu","14:24:52",7310000
17.1,0.1,2400,"sd","14:24:49",7309000
17.1,0.1,200,"sd","14:24:49",7306600
17.1,0.1,7000,"sd","14:24:49",7306400
17.1,0.1,400,"sd","14:24:49",7299400
17.2,0.2,2600,"bu","14:24:48",7299000
17.2,0.2,2700,"bu","14:24:44",7296400
17.2,0.2,2700,"bu","14:24:40",7293700
17.2,0.2,300,"bu","14:24:37",7291000
17.2,0.2,600,"bu","14:24:37",7290700
17.2,0.2,100,"bu","14:24:37",7290100
17.2,0.2,500,"bu","14:24:37",7290000
17.2,0.2,300,"bu","14:24:37",7289500
17.2,0.2,1000,"bu","14:24:37",7289200
17.2,0.2,300,"bu","14:24:33",7288200
17.2,0.2,500,"bu","14:24:33",7287900
17.2,0.2,200,"bu","14:24:33",7287400
17.2,0.2,800,"bu","14:24:33",7287200
17.2,0.2,700,"bu","14:24:33",7286400
17.2,0.2,400,"bu","14:24:31",7285700
17.15,0.15,100,"unknown","14:24:31",7285300
17.1,0.1,200,"sd","14:24:29",7285200
17.15,0.15,200,"sd","14:24:29",7285000
17.2,0.2,300,"bu","14:24:29",7284800
17.2,0.2,1500,"bu","14:24:29",7284500
17.2,0.2,800,"bu","14:24:29",7283000
17.2,0.2,500,"bu","14:24:26",7282200
17.2,0.2,2500,"bu","14:24:24",7281700
17.15,0.15,1000,"sd","14:24:23",7279200
17.15,0.15,1200,"sd","14:24:23",7278200
17.15,0.15,100,"bu","14:24:21",7277000
17.1,0.1,500,"sd","14:24:19",7276900
17.2,0.2,500,"bu","14:24:18",7276400
17.2,0.2,100,"bu","14:24:18",7275900
17.2,0.2,2000,"bu","14:24:18",7275800
17.2,0.2,1000,"bu","14:24:15",7273800
17.2,0.2,7700,"bu","14:24:15",7272800
17.2,0.2,500,"bu","14:24:15",7265100
17.2,0.2,10000,"bu","14:24:15",7264600
17.2,0.2,200,"bu","14:24:15",7254600
17.2,0.2,10000,"bu","14:24:15",7254400
17.15,0.15,1000,"bu","14:24:15",7244400
17.15,0.15,200,"bu","14:24:15",7243400
17.15,0.15,1000,"bu","14:24:15",7243200
17.15,0.15,100,"bu","14:24:15",7242200
17.15,0.15,300,"bu","14:24:15",7242100
17.15,0.15,8000,"bu","14:24:15",7241800
17.15,0.15,2000,"bu","14:24:14",7233800
17.15,0.15,300,"bu","14:24:14",7231800
17.15,0.15,200,"bu","14:24:14",7231500
17.1,0.1,500,"unknown","14:24:10",7231300
17.15,0.15,100,"bu","14:24:08",7230800
17.15,0.15,1000,"bu","14:24:08",7230700
17.15,0.15,2000,"bu","14:24:08",7229700
17.15,0.15,800,"bu","14:24:08",7227700
17.15,0.15,6100,"bu","14:24:08",7226900
17.15,0.15,2600,"bu","14:24:06",7220800
17.15,0.15,2500,"bu","14:24:02",7218200
17,0,100,"sd","14:23:59",7215700
17.15,0.15,2500,"bu","14:23:59",7215600
17.15,0.15,2600,"bu","14:23:55",7213100
17.15,0.15,2000,"bu","14:23:51",7210500
17.1,0.1,500,"sd","14:23:51",7208500
17.1,0.1,500,"sd","14:23:50",7208000
17.1,0.1,400,"sd","14:23:50",7207500
17.1,0.1,500,"bu","14:23:48",7207100
17.1,0.1,1000,"bu","14:23:47",7206600
17.1,0.1,100,"bu","14:23:47",7205600
17,0,400,"bu","14:23:43",7205500
17,0,1500,"bu","14:23:43",7205100
17,0,300,"bu","14:23:43",7203600
17,0,500,"bu","14:23:43",7203300
17,0,2500,"bu","14:23:41",7202800
17,0,1000,"bu","14:23:40",7200300
17,0,2500,"bu","14:23:40",7199300
17,0,500,"bu","14:23:39",7196800
17,0,500,"bu","14:23:39",7196300
17,0,2500,"bu","14:23:36",7195800
17,0,10000,"bu","14:23:34",7193300
17,0,2600,"bu","14:23:32",7183300
17,0,100,"bu","14:23:30",7180700
17,0,100,"bu","14:23:29",7180600
17,0,1000,"bu","14:23:28",7180500
17,0,200,"bu","14:23:28",7179500
17,0,2500,"bu","14:23:28",7179300
17,0,200,"sd","14:23:26",7176800
17,0,2500,"sd","14:23:26",7176600
17,0,2000,"sd","14:23:26",7174100
17,0,200,"sd","14:23:26",7172100
17,0,1000,"sd","14:23:26",7171900
17,0,1500,"sd","14:23:26",7170900
17,0,2000,"sd","14:23:26",7169400
17,0,200,"sd","14:23:26",7167400
17,0,1000,"sd","14:23:26",7167200
17,0,500,"sd","14:23:26",7166200
17.1,0.1,1400,"sd","14:23:26",7165700
17.1,0.1,200,"bu","14:23:25",7164300
17.1,0.1,400,"bu","14:23:25",7164100
17.1,0.1,1000,"bu","14:23:25",7163700
17.1,0.1,2500,"bu","14:23:25",7162700
17.1,0.1,700,"bu","14:23:24",7160200
17.1,0.1,2600,"bu","14:23:21",7159500
17.1,0.1,100,"sd","14:23:20",7156900
17.1,0.1,2000,"sd","14:23:20",7156800
17.1,0.1,700,"sd","14:23:20",7154800
17.15,0.15,2500,"bu","14:23:17",7154100
17.1,0.1,100,"sd","14:23:14",7151600
17.15,0.15,2500,"bu","14:23:13",7151500
17.15,0.15,2600,"bu","14:23:09",7149000
17.1,0.1,1000,"sd","14:23:06",7146400
17.15,0.15,2500,"bu","14:23:06",7145400
17.15,0.15,300,"bu","14:23:05",7142900
17.15,0.15,2500,"bu","14:23:02",7142600
17.15,0.15,2600,"bu","14:22:58",7140100
17.15,0.15,2000,"sd","14:22:57",7137500
17.15,0.15,200,"sd","14:22:57",7135500
17.15,0.15,100,"sd","14:22:57",7135300
17.15,0.15,1000,"sd","14:22:57",7135200
17.15,0.15,2300,"sd","14:22:57",7134200
17.2,0.2,500,"sd","14:22:57",7131900
17.25,0.25,2500,"bu","14:22:54",7131400
17.2,0.2,500,"bu","14:22:53",7128900
17.25,0.25,2500,"bu","14:22:50",7128400
17.15,0.15,200,"bu","14:22:49",7125900
17.15,0.15,2600,"bu","14:22:47",7125700
17.15,0.15,100,"sd","14:22:46",7123100
17.15,0.15,200,"sd","14:22:46",7123000
17.15,0.15,100,"sd","14:22:46",7122800
17.2,0.2,1800,"sd","14:22:46",7122700
17.2,0.2,5000,"sd","14:22:45",7120900
17.2,0.2,500,"sd","14:22:44",7115900
17.25,0.25,400,"bu","14:22:43",7115400
17.25,0.25,2400,"bu","14:22:43",7115000
17.25,0.25,100,"bu","14:22:43",7112600
17.2,0.2,500,"sd","14:22:40",7112500
17.2,0.2,2000,"bu","14:22:39",7112000
17.2,0.2,500,"bu","14:22:39",7110000
17.2,0.2,100,"bu","14:22:39",7109500
17.2,0.2,1000,"bu","14:22:39",7109400
17.2,0.2,100,"bu","14:22:39",7108400
17.2,0.2,500,"bu","14:22:39",7108300
17.2,0.2,100,"bu","14:22:39",7107800
17.2,0.2,300,"bu","14:22:39",7107700
17.2,0.2,400,"bu","14:22:39",7107400
17.2,0.2,200,"bu","14:22:39",7107000
17.2,0.2,29700,"bu","14:22:39",7106800
17.2,0.2,1300,"bu","14:22:39",7077100
17.2,0.2,100,"bu","14:22:39",7075800
17.2,0.2,300,"bu","14:22:39",7075700
17.2,0.2,2000,"bu","14:22:39",7075400
17.2,0.2,400,"bu","14:22:39",7073400
17.2,0.2,1000,"bu","14:22:39",7073000
17.2,0.2,300,"bu","14:22:39",7072000
17.2,0.2,500,"bu","14:22:39",7071700
17.2,0.2,300,"bu","14:22:39",7071200
17.2,0.2,100,"bu","14:22:39",7070900
17.2,0.2,1000,"bu","14:22:39",7070800
17.2,0.2,2500,"bu","14:22:38",7069800
17.2,0.2,200,"bu","14:22:36",7067300
17.2,0.2,2600,"bu","14:22:35",7067100
17.15,0.15,100,"sd","14:22:32",7064500
17.2,0.2,2500,"bu","14:22:31",7064400
17.15,0.15,400,"bu","14:22:28",7061900
17.15,0.15,100,"bu","14:22:28",7061500
17.15,0.15,200,"bu","14:22:28",7061400
17.15,0.15,300,"bu","14:22:28",7061200
17.15,0.15,1400,"bu","14:22:28",7060900
17.15,0.15,2600,"bu","14:22:24",7059500
17.15,0.15,1000,"bu","14:22:20",7056900
17.15,0.15,1000,"bu","14:22:20",7055900
17.15,0.15,500,"bu","14:22:20",7054900
17.1,0.1,100,"sd","14:22:19",7054400
17.1,0.1,600,"sd","14:22:18",7054300
17.1,0.1,400,"sd","14:22:18",7053700
17.1,0.1,1000,"bu","14:22:16",7053300
17.1,0.1,500,"bu","14:22:16",7052300
17.1,0.1,500,"bu","14:22:16",7051800
17.1,0.1,100,"bu","14:22:16",7051300
17,0,200,"bu","14:22:15",7051200
17,0,300,"bu","14:22:15",7051000
17,0,19300,"bu","14:22:15",7050700
17,0,2000,"bu","14:22:15",7031400
17,0,2500,"bu","14:22:15",7029400
17,0,600,"bu","14:22:14",7026900
17,0,2600,"bu","14:22:12",7026300
16.95,-0.05,500,"sd","14:22:11",7023700
17,0,2500,"bu","14:22:09",7023200
17,0,2500,"bu","14:22:07",7020700
17,0,2500,"bu","14:22:05",7018200
17,0,2600,"bu","14:22:01",7015700
17,0,2500,"bu","14:21:57",7013100
17,0,2000,"bu","14:21:56",7010600
17,0,1000,"bu","14:21:55",7008600
17,0,1000,"bu","14:21:54",7007600
16.95,-0.05,200,"bu","14:21:53",7006600
17,0,2600,"bu","14:21:50",7006400
17,0,500,"bu","14:21:49",7003800
17,0,2500,"bu","14:21:46",7003300
17,0,1500,"bu","14:21:43",7000800
17,0,100,"bu","14:21:42",6999300
16.9,-0.1,200,"bu","14:21:42",6999200
17,0,2600,"bu","14:21:38",6999000
17,0,2500,"bu","14:21:34",6996400
17,0,2500,"bu","14:21:31",6993900
17.1,0.1,300,"sd","14:21:29",6991400
17.1,0.1,100,"sd","14:21:29",6991100
17.1,0.1,300,"sd","14:21:29",6991000
17.15,0.15,400,"sd","14:21:29",6990700
17,0,500,"sd","14:21:29",6990300
17,0,1000,"sd","14:21:29",6989800
17,0,1000,"sd","14:21:29",6988800
17,0,1000,"sd","14:21:29",6987800
17,0,200,"sd","14:21:29",6986800
17,0,6000,"sd","14:21:29",6986600
17.05,0.05,300,"sd","14:21:29",6980600
17.05,0.05,1000,"sd","14:21:29",6980300
17.1,0.1,1000,"sd","14:21:29",6979300
17.15,0.15,500,"sd","14:21:27",6978300
17.15,0.15,100,"bu","14:21:27",6977800
17.15,0.15,1600,"bu","14:21:27",6977700
17.15,0.15,1400,"bu","14:21:23",6976100
17.15,0.15,1300,"bu","14:21:23",6974700
17.15,0.15,7300,"bu","14:21:23",6973400
17.15,0.15,2500,"bu","14:21:23",6966100
17.15,0.15,200,"bu","14:21:19",6963600
17.15,0.15,1000,"bu","14:21:19",6963400
17.15,0.15,1300,"bu","14:21:19",6962400
17.15,0.15,2500,"bu","14:21:17",6961100
17.15,0.15,2600,"bu","14:21:16",6958600
17.15,0.15,2000,"bu","14:21:16",6956000
17.15,0.15,300,"sd","14:21:12",6954000
17.15,0.15,100,"sd","14:21:12",6953700
17.15,0.15,1000,"sd","14:21:12",6953600
17.15,0.15,200,"sd","14:21:12",6952600
17.2,0.2,2500,"bu","14:21:12",6952400
17.2,0.2,2500,"bu","14:21:08",6949900
17.2,0.2,2600,"bu","14:21:04",6947400
17.15,0.15,500,"sd","14:21:01",6944800
17.2,0.2,2600,"bu","14:21:00",6944300
17.2,0.2,1300,"bu","14:20:57",6941700
17.2,0.2,200,"bu","14:20:57",6940400
17.2,0.2,100,"bu","14:20:57",6940200
17.2,0.2,500,"bu","14:20:57",6940100
17.2,0.2,400,"bu","14:20:57",6939600
17.2,0.2,100,"bu","14:20:56",6939200
17.2,0.2,300,"bu","14:20:56",6939100
17.2,0.2,1000,"bu","14:20:55",6938800
17.15,0.15,100,"sd","14:20:53",6937800
17.2,0.2,2500,"bu","14:20:53",6937700
17.2,0.2,2500,"bu","14:20:50",6935200
17.2,0.2,2500,"bu","14:20:49",6932700
17.15,0.15,200,"sd","14:20:46",6930200
17.2,0.2,2500,"bu","14:20:45",6930000
17.2,0.2,500,"bu","14:20:44",6927500
17.2,0.2,100,"bu","14:20:43",6927000
17.2,0.2,2500,"bu","14:20:41",6926900
17.2,0.2,200,"bu","14:20:40",6924400
17.2,0.2,2500,"bu","14:20:38",6924200
17.15,0.15,2200,"sd","14:20:36",6921700
17.15,0.15,1500,"sd","14:20:36",6919500
17.2,0.2,500,"bu","14:20:35",6918000
17.15,0.15,1000,"bu","14:20:34",6917500
17.2,0.2,2400,"bu","14:20:32",6916500
17.2,0.2,1000,"bu","14:20:32",6914100
17.2,0.2,1600,"bu","14:20:32",6913100
17.15,0.15,10000,"bu","14:20:32",6911500
17.2,0.2,200,"bu","14:20:31",6901500
17.2,0.2,500,"bu","14:20:30",6901300
17.2,0.2,600,"bu","14:20:30",6900800
17.2,0.2,1100,"bu","14:20:30",6900200
17.2,0.2,200,"bu","14:20:30",6899100
17.2,0.2,100,"bu","14:20:30",6898900
17.2,0.2,600,"bu","14:20:29",6898800
17.2,0.2,200,"bu","14:20:29",6898200
17.2,0.2,900,"bu","14:20:29",6898000
17.2,0.2,300,"bu","14:20:29",6897100
17.2,0.2,100,"bu","14:20:29",6896800
17.2,0.2,5000,"bu","14:20:29",6896700
17.2,0.2,100,"bu","14:20:29",6891700
17.2,0.2,4900,"bu","14:20:29",6891600
17.15,0.15,6500,"bu","14:20:29",6886700
17.15,0.15,500,"sd","14:20:28",6880200
17.2,0.2,100,"bu","14:20:28",6879700
17.2,0.2,200,"bu","14:20:28",6879600
17.2,0.2,200,"bu","14:20:28",6879400
17.15,0.15,2000,"bu","14:20:26",6879200
17.15,0.15,3000,"bu","14:20:23",6877200
17.2,0.2,2200,"bu","14:20:22",6874200
17.2,0.2,300,"bu","14:20:22",6872000
17.1,0.1,500,"sd","14:20:20",6871700
17.2,0.2,2500,"bu","14:20:19",6871200
17.2,0.2,300,"bu","14:20:18",6868700
17.2,0.2,200,"bu","14:20:18",6868400
17.2,0.2,200,"bu","14:20:17",6868200
17.2,0.2,100,"bu","14:20:17",6868000
17.2,0.2,200,"bu","14:20:17",6867900
17.2,0.2,800,"bu","14:20:15",6867700
17.2,0.2,1000,"bu","14:20:15",6866900
17.2,0.2,200,"bu","14:20:15",6865900
17.2,0.2,500,"bu","14:20:15",6865700
17.2,0.2,500,"bu","14:20:11",6865200
17.2,0.2,200,"bu","14:20:11",6864700
17.2,0.2,100,"bu","14:20:11",6864500
17.2,0.2,100,"bu","14:20:11",6864400
17.2,0.2,200,"bu","14:20:11",6864300
17.2,0.2,300,"bu","14:20:11",6864100
17.2,0.2,200,"bu","14:20:11",6863800
17.2,0.2,200,"bu","14:20:11",6863600
17.2,0.2,700,"bu","14:20:11",6863400
17.15,0.15,500,"bu","14:20:07",6862700
17.15,0.15,100,"bu","14:20:07",6862200
17.15,0.15,1900,"bu","14:20:07",6862100
17.15,0.15,2500,"bu","14:20:06",6860200
17.15,0.15,400,"bu","14:20:04",6857700
17.15,0.15,2500,"bu","14:20:03",6857300
17.15,0.15,2500,"bu","14:20:00",6854800
17.15,0.15,1000,"bu","14:19:56",6852300
17.15,0.15,1100,"sd","14:19:56",6851300
17.15,0.15,16000,"sd","14:19:56",6850200
17.15,0.15,1500,"sd","14:19:56",6834200
17.15,0.15,600,"sd","14:19:56",6832700
17.2,0.2,100,"bu","14:19:56",6832100
17.2,0.2,300,"bu","14:19:56",6832000
17.2,0.2,100,"bu","14:19:56",6831700
17.2,0.2,2000,"bu","14:19:56",6831600
17.2,0.2,700,"bu","14:19:55",6829600
17.15,0.15,100,"sd","14:19:52",6828900
17.2,0.2,1000,"bu","14:19:52",6828800
17.2,0.2,200,"bu","14:19:52",6827800
17.2,0.2,100,"bu","14:19:52",6827600
17.2,0.2,100,"bu","14:19:52",6827500
17.2,0.2,100,"bu","14:19:52",6827400
17.2,0.2,1000,"bu","14:19:52",6827300
17.2,0.2,2500,"bu","14:19:48",6826300
17.15,0.15,300,"bu","14:19:46",6823800
17.1,0.1,100,"sd","14:19:45",6823500
17.15,0.15,2000,"bu","14:19:44",6823400
17.15,0.15,2500,"bu","14:19:44",6821400
17.15,0.15,200,"bu","14:19:43",6818900
17.15,0.15,2800,"bu","14:19:43",6818700
17.15,0.15,100,"bu","14:19:41",6813500
17.15,0.15,2200,"bu","14:19:41",6815900
17.15,0.15,100,"bu","14:19:41",6813700
17.15,0.15,100,"bu","14:19:41",6813600
17.1,0.1,1100,"bu","14:19:37",6813400
17.1,0.1,600,"bu","14:19:36",6812300
17.1,0.1,1000,"bu","14:19:36",6811700
17.1,0.1,100,"bu","14:19:36",6810700
17.1,0.1,1000,"bu","14:19:36",6810600
17.1,0.1,1000,"bu","14:19:36",6809600
17.1,0.1,100,"bu","14:19:36",6808600
17.1,0.1,200,"bu","14:19:36",6808500
17.1,0.1,100,"bu","14:19:36",6808300
17.1,0.1,900,"bu","14:19:36",6808200
17.1,0.1,1100,"bu","14:19:34",6807300
17.1,0.1,200,"bu","14:19:34",6806200
17.1,0.1,8700,"bu","14:19:34",6806000
17.1,0.1,1300,"bu","14:19:33",6797300
17.1,0.1,100,"bu","14:19:33",6796000
17.1,0.1,200,"bu","14:19:33",6795900
17.1,0.1,100,"bu","14:19:33",6795700
17.1,0.1,800,"bu","14:19:33",6795600
17.05,0.05,100,"sd","14:19:31",6794800
17.1,0.1,300,"bu","14:19:29",6792500
17.1,0.1,2200,"bu","14:19:29",6794700
17.05,0.05,1000,"sd","14:19:28",6792200
17.05,0.05,1000,"bu","14:19:25",6791200
17.05,0.05,100,"bu","14:19:25",6790200
17.05,0.05,700,"bu","14:19:22",6790100
17.05,0.05,1500,"bu","14:19:22",6789100
17.05,0.05,300,"bu","14:19:22",6789400
17,0,600,"sd","14:19:20",6787600
17,0,1000,"bu","14:19:19",6787000
17,0,100,"bu","14:19:19",6786000
17,0,400,"bu","14:19:18",6785900
17,0,600,"bu","14:19:18",6785500
17,0,400,"bu","14:19:18",6784900
17,0,2100,"bu","14:19:18",6784500
17,0,900,"bu","14:19:17",6782400
17,0,3000,"bu","14:19:17",6781500
17,0,1100,"bu","14:19:17",6778500
17,0,1000,"bu","14:19:15",6777400
17,0,200,"bu","14:19:14",6776400
17,0,100,"bu","14:19:14",6776200
17,0,1300,"bu","14:19:14",6776100
17,0,900,"bu","14:19:14",6774800
17,0,700,"bu","14:19:13",6773900
17,0,300,"bu","14:19:13",6773200
17,0,500,"bu","14:19:13",6772900
17,0,100,"bu","14:19:12",6772400
17,0,4100,"bu","14:19:11",6772300
17,0,900,"bu","14:19:11",6768200
17,0,2500,"bu","14:19:10",6767300
17,0,1000,"bu","14:19:10",6764800
17,0,600,"bu","14:19:09",6763800
17,0,100,"bu","14:19:09",6763200
17,0,300,"bu","14:19:09",6763100
17,0,200,"bu","14:19:07",6762800
17,0,1000,"bu","14:19:07",6762600
17,0,5000,"bu","14:19:07",6761600
17,0,1000,"bu","14:19:07",6756600
17,0,200,"bu","14:19:07",6755600
17,0,100,"bu","14:19:07",6755400
17,0,1000,"bu","14:19:07",6755300
17,0,1000,"bu","14:19:07",6754300
17,0,100,"bu","14:19:07",6753300
17,0,200,"bu","14:19:07",6753200
17,0,100,"bu","14:19:07",6753000
17,0,500,"bu","14:19:07",6752900
17,0,6500,"bu","14:19:07",6752400
17,0,300,"bu","14:19:07",6745900
17,0,500,"bu","14:19:07",6745600
17,0,2300,"bu","14:19:07",6745100
17,0,2500,"bu","14:19:07",6742800
17,0,200,"bu","14:19:05",6740300
17,0,300,"bu","14:19:05",6740100
17,0,200,"bu","14:19:05",6739800
17,0,700,"bu","14:19:03",6739600
17,0,200,"bu","14:19:03",6738900
17,0,900,"bu","14:19:03",6738700
17,0,500,"bu","14:19:03",6737800
17,0,200,"bu","14:19:03",6737300
17,0,1000,"bu","14:19:02",6737100
17,0,3000,"bu","14:19:00",6736100
17,0,100,"bu","14:18:59",6733100
17,0,800,"bu","14:18:59",6733000
17,0,100,"bu","14:18:59",6732200
17,0,300,"bu","14:18:59",6732100
17,0,500,"bu","14:18:59",6731800
17,0,600,"bu","14:18:59",6731300
17,0,100,"bu","14:18:59",6730700
17,0,1000,"bu","14:18:59",6730600
17,0,500,"bu","14:18:56",6729600
17,0,400,"bu","14:18:55",6729100
17,0,300,"bu","14:18:55",6728700
17,0,1800,"bu","14:18:55",6728400
17,0,100,"bu","14:18:53",6726600
17,0,100,"bu","14:18:51",6726500
17,0,500,"bu","14:18:51",6726400
17,0,200,"bu","14:18:51",6725900
17,0,200,"bu","14:18:51",6725700
17,0,200,"bu","14:18:51",6725500
17,0,100,"bu","14:18:51",6725300
17,0,100,"bu","14:18:51",6725200
17,0,100,"bu","14:18:51",6725100
17,0,1000,"bu","14:18:51",6725000
17,0,200,"bu","14:18:50",6724000
17,0,500,"bu","14:18:50",6723800
17,0,100,"bu","14:18:50",6723300
17,0,100,"bu","14:18:50",6723200
17,0,500,"bu","14:18:48",6723100
17,0,400,"bu","14:18:48",6722600
17,0,100,"bu","14:18:48",6722200
17,0,1000,"bu","14:18:48",6722100
17,0,1000,"bu","14:18:48",6721100
17,0,1000,"bu","14:18:44",6720100
17,0,1500,"bu","14:18:44",6719100
17,0,500,"bu","14:18:40",6717600
17,0,100,"bu","14:18:40",6717100
17,0,1500,"bu","14:18:40",6717000
17,0,400,"bu","14:18:40",6715500
17,0,100,"bu","14:18:38",6715100
17,0,100,"bu","14:18:38",6715000
17,0,500,"bu","14:18:38",6714900
17,0,200,"bu","14:18:38",6714400
17,0,100,"bu","14:18:38",6714200
17,0,300,"bu","14:18:38",6714100
17,0,500,"bu","14:18:38",6713800
17,0,200,"bu","14:18:38",6713300
17,0,1000,"bu","14:18:36",6713100
17,0,200,"bu","14:18:36",6712100
17,0,100,"bu","14:18:36",6711900
17,0,100,"bu","14:18:36",6710700
17,0,600,"bu","14:18:36",6711800
17,0,100,"bu","14:18:36",6711200
17,0,400,"bu","14:18:36",6711100
16.95,-0.05,500,"bu","14:18:34",6710600
16.95,-0.05,2000,"bu","14:18:34",6710100
16.95,-0.05,5900,"bu","14:18:34",6708100
16.95,-0.05,2500,"bu","14:18:32",6702200
16.95,-0.05,2500,"bu","14:18:32",6699700
16.95,-0.05,600,"bu","14:18:30",6697200
16.9,-0.1,4900,"sd","14:18:30",6696600
16.9,-0.1,5100,"sd","14:18:30",6691700
16.95,-0.05,2500,"bu","14:18:29",6686600
16.95,-0.05,2500,"bu","14:18:28",6684100
16.95,-0.05,2500,"bu","14:18:25",6681600
16.95,-0.05,2500,"bu","14:18:21",6679100
16.95,-0.05,2500,"bu","14:18:21",6676600
16.9,-0.1,4900,"bu","14:18:19",6674100
16.9,-0.1,100,"bu","14:18:19",6669200
16.9,-0.1,2500,"bu","14:18:17",6669100
16.9,-0.1,2400,"sd","14:18:13",6666600
16.9,-0.1,600,"sd","14:18:13",6664200
16.9,-0.1,600,"sd","14:18:13",6663600
16.9,-0.1,18900,"sd","14:18:13",6663000
16.95,-0.05,2500,"bu","14:18:13",6644100
16.95,-0.05,20000,"bu","14:18:11",6641600
16.95,-0.05,2500,"bu","14:18:10",6621600
16.95,-0.05,100,"bu","14:18:09",6619100
16.95,-0.05,100,"bu","14:18:09",6619000
16.95,-0.05,100,"bu","14:18:09",6618900
16.95,-0.05,200,"bu","14:18:06",6618800
16.95,-0.05,300,"bu","14:18:06",6618600
16.95,-0.05,2000,"bu","14:18:06",6618300
16.95,-0.05,4700,"bu","14:18:05",6616300
16.9,-0.1,1100,"bu","14:18:02",6611600
16.9,-0.1,1900,"bu","14:18:02",6610500
16.9,-0.1,600,"bu","14:18:02",6608600
16.9,-0.1,2500,"bu","14:18:00",6608000
16.85,-0.15,2000,"sd","14:17:59",6605500
16.9,-0.1,300,"bu","14:17:58",6603500
16.9,-0.1,2500,"bu","14:17:58",6603200
16.9,-0.1,2500,"bu","14:17:54",6600700
16.9,-0.1,1600,"bu","14:17:51",6598200
16.9,-0.1,200,"bu","14:17:51",6596600
16.9,-0.1,3200,"bu","14:17:51",6596400
16.9,-0.1,1800,"bu","14:17:51",6593200
16.9,-0.1,200,"bu","14:17:51",6591400
16.9,-0.1,500,"bu","14:17:51",6591200
16.9,-0.1,1500,"bu","14:17:47",6590700
16.9,-0.1,1000,"bu","14:17:47",6589200
16.85,-0.15,100,"bu","14:17:43",6588200
16.85,-0.15,2500,"bu","14:17:39",6588100
16.8,-0.2,100,"sd","14:17:37",6585600
16.85,-0.15,2500,"bu","14:17:35",6585500
16.85,-0.15,3200,"bu","14:17:31",6583000
16.85,-0.15,1300,"bu","14:17:31",6579800
16.85,-0.15,100,"bu","14:17:31",6578500
16.85,-0.15,1000,"bu","14:17:31",6578400
16.85,-0.15,2200,"bu","14:17:31",6577400
16.8,-0.2,2200,"bu","14:17:31",6575200
16.8,-0.2,200,"sd","14:17:29",6573000
16.8,-0.2,1000,"sd","14:17:29",6572800
16.8,-0.2,9700,"sd","14:17:29",6571800
16.8,-0.2,2500,"sd","14:17:29",6562100
16.8,-0.2,4400,"sd","14:17:29",6559600
16.85,-0.15,2500,"bu","14:17:28",6555200
16.85,-0.15,700,"bu","14:17:24",6552700
16.85,-0.15,2500,"bu","14:17:24",6552000
16.85,-0.15,400,"bu","14:17:22",6549500
16.8,-0.2,400,"sd","14:17:22",6549100
16.85,-0.15,1700,"bu","14:17:20",6548700
16.85,-0.15,800,"bu","14:17:20",6547000
16.85,-0.15,2500,"bu","14:17:16",6546200
16.85,-0.15,2500,"bu","14:17:13",6543700
16.8,-0.2,5000,"bu","14:17:09",6541200
16.8,-0.2,200,"bu","14:17:09",6536200
16.8,-0.2,300,"bu","14:17:07",6536000
16.8,-0.2,300,"bu","14:17:07",6535700
16.8,-0.2,1700,"bu","14:17:05",6535400
16.8,-0.2,500,"bu","14:17:05",6533700
16.8,-0.2,100,"bu","14:17:05",6533200
16.8,-0.2,200,"bu","14:17:05",6533100
16.8,-0.2,300,"bu","14:17:04",6532900
16.8,-0.2,1400,"bu","14:17:04",6532600
16.8,-0.2,1000,"bu","14:17:01",6531200
16.8,-0.2,2500,"bu","14:17:01",6530200
16.8,-0.2,2500,"bu","14:16:58",6527700
16.8,-0.2,2500,"bu","14:16:54",6525200
16.8,-0.2,6700,"bu","14:16:52",6522700
16.8,-0.2,10000,"bu","14:16:52",6516000
16.8,-0.2,3300,"bu","14:16:52",6506000
16.8,-0.2,200,"bu","14:16:50",6502700
16.8,-0.2,400,"bu","14:16:50",6502500
16.8,-0.2,400,"bu","14:16:50",6502100
16.8,-0.2,2500,"bu","14:16:50",6501700
16.75,-0.25,200,"sd","14:16:49",6499200
16.8,-0.2,2100,"bu","14:16:46",6499000
16.8,-0.2,100,"bu","14:16:46",6496900
16.8,-0.2,300,"bu","14:16:46",6496800
16.8,-0.2,2500,"bu","14:16:42",6496500
16.8,-0.2,100,"bu","14:16:40",6494000
16.8,-0.2,300,"bu","14:16:39",6493900
16.8,-0.2,2500,"bu","14:16:39",6493600
16.75,-0.25,1000,"sd","14:16:37",6491100
16.8,-0.2,2500,"bu","14:16:35",6490100
16.8,-0.2,2500,"bu","14:16:31",6487600
16.8,-0.2,2500,"bu","14:16:30",6485100
16.8,-0.2,1800,"bu","14:16:27",6482600
16.8,-0.2,100,"bu","14:16:27",6480800
16.8,-0.2,100,"bu","14:16:27",6480700
16.8,-0.2,500,"bu","14:16:26",6480600
16.8,-0.2,500,"bu","14:16:25",6480100
16.8,-0.2,100,"bu","14:16:25",6479600
16.8,-0.2,400,"bu","14:16:25",6479500
16.8,-0.2,2500,"bu","14:16:24",6479100
16.8,-0.2,2500,"bu","14:16:23",6476600
16.8,-0.2,2500,"bu","14:16:20",6474100
16.75,-0.25,1000,"bu","14:16:16",6471600
16.75,-0.25,500,"bu","14:16:14",6470600
16.75,-0.25,2500,"bu","14:16:12",6470100
16.8,-0.2,1000,"bu","14:15:56",6467600
16.8,-0.2,1300,"bu","14:15:56",6466600
16.8,-0.2,200,"bu","14:15:56",6465300
16.8,-0.2,400,"bu","14:15:56",6465100
16.8,-0.2,100,"bu","14:15:56",6464700
16.75,-0.25,200,"bu","14:15:56",6464600
16.8,-0.2,1000,"bu","14:15:56",6464400
16.75,-0.25,1000,"bu","14:15:56",6463400
16.8,-0.2,3300,"bu","14:15:56",6462400
16.75,-0.25,300,"bu","14:15:56",6459100
16.75,-0.25,3100,"bu","14:15:56",6458800
16.75,-0.25,400,"bu","14:15:56",6455700
16.75,-0.25,400,"bu","14:15:56",6455300
16.7,-0.3,7300,"bu","14:15:56",6454900
16.7,-0.3,200,"sd","14:15:55",6447600
16.7,-0.3,2100,"sd","14:15:55",6447400
16.7,-0.3,300,"sd","14:15:55",6445300
16.7,-0.3,100,"sd","14:15:55",6445000
16.75,-0.25,100,"bu","14:15:52",6444900
16.75,-0.25,100,"bu","14:15:35",6444800
16.75,-0.25,500,"bu","14:15:35",6444700
16.7,-0.3,100,"sd","14:15:21",6444200
16.75,-0.25,500,"bu","14:15:06",6444100
16.75,-0.25,600,"sd","14:14:39",6443600
16.75,-0.25,8400,"sd","14:14:39",6443000
16.75,-0.25,400,"sd","14:14:35",6434600
16.75,-0.25,3000,"sd","14:14:32",6434200
16.75,-0.25,2000,"sd","14:14:27",6431200
16.75,-0.25,5000,"bu","14:14:26",6429200
16.75,-0.25,200,"bu","14:14:26",6424200
16.75,-0.25,1000,"bu","14:14:26",6424000
16.75,-0.25,9000,"bu","14:14:24",6423000
16.75,-0.25,1000,"bu","14:14:24",6414000
16.75,-0.25,3000,"bu","14:14:24",6413000
16.75,-0.25,300,"bu","14:14:24",6410000
16.75,-0.25,2300,"bu","14:14:24",6409700
16.75,-0.25,4400,"bu","14:14:24",6407400
16.75,-0.25,300,"bu","14:14:16",6403000
16.75,-0.25,300,"bu","14:14:15",6402700
16.75,-0.25,1000,"bu","14:14:15",6402400
16.75,-0.25,400,"bu","14:13:54",6401400
16.65,-0.35,300,"sd","14:13:23",6401000
16.65,-0.35,100,"sd","14:13:23",6400700
16.65,-0.35,100,"sd","14:13:16",6400600
16.75,-0.25,100,"unknown","14:12:59",6400500
16.8,-0.2,2800,"bu","14:12:27",6400400
16.75,-0.25,2500,"bu","14:12:27",6397600
16.7,-0.3,1000,"bu","14:12:27",6395100
16.7,-0.3,1800,"bu","14:12:27",6394100
16.7,-0.3,1300,"bu","14:12:27",6392300
16.7,-0.3,600,"bu","14:12:27",6391000
16.7,-0.3,400,"bu","14:12:10",6390400
16.6,-0.4,100,"bu","14:12:05",6390000
16.6,-0.4,300,"bu","14:12:05",6389900
16.6,-0.4,2000,"bu","14:12:05",6389600
16.6,-0.4,300,"bu","14:12:05",6387600
16.6,-0.4,500,"bu","14:12:05",6387300
16.6,-0.4,2000,"bu","14:12:05",6386800
16.6,-0.4,1000,"bu","14:12:05",6384800
16.6,-0.4,3000,"bu","14:12:05",6383800
16.6,-0.4,5000,"bu","14:12:05",6380800
16.6,-0.4,2400,"bu","14:12:05",6375800
16.6,-0.4,6000,"bu","14:12:05",6373400
16.6,-0.4,5300,"bu","14:12:05",6367400
16.6,-0.4,6600,"bu","14:12:05",6362100
16.55,-0.45,100,"sd","14:12:05",6355500
16.55,-0.45,300,"sd","14:12:02",6355400
16.55,-0.45,3000,"sd","14:11:52",6355100
16.55,-0.45,1000,"sd","14:11:47",6352100
16.55,-0.45,2600,"sd","14:11:36",6351100
16.55,-0.45,1400,"sd","14:11:36",6348500
16.6,-0.4,2000,"bu","14:11:01",6347100
16.6,-0.4,500,"bu","14:10:55",6345100
16.6,-0.4,500,"bu","14:10:45",6344600
16.6,-0.4,400,"bu","14:10:21",6344100
16.6,-0.4,100,"bu","14:10:21",6343700
16.6,-0.4,100,"bu","14:10:08",6343600
16.6,-0.4,900,"bu","14:10:08",6343500
16.55,-0.45,3600,"sd","14:10:07",6342600
16.55,-0.45,5000,"sd","14:10:07",6339000
16.55,-0.45,100,"sd","14:10:07",6334000
16.55,-0.45,1300,"sd","14:10:07",6333900
16.6,-0.4,500,"bu","14:10:07",6332600
16.6,-0.4,100,"bu","14:10:06",6332100
16.6,-0.4,2000,"bu","14:09:45",6332000
16.6,-0.4,200,"bu","14:09:39",6330000
16.6,-0.4,1300,"bu","14:09:38",6329800
16.6,-0.4,3700,"bu","14:09:38",6328500
16.6,-0.4,700,"bu","14:09:32",6324800
16.6,-0.4,500,"bu","14:09:12",6324100
16.6,-0.4,100,"bu","14:09:10",6323600
16.6,-0.4,100,"bu","14:09:10",6323500
16.55,-0.45,200,"sd","14:09:01",6323400
16.55,-0.45,1000,"sd","14:09:01",6323200
16.6,-0.4,500,"bu","14:09:01",6322200
16.6,-0.4,400,"bu","14:08:50",6321700
16.6,-0.4,300,"bu","14:08:43",6321300
16.5,-0.5,100,"sd","14:08:42",6321000
16.5,-0.5,500,"sd","14:08:42",6320900
16.5,-0.5,500,"sd","14:08:42",6320400
16.5,-0.5,200,"sd","14:08:42",6319900
16.55,-0.45,200,"sd","14:08:42",6319700
16.55,-0.45,1000,"sd","14:08:42",6319500
16.55,-0.45,3500,"sd","14:08:42",6318500
16.55,-0.45,4000,"sd","14:08:42",6315000
16.6,-0.4,500,"bu","14:08:37",6311000
16.55,-0.45,1000,"bu","14:08:34",6310500
16.55,-0.45,300,"bu","14:08:34",6309500
16.55,-0.45,4700,"bu","14:08:34",6309200
16.55,-0.45,300,"bu","14:08:31",6304500
16.55,-0.45,700,"bu","14:08:31",6304200
16.55,-0.45,200,"bu","14:08:28",6303500
16.5,-0.5,1000,"sd","14:08:22",6303300
16.5,-0.5,300,"sd","14:08:14",6302300
16.5,-0.5,500,"sd","14:08:09",6302000
16.5,-0.5,1000,"sd","14:08:09",6301500
16.55,-0.45,300,"bu","14:08:02",6300500
16.55,-0.45,300,"bu","14:07:54",6300200
16.55,-0.45,500,"bu","14:07:54",6299900
16.55,-0.45,1500,"bu","14:07:53",6299400
16.55,-0.45,500,"bu","14:07:53",6297900
16.55,-0.45,200,"bu","14:07:45",6297400
16.55,-0.45,300,"sd","14:07:35",6297200
16.55,-0.45,500,"sd","14:07:35",6296900
16.55,-0.45,400,"sd","14:07:32",6296400
16.55,-0.45,200,"sd","14:07:32",6296000
16.55,-0.45,1000,"sd","14:07:32",6295800
16.55,-0.45,1000,"sd","14:07:32",6294800
16.55,-0.45,400,"sd","14:07:32",6293800
16.55,-0.45,200,"sd","14:07:31",6293400
16.55,-0.45,200,"sd","14:07:29",6293200
16.55,-0.45,200,"sd","14:07:25",6293000
16.55,-0.45,100,"sd","14:07:25",6292800
16.55,-0.45,1000,"sd","14:07:25",6292700
16.6,-0.4,500,"bu","14:07:25",6291700
16.6,-0.4,100,"sd","14:07:17",6291200
16.6,-0.4,1000,"sd","14:07:17",6291100
16.6,-0.4,500,"sd","14:07:17",6290100
16.6,-0.4,100,"sd","14:07:17",6289600
16.6,-0.4,500,"sd","14:07:17",6289500
16.6,-0.4,1500,"sd","14:07:17",6289000
16.65,-0.35,1000,"bu","14:07:15",6287500
16.65,-0.35,1000,"sd","14:07:04",6286500
16.65,-0.35,100,"sd","14:07:04",6285500
16.65,-0.35,2000,"sd","14:07:04",6285400
16.65,-0.35,4000,"sd","14:07:04",6283400
16.7,-0.3,200,"bu","14:06:48",6279400
16.7,-0.3,200,"bu","14:06:48",6279200
16.65,-0.35,2000,"sd","14:06:42",6279000
16.7,-0.3,200,"sd","14:06:41",6277000
16.7,-0.3,500,"sd","14:06:41",6276800
16.7,-0.3,100,"sd","14:06:41",6276300
16.7,-0.3,200,"sd","14:06:35",6276200
16.7,-0.3,200,"sd","14:06:27",6276000
16.75,-0.25,100,"unknown","14:06:27",6275800
16.7,-0.3,300,"sd","14:06:25",6275700
16.7,-0.3,200,"sd","14:06:25",6275400
16.7,-0.3,200,"sd","14:06:25",6275200
16.7,-0.3,300,"sd","14:06:25",6275000
16.8,-0.2,100,"bu","14:06:24",6274700
16.8,-0.2,3500,"sd","14:06:17",6274600
16.8,-0.2,100,"sd","14:06:17",6271100
16.8,-0.2,1000,"sd","14:06:17",6271000
16.8,-0.2,3900,"sd","14:06:17",6270000
16.8,-0.2,100,"sd","14:06:17",6266100
16.8,-0.2,200,"sd","14:06:16",6266000
16.8,-0.2,300,"sd","14:06:12",6265800
16.85,-0.15,500,"bu","14:06:07",6265500
16.85,-0.15,3000,"sd","14:06:03",6265000
16.85,-0.15,100,"sd","14:06:03",6262000
16.85,-0.15,500,"sd","14:06:03",6261900
16.85,-0.15,100,"sd","14:06:03",6261400
16.9,-0.1,100,"bu","14:06:03",6261300
16.9,-0.1,400,"bu","14:06:03",6261200
16.9,-0.1,1500,"bu","14:05:57",6260800
16.9,-0.1,600,"bu","14:05:57",6259300
16.9,-0.1,300,"bu","14:05:57",6258700
16.9,-0.1,800,"bu","14:05:57",6258400
16.9,-0.1,700,"bu","14:05:57",6257600
16.9,-0.1,100,"bu","14:05:57",6256900
16.9,-0.1,100,"bu","14:05:56",6256800
16.9,-0.1,400,"bu","14:05:51",6256700
16.9,-0.1,600,"bu","14:05:51",6256300
16.9,-0.1,400,"bu","14:05:49",6255700
16.9,-0.1,100,"bu","14:05:49",6255300
16.9,-0.1,1500,"bu","14:05:49",6255200
16.85,-0.15,400,"sd","14:05:35",6253700
16.85,-0.15,1900,"sd","14:05:35",6253300
16.85,-0.15,700,"sd","14:05:35",6251400
16.9,-0.1,1000,"bu","14:05:34",6250700
16.9,-0.1,2500,"bu","14:05:30",6249700
16.85,-0.15,1600,"sd","14:05:25",6247200
16.85,-0.15,400,"bu","14:05:15",6245600
16.85,-0.15,800,"bu","14:05:15",6245200
16.85,-0.15,4600,"bu","14:05:14",6244400
16.85,-0.15,2000,"bu","14:05:13",6239800
16.85,-0.15,300,"bu","14:05:07",6237800
16.85,-0.15,800,"bu","14:05:05",6237500
16.85,-0.15,6500,"bu","14:05:01",6236700
16.85,-0.15,400,"bu","14:05:01",6230200
16.85,-0.15,3100,"bu","14:05:01",6229800
16.85,-0.15,1000,"bu","14:05:01",6226700
16.85,-0.15,500,"bu","14:05:00",6225700
16.85,-0.15,400,"bu","14:04:45",6225200
16.85,-0.15,400,"bu","14:04:45",6224800
16.85,-0.15,1000,"bu","14:04:45",6224400
16.8,-0.2,200,"sd","14:04:42",6223400
16.8,-0.2,2500,"bu","14:04:41",6223200
16.8,-0.2,100,"bu","14:04:41",6220700
16.8,-0.2,1000,"bu","14:04:41",6220600
16.8,-0.2,100,"bu","14:04:41",6219600
16.8,-0.2,300,"bu","14:04:41",6219500
16.8,-0.2,1600,"bu","14:04:41",6219200
16.8,-0.2,100,"bu","14:04:36",6217600
16.8,-0.2,1000,"bu","14:04:34",6217500
16.8,-0.2,200,"bu","14:04:34",6216500
16.8,-0.2,200,"bu","14:04:33",6216300
16.8,-0.2,1000,"bu","14:04:31",6216100
16.8,-0.2,500,"bu","14:04:31",6215100
16.8,-0.2,1000,"bu","14:04:29",6214600
16.8,-0.2,500,"bu","14:04:29",6213600
16.8,-0.2,3000,"bu","14:04:28",6213100
16.8,-0.2,500,"bu","14:04:26",6210100
16.8,-0.2,2000,"bu","14:04:24",6209600
16.8,-0.2,4000,"bu","14:04:22",6207600
16.8,-0.2,15000,"bu","14:04:16",6203600
16.8,-0.2,13900,"bu","14:04:10",6188600
16.8,-0.2,100,"bu","14:04:10",6174700
16.8,-0.2,1000,"bu","14:04:07",6174600
16.8,-0.2,200,"bu","14:04:07",6173600
16.8,-0.2,500,"bu","14:04:04",6173400
16.8,-0.2,400,"bu","14:04:02",6172900
16.8,-0.2,3300,"bu","14:03:59",6172500
16.8,-0.2,2000,"bu","14:03:59",6169200
16.8,-0.2,2500,"bu","14:03:59",6167200
16.8,-0.2,300,"bu","14:03:59",6164700
16.8,-0.2,1000,"bu","14:03:59",6164400
16.8,-0.2,900,"bu","14:03:59",6163400
16.8,-0.2,500,"bu","14:03:57",6162500
16.8,-0.2,1000,"bu","14:03:56",6162000
16.8,-0.2,1000,"bu","14:03:56",6161000
16.8,-0.2,1000,"bu","14:03:56",6160000
16.8,-0.2,300,"bu","14:03:56",6159000
16.8,-0.2,5000,"bu","14:03:56",6158700
16.8,-0.2,1000,"bu","14:03:56",6153700
16.8,-0.2,100,"bu","14:03:56",6152700
16.8,-0.2,2000,"bu","14:03:56",6152600
16.8,-0.2,300,"bu","14:03:56",6150600
16.8,-0.2,300,"bu","14:03:56",6150300
16.8,-0.2,1000,"bu","14:03:55",6150000
16.8,-0.2,200,"bu","14:03:49",6149000
16.8,-0.2,500,"bu","14:03:42",6148800
16.7,-0.3,600,"sd","14:03:30",6148300
16.7,-0.3,400,"sd","14:03:30",6147700
16.8,-0.2,1300,"bu","14:03:25",6147300
16.8,-0.2,200,"bu","14:03:25",6146000
16.8,-0.2,200,"bu","14:03:24",6145800
16.75,-0.25,300,"unknown","14:03:24",6145600
16.8,-0.2,100,"bu","14:03:19",6145300
16.8,-0.2,500,"bu","14:03:18",6145200
16.8,-0.2,100,"bu","14:03:18",6144700
16.8,-0.2,200,"bu","14:03:18",6144600
16.8,-0.2,100,"bu","14:03:18",6144400
16.8,-0.2,200,"bu","14:03:08",6142900
16.8,-0.2,900,"bu","14:03:08",6144300
16.8,-0.2,500,"bu","14:03:08",6143400
16.75,-0.25,900,"unknown","14:03:08",6142700
16.75,-0.25,100,"unknown","14:03:08",6141800
16.75,-0.25,800,"bu","14:03:04",6141700
16.75,-0.25,200,"bu","14:03:04",6140900
16.75,-0.25,2500,"bu","14:03:02",6140700
16.75,-0.25,2300,"bu","14:03:00",6138200
16.75,-0.25,200,"bu","14:03:00",6135900
16.75,-0.25,100,"bu","14:02:59",6135700
16.75,-0.25,200,"bu","14:02:59",6135600
16.75,-0.25,200,"bu","14:02:59",6135400
16.75,-0.25,300,"bu","14:02:59",6135200
16.75,-0.25,200,"bu","14:02:54",6134900
16.75,-0.25,500,"bu","14:02:54",6134700
16.75,-0.25,1000,"bu","14:02:54",6134200
16.75,-0.25,500,"bu","14:02:54",6133200
16.75,-0.25,300,"bu","14:02:54",6132700
16.7,-0.3,300,"bu","14:02:51",6132400
16.7,-0.3,100,"bu","14:02:51",6132100
16.7,-0.3,500,"bu","14:02:51",6132000
16.7,-0.3,500,"bu","14:02:51",6131500
16.7,-0.3,100,"bu","14:02:51",6131000
16.7,-0.3,1200,"bu","14:02:51",6130900
16.7,-0.3,100,"bu","14:02:51",6129700
16.7,-0.3,500,"bu","14:02:51",6129600
16.7,-0.3,2000,"bu","14:02:51",6129100
16.7,-0.3,1000,"bu","14:02:51",6127100
16.7,-0.3,3000,"bu","14:02:51",6126100
16.7,-0.3,500,"bu","14:02:51",6123100
16.7,-0.3,3000,"bu","14:02:51",6122600
16.7,-0.3,400,"bu","14:02:51",6119600
16.7,-0.3,1000,"bu","14:02:51",6119200
16.7,-0.3,3800,"bu","14:02:51",6118200
16.7,-0.3,400,"bu","14:02:50",6114400
16.65,-0.35,1000,"bu","14:02:48",6114000
16.65,-0.35,100,"bu","14:02:48",6113000
16.65,-0.35,200,"bu","14:02:48",6112900
16.65,-0.35,300,"bu","14:02:47",6112700
16.65,-0.35,400,"bu","14:02:47",6112400
16.65,-0.35,600,"bu","14:02:47",6112000
16.65,-0.35,1900,"bu","14:02:47",6111400
16.65,-0.35,400,"bu","14:02:46",6109500
16.65,-0.35,2500,"bu","14:02:46",6109100
16.65,-0.35,2500,"bu","14:02:44",6106600
16.65,-0.35,2500,"bu","14:02:43",6104100
16.65,-0.35,2500,"bu","14:02:41",6101600
16.65,-0.35,2500,"bu","14:02:40",6099100
16.65,-0.35,2000,"bu","14:02:35",6096600
16.65,-0.35,200,"bu","14:02:30",6094600
16.65,-0.35,400,"bu","14:02:29",6094400
16.65,-0.35,100,"bu","14:02:28",6094000
16.65,-0.35,100,"bu","14:02:20",6093900
16.65,-0.35,2000,"bu","14:02:19",6093800
16.65,-0.35,400,"bu","14:02:15",6091800
16.65,-0.35,600,"bu","14:02:15",6091400
16.65,-0.35,200,"bu","14:02:12",6090800
16.65,-0.35,300,"bu","14:02:05",6090600
16.65,-0.35,400,"bu","14:02:01",6090300
16.6,-0.4,1000,"sd","14:02:00",6089900
16.6,-0.4,100,"unknown","14:01:55",6088900
16.6,-0.4,1000,"unknown","14:01:55",6088800
16.6,-0.4,1000,"unknown","14:01:55",6087800
16.6,-0.4,1000,"bu","14:01:55",6086800
16.6,-0.4,100,"bu","14:01:55",6085800
16.6,-0.4,100,"bu","14:01:55",6085700
16.6,-0.4,500,"bu","14:01:55",6085600
16.6,-0.4,2000,"bu","14:01:55",6085100
16.6,-0.4,500,"bu","14:01:55",6083100
16.6,-0.4,700,"bu","14:01:55",6082600
16.6,-0.4,300,"bu","14:01:54",6081900
16.6,-0.4,1000,"bu","14:01:54",6081600
16.6,-0.4,1000,"bu","14:01:54",6080600
16.6,-0.4,2000,"bu","14:01:54",6079600
16.6,-0.4,600,"bu","14:01:54",6077600
16.6,-0.4,4000,"bu","14:01:54",6077000
16.6,-0.4,25900,"bu","14:01:54",6073000
16.6,-0.4,600,"bu","14:01:37",6047100
16.55,-0.45,200,"sd","14:01:32",6046500
16.55,-0.45,1000,"sd","14:01:32",6046300
16.6,-0.4,300,"bu","14:01:30",6045300
16.55,-0.45,200,"bu","14:01:03",6045000
16.55,-0.45,8800,"bu","14:01:03",6044800
16.55,-0.45,1200,"bu","14:01:00",6036000
16.55,-0.45,1300,"bu","14:01:00",6034800
16.55,-0.45,2500,"bu","14:00:56",6033500
16.55,-0.45,2500,"bu","14:00:54",6031000
16.55,-0.45,2500,"sd","14:00:50",6028500
16.55,-0.45,2500,"sd","14:00:49",6026000
16.55,-0.45,2500,"sd","14:00:49",6023500
16.55,-0.45,1000,"sd","14:00:49",6021000
16.55,-0.45,100,"sd","14:00:49",6020000
16.55,-0.45,100,"sd","14:00:49",6019900
16.6,-0.4,500,"bu","14:00:47",6019800
16.6,-0.4,2000,"bu","14:00:47",6019300
16.55,-0.45,100,"sd","14:00:38",6017300
16.55,-0.45,300,"sd","14:00:33",6017200
16.55,-0.45,1000,"sd","14:00:33",6016900
16.55,-0.45,700,"sd","14:00:33",6015900
16.55,-0.45,1000,"sd","14:00:22",6015200
16.55,-0.45,300,"sd","14:00:22",6014200
16.55,-0.45,700,"sd","14:00:22",6013900
16.55,-0.45,1000,"sd","14:00:22",6013200
16.55,-0.45,2800,"bu","14:00:12",6012200
16.55,-0.45,2600,"bu","14:00:12",6009400
16.55,-0.45,200,"bu","14:00:11",6006800
16.55,-0.45,100,"bu","14:00:10",6006600
16.5,-0.5,900,"sd","14:00:09",6006500
16.55,-0.45,2000,"bu","14:00:06",6005600
16.55,-0.45,100,"bu","14:00:05",6003600
16.55,-0.45,300,"bu","14:00:01",6003500
16.55,-0.45,100,"bu","14:00:01",6003200
16.55,-0.45,200,"bu","13:59:59",6003100
16.55,-0.45,500,"bu","13:59:42",6002900
16.5,-0.5,200,"sd","13:59:22",6002400
16.5,-0.5,400,"sd","13:59:08",6002200
16.5,-0.5,2000,"sd","13:58:50",6001800
16.55,-0.45,700,"bu","13:58:30",5999800
16.55,-0.45,900,"bu","13:58:30",5999100
16.5,-0.5,400,"sd","13:58:14",5998200
16.55,-0.45,300,"bu","13:58:10",5997800
16.55,-0.45,100,"bu","13:58:10",5997500
16.55,-0.45,100,"bu","13:58:10",5997400
16.55,-0.45,100,"bu","13:58:10",5997300
16.55,-0.45,300,"bu","13:57:57",5997200
16.55,-0.45,1000,"bu","13:57:46",5996900
16.55,-0.45,1000,"bu","13:57:38",5995900
16.5,-0.5,1000,"sd","13:57:34",5994900
16.5,-0.5,1000,"sd","13:57:24",5993900
16.55,-0.45,500,"bu","13:57:17",5992900
16.55,-0.45,1500,"bu","13:57:17",5992400
16.55,-0.45,1000,"bu","13:57:15",5990900
16.55,-0.45,100,"bu","13:57:13",5989900
16.55,-0.45,400,"bu","13:56:56",5989800
16.55,-0.45,500,"bu","13:56:56",5989400
16.55,-0.45,200,"bu","13:56:10",5988900
16.55,-0.45,200,"bu","13:56:10",5988700
16.5,-0.5,1800,"sd","13:55:49",5988500
16.5,-0.5,2000,"sd","13:55:49",5986700
16.5,-0.5,200,"sd","13:55:49",5984700
16.5,-0.5,300,"sd","13:55:44",5984500
16.5,-0.5,1500,"sd","13:55:44",5984200
16.55,-0.45,100,"sd","13:55:41",5982700
16.5,-0.5,500,"sd","13:55:15",5982600
16.5,-0.5,300,"sd","13:55:15",5982100
16.5,-0.5,1000,"sd","13:55:15",5981800
16.5,-0.5,1000,"sd","13:55:15",5980800
16.5,-0.5,800,"sd","13:55:15",5979800
16.6,-0.4,100,"bu","13:55:03",5979000
16.6,-0.4,400,"bu","13:54:29",5978900
16.5,-0.5,200,"bu","13:54:26",5978500
16.5,-0.5,4800,"bu","13:54:26",5978300
16.5,-0.5,200,"bu","13:54:26",5973500
16.5,-0.5,4800,"bu","13:54:13",5973300
16.5,-0.5,4000,"bu","13:54:13",5968500
16.5,-0.5,1200,"bu","13:54:13",5964500
16.45,-0.55,1000,"sd","13:53:42",5963300
16.45,-0.55,500,"sd","13:53:08",5962300
16.45,-0.55,100,"sd","13:53:08",5961800
16.45,-0.55,600,"sd","13:53:08",5961700
16.5,-0.5,500,"bu","13:53:00",5961100
16.5,-0.5,300,"bu","13:53:00",5960600
16.5,-0.5,700,"bu","13:53:00",5960300
16.45,-0.55,100,"sd","13:52:48",5959600
16.5,-0.5,300,"bu","13:52:43",5959500
16.5,-0.5,100,"bu","13:52:43",5959200
16.5,-0.5,2000,"bu","13:52:43",5959100
16.5,-0.5,500,"bu","13:52:43",5957100
16.5,-0.5,1000,"bu","13:52:43",5956600
16.5,-0.5,100,"bu","13:52:43",5955600
16.5,-0.5,200,"bu","13:52:43",5955500
16.5,-0.5,2000,"bu","13:52:43",5955300
16.5,-0.5,200,"bu","13:52:43",5953300
16.5,-0.5,5000,"bu","13:52:43",5953100
16.5,-0.5,8600,"bu","13:52:43",5948100
16.5,-0.5,500,"bu","13:52:42",5939500
16.5,-0.5,200,"bu","13:51:05",5939000
16.5,-0.5,400,"bu","13:50:56",5938800
16.45,-0.55,2000,"sd","13:50:50",5938400
16.45,-0.55,100,"bu","13:50:49",5936400
16.45,-0.55,900,"sd","13:50:40",5936300
16.45,-0.55,100,"sd","13:50:37",5935400
16.45,-0.55,500,"sd","13:50:33",5935300
16.45,-0.55,4500,"sd","13:50:33",5934800
16.45,-0.55,1000,"sd","13:50:18",5930300
16.45,-0.55,2500,"sd","13:50:17",5929300
16.45,-0.55,2000,"bu","13:50:16",5926800
16.45,-0.55,500,"bu","13:50:10",5924800
16.45,-0.55,1000,"bu","13:50:10",5924300
16.45,-0.55,1000,"bu","13:50:10",5923300
16.45,-0.55,500,"sd","13:50:10",5922300
16.45,-0.55,1000,"sd","13:50:08",5921800
16.45,-0.55,400,"bu","13:49:44",5920800
16.45,-0.55,8100,"bu","13:49:44",5920400
16.45,-0.55,300,"bu","13:49:42",5912300
16.45,-0.55,100,"bu","13:49:38",5912000
16.45,-0.55,200,"sd","13:49:36",5911900
16.45,-0.55,200,"sd","13:49:36",5911700
16.45,-0.55,1000,"sd","13:49:36",5911500
16.45,-0.55,100,"sd","13:49:36",5910500
16.45,-0.55,100,"bu","13:49:16",5910400
16.45,-0.55,100,"bu","13:49:07",5910300
16.45,-0.55,100,"sd","13:48:58",5910200
16.45,-0.55,200,"sd","13:48:58",5910100
16.45,-0.55,100,"sd","13:48:58",5909900
16.5,-0.5,200,"bu","13:48:54",5909800
16.45,-0.55,900,"sd","13:48:48",5909600
16.45,-0.55,100,"sd","13:48:48",5908700
16.45,-0.55,1000,"sd","13:48:47",5908600
16.45,-0.55,2000,"sd","13:48:47",5907600
16.45,-0.55,300,"sd","13:48:47",5905600
16.45,-0.55,500,"sd","13:48:47",5905300
16.45,-0.55,100,"sd","13:48:47",5904800
16.45,-0.55,5100,"sd","13:48:47",5904700
16.5,-0.5,7000,"sd","13:48:33",5899600
16.5,-0.5,1000,"sd","13:48:33",5892600
16.5,-0.5,2000,"sd","13:48:33",5891600
16.5,-0.5,1000,"sd","13:48:33",5889600
16.5,-0.5,2000,"sd","13:48:33",5888600
16.5,-0.5,2000,"sd","13:48:33",5886600
16.5,-0.5,300,"sd","13:48:33",5884600
16.5,-0.5,100,"sd","13:48:33",5884300
16.65,-0.35,500,"sd","13:48:33",5884200
16.65,-0.35,500,"sd","13:48:31",5883700
16.65,-0.35,3000,"sd","13:48:29",5883200
16.65,-0.35,1600,"bu","13:48:25",5880200
16.6,-0.4,4400,"bu","13:48:25",5878600
16.6,-0.4,400,"bu","13:48:25",5874200
16.6,-0.4,1000,"bu","13:48:22",5873800
16.6,-0.4,200,"bu","13:48:18",5872800
16.65,-0.35,4000,"bu","13:48:18",5872600
16.65,-0.35,5000,"sd","13:48:15",5868600
16.65,-0.35,700,"sd","13:48:11",5863600
16.7,-0.3,800,"bu","13:48:04",5862900
16.7,-0.3,200,"bu","13:48:04",5862100
16.65,-0.35,200,"bu","13:47:59",5861900
16.65,-0.35,500,"bu","13:47:59",5861700
16.65,-0.35,1000,"bu","13:47:59",5861200
16.65,-0.35,500,"bu","13:47:59",5860200
16.65,-0.35,100,"bu","13:47:59",5859700
16.65,-0.35,3000,"bu","13:47:59",5859600
16.6,-0.4,200,"sd","13:47:56",5856600
16.6,-0.4,400,"sd","13:47:56",5856400
16.65,-0.35,300,"bu","13:47:51",5856000
16.65,-0.35,100,"bu","13:47:51",5855700
16.65,-0.35,200,"bu","13:47:43",5855600
16.65,-0.35,1900,"bu","13:47:43",5855400
16.65,-0.35,400,"bu","13:47:43",5853500
16.55,-0.45,100,"bu","13:47:30",5853100
16.5,-0.5,4900,"sd","13:47:28",5853000
16.5,-0.5,1000,"sd","13:47:28",5848100
16.5,-0.5,1000,"sd","13:47:28",5847100
16.5,-0.5,1000,"sd","13:47:28",5846100
16.5,-0.5,400,"sd","13:47:28",5845100
16.5,-0.5,100,"sd","13:47:28",5844700
16.5,-0.5,100,"sd","13:47:28",5844600
16.5,-0.5,1500,"sd","13:47:28",5844500
16.5,-0.5,3000,"sd","13:47:28",5843000
16.5,-0.5,200,"sd","13:47:28",5840000
16.5,-0.5,9600,"sd","13:47:28",5839800
16.55,-0.45,18300,"sd","13:47:28",5830200
16.55,-0.45,500,"sd","13:47:28",5811900
16.55,-0.45,5000,"sd","13:47:28",5811400
16.55,-0.45,200,"sd","13:47:28",5806400
16.55,-0.45,200,"sd","13:47:28",5806200
16.55,-0.45,2800,"sd","13:47:28",5806000
16.6,-0.4,100,"sd","13:47:27",5803200
16.6,-0.4,100,"sd","13:47:27",5803100
16.65,-0.35,300,"bu","13:47:26",5803000
16.6,-0.4,200,"bu","13:47:20",5802700
16.6,-0.4,500,"bu","13:47:20",5802500
16.6,-0.4,500,"bu","13:47:20",5802000
16.6,-0.4,100,"bu","13:47:20",5801500
16.6,-0.4,300,"bu","13:47:20",5801400
16.6,-0.4,200,"bu","13:47:20",5801100
16.6,-0.4,5000,"bu","13:47:20",5800900
16.6,-0.4,500,"bu","13:47:20",5795900
16.6,-0.4,100,"bu","13:47:20",5795400
16.6,-0.4,2200,"bu","13:47:20",5795300
16.6,-0.4,2000,"bu","13:47:20",5793100
16.6,-0.4,1600,"bu","13:47:20",5791100
16.6,-0.4,100,"bu","13:47:09",5789500
16.6,-0.4,2500,"bu","13:46:49",5789400
16.6,-0.4,800,"bu","13:46:47",5786900
16.6,-0.4,200,"bu","13:46:47",5786100
16.6,-0.4,100,"bu","13:46:41",5785900
16.6,-0.4,500,"bu","13:46:37",5785800
16.6,-0.4,200,"bu","13:46:37",5785300
16.6,-0.4,500,"bu","13:46:37",5785100
16.6,-0.4,100,"bu","13:46:37",5784600
16.6,-0.4,100,"bu","13:46:37",5784500
16.6,-0.4,100,"bu","13:46:37",5784400
16.6,-0.4,600,"bu","13:46:22",5784300
16.6,-0.4,500,"bu","13:46:20",5783700
16.6,-0.4,100,"bu","13:46:15",5783200
16.6,-0.4,500,"bu","13:46:13",5783100
16.6,-0.4,1000,"bu","13:46:11",5782600
16.6,-0.4,5000,"bu","13:46:08",5781600
16.6,-0.4,5000,"bu","13:45:52",5776600
16.6,-0.4,300,"bu","13:45:37",5771600
16.55,-0.45,2000,"sd","13:45:32",5771300
16.55,-0.45,200,"sd","13:45:23",5769300
16.55,-0.45,100,"sd","13:45:23",5769100
16.55,-0.45,100,"sd","13:45:23",5769000
16.55,-0.45,500,"sd","13:45:23",5768900
16.55,-0.45,600,"sd","13:45:23",5768400
16.55,-0.45,700,"sd","13:45:17",5767800
16.55,-0.45,5000,"sd","13:45:05",5767100
16.55,-0.45,1000,"sd","13:44:58",5762100
16.55,-0.45,300,"bu","13:44:52",5761100
16.55,-0.45,5000,"bu","13:44:52",5760800
16.55,-0.45,500,"bu","13:44:52",5755800
16.55,-0.45,1000,"bu","13:44:52",5755300
16.55,-0.45,500,"bu","13:44:52",5754300
16.55,-0.45,300,"bu","13:44:52",5753800
16.55,-0.45,1000,"bu","13:44:52",5753500
16.55,-0.45,500,"bu","13:44:52",5752500
16.55,-0.45,1000,"bu","13:44:52",5752000
16.55,-0.45,300,"bu","13:44:52",5751000
16.55,-0.45,1000,"bu","13:44:52",5750700
16.55,-0.45,500,"bu","13:44:52",5749700
16.55,-0.45,500,"bu","13:44:52",5749200
16.55,-0.45,300,"bu","13:44:52",5748700
16.55,-0.45,500,"bu","13:44:25",5748400
16.55,-0.45,100,"bu","13:44:04",5747900
16.55,-0.45,300,"bu","13:43:54",5747800
16.55,-0.45,2000,"bu","13:43:48",5747500
16.5,-0.5,1500,"sd","13:43:39",5745500
16.55,-0.45,500,"bu","13:43:35",5744000
16.5,-0.5,500,"bu","13:43:21",5743500
16.5,-0.5,1000,"bu","13:43:21",5743000
16.5,-0.5,2000,"bu","13:43:21",5742000
16.5,-0.5,2000,"bu","13:43:21",5740000
16.5,-0.5,400,"bu","13:43:21",5738000
16.5,-0.5,300,"bu","13:43:21",5737600
16.5,-0.5,1000,"bu","13:43:21",5737300
16.5,-0.5,100,"bu","13:43:21",5736300
16.5,-0.5,1500,"bu","13:43:21",5736200
16.5,-0.5,10100,"bu","13:43:21",5734700
16.45,-0.55,1000,"sd","13:43:15",5724600
16.5,-0.5,500,"bu","13:43:14",5723600
16.5,-0.5,200,"bu","13:43:04",5723100
16.5,-0.5,500,"bu","13:43:02",5722900
16.5,-0.5,500,"bu","13:43:01",5722400
16.5,-0.5,100,"bu","13:42:34",5721900
16.5,-0.5,6600,"bu","13:42:33",5721800
16.5,-0.5,300,"bu","13:42:26",5715200
16.5,-0.5,700,"bu","13:42:26",5714900
16.5,-0.5,1500,"bu","13:42:26",5714200
16.5,-0.5,1000,"bu","13:42:22",5712700
16.5,-0.5,500,"bu","13:42:19",5711700
16.5,-0.5,300,"bu","13:42:12",5711200
16.5,-0.5,500,"bu","13:42:12",5710900
16.5,-0.5,1000,"bu","13:42:12",5710400
16.5,-0.5,1500,"bu","13:42:12",5709400
16.5,-0.5,500,"bu","13:42:02",5707900
16.5,-0.5,2500,"bu","13:42:02",5707400
16.5,-0.5,600,"bu","13:41:55",5704900
16.5,-0.5,1400,"bu","13:41:55",5704300
16.5,-0.5,100,"bu","13:41:41",5702900
16.5,-0.5,2000,"bu","13:41:27",5702800
16.5,-0.5,1500,"bu","13:41:14",5700800
16.5,-0.5,1000,"bu","13:41:14",5699300
16.5,-0.5,300,"bu","13:41:14",5698300
16.5,-0.5,300,"bu","13:41:14",5698000
16.5,-0.5,100,"bu","13:41:14",5697700
16.5,-0.5,1000,"bu","13:41:14",5697600
16.5,-0.5,300,"bu","13:41:14",5696600
16.5,-0.5,1000,"bu","13:41:14",5696300
16.5,-0.5,2500,"bu","13:41:14",5695300
16.5,-0.5,1000,"bu","13:41:14",5692800
16.5,-0.5,1000,"bu","13:41:14",5691800
16.5,-0.5,3000,"bu","13:41:14",5690800
16.5,-0.5,500,"bu","13:41:14",5687800
16.5,-0.5,3000,"bu","13:41:14",5687300
16.5,-0.5,100,"bu","13:41:14",5684300
16.5,-0.5,3000,"bu","13:41:14",5684200
16.5,-0.5,3000,"bu","13:41:14",5681200
16.5,-0.5,500,"bu","13:41:14",5678200
16.5,-0.5,5400,"bu","13:41:14",5677700
16.5,-0.5,6000,"bu","13:41:14",5672300
16.5,-0.5,1000,"bu","13:41:14",5666300
16.5,-0.5,200,"bu","13:41:14",5665300
16.5,-0.5,4800,"bu","13:41:14",5665100
16.5,-0.5,200,"bu","13:41:02",5660300
16.5,-0.5,500,"bu","13:41:02",5660100
16.45,-0.55,5000,"unknown","13:40:55",5659600
16.45,-0.55,2000,"unknown","13:40:55",5654600
16.45,-0.55,5000,"unknown","13:40:55",5652600
16.45,-0.55,500,"unknown","13:40:55",5647600
16.45,-0.55,1000,"unknown","13:40:55",5647100
16.45,-0.55,400,"unknown","13:40:55",5646100
16.45,-0.55,1600,"unknown","13:40:55",5645700
16.45,-0.55,20000,"unknown","13:40:55",5644100
16.45,-0.55,8400,"unknown","13:40:55",5624100
16.45,-0.55,400,"bu","13:40:55",5615700
16.45,-0.55,1000,"bu","13:40:40",5615300
16.45,-0.55,200,"bu","13:40:27",5614300
16.45,-0.55,100,"bu","13:40:27",5614100
16.4,-0.6,200,"sd","13:39:58",5614000
16.45,-0.55,23900,"bu","13:39:56",5613800
16.45,-0.55,100,"bu","13:39:56",5589900
16.45,-0.55,6000,"bu","13:39:56",5589800
16.4,-0.6,500,"bu","13:39:38",5583800
16.4,-0.6,400,"bu","13:39:38",5583300
16.4,-0.6,100,"bu","13:39:33",5582900
16.4,-0.6,100,"bu","13:39:30",5582800
16.4,-0.6,1400,"bu","13:39:29",5582700
16.4,-0.6,600,"bu","13:39:29",5581300
16.4,-0.6,100,"bu","13:39:21",5580700
16.4,-0.6,100,"bu","13:39:21",5580600
16.4,-0.6,200,"bu","13:39:10",5580500
16.4,-0.6,300,"bu","13:39:10",5580300
16.4,-0.6,500,"bu","13:39:07",5580000
16.4,-0.6,2400,"bu","13:39:06",5579500
16.4,-0.6,500,"bu","13:39:05",5577100
16.4,-0.6,500,"bu","13:39:02",5576600
16.4,-0.6,100,"bu","13:38:59",5576100
16.4,-0.6,300,"bu","13:38:46",5576000
16.4,-0.6,100,"bu","13:38:46",5575700
16.4,-0.6,1000,"bu","13:38:43",5575600
16.4,-0.6,1000,"bu","13:38:37",5574600
16.4,-0.6,200,"bu","13:38:36",5573600
16.4,-0.6,100,"sd","13:38:34",5573400
16.4,-0.6,200,"sd","13:38:34",5573300
16.4,-0.6,100,"sd","13:38:34",5573100
16.4,-0.6,1000,"sd","13:38:34",5573000
16.4,-0.6,10000,"sd","13:38:34",5572000
16.4,-0.6,200,"sd","13:38:34",5562000
16.4,-0.6,7000,"sd","13:38:34",5561800
16.4,-0.6,4500,"sd","13:38:34",5554800
16.4,-0.6,400,"sd","13:38:09",5550300
16.4,-0.6,5000,"bu","13:37:34",5549900
16.4,-0.6,100,"bu","13:37:34",5544900
16.35,-0.65,500,"sd","13:37:15",5544800
16.4,-0.6,300,"bu","13:37:05",5544300
16.4,-0.6,700,"bu","13:37:05",5544000
16.4,-0.6,600,"bu","13:37:05",5543300
16.4,-0.6,400,"bu","13:36:58",5542700
16.4,-0.6,100,"bu","13:36:58",5542300
16.4,-0.6,1000,"bu","13:36:56",5542200
16.4,-0.6,100,"bu","13:36:54",5541200
16.4,-0.6,2000,"bu","13:36:46",5541100
16.4,-0.6,600,"bu","13:36:40",5539100
16.4,-0.6,300,"sd","13:36:39",5538500
16.4,-0.6,1400,"sd","13:36:39",5538200
16.4,-0.6,500,"sd","13:36:39",5536800
16.4,-0.6,3000,"sd","13:36:39",5536300
16.4,-0.6,100,"sd","13:36:39",5533300
16.4,-0.6,100,"sd","13:36:39",5533200
16.4,-0.6,900,"sd","13:36:39",5533100
16.45,-0.55,1000,"bu","13:36:32",5532200
16.4,-0.6,100,"sd","13:36:28",5531200
16.4,-0.6,2500,"sd","13:36:28",5531100
16.4,-0.6,7400,"sd","13:36:28",5528600
16.4,-0.6,10000,"sd","13:36:21",5521200
16.4,-0.6,3300,"sd","13:36:21",5511200
16.4,-0.6,2600,"sd","13:36:21",5507900
16.4,-0.6,3100,"sd","13:36:21",5505300
16.4,-0.6,1000,"sd","13:36:06",5502200
16.45,-0.55,100,"bu","13:36:05",5501200
16.4,-0.6,500,"sd","13:36:00",5501100
16.4,-0.6,200,"sd","13:35:57",5500600
16.4,-0.6,6000,"sd","13:35:50",5500400
16.4,-0.6,100,"sd","13:35:37",5494400
16.4,-0.6,1500,"sd","13:35:36",5494300
16.4,-0.6,300,"sd","13:35:36",5492800
16.4,-0.6,500,"sd","13:35:36",5492500
16.4,-0.6,20000,"sd","13:35:36",5492000
16.4,-0.6,100,"bu","13:35:36",5472000
16.4,-0.6,500,"bu","13:35:36",5471900
16.4,-0.6,10000,"bu","13:35:36",5471400
16.4,-0.6,100,"bu","13:35:36",5461400
16.4,-0.6,500,"bu","13:35:36",5461300
16.4,-0.6,200,"bu","13:35:36",5460800
16.4,-0.6,100,"bu","13:35:36",5460600
16.4,-0.6,100,"bu","13:35:36",5460500
16.4,-0.6,1800,"bu","13:35:36",5460400
16.4,-0.6,2000,"bu","13:35:36",5458600
16.4,-0.6,300,"bu","13:35:36",5456600
16.4,-0.6,900,"bu","13:35:36",5456300
16.4,-0.6,200,"bu","13:35:32",5455400
16.4,-0.6,300,"bu","13:35:22",5455200
16.4,-0.6,100,"bu","13:35:17",5454900
16.35,-0.65,500,"sd","13:35:14",5454800
16.35,-0.65,100,"sd","13:35:11",5454300
16.35,-0.65,500,"sd","13:35:09",5454200
16.35,-0.65,1600,"sd","13:35:07",5453700
16.35,-0.65,100,"sd","13:34:53",5452100
16.35,-0.65,200,"sd","13:34:52",5452000
16.35,-0.65,1000,"sd","13:34:39",5451800
16.4,-0.6,500,"bu","13:34:38",5450800
16.35,-0.65,200,"sd","13:34:32",5450300
16.4,-0.6,100,"bu","13:34:29",5450100
16.35,-0.65,300,"sd","13:34:26",5450000
16.35,-0.65,1400,"sd","13:34:16",5449700
16.4,-0.6,1000,"bu","13:34:12",5448300
16.35,-0.65,1000,"sd","13:33:57",5447300
16.35,-0.65,200,"sd","13:33:52",5446300
16.4,-0.6,1900,"bu","13:33:50",5446100
16.4,-0.6,100,"bu","13:33:50",5444200
16.4,-0.6,100,"bu","13:33:49",5444100
16.35,-0.65,3000,"sd","13:33:45",5444000
16.35,-0.65,400,"sd","13:33:39",5441000
16.4,-0.6,300,"bu","13:33:34",5440600
16.35,-0.65,1000,"sd","13:33:20",5440300
16.35,-0.65,100,"sd","13:33:11",5439300
16.35,-0.65,200,"sd","13:33:09",5439200
16.35,-0.65,300,"sd","13:33:04",5439000
16.35,-0.65,200,"sd","13:33:03",5438700
16.4,-0.6,14700,"bu","13:33:02",5438500
16.35,-0.65,1000,"sd","13:32:32",5423800
16.35,-0.65,100,"sd","13:32:30",5422800
16.35,-0.65,200,"sd","13:32:28",5422700
16.35,-0.65,4000,"sd","13:32:19",5422500
16.35,-0.65,200,"sd","13:32:10",5418500
16.35,-0.65,300,"sd","13:31:59",5418300
16.4,-0.6,500,"bu","13:31:57",5418000
16.4,-0.6,300,"bu","13:31:48",5417500
16.4,-0.6,300,"bu","13:31:46",5417200
16.4,-0.6,100,"bu","13:31:34",5416900
16.4,-0.6,100,"bu","13:31:32",5416800
16.4,-0.6,400,"bu","13:31:31",5416700
16.4,-0.6,300,"bu","13:31:20",5416300
16.35,-0.65,200,"sd","13:31:16",5416000
16.4,-0.6,500,"bu","13:31:14",5415800
16.35,-0.65,200,"sd","13:31:08",5415300
16.35,-0.65,3000,"sd","13:30:54",5415100
16.4,-0.6,200,"sd","13:30:31",5412100
16.4,-0.6,600,"sd","13:30:31",5411900
16.4,-0.6,100,"sd","13:30:31",5411300
16.4,-0.6,400,"sd","13:30:23",5411200
16.4,-0.6,1200,"sd","13:30:05",5410800
16.4,-0.6,1800,"sd","13:30:04",5409600
16.4,-0.6,100,"sd","13:30:04",5407800
16.4,-0.6,100,"sd","13:30:04",5407700
16.4,-0.6,100,"sd","13:30:04",5407600
16.4,-0.6,100,"sd","13:30:04",5407500
16.4,-0.6,100,"sd","13:30:04",5407400
16.4,-0.6,500,"sd","13:30:04",5407300
16.4,-0.6,5000,"sd","13:30:04",5406800
16.4,-0.6,3500,"sd","13:30:04",5401800
16.4,-0.6,1000,"sd","13:30:04",5398300
16.4,-0.6,100,"sd","13:30:04",5397300
16.4,-0.6,300,"sd","13:30:04",5397200
16.4,-0.6,1000,"sd","13:30:04",5396900
16.4,-0.6,1000,"sd","13:30:04",5395900
16.4,-0.6,100,"sd","13:30:04",5394900
16.4,-0.6,1000,"sd","13:30:04",5394800
16.4,-0.6,400,"sd","13:30:04",5393800
16.4,-0.6,2000,"sd","13:30:04",5393400
16.4,-0.6,100,"sd","13:30:04",5391400
16.4,-0.6,1700,"sd","13:30:04",5391300
16.4,-0.6,200,"sd","13:30:03",5389600
16.45,-0.55,300,"bu","13:30:03",5389400
16.4,-0.6,100,"sd","13:29:59",5389100
16.4,-0.6,900,"sd","13:29:59",5389000
16.4,-0.6,4000,"sd","13:29:55",5388100
16.4,-0.6,1000,"sd","13:29:45",5384100
16.4,-0.6,2700,"sd","13:29:45",5383100
16.45,-0.55,500,"bu","13:29:44",5380400
16.4,-0.6,600,"sd","13:29:40",5379900
16.4,-0.6,600,"sd","13:29:27",5379300
16.4,-0.6,200,"sd","13:29:26",5378700
16.4,-0.6,2000,"sd","13:29:26",5378500
16.4,-0.6,200,"sd","13:29:26",5376500
16.4,-0.6,2600,"sd","13:29:26",5376300
16.4,-0.6,2400,"sd","13:29:17",5373700
16.4,-0.6,500,"sd","13:29:17",5371300
16.4,-0.6,200,"sd","13:29:17",5370800
16.4,-0.6,900,"sd","13:29:17",5370600
16.4,-0.6,100,"sd","13:29:16",5369700
16.4,-0.6,300,"sd","13:29:16",5369600
16.45,-0.55,400,"bu","13:29:15",5369300
16.4,-0.6,100,"sd","13:29:11",5368900
16.4,-0.6,100,"sd","13:29:02",5368800
16.4,-0.6,1000,"sd","13:28:58",5368700
16.45,-0.55,100,"bu","13:28:57",5367700
16.45,-0.55,300,"bu","13:28:49",5367600
16.45,-0.55,600,"bu","13:28:45",5367300
16.4,-0.6,1000,"sd","13:28:35",5366700
16.4,-0.6,2500,"sd","13:28:21",5365700
16.4,-0.6,500,"sd","13:28:21",5363200
16.45,-0.55,300,"bu","13:28:15",5362700
16.4,-0.6,300,"sd","13:28:13",5362400
16.4,-0.6,2000,"sd","13:28:11",5362100
16.45,-0.55,6000,"bu","13:28:00",5360100
16.4,-0.6,1600,"sd","13:27:59",5354100
16.4,-0.6,1000,"sd","13:27:59",5352500
16.45,-0.55,500,"bu","13:27:38",5351500
16.45,-0.55,3900,"bu","13:27:15",5351000
16.45,-0.55,1000,"bu","13:27:15",5347100
16.45,-0.55,100,"bu","13:27:15",5346100
16.45,-0.55,100,"bu","13:26:53",5346000
16.45,-0.55,100,"bu","13:26:52",5345900
16.45,-0.55,200,"bu","13:26:38",5345800
16.45,-0.55,300,"bu","13:26:32",5345600
16.45,-0.55,200,"bu","13:26:13",5345300
16.45,-0.55,1000,"sd","13:26:05",5345100
16.4,-0.6,1700,"sd","13:25:58",5344100
16.45,-0.55,300,"sd","13:25:58",5342400
16.45,-0.55,1000,"sd","13:25:58",5342100
16.45,-0.55,3000,"sd","13:25:58",5341100
16.45,-0.55,1000,"sd","13:25:58",5338100
16.45,-0.55,100,"sd","13:25:58",5337100
16.45,-0.55,1000,"sd","13:25:58",5337000
16.45,-0.55,500,"sd","13:25:58",5336000
16.45,-0.55,1000,"sd","13:25:58",5335500
16.45,-0.55,400,"sd","13:25:58",5334500
16.45,-0.55,100,"sd","13:25:25",5334100
16.5,-0.5,1000,"sd","13:25:17",5334000
16.5,-0.5,400,"sd","13:25:17",5333000
16.5,-0.5,2200,"sd","13:25:15",5332600
16.5,-0.5,2400,"sd","13:25:13",5330400
16.5,-0.5,1900,"sd","13:25:13",5328000
16.5,-0.5,500,"sd","13:25:13",5326100
16.5,-0.5,400,"sd","13:25:13",5325600
16.5,-0.5,10000,"sd","13:25:13",5325200
16.5,-0.5,3000,"sd","13:25:13",5315200
16.5,-0.5,500,"sd","13:25:13",5312200
16.5,-0.5,400,"sd","13:25:13",5311700
16.5,-0.5,100,"sd","13:25:13",5311300
16.5,-0.5,3000,"sd","13:25:13",5311200
16.5,-0.5,100,"sd","13:25:13",5308200
16.5,-0.5,500,"sd","13:25:13",5308100
16.5,-0.5,300,"sd","13:25:13",5307600
16.5,-0.5,1000,"sd","13:25:13",5307300
16.5,-0.5,300,"sd","13:25:13",5306300
16.5,-0.5,100,"sd","13:25:13",5306000
16.5,-0.5,200,"sd","13:25:13",5305900
16.5,-0.5,1000,"sd","13:25:13",5305700
16.5,-0.5,1000,"sd","13:25:13",5304700
16.5,-0.5,1000,"sd","13:25:13",5303700
16.5,-0.5,500,"sd","13:25:13",5302700
16.5,-0.5,1000,"sd","13:25:13",5302200
16.5,-0.5,800,"sd","13:25:13",5301200
16.5,-0.5,4200,"sd","13:24:59",5300400
16.5,-0.5,800,"sd","13:24:59",5296200
16.5,-0.5,100,"sd","13:24:58",5295400
16.55,-0.45,1100,"bu","13:24:55",5295300
16.55,-0.45,900,"bu","13:24:55",5294200
16.5,-0.5,1100,"sd","13:24:53",5293300
16.5,-0.5,500,"sd","13:24:53",5292200
16.5,-0.5,400,"sd","13:24:53",5291700
16.5,-0.5,500,"sd","13:24:51",5291300
16.55,-0.45,400,"bu","13:24:51",5290800
16.55,-0.45,100,"bu","13:24:46",5290400
16.55,-0.45,500,"bu","13:24:40",5290300
16.55,-0.45,200,"bu","13:24:34",5289800
16.55,-0.45,1000,"bu","13:24:26",5289600
16.5,-0.5,100,"sd","13:24:16",5288600
16.55,-0.45,500,"bu","13:23:57",5288500
16.5,-0.5,2000,"sd","13:23:52",5288000
16.55,-0.45,200,"bu","13:23:47",5286000
16.5,-0.5,2800,"sd","13:23:40",5285800
16.5,-0.5,200,"sd","13:23:35",5283000
16.5,-0.5,2000,"sd","13:23:34",5282800
16.5,-0.5,200,"sd","13:23:23",5280800
16.55,-0.45,2000,"bu","13:23:20",5280600
16.5,-0.5,1800,"sd","13:23:16",5278600
16.5,-0.5,200,"sd","13:23:16",5276800
16.5,-0.5,500,"sd","13:23:12",5276600
16.55,-0.45,4200,"bu","13:23:11",5276100
16.55,-0.45,15800,"bu","13:23:11",5271900
16.55,-0.45,300,"bu","13:23:06",5256100
16.5,-0.5,1300,"sd","13:23:05",5255800
16.5,-0.5,300,"sd","13:23:05",5254500
16.5,-0.5,500,"sd","13:23:05",5254200
16.5,-0.5,6200,"sd","13:23:05",5253700
16.5,-0.5,2000,"sd","13:23:04",5247500
16.55,-0.45,3900,"bu","13:22:56",5245500
16.55,-0.45,1100,"bu","13:22:56",5241600
16.55,-0.45,1000,"sd","13:22:36",5240500
16.55,-0.45,10000,"sd","13:22:36",5239500
16.55,-0.45,5000,"sd","13:22:36",5229500
16.55,-0.45,2900,"sd","13:22:36",5224500
16.55,-0.45,100,"sd","13:22:30",5221600
16.55,-0.45,200,"sd","13:22:30",5221500
16.6,-0.4,100,"bu","13:22:18",5221300
16.55,-0.45,4800,"bu","13:22:01",5221200
16.55,-0.45,100,"bu","13:21:58",5216400
16.55,-0.45,5000,"bu","13:21:48",5216300
16.55,-0.45,100,"bu","13:21:40",5211300
16.55,-0.45,200,"bu","13:21:40",5211200
16.55,-0.45,300,"bu","13:21:39",5211000
16.55,-0.45,100,"bu","13:21:30",5210700
16.55,-0.45,300,"bu","13:21:23",5210600
16.5,-0.5,300,"sd","13:21:21",5210300
16.55,-0.45,100,"sd","13:21:21",5210000
16.55,-0.45,300,"sd","13:21:21",5209900
16.55,-0.45,500,"sd","13:21:21",5209600
16.55,-0.45,300,"sd","13:21:21",5209100
16.55,-0.45,100,"sd","13:21:21",5208800
16.55,-0.45,1800,"sd","13:21:21",5208700
16.6,-0.4,100,"bu","13:21:18",5206900
16.6,-0.4,200,"bu","13:21:18",5206800
16.6,-0.4,700,"bu","13:21:18",5206600
16.6,-0.4,200,"bu","13:21:11",5205900
16.6,-0.4,100,"bu","13:21:05",5205700
16.55,-0.45,1000,"sd","13:20:58",5205600
16.55,-0.45,200,"sd","13:20:58",5204600
16.55,-0.45,200,"sd","13:20:58",5204400
16.55,-0.45,300,"sd","13:20:58",5204200
16.55,-0.45,3600,"bu","13:20:46",5203900
16.55,-0.45,300,"bu","13:20:44",5200300
16.55,-0.45,1100,"bu","13:20:43",5200000
16.55,-0.45,400,"bu","13:20:43",5198900
16.55,-0.45,100,"bu","13:20:43",5198500
16.55,-0.45,100,"bu","13:20:43",5198400
16.55,-0.45,500,"bu","13:20:43",5198300
16.55,-0.45,2000,"bu","13:20:43",5197800
16.55,-0.45,5800,"bu","13:20:43",5195800
16.55,-0.45,1000,"bu","13:20:40",5190000
16.55,-0.45,100,"bu","13:20:39",5189000
16.55,-0.45,200,"bu","13:20:29",5188900
16.55,-0.45,2000,"bu","13:20:29",5188700
16.55,-0.45,500,"bu","13:20:24",5186700
16.55,-0.45,400,"bu","13:20:24",5186200
16.55,-0.45,600,"bu","13:20:24",5185800
16.55,-0.45,100,"bu","13:20:21",5185200
16.55,-0.45,2000,"bu","13:20:12",5185100
16.55,-0.45,300,"bu","13:20:08",5183100
16.55,-0.45,700,"bu","13:20:08",5182800
16.5,-0.5,1000,"sd","13:19:40",5182100
16.55,-0.45,300,"bu","13:19:39",5181100
16.5,-0.5,400,"sd","13:19:31",5180800
16.5,-0.5,100,"sd","13:19:22",5180400
16.5,-0.5,500,"sd","13:19:22",5180300
16.5,-0.5,100,"sd","13:19:08",5179800
16.5,-0.5,300,"sd","13:19:07",5179700
16.5,-0.5,700,"sd","13:19:07",5179400
16.5,-0.5,300,"sd","13:19:00",5178700
16.5,-0.5,700,"sd","13:19:00",5178400
16.5,-0.5,100,"bu","13:18:56",5177700
16.5,-0.5,500,"bu","13:18:56",5177600
16.5,-0.5,100,"bu","13:18:56",5177100
16.5,-0.5,100,"bu","13:18:56",5177000
16.5,-0.5,400,"bu","13:18:56",5176900
16.5,-0.5,100,"bu","13:18:56",5176500
16.5,-0.5,300,"bu","13:18:56",5176400
16.5,-0.5,900,"bu","13:18:56",5176100
16.5,-0.5,1000,"bu","13:18:56",5175200
16.5,-0.5,5000,"bu","13:18:56",5174200
16.5,-0.5,100,"bu","13:18:56",5169200
16.5,-0.5,100,"bu","13:18:56",5169100
16.5,-0.5,1000,"bu","13:18:56",5169000
16.5,-0.5,1900,"bu","13:18:56",5168000
16.5,-0.5,600,"bu","13:18:55",5166100
16.5,-0.5,2000,"bu","13:18:55",5165500
16.5,-0.5,400,"bu","13:18:55",5163500
16.5,-0.5,100,"bu","13:18:55",5163100
16.5,-0.5,100,"bu","13:18:55",5163000
16.5,-0.5,200,"bu","13:18:55",5162900
16.5,-0.5,500,"bu","13:18:55",5162700
16.5,-0.5,200,"bu","13:18:55",5162200
16.5,-0.5,2000,"bu","13:18:55",5162000
16.5,-0.5,400,"bu","13:18:55",5160000
16.5,-0.5,500,"bu","13:18:55",5159600
16.5,-0.5,100,"bu","13:18:55",5159100
16.5,-0.5,300,"bu","13:18:55",5159000
16.5,-0.5,1500,"bu","13:18:55",5158700
16.5,-0.5,300,"bu","13:18:55",5157200
16.5,-0.5,2000,"bu","13:18:55",5156900
16.5,-0.5,100,"bu","13:18:55",5154900
16.5,-0.5,100,"bu","13:18:55",5154800
16.5,-0.5,400,"bu","13:18:55",5154700
16.5,-0.5,100,"bu","13:18:55",5154300
16.5,-0.5,100,"bu","13:18:55",5154200
16.5,-0.5,2000,"bu","13:18:55",5154100
16.5,-0.5,100,"bu","13:18:55",5152100
16.5,-0.5,700,"bu","13:18:55",5152000
16.5,-0.5,300,"bu","13:18:55",5151300
16.5,-0.5,1900,"bu","13:18:55",5151000
16.5,-0.5,500,"bu","13:18:55",5149100
16.5,-0.5,2500,"bu","13:18:55",5148600
16.5,-0.5,200,"bu","13:18:55",5146100
16.5,-0.5,300,"bu","13:18:53",5145900
16.5,-0.5,400,"bu","13:18:53",5145600
16.5,-0.5,65400,"bu","13:18:53",5145200
16.5,-0.5,1000,"bu","13:18:53",5079800
16.5,-0.5,1300,"bu","13:18:53",5078800
16.5,-0.5,400,"bu","13:18:53",5077500
16.5,-0.5,3000,"bu","13:18:52",5077100
16.5,-0.5,500,"bu","13:18:51",5074100
16.5,-0.5,200,"bu","13:18:49",5073600
16.5,-0.5,200,"bu","13:18:47",5073400
16.5,-0.5,1000,"bu","13:18:46",5073200
16.5,-0.5,500,"bu","13:18:38",5072200
16.5,-0.5,600,"bu","13:18:36",5071700
16.5,-0.5,4300,"bu","13:18:34",5071100
16.5,-0.5,10000,"bu","13:18:25",5066800
16.5,-0.5,100,"bu","13:18:15",5056800
16.5,-0.5,2000,"bu","13:18:10",5056700
16.45,-0.55,100,"sd","13:18:07",5054700
16.5,-0.5,500,"bu","13:18:04",5054600
16.5,-0.5,300,"bu","13:17:56",5054100
16.45,-0.55,300,"sd","13:17:48",5053800
16.5,-0.5,5000,"bu","13:17:47",5053500
16.45,-0.55,800,"sd","13:17:46",5048500
16.45,-0.55,200,"sd","13:17:46",5047700
16.5,-0.5,300,"bu","13:17:44",5047500
16.45,-0.55,100,"sd","13:17:37",5047200
16.45,-0.55,100,"sd","13:17:36",5047100
16.5,-0.5,2000,"bu","13:17:36",5047000
16.45,-0.55,100,"sd","13:17:33",5045000
16.4,-0.6,100,"sd","13:17:16",5044900
16.45,-0.55,500,"bu","13:17:13",5044800
16.4,-0.6,500,"sd","13:17:07",5044300
16.5,-0.5,2000,"bu","13:16:56",5043800
16.5,-0.5,200,"bu","13:16:51",5041800
16.5,-0.5,800,"bu","13:16:48",5041600
16.5,-0.5,100,"bu","13:16:48",5040800
16.5,-0.5,2000,"bu","13:16:36",5040700
16.4,-0.6,1000,"sd","13:16:25",5038700
16.4,-0.6,300,"sd","13:16:19",5037700
16.5,-0.5,500,"bu","13:16:14",5037400
16.5,-0.5,15000,"bu","13:16:10",5036900
16.5,-0.5,1300,"bu","13:15:54",5021900
16.45,-0.55,2000,"bu","13:15:54",5020600
16.45,-0.55,500,"bu","13:15:54",5018600
16.45,-0.55,1000,"bu","13:15:54",5018100
16.45,-0.55,100,"bu","13:15:54",5017100
16.45,-0.55,200,"bu","13:15:54",5017000
16.45,-0.55,900,"bu","13:15:54",5016800
16.4,-0.6,100,"sd","13:15:52",5015900
16.4,-0.6,100,"sd","13:15:52",5015800
16.4,-0.6,15000,"bu","13:15:52",5015700
16.4,-0.6,100,"bu","13:15:52",5000700
16.4,-0.6,1000,"bu","13:15:52",5000600
16.4,-0.6,100,"bu","13:15:52",4999600
16.4,-0.6,200,"bu","13:15:52",4999500
16.4,-0.6,2000,"bu","13:15:52",4999300
16.4,-0.6,5000,"bu","13:15:52",4997300
16.4,-0.6,1000,"bu","13:15:52",4992300
16.4,-0.6,1400,"bu","13:15:52",4991300
16.4,-0.6,600,"bu","13:15:52",4989900
16.4,-0.6,1900,"bu","13:15:52",4989300
16.35,-0.65,1000,"sd","13:15:45",4987400
16.4,-0.6,1000,"bu","13:15:44",4986400
16.4,-0.6,600,"bu","13:15:35",4985400
16.4,-0.6,2100,"bu","13:15:35",4984800
16.4,-0.6,800,"bu","13:15:35",4982700
16.4,-0.6,200,"bu","13:15:35",4981900
16.4,-0.6,300,"bu","13:15:35",4981700
16.4,-0.6,5000,"bu","13:15:35",4981400
16.4,-0.6,1000,"bu","13:15:35",4976400
16.4,-0.6,1000,"bu","13:15:28",4975400
16.4,-0.6,1400,"bu","13:15:21",4974400
16.4,-0.6,300,"bu","13:15:21",4973000
16.4,-0.6,1300,"bu","13:15:21",4972700
16.4,-0.6,1000,"bu","13:15:21",4971400
16.4,-0.6,200,"bu","13:15:21",4970400
16.4,-0.6,100,"bu","13:15:21",4970200
16.4,-0.6,500,"bu","13:15:21",4970100
16.4,-0.6,300,"bu","13:15:21",4969600
16.4,-0.6,900,"bu","13:15:21",4969300
16.4,-0.6,100,"bu","13:15:18",4968400
16.4,-0.6,1000,"bu","13:15:17",4968300
16.35,-0.65,400,"sd","13:15:12",4967300
16.4,-0.6,500,"bu","13:15:07",4966900
16.4,-0.6,100,"bu","13:15:06",4966400
16.4,-0.6,2400,"bu","13:15:03",4966300
16.4,-0.6,1500,"bu","13:15:03",4963900
16.4,-0.6,100,"bu","13:15:03",4962400
16.4,-0.6,100,"bu","13:14:49",4962300
16.4,-0.6,500,"bu","13:14:25",4962200
16.35,-0.65,1000,"sd","13:14:24",4961700
16.35,-0.65,2000,"sd","13:14:17",4960700
16.35,-0.65,500,"sd","13:13:55",4958700
16.35,-0.65,300,"sd","13:13:33",4958200
16.35,-0.65,400,"sd","13:13:25",4957900
16.4,-0.6,100,"bu","13:13:24",4957500
16.35,-0.65,5300,"sd","13:13:17",4957400
16.4,-0.6,1200,"bu","13:13:14",4952100
16.4,-0.6,1000,"bu","13:13:14",4950900
16.4,-0.6,1200,"bu","13:13:14",4949900
16.35,-0.65,1000,"sd","13:13:04",4948700
16.4,-0.6,500,"bu","13:12:47",4947700
16.4,-0.6,400,"bu","13:12:43",4947200
16.4,-0.6,200,"bu","13:12:38",4946800
16.4,-0.6,500,"bu","13:12:38",4946600
16.35,-0.65,500,"sd","13:12:36",4946100
16.35,-0.65,100,"sd","13:12:36",4945600
16.35,-0.65,100,"sd","13:12:36",4945500
16.35,-0.65,100,"sd","13:12:36",4945400
16.35,-0.65,100,"sd","13:12:36",4945300
16.35,-0.65,200,"sd","13:12:36",4945200
16.35,-0.65,100,"sd","13:12:36",4945000
16.35,-0.65,500,"sd","13:12:36",4944900
16.35,-0.65,200,"sd","13:12:36",4944400
16.35,-0.65,100,"sd","13:12:36",4944200
16.35,-0.65,1000,"sd","13:12:34",4944100
16.35,-0.65,3000,"sd","13:12:11",4943100
16.4,-0.6,100,"bu","13:12:05",4940100
16.4,-0.6,100,"bu","13:11:57",4940000
16.35,-0.65,800,"sd","13:11:48",4939900
16.4,-0.6,200,"bu","13:11:40",4939100
16.4,-0.6,100,"bu","13:11:40",4938900
16.4,-0.6,500,"bu","13:11:40",4938800
16.4,-0.6,200,"bu","13:11:40",4938300
16.35,-0.65,100,"sd","13:11:38",4938100
16.35,-0.65,1500,"sd","13:11:38",4938000
16.35,-0.65,400,"sd","13:11:38",4936500
16.4,-0.6,200,"bu","13:11:36",4936100
16.4,-0.6,100,"bu","13:11:31",4935900
16.4,-0.6,1900,"bu","13:11:31",4935800
16.35,-0.65,500,"sd","13:11:18",4933900
16.4,-0.6,100,"bu","13:11:08",4933400
16.4,-0.6,400,"bu","13:11:01",4933300
16.4,-0.6,1000,"bu","13:10:55",4932900
16.4,-0.6,500,"bu","13:10:54",4931900
16.4,-0.6,4100,"bu","13:10:52",4931400
16.4,-0.6,100,"bu","13:10:52",4927300
16.4,-0.6,800,"bu","13:10:52",4927200
16.4,-0.6,300,"bu","13:10:51",4926400
16.4,-0.6,100,"bu","13:10:51",4926100
16.4,-0.6,100,"bu","13:10:51",4926000
16.4,-0.6,1000,"bu","13:10:51",4925900
16.4,-0.6,100,"bu","13:10:51",4924900
16.4,-0.6,3400,"bu","13:10:51",4924800
16.4,-0.6,5000,"bu","13:10:51",4921400
16.4,-0.6,100,"bu","13:10:47",4916400
16.4,-0.6,500,"bu","13:10:39",4916300
16.4,-0.6,4000,"bu","13:10:32",4915800
16.35,-0.65,200,"sd","13:10:30",4911800
16.4,-0.6,2000,"bu","13:10:22",4911600
16.4,-0.6,200,"bu","13:10:17",4909600
16.4,-0.6,100,"bu","13:10:12",4909400
16.35,-0.65,1000,"sd","13:10:10",4909300
16.35,-0.65,1000,"sd","13:10:07",4908300
16.35,-0.65,1200,"sd","13:10:01",4907300
16.4,-0.6,200,"bu","13:09:59",4906100
16.4,-0.6,800,"bu","13:09:59",4905900
16.4,-0.6,100,"bu","13:09:53",4905100
16.35,-0.65,500,"sd","13:09:50",4905000
16.4,-0.6,100,"bu","13:09:47",4904500
16.4,-0.6,100,"bu","13:09:47",4904400
16.4,-0.6,500,"bu","13:09:28",4904300
16.4,-0.6,400,"bu","13:09:27",4903800
16.35,-0.65,200,"sd","13:09:23",4903400
16.35,-0.65,100,"sd","13:09:23",4903200
16.4,-0.6,400,"bu","13:09:19",4903100
16.35,-0.65,1000,"sd","13:09:18",4902700
16.35,-0.65,100,"sd","13:09:18",4901700
16.35,-0.65,1000,"sd","13:09:18",4901600
16.35,-0.65,1000,"sd","13:09:18",4900600
16.35,-0.65,1000,"sd","13:09:18",4899600
16.35,-0.65,1400,"sd","13:09:18",4898600
16.4,-0.6,200,"bu","13:09:14",4897200
16.4,-0.6,100,"bu","13:09:08",4897000
16.35,-0.65,3300,"sd","13:09:04",4896900
16.4,-0.6,500,"bu","13:08:58",4893600
16.4,-0.6,400,"bu","13:08:52",4893100
16.35,-0.65,1000,"sd","13:08:46",4892700
16.35,-0.65,100,"sd","13:08:46",4891700
16.35,-0.65,4200,"sd","13:08:34",4891600
16.35,-0.65,1000,"sd","13:08:34",4887400
16.35,-0.65,500,"sd","13:08:34",4886400
16.35,-0.65,1000,"sd","13:08:34",4885900
16.35,-0.65,300,"sd","13:08:34",4884900
16.4,-0.6,500,"sd","13:08:26",4884600
16.4,-0.6,1000,"sd","13:08:26",4884100
16.4,-0.6,200,"sd","13:08:26",4883100
16.4,-0.6,100,"sd","13:08:26",4882900
16.4,-0.6,200,"sd","13:08:26",4882800
16.4,-0.6,300,"sd","13:08:16",4882600
16.45,-0.55,200,"sd","13:07:48",4882300
16.45,-0.55,100,"sd","13:07:48",4882100
16.45,-0.55,200,"sd","13:07:48",4882000
16.45,-0.55,200,"sd","13:07:48",4881800
16.45,-0.55,15400,"sd","13:07:48",4881600
16.5,-0.5,11000,"bu","13:07:46",4866200
16.45,-0.55,3000,"sd","13:07:44",4855200
16.45,-0.55,100,"sd","13:07:44",4852200
16.45,-0.55,1000,"sd","13:07:44",4852100
16.5,-0.5,2000,"bu","13:07:44",4851100
16.45,-0.55,100,"sd","13:07:39",4849100
16.5,-0.5,400,"bu","13:07:35",4849000
16.5,-0.5,800,"bu","13:07:21",4848600
16.45,-0.55,200,"sd","13:07:17",4847800
16.45,-0.55,700,"sd","13:07:16",4847600
16.45,-0.55,1700,"sd","13:07:14",4846900
16.45,-0.55,300,"sd","13:07:14",4845200
16.5,-0.5,100,"bu","13:07:13",4844900
16.45,-0.55,500,"sd","13:07:12",4844800
16.45,-0.55,3000,"sd","13:07:06",4844300
16.45,-0.55,5000,"bu","13:07:05",4841300
16.45,-0.55,300,"bu","13:07:05",4836300
16.45,-0.55,900,"bu","13:07:05",4836000
16.4,-0.6,100,"sd","13:07:04",4835100
16.4,-0.6,700,"sd","13:07:04",4835000
16.4,-0.6,500,"sd","13:07:01",4834300
16.45,-0.55,100,"sd","13:07:01",4833800
16.45,-0.55,500,"bu","13:06:57",4833700
16.45,-0.55,3000,"bu","13:06:57",4833200
16.45,-0.55,200,"bu","13:06:57",4830200
16.45,-0.55,1600,"bu","13:06:57",4830000
16.4,-0.6,800,"sd","13:06:56",4828400
16.45,-0.55,100,"bu","13:06:51",4827600
16.4,-0.6,3500,"sd","13:06:49",4827500
16.4,-0.6,500,"sd","13:06:49",4824000
16.35,-0.65,1700,"sd","13:06:38",4823500
16.45,-0.55,200,"sd","13:06:35",4821800
16.45,-0.55,2100,"sd","13:06:35",4821600
16.45,-0.55,1400,"sd","13:06:34",4819500
16.45,-0.55,4100,"sd","13:06:34",4818100
16.45,-0.55,10000,"sd","13:06:34",4814000
16.45,-0.55,900,"sd","13:06:34",4804000
16.45,-0.55,4100,"sd","13:06:34",4803100
16.45,-0.55,500,"sd","13:06:18",4799000
16.45,-0.55,1500,"sd","13:06:10",4798500
16.45,-0.55,600,"sd","13:06:10",4797000
16.45,-0.55,800,"sd","13:06:10",4796400
16.45,-0.55,1000,"sd","13:06:07",4795600
16.5,-0.5,15000,"bu","13:06:04",4794600
16.5,-0.5,400,"bu","13:05:55",4779600
16.45,-0.55,200,"sd","13:05:49",4779200
16.45,-0.55,900,"sd","13:05:48",4779000
16.45,-0.55,1000,"sd","13:05:47",4778100
16.45,-0.55,300,"sd","13:05:47",4777100
16.45,-0.55,200,"sd","13:05:47",4776800
16.45,-0.55,100,"sd","13:05:47",4776600
16.45,-0.55,500,"bu","13:05:47",4776500
16.4,-0.6,2000,"sd","13:05:45",4776000
16.4,-0.6,2000,"sd","13:05:45",4774000
16.4,-0.6,100,"sd","13:05:40",4772000
16.4,-0.6,1000,"sd","13:05:39",4771900
16.4,-0.6,1000,"sd","13:05:38",4770900
16.4,-0.6,200,"sd","13:05:33",4769900
16.4,-0.6,18000,"sd","13:05:33",4769700
16.4,-0.6,100,"sd","13:05:30",4751700
16.4,-0.6,200,"sd","13:05:27",4751600
16.4,-0.6,3000,"sd","13:05:27",4751400
16.4,-0.6,500,"sd","13:05:19",4748400
16.45,-0.55,1000,"bu","13:05:15",4747900
16.4,-0.6,1000,"sd","13:04:59",4746900
16.4,-0.6,200,"bu","13:04:49",4745900
16.4,-0.6,500,"bu","13:04:49",4745700
16.4,-0.6,600,"bu","13:04:49",4745200
16.4,-0.6,1000,"bu","13:04:49",4744600
16.4,-0.6,3000,"bu","13:04:49",4743600
16.4,-0.6,2000,"bu","13:04:49",4740600
16.4,-0.6,100,"bu","13:04:49",4738600
16.4,-0.6,300,"bu","13:04:49",4738500
16.4,-0.6,200,"bu","13:04:49",4738200
16.4,-0.6,1000,"bu","13:04:49",4738000
16.4,-0.6,500,"bu","13:04:49",4737000
16.4,-0.6,1000,"bu","13:04:49",4736500
16.4,-0.6,1000,"bu","13:04:49",4735500
16.4,-0.6,1000,"bu","13:04:49",4734500
16.4,-0.6,1000,"bu","13:04:49",4733500
16.4,-0.6,600,"bu","13:04:49",4732500
16.4,-0.6,300,"bu","13:04:49",4731900
16.4,-0.6,500,"bu","13:04:49",4731600
16.35,-0.65,700,"sd","13:04:48",4731100
16.35,-0.65,100,"sd","13:04:42",4730400
16.35,-0.65,1300,"sd","13:04:40",4730300
16.35,-0.65,900,"sd","13:04:31",4729000
16.35,-0.65,600,"sd","13:04:31",4728100
16.35,-0.65,500,"sd","13:04:31",4727500
16.35,-0.65,700,"sd","13:04:26",4727000
16.35,-0.65,3800,"sd","13:04:17",4726300
16.35,-0.65,600,"sd","13:04:16",4722500
16.35,-0.65,600,"sd","13:04:16",4721900
16.35,-0.65,400,"sd","13:04:15",4721300
16.35,-0.65,1000,"sd","13:04:13",4720900
16.4,-0.6,600,"bu","13:04:13",4719900
16.35,-0.65,2000,"sd","13:04:11",4719300
16.3,-0.7,3900,"sd","13:03:59",4717300
16.35,-0.65,100,"sd","13:03:59",4713400
16.35,-0.65,200,"sd","13:03:56",4713300
16.35,-0.65,2000,"sd","13:03:55",4713100
16.35,-0.65,600,"bu","13:03:52",4711100
16.35,-0.65,1500,"bu","13:03:52",4710500
16.35,-0.65,500,"bu","13:03:52",4709000
16.35,-0.65,100,"bu","13:03:52",4708500
16.35,-0.65,4500,"bu","13:03:52",4708400
16.35,-0.65,200,"bu","13:03:52",4703900
16.35,-0.65,1000,"bu","13:03:52",4703700
16.35,-0.65,4400,"bu","13:03:52",4702700
16.3,-0.7,200,"sd","13:03:51",4698300
16.3,-0.7,100,"sd","13:03:51",4698100
16.3,-0.7,200,"sd","13:03:49",4698000
16.3,-0.7,5000,"sd","13:03:47",4697800
16.3,-0.7,800,"sd","13:03:42",4692800
16.3,-0.7,5000,"sd","13:03:39",4692000
16.3,-0.7,300,"sd","13:03:37",4687000
16.3,-0.7,700,"sd","13:03:37",4686700
16.3,-0.7,100,"sd","13:03:36",4686000
16.3,-0.7,400,"sd","13:03:36",4685900
16.35,-0.65,100,"bu","13:03:36",4685500
16.3,-0.7,200,"sd","13:03:33",4685400
16.3,-0.7,100,"sd","13:03:33",4685200
16.3,-0.7,100,"sd","13:03:33",4685100
16.3,-0.7,1600,"sd","13:03:33",4685000
16.35,-0.65,2000,"bu","13:03:33",4683400
16.3,-0.7,400,"sd","13:03:23",4681400
16.3,-0.7,300,"sd","13:03:23",4681000
16.3,-0.7,600,"sd","13:03:23",4680700
16.3,-0.7,400,"sd","13:03:23",4680100
16.3,-0.7,1000,"sd","13:03:14",4679700
16.35,-0.65,500,"bu","13:03:08",4678700
16.35,-0.65,100,"bu","13:03:05",4678200
16.35,-0.65,1500,"sd","13:03:05",4678100
16.35,-0.65,1000,"sd","13:03:05",4676600
16.35,-0.65,1000,"sd","13:03:05",4675600
16.35,-0.65,100,"sd","13:03:05",4674600
16.35,-0.65,100,"sd","13:03:05",4674500
16.35,-0.65,100,"sd","13:03:05",4674400
16.35,-0.65,500,"sd","13:03:05",4674300
16.35,-0.65,500,"sd","13:03:03",4673800
16.35,-0.65,1000,"sd","13:03:03",4673300
16.35,-0.65,100,"sd","13:02:59",4672300
16.35,-0.65,100,"sd","13:02:57",4672200
16.35,-0.65,800,"sd","13:02:56",4672100
16.35,-0.65,100,"sd","13:02:56",4671300
16.35,-0.65,100,"sd","13:02:56",4671200
16.35,-0.65,1000,"sd","13:02:56",4671100
16.35,-0.65,100,"sd","13:02:51",4670100
16.4,-0.6,400,"bu","13:02:49",4670000
16.35,-0.65,300,"sd","13:02:48",4669600
16.35,-0.65,600,"sd","13:02:41",4669300
16.35,-0.65,100,"sd","13:02:41",4668700
16.4,-0.6,600,"bu","13:02:28",4668600
16.35,-0.65,100,"sd","13:02:23",4668000
16.35,-0.65,200,"sd","13:02:23",4667900
16.35,-0.65,300,"sd","13:02:23",4667700
16.35,-0.65,300,"sd","13:02:23",4667400
16.35,-0.65,100,"sd","13:02:23",4667100
16.4,-0.6,100,"sd","13:02:16",4667000
16.4,-0.6,500,"sd","13:02:16",4666900
16.4,-0.6,2200,"sd","13:02:16",4666400
16.4,-0.6,200,"sd","13:02:09",4664200
16.4,-0.6,5000,"sd","13:02:08",4664000
16.4,-0.6,2000,"sd","13:02:06",4659000
16.4,-0.6,500,"sd","13:01:58",4657000
16.4,-0.6,100,"sd","13:01:51",4656500
16.4,-0.6,500,"sd","13:01:51",4656400
16.4,-0.6,1000,"sd","13:01:49",4655900
16.4,-0.6,2000,"sd","13:01:47",4654900
16.4,-0.6,500,"sd","13:01:46",4652900
16.4,-0.6,100,"sd","13:01:46",4652400
16.4,-0.6,200,"sd","13:01:34",4652300
16.4,-0.6,200,"sd","13:01:31",4652100
16.4,-0.6,500,"sd","13:01:25",4651900
16.4,-0.6,100,"sd","13:01:25",4651400
16.4,-0.6,200,"sd","13:01:25",4651300
16.4,-0.6,100,"sd","13:01:25",4651100
16.4,-0.6,500,"sd","13:01:25",4651000
16.4,-0.6,100,"sd","13:01:25",4650500
16.4,-0.6,100,"sd","13:01:25",4650400
16.4,-0.6,100,"sd","13:01:25",4650300
16.4,-0.6,300,"sd","13:01:25",4650200
16.4,-0.6,100,"sd","13:01:24",4649900
16.4,-0.6,100,"sd","13:01:16",4649800
16.4,-0.6,100,"sd","13:01:16",4649700
16.4,-0.6,100,"sd","13:01:16",4649600
16.4,-0.6,100,"sd","13:01:16",4649500
16.4,-0.6,200,"sd","13:01:16",4649400
16.4,-0.6,5000,"sd","13:01:16",4649200
16.4,-0.6,100,"sd","13:01:16",4644200
16.4,-0.6,200,"sd","13:01:16",4644100
16.4,-0.6,100,"sd","13:01:16",4643900
16.4,-0.6,400,"sd","13:01:15",4643800
16.4,-0.6,100,"sd","13:01:15",4643400
16.4,-0.6,5000,"sd","13:01:15",4643300
16.4,-0.6,100,"sd","13:01:14",4638300
16.4,-0.6,300,"sd","13:01:14",4638200
16.4,-0.6,1000,"sd","13:01:13",4637900
16.4,-0.6,1000,"sd","13:01:12",4636900
16.4,-0.6,100,"sd","13:01:11",4635900
16.4,-0.6,2000,"sd","13:01:11",4635800
16.4,-0.6,500,"sd","13:01:10",4633800
16.4,-0.6,500,"sd","13:01:09",4633300
16.45,-0.55,3500,"bu","13:01:09",4632800
16.4,-0.6,100,"sd","13:01:08",4629300
16.45,-0.55,200,"bu","13:01:08",4629200
16.4,-0.6,200,"sd","13:01:07",4629000
16.4,-0.6,500,"sd","13:01:07",4628800
16.45,-0.55,1500,"bu","13:01:07",4628300
16.4,-0.6,100,"sd","13:01:06",4626800
16.4,-0.6,100,"sd","13:01:06",4626700
16.45,-0.55,100,"bu","13:01:05",4626600
16.45,-0.55,100,"bu","13:01:04",4626500
16.4,-0.6,400,"sd","13:01:04",4626400
16.4,-0.6,100,"sd","13:01:04",4626000
16.45,-0.55,200,"bu","13:01:04",4625900
16.45,-0.55,200,"bu","13:01:04",4625700
16.4,-0.6,100,"sd","13:01:04",4625500
16.4,-0.6,500,"sd","13:01:03",4625400
16.45,-0.55,2500,"bu","13:01:02",4624900
16.4,-0.6,100,"sd","13:01:02",4622400
16.4,-0.6,100,"sd","13:01:02",4622300
16.5,-0.5,3600,"bu","13:01:00",4622200
16.4,-0.6,200,"sd","13:01:00",4618600
16.4,-0.6,100,"sd","13:01:00",4618400
16.5,-0.5,8100,"bu","13:01:00",4618300
16.4,-0.6,1200,"sd","13:00:58",4610200
16.4,-0.6,500,"sd","13:00:57",4609000
16.4,-0.6,500,"sd","13:00:56",4608500
16.45,-0.55,1300,"bu","13:00:55",4608000
16.4,-0.6,100,"sd","13:00:54",4606700
16.45,-0.55,700,"bu","13:00:53",4606600
16.4,-0.6,100,"sd","13:00:52",4605900
16.45,-0.55,200,"bu","13:00:51",4605800
16.4,-0.6,1200,"sd","13:00:51",4605600
16.45,-0.55,100,"unknown","13:00:48",4604400
16.45,-0.55,100,"unknown","13:00:47",4604300
16.45,-0.55,1800,"unknown","13:00:47",4604200
16.5,-0.5,1000,"bu","13:00:46",4602400
16.45,-0.55,1000,"unknown","13:00:44",4601400
16.45,-0.55,100,"unknown","13:00:44",4600400
16.4,-0.6,4100,"sd","13:00:44",4600300
16.5,-0.5,10000,"bu","13:00:43",4596200
16.45,-0.55,9000,"unknown","13:00:42",4586200
16.4,-0.6,500,"sd","13:00:42",4577200
16.45,-0.55,500,"bu","13:00:39",4576700
16.45,-0.55,100,"unknown","13:00:38",4576200
16.5,-0.5,3000,"bu","13:00:37",4576100
16.5,-0.5,1100,"bu","13:00:36",4573100
16.45,-0.55,200,"sd","13:00:36",4572000
16.45,-0.55,10000,"sd","13:00:35",4571800
16.45,-0.55,2900,"sd","13:00:34",4561800
16.45,-0.55,400,"sd","13:00:32",4558900
16.5,-0.5,3500,"bu","13:00:29",4558500
16.45,-0.55,24700,"sd","13:00:28",4555000
16.5,-0.5,200,"bu","13:00:24",4530300
16.45,-0.55,200,"sd","13:00:24",4530100
16.5,-0.5,10000,"bu","13:00:22",4529900
16.45,-0.55,1000,"sd","13:00:21",4519900
16.5,-0.5,6100,"bu","13:00:21",4518900
16.5,-0.5,200,"bu","13:00:20",4512800
16.45,-0.55,500,"sd","13:00:19",4512600
16.5,-0.5,200,"bu","13:00:18",4512100
16.5,-0.5,6000,"bu","13:00:18",4511900
16.5,-0.5,1000,"bu","13:00:16",4505900
16.5,-0.5,3000,"bu","13:00:16",4504900
16.45,-0.55,600,"sd","13:00:10",4501900
16.55,-0.45,300,"bu","13:00:09",4501300
16.5,-0.5,1000,"bu","13:00:09",4501000
16.45,-0.55,10000,"sd","13:00:06",4500000
16.5,-0.5,1000,"sd","13:00:02",4490000
16.5,-0.5,300,"sd","13:00:01",4489000
16.5,-0.5,200,"sd","13:00:01",4488700
16.5,-0.5,400,"sd","13:00:01",4488500
16.5,-0.5,100,"sd","13:00:01",4488100
16.5,-0.5,400,"sd","11:29:47",4488000
16.5,-0.5,600,"sd","11:29:47",4487600
16.5,-0.5,200,"sd","11:29:44",4487000
16.5,-0.5,1800,"sd","11:29:44",4486800
16.5,-0.5,400,"sd","11:29:44",4485000
16.5,-0.5,100,"sd","11:29:44",4484600
16.5,-0.5,1500,"sd","11:29:30",4484500
16.5,-0.5,300,"sd","11:29:22",4483000
16.5,-0.5,100,"sd","11:29:04",4482700
16.55,-0.45,2000,"bu","11:29:04",4482600
16.5,-0.5,100,"sd","11:28:59",4480600
16.5,-0.5,200,"sd","11:28:56",4480500
16.5,-0.5,200,"sd","11:28:56",4480300
16.5,-0.5,100,"sd","11:28:56",4480100
16.5,-0.5,200,"sd","11:28:51",4480000
16.5,-0.5,500,"sd","11:28:50",4479800
16.5,-0.5,200,"sd","11:28:41",4479300
16.45,-0.55,7100,"sd","11:28:33",4479100
16.45,-0.55,400,"sd","11:28:33",4472000
16.45,-0.55,200,"sd","11:28:33",4471600
16.45,-0.55,300,"sd","11:28:33",4471400
16.45,-0.55,100,"sd","11:28:33",4471100
16.45,-0.55,6300,"sd","11:28:33",4471000
16.5,-0.5,2500,"sd","11:28:33",4464700
16.5,-0.5,1100,"sd","11:28:33",4462200
16.5,-0.5,1000,"bu","11:28:26",4461100
16.5,-0.5,100,"bu","11:28:26",4460100
16.5,-0.5,1000,"bu","11:28:20",4460000
16.5,-0.5,200,"bu","11:28:18",4459000
16.5,-0.5,100,"bu","11:28:17",4458800
16.5,-0.5,1100,"bu","11:28:11",4458700
16.5,-0.5,500,"bu","11:28:11",4457600
16.5,-0.5,300,"bu","11:28:11",4457100
16.5,-0.5,100,"bu","11:28:11",4456800
16.5,-0.5,100,"bu","11:28:08",4456700
16.5,-0.5,500,"bu","11:28:08",4456600
16.5,-0.5,100,"bu","11:28:08",4456100
16.5,-0.5,1500,"bu","11:28:08",4456000
16.5,-0.5,3300,"bu","11:28:08",4454500
16.5,-0.5,5000,"bu","11:28:08",4451200
16.5,-0.5,2000,"bu","11:28:08",4446200
16.5,-0.5,5500,"bu","11:28:08",4444200
16.5,-0.5,5300,"bu","11:28:03",4438700
16.5,-0.5,4700,"bu","11:28:03",4433400
16.5,-0.5,500,"bu","11:28:00",4428700
16.45,-0.55,1300,"sd","11:27:52",4428200
16.5,-0.5,200,"bu","11:27:49",4426900
16.5,-0.5,200,"bu","11:27:43",4426700
16.5,-0.5,1000,"bu","11:27:32",4426500
16.45,-0.55,2000,"sd","11:27:25",4425500
16.5,-0.5,3100,"bu","11:27:15",4423500
16.5,-0.5,300,"bu","11:27:12",4420400
16.5,-0.5,400,"bu","11:27:11",4420100
16.5,-0.5,100,"bu","11:27:09",4419700
16.45,-0.55,400,"sd","11:27:09",4419600
16.45,-0.55,100,"sd","11:27:09",4419200
16.5,-0.5,200,"bu","11:27:07",4419100
16.5,-0.5,500,"bu","11:27:01",4418900
16.5,-0.5,2700,"bu","11:26:59",4418400
16.5,-0.5,900,"bu","11:26:58",4415700
16.5,-0.5,500,"bu","11:26:40",4414800
16.5,-0.5,100,"bu","11:26:37",4414300
16.5,-0.5,100,"bu","11:26:33",4414200
16.5,-0.5,14000,"bu","11:26:32",4414100
16.5,-0.5,500,"bu","11:26:30",4400100
16.5,-0.5,500,"bu","11:26:30",4399600
16.5,-0.5,100,"bu","11:26:27",4399100
16.5,-0.5,1000,"bu","11:26:21",4399000
16.5,-0.5,1800,"bu","11:26:21",4398000
16.5,-0.5,700,"bu","11:26:17",4396200
16.5,-0.5,300,"bu","11:26:17",4395500
16.5,-0.5,500,"bu","11:26:15",4395200
16.5,-0.5,700,"bu","11:26:05",4394700
16.5,-0.5,100,"bu","11:26:05",4394000
16.5,-0.5,200,"bu","11:26:04",4393900
16.45,-0.55,200,"sd","11:25:38",4393700
16.45,-0.55,100,"sd","11:25:38",4393500
16.45,-0.55,100,"sd","11:25:38",4393400
16.45,-0.55,100,"sd","11:25:38",4393300
16.45,-0.55,100,"sd","11:25:37",4393200
16.45,-0.55,300,"sd","11:25:27",4393100
16.5,-0.5,100,"bu","11:25:24",4392800
16.5,-0.5,100,"bu","11:25:22",4392700
16.5,-0.5,400,"bu","11:25:20",4392600
16.5,-0.5,100,"bu","11:25:20",4392200
16.45,-0.55,500,"sd","11:25:20",4392100
16.45,-0.55,1500,"sd","11:25:20",4391600
16.45,-0.55,500,"sd","11:25:11",4390100
16.45,-0.55,8000,"sd","11:25:05",4389600
16.45,-0.55,500,"sd","11:25:05",4381600
16.45,-0.55,1000,"sd","11:25:05",4381100
16.45,-0.55,5000,"sd","11:25:05",4380100
16.45,-0.55,200,"sd","11:25:05",4375100
16.45,-0.55,200,"sd","11:25:05",4374900
16.45,-0.55,100,"sd","11:25:05",4374700
16.5,-0.5,100,"bu","11:25:04",4374600
16.5,-0.5,200,"sd","11:24:58",4374500
16.5,-0.5,100,"sd","11:24:58",4374300
16.5,-0.5,100,"sd","11:24:52",4374200
16.5,-0.5,1000,"sd","11:24:51",4374100
16.5,-0.5,800,"sd","11:24:48",4373100
16.5,-0.5,1200,"sd","11:24:48",4372300
16.5,-0.5,200,"sd","11:24:48",4371100
16.5,-0.5,200,"sd","11:24:48",4370900
16.5,-0.5,500,"sd","11:24:48",4370700
16.5,-0.5,500,"sd","11:24:48",4370200
16.5,-0.5,1600,"sd","11:24:48",4369700
16.5,-0.5,2000,"sd","11:24:48",4368100
16.5,-0.5,100,"sd","11:24:45",4366100
16.5,-0.5,1300,"sd","11:24:45",4366000
