"price","change","match_qtty","side","time","total_vol"
12800,-400,400,"sd","14:49:31",1008300
12800,-400,2000,"bu","14:48:25",1007900
12800,-400,1500,"bu","14:47:51",1005900
12800,-400,103900,"bu","14:45:01",1004400
12900,-300,500,"bu","14:29:53",900500
12800,-400,49700,"sd","14:29:44",900000
12900,-300,1000,"sd","14:29:29",850300
12900,-300,1600,"bu","14:29:27",849300
12800,-400,5000,"sd","14:29:22",847700
12900,-300,1200,"bu","14:29:14",842700
12900,-300,300,"bu","14:29:08",841500
12800,-400,200,"sd","14:28:56",841200
12900,-300,100,"bu","14:28:52",841000
12900,-300,3000,"bu","14:28:44",840900
12900,-300,4800,"bu","14:28:42",837900
12900,-300,5200,"sd","14:28:26",833100
12900,-300,16800,"bu","14:28:23",827900
12900,-300,1800,"sd","14:28:13",811100
12900,-300,1000,"bu","14:28:08",809300
12900,-300,200,"bu","14:27:22",808300
12900,-300,100,"bu","14:27:20",808100
12800,-400,7000,"sd","14:25:29",808000
12900,-300,200,"bu","14:25:28",801000
12900,-300,200,"bu","14:25:22",800800
12900,-300,100,"bu","14:25:18",800600
12900,-300,1000,"bu","14:25:16",800500
12900,-300,700,"bu","14:24:45",799500
12900,-300,2800,"sd","14:24:23",798800
12900,-300,200,"bu","14:24:02",796000
12900,-300,2000,"bu","14:23:59",795800
12900,-300,2000,"bu","14:23:43",793800
12900,-300,7100,"sd","14:22:09",791800
13000,-200,200,"bu","14:20:59",784700
13100,-100,2000,"bu","14:18:29",784500
12900,-300,7900,"sd","14:17:28",782500
12900,-300,7000,"sd","14:17:07",774600
13000,-200,100,"bu","14:17:06",767600
12900,-300,600,"sd","14:16:01",767500
12900,-300,9400,"bu","14:15:56",766900
12900,-300,18000,"sd","14:15:31",757500
12900,-300,6200,"sd","14:15:04",739500
12900,-300,200,"sd","14:14:48",733300
12900,-300,6200,"sd","14:14:29",733100
13100,-100,10000,"bu","14:14:08",726900
13000,-200,1000,"bu","14:14:05",716900
12900,-300,3000,"sd","14:14:03",715900
12900,-300,18000,"sd","14:13:17",712900
13000,-200,100,"bu","14:13:16",694900
12900,-300,100,"unknown","14:12:31",694800
12900,-300,100,"bu","14:12:29",694700
12900,-300,200,"bu","14:12:17",694600
12900,-300,100,"bu","14:12:16",694400
12900,-300,500,"bu","14:12:03",694300
12900,-300,3700,"sd","14:11:58",693800
13000,-200,200,"bu","14:11:26",690100
12900,-300,38000,"sd","14:11:18",689900
13000,-200,100,"bu","14:10:59",651900
12900,-300,600,"sd","14:09:53",651800
12900,-300,53400,"bu","14:09:51",651200
12900,-300,200,"sd","14:08:50",597800
12900,-300,4800,"sd","14:08:49",597600
12900,-300,700,"sd","14:08:38",592800
12900,-300,6000,"sd","14:08:21",592100
12900,-300,6000,"sd","14:07:18",586100
12900,-300,1000,"sd","14:06:26",580100
12900,-300,20000,"sd","14:05:45",579100
12900,-300,200,"sd","14:04:59",559100
13100,-100,3000,"bu","14:03:53",558900
12900,-300,1900,"bu","14:02:37",555900
12900,-300,100,"bu","14:02:35",554000
12900,-300,28000,"bu","14:02:32",553900
13000,-200,5000,"sd","14:02:27",525900
13100,-100,500,"bu","14:01:42",520900
13100,-100,1900,"sd","14:01:17",520400
13100,-100,1000,"sd","14:01:01",518500
12900,-300,4000,"sd","13:59:53",517500
12900,-300,220000,"sd","13:59:52",513500
13100,-100,4600,"sd","13:58:52",293500
13100,-100,100,"sd","13:57:19",288900
13100,-100,2000,"sd","13:56:30",288800
13100,-100,14000,"sd","13:55:24",286800
13100,-100,100,"sd","13:52:37",272800
13100,-100,3000,"sd","13:43:35",272700
13100,-100,30000,"sd","13:40:27",269700
13200,0,100,"bu","13:39:18",239700
13200,0,1000,"bu","13:37:39",239600
13200,0,1400,"bu","13:37:38",238600
13200,0,1000,"bu","13:37:23",237200
13200,0,1000,"bu","13:36:40",236200
13200,0,1000,"bu","13:36:07",235200
13200,0,4600,"bu","13:35:08",234200
13200,0,10000,"sd","13:33:22",229600
13200,0,5000,"sd","13:31:59",219600
13200,0,5000,"sd","13:28:04",214600
13200,0,1200,"sd","13:26:36",209600
13200,0,2000,"sd","13:25:49",208400
13200,0,400,"sd","13:25:15",206400
13200,0,400,"sd","13:24:41",206000
13200,0,2000,"sd","13:23:35",205600
13200,0,1900,"sd","13:22:02",203600
13200,0,100,"unknown","13:20:21",201700
13200,0,600,"unknown","13:18:02",201600
13200,0,10000,"bu","13:17:42",201000
13200,0,100,"bu","13:14:34",191000
13100,-100,200,"sd","13:14:29",190900
13200,0,500,"bu","13:13:42",190700
13200,0,3700,"bu","13:13:02",190200
13200,0,100,"bu","13:12:27",186500
13200,0,1000,"bu","13:11:41",186400
13200,0,200,"bu","13:10:13",185400
13200,0,300,"bu","13:08:14",185200
13200,0,500,"bu","13:08:00",184900
13200,0,200,"bu","13:07:56",184400
13200,0,400,"bu","13:00:41",184200
13200,0,100,"bu","13:00:09",183800
13200,0,500,"bu","13:00:04",183700
13200,0,1000,"bu","11:21:49",183200
13200,0,1000,"bu","11:20:47",182200
13200,0,300,"bu","11:20:19",181200
13200,0,600,"bu","11:19:31",180900
13200,0,1000,"bu","11:19:13",180300
13200,0,1000,"bu","11:17:44",179300
13200,0,24800,"sd","11:17:25",178300
13300,100,100,"bu","11:16:36",153500
13300,100,500,"bu","11:10:11",153400
13300,100,100,"bu","11:07:58",152900
13200,0,100,"sd","11:07:50",152800
13300,100,100,"bu","11:02:20",152700
13200,0,300,"sd","11:00:24",152600
13200,0,200,"sd","10:38:50",152300
13200,0,500,"bu","10:38:22",152100
13200,0,1700,"bu","10:38:16",151600
13200,0,500,"bu","10:37:55",149900
13200,0,4400,"bu","10:37:03",149400
13200,0,500,"bu","10:37:00",145000
13200,0,1000,"bu","10:36:24",144500
13200,0,300,"bu","10:36:00",143500
13200,0,11100,"sd","10:35:00",143200
13200,0,8500,"bu","10:33:04",132100
13200,0,1000,"bu","10:32:54",123600
13200,0,35700,"bu","10:31:48",122600
13300,100,100,"bu","10:28:20",86900
13300,100,1000,"bu","10:27:50",86800
13300,100,5000,"bu","10:26:38",85800
13300,100,1900,"bu","10:26:10",80800
13300,100,1500,"bu","10:25:55",78900
13300,100,2000,"bu","10:23:39",77400
13300,100,100,"bu","10:22:46",75400
13300,100,900,"sd","10:21:41",75300
13300,100,100,"bu","10:21:35",74400
13300,100,100,"bu","10:19:42",74300
13300,100,17500,"bu","10:19:29",74200
13300,100,1000,"bu","10:17:44",56700
13300,100,800,"bu","10:16:39",55700
13300,100,1000,"bu","10:15:36",54900
13300,100,100,"bu","10:15:12",53900
13300,100,700,"bu","10:10:20",53800
13200,0,1000,"sd","10:03:06",53100
13300,100,100,"bu","10:00:29",52100
13300,100,700,"bu","09:57:40",52000
13300,100,100,"bu","09:44:08",51300
13200,0,4000,"sd","09:42:38",51200
13300,100,700,"bu","09:42:08",47200
13300,100,300,"bu","09:41:46",46500
13200,0,200,"sd","09:41:39",46200
13300,100,1000,"bu","09:41:09",46000
13300,100,400,"bu","09:40:33",45000
13300,100,4200,"bu","09:35:00",44600
13300,100,100,"sd","09:34:10",40400
13300,100,600,"sd","09:29:58",40300
13300,100,100,"bu","09:29:14",39700
13300,100,500,"bu","09:28:58",39600
13300,100,7500,"bu","09:28:05",39100
13300,100,1000,"bu","09:27:54",31600
13300,100,500,"bu","09:25:23",30600
13300,100,400,"bu","09:24:52",30100
13300,100,600,"sd","09:24:38",29700
13300,100,200,"bu","09:23:26",29100
13300,100,1200,"bu","09:23:23",28900
13300,100,500,"bu","09:22:53",27700
13300,100,2500,"bu","09:22:27",27200
13300,100,3900,"sd","09:21:18",24700
13300,100,6100,"sd","09:20:16",20800
13400,200,100,"bu","09:16:30",14700
13400,200,500,"bu","09:14:35",14600
13400,200,1000,"bu","09:12:30",14100
13300,100,500,"bu","09:11:46",13100
13300,100,400,"bu","09:11:07",12600
13300,100,100,"bu","09:11:01",12200
13300,100,4000,"sd","09:10:46",12100
13400,200,500,"sd","09:10:36",8100
13400,200,100,"sd","09:09:04",7600
13400,200,800,"bu","09:08:57",7500
13400,200,200,"sd","09:08:16",6700
13400,200,100,"sd","09:08:06",6500
13400,200,1000,"sd","09:07:31",6400
13400,200,1000,"sd","09:07:10",5400
13400,200,100,"sd","09:06:46",4400
13400,200,400,"sd","09:06:37",4300
13500,300,100,"bu","09:05:54",3900
13400,200,300,"sd","09:05:04",3800
13400,200,2000,"sd","09:04:48",3500
13400,200,1500,"sd","09:04:37",1500
