"price","change","match_qtty","side","time","total_vol"
5120,0,169600,"unknown","14:45:00",2563800
5240,120,1900,"bu","14:29:53",2394200
5230,110,100,"bu","14:29:53",2392300
5230,110,1700,"bu","14:29:53",2392200
5220,100,100,"bu","14:29:53",2390500
5210,90,100,"bu","14:29:53",2390400
5210,90,100,"bu","14:29:53",2390300
5210,90,1000,"bu","14:29:53",2390200
5200,80,200,"sd","14:29:52",2389200
5200,80,2000,"bu","14:29:45",2389000
5200,80,20000,"bu","14:29:45",2387000
5200,80,6800,"bu","14:29:45",2367000
5200,80,700,"bu","14:29:45",2360200
5200,80,100,"bu","14:29:45",2359500
5200,80,5000,"bu","14:29:45",2359400
5200,80,300,"bu","14:29:45",2354400
5200,80,100,"bu","14:29:45",2354100
5200,80,4700,"bu","14:29:45",2354000
5200,80,5000,"bu","14:29:45",2349300
5190,70,1000,"bu","14:29:27",2344300
5190,70,200,"bu","14:29:27",2343300
5180,60,200,"bu","14:29:21",2343100
5180,60,1000,"bu","14:29:21",2342900
5180,60,3000,"bu","14:29:21",2341900
5180,60,26600,"bu","14:29:21",2338900
5170,50,100,"sd","14:29:14",2312300
5170,50,100,"sd","14:29:12",2312200
5170,50,200,"bu","14:28:56",2312100
5150,30,1000,"bu","14:28:45",2311900
5150,30,2000,"bu","14:28:45",2310900
5150,30,100,"bu","14:28:45",2308900
5150,30,900,"bu","14:28:45",2308800
5150,30,2000,"bu","14:28:37",2307900
5150,30,300,"bu","14:28:12",2305900
5150,30,4700,"bu","14:28:00",2305600
5150,30,10000,"bu","14:28:00",2300900
5150,30,5300,"bu","14:28:00",2290900
5140,20,100,"sd","14:27:27",2285600
5140,20,400,"sd","14:27:27",2285500
5140,20,1000,"bu","14:27:26",2285100
5140,20,200,"bu","14:27:26",2284100
5140,20,200,"bu","14:27:25",2283900
5140,20,100,"bu","14:27:01",2283700
5140,20,500,"bu","14:26:57",2283600
5130,10,1000,"sd","14:26:36",2283100
5130,10,900,"sd","14:26:23",2282100
5140,20,100,"sd","14:26:23",2281200
5140,20,1000,"sd","14:26:14",2281100
5130,10,2000,"sd","14:25:53",2280100
5130,10,2000,"sd","14:25:45",2278100
5130,10,2500,"sd","14:25:36",2276100
5130,10,500,"sd","14:25:12",2273600
5130,10,6600,"sd","14:25:01",2273100
5130,10,3000,"sd","14:24:12",2266500
5130,10,5100,"sd","14:23:59",2263500
5130,10,500,"sd","14:22:54",2258400
5130,10,2000,"sd","14:22:50",2257900
5150,30,2000,"sd","14:22:37",2255900
5150,30,1800,"sd","14:22:37",2253900
5150,30,9000,"sd","14:22:37",2252100
5150,30,20000,"sd","14:22:35",2243100
5150,30,500,"sd","14:22:32",2223100
5150,30,500,"sd","14:22:31",2222600
5150,30,7500,"sd","14:22:31",2222100
5150,30,100,"sd","14:22:31",2214600
5150,30,9200,"sd","14:22:26",2214500
5150,30,200,"sd","14:22:26",2205300
5150,30,100,"sd","14:22:26",2205100
5150,30,500,"sd","14:22:26",2205000
5150,30,500,"sd","14:22:26",2204500
5150,30,3500,"sd","14:22:26",2204000
5150,30,2500,"sd","14:22:20",2200500
5150,30,700,"sd","14:21:51",2198000
5160,40,10000,"sd","14:20:54",2197300
5160,40,4900,"sd","14:20:54",2187300
5170,50,300,"sd","14:20:43",2182400
5170,50,4600,"sd","14:20:32",2182100
5170,50,500,"sd","14:20:32",2177500
5170,50,100,"sd","14:20:32",2177000
5170,50,7100,"sd","14:20:32",2176900
5180,60,3000,"bu","14:19:11",2169800
5180,60,100,"bu","14:18:45",2166800
5170,50,100,"sd","14:18:38",2166700
5170,50,16600,"sd","14:18:36",2166600
5170,50,100,"sd","14:17:29",2150000
5180,60,300,"bu","14:17:03",2149900
5180,60,200,"bu","14:17:03",2149600
5180,60,100,"bu","14:15:42",2149400
5170,50,200,"sd","14:13:34",2149300
5170,50,5900,"bu","14:12:11",2149100
5170,50,400,"bu","14:11:23",2143200
5170,50,1000,"bu","14:11:19",2142800
5160,40,400,"sd","14:11:19",2141800
5170,50,2200,"bu","14:10:43",2141400
5170,50,100,"bu","14:10:30",2139200
5160,40,100,"sd","14:09:43",2139100
5160,40,400,"sd","14:09:42",2139000
5160,40,1000,"sd","14:09:27",2138600
5170,50,400,"bu","14:09:27",2137600
5160,40,500,"sd","14:09:01",2137200
5180,60,100,"bu","14:08:22",2136700
5180,60,200,"bu","14:07:46",2136600
5180,60,2000,"bu","14:07:27",2136400
5160,40,100,"sd","14:06:42",2134400
5160,40,300,"sd","14:06:42",2134300
5160,40,200,"sd","14:06:42",2134000
5160,40,200,"sd","14:06:42",2133800
5160,40,100,"sd","14:06:42",2133600
5160,40,400,"sd","14:06:42",2133500
5160,40,400,"sd","14:06:42",2133100
5160,40,4300,"sd","14:06:42",2132700
5170,50,800,"sd","14:06:40",2128400
5170,50,500,"bu","14:06:00",2127600
5170,50,100,"bu","14:06:00",2127100
5170,50,600,"bu","14:06:00",2127000
5170,50,200,"bu","14:05:49",2126400
5170,50,2000,"sd","14:05:01",2126200
5170,50,2200,"sd","14:05:01",2124200
5170,50,7500,"sd","14:05:00",2122000
5180,60,1000,"bu","14:04:36",2114500
5170,50,300,"sd","14:04:33",2113500
5170,50,1700,"sd","14:04:33",2113200
5180,60,300,"sd","14:03:30",2111500
5180,60,500,"bu","14:03:26",2111200
5180,60,100,"bu","14:03:26",2110700
5180,60,100,"bu","14:03:26",2110600
5170,50,1000,"sd","14:03:06",2110500
5170,50,400,"sd","14:02:51",2109500
5170,50,11800,"sd","14:02:34",2109100
5170,50,100,"sd","14:02:34",2097300
5170,50,100,"sd","14:02:34",2097200
5170,50,2000,"sd","14:02:34",2097100
5180,60,100,"sd","14:01:13",2095100
5180,60,700,"sd","14:00:25",2095000
5190,70,3000,"bu","14:00:16",2094300
5180,60,2000,"sd","14:00:06",2091300
5180,60,900,"sd","14:00:06",2089300
5180,60,30000,"sd","14:00:06",2088400
5180,60,5000,"sd","14:00:06",2058400
5180,60,100,"sd","14:00:06",2053400
5190,70,100,"bu","13:59:08",2053300
5190,70,100,"bu","13:56:44",2053200
5190,70,1000,"bu","13:56:30",2053100
5190,70,200,"bu","13:54:39",2052100
5190,70,400,"bu","13:54:29",2051900
5190,70,100,"bu","13:53:43",2051500
5180,60,100,"sd","13:51:50",2051400
5190,70,200,"sd","13:50:59",2051300
5190,70,100,"sd","13:50:59",2051100
5190,70,100,"sd","13:50:59",2051000
5190,70,100,"sd","13:50:29",2050900
5200,80,1000,"sd","13:49:37",2050800
5200,80,1000,"sd","13:49:37",2049800
5200,80,4500,"sd","13:49:37",2048800
5200,80,500,"sd","13:49:36",2044300
5210,90,200,"sd","13:48:34",2043800
5210,90,2000,"sd","13:48:34",2043600
5240,120,2400,"bu","13:46:41",2041600
5240,120,7600,"bu","13:46:41",2039200
5240,120,2400,"sd","13:45:21",2031600
5240,120,100,"sd","13:44:56",2029200
5240,120,100,"bu","13:44:17",2029100
5240,120,400,"bu","13:44:17",2029000
5240,120,2500,"bu","13:44:17",2028600
5230,110,100,"bu","13:44:11",2026100
5230,110,600,"bu","13:44:11",2026000
5230,110,3800,"bu","13:44:11",2025400
5220,100,100,"bu","13:44:06",2021600
5220,100,1000,"bu","13:44:06",2021500
5220,100,400,"bu","13:44:06",2020500
5220,100,100,"bu","13:44:06",2020100
5220,100,4300,"bu","13:44:06",2020000
5220,100,1100,"bu","13:44:06",2015700
5210,90,3000,"sd","13:43:28",2014600
5210,90,2100,"sd","13:43:28",2011600
5210,90,1000,"sd","13:42:52",2009500
5210,90,1900,"bu","13:42:52",2008500
5200,80,100,"sd","13:42:26",2006600
5200,80,200,"sd","13:42:20",2006500
5200,80,100,"bu","13:42:09",2006300
5200,80,500,"bu","13:42:09",2006200
5200,80,100,"bu","13:42:09",2005700
5200,80,9000,"bu","13:42:09",2005600
5200,80,200,"bu","13:42:09",1996600
5200,80,7000,"bu","13:42:09",1996400
5200,80,7900,"bu","13:42:09",1989400
5190,70,1000,"bu","13:41:57",1981500
5190,70,300,"bu","13:41:57",1980500
5180,60,1500,"sd","13:41:55",1980200
5180,60,300,"bu","13:41:12",1978700
5180,60,20000,"bu","13:41:12",1978400
5180,60,10000,"bu","13:41:12",1958400
5180,60,200,"bu","13:41:12",1948400
5170,50,4100,"bu","13:39:10",1948200
5170,50,100,"bu","13:39:07",1944100
5170,50,2000,"bu","13:38:18",1944000
5170,50,200,"sd","13:37:40",1942000
5170,50,100,"sd","13:37:35",1941800
5170,50,300,"sd","13:36:53",1941700
5170,50,200,"sd","13:36:30",1941400
5170,50,300,"bu","13:36:17",1941200
5170,50,100,"bu","13:36:17",1940900
5160,40,900,"sd","13:35:41",1940800
5170,50,100,"bu","13:35:37",1939900
5170,50,400,"bu","13:35:03",1939800
5170,50,200,"bu","13:34:19",1939400
5170,50,1000,"bu","13:33:51",1939200
5170,50,100,"bu","13:33:22",1938200
5170,50,2200,"bu","13:30:48",1938100
5170,50,700,"bu","13:30:48",1935900
5160,40,2000,"sd","13:30:22",1935200
5170,50,500,"sd","13:29:38",1933200
5170,50,8800,"sd","13:29:38",1932700
5170,50,10000,"sd","13:28:51",1923900
5170,50,2000,"sd","13:28:31",1913900
5170,50,5000,"sd","13:27:59",1911900
5170,50,3100,"sd","13:26:49",1906900
5170,50,4900,"sd","13:26:48",1903800
5180,60,500,"bu","13:24:43",1898900
5180,60,200,"bu","13:24:43",1898400
5180,60,3000,"bu","13:24:43",1898200
5180,60,100,"bu","13:24:43",1895200
5180,60,1000,"bu","13:24:43",1895100
5180,60,200,"bu","13:24:43",1894100
5180,60,600,"bu","13:22:33",1893900
5180,60,100,"bu","13:21:14",1893300
5180,60,9100,"bu","13:20:44",1893200
5180,60,10000,"bu","13:20:44",1884100
5180,60,200,"bu","13:20:44",1874100
5180,60,300,"bu","13:20:44",1873900
5180,60,400,"bu","13:20:44",1873600
5170,50,400,"sd","13:20:38",1873200
5170,50,100,"sd","13:20:36",1872800
5170,50,500,"bu","13:20:29",1872700
5170,50,500,"bu","13:20:29",1872200
5170,50,3000,"bu","13:20:29",1871700
5170,50,5000,"bu","13:20:29",1868700
5170,50,1700,"bu","13:20:29",1863700
5170,50,1800,"bu","13:20:29",1862000
5170,50,2000,"bu","13:20:29",1860200
5170,50,1200,"bu","13:20:29",1858200
5170,50,2000,"bu","13:20:22",1857000
5170,50,200,"bu","13:18:40",1855000
5170,50,100,"bu","13:18:27",1854800
5170,50,1300,"bu","13:17:58",1854700
5160,40,800,"sd","13:17:31",1853400
5170,50,100,"bu","13:16:53",1852600
5160,40,300,"sd","13:16:48",1852500
5170,50,100,"sd","13:16:11",1852200
5170,50,200,"sd","13:16:11",1852100
5170,50,300,"sd","13:16:11",1851900
5170,50,1000,"sd","13:16:11",1851600
5170,50,900,"sd","13:16:11",1850600
5170,50,900,"sd","13:16:11",1849700
5170,50,1100,"sd","13:16:04",1848800
5170,50,3900,"sd","13:16:04",1847700
5180,60,100,"bu","13:15:12",1843800
5170,50,300,"sd","13:13:39",1843700
5170,50,800,"sd","13:13:03",1843400
5180,60,1600,"bu","13:12:49",1842600
5170,50,400,"bu","13:12:49",1841000
5170,50,600,"bu","13:12:46",1840600
5170,50,1000,"sd","13:12:41",1840000
5170,50,3000,"sd","13:12:41",1839000
5180,60,900,"bu","13:11:41",1836000
5180,60,200,"bu","13:11:41",1835100
5170,50,900,"bu","13:10:42",1834900
5170,50,3000,"sd","13:10:20",1834000
5170,50,500,"sd","13:10:20",1831000
5170,50,1000,"sd","13:10:20",1830500
5180,60,100,"bu","13:09:47",1829500
5160,40,5100,"sd","13:05:41",1829400
5160,40,8600,"bu","13:05:40",1824300
5160,40,200,"bu","13:05:35",1815700
5150,30,2200,"sd","13:05:34",1815500
5160,40,300,"bu","13:05:32",1813300
5160,40,100,"sd","13:05:15",1813000
5150,30,1100,"sd","13:04:39",1812900
5160,40,2000,"sd","13:04:39",1811800
5160,40,400,"sd","13:04:39",1809800
5160,40,5000,"sd","13:04:39",1809400
5170,50,200,"sd","13:04:39",1804400
5170,50,2000,"sd","13:04:39",1804200
5180,60,200,"sd","13:04:21",1802200
5180,60,200,"sd","13:04:21",1802000
5180,60,1000,"sd","13:04:21",1801800
5180,60,1400,"sd","13:04:21",1800800
5180,60,100,"sd","13:04:17",1799400
5180,60,700,"sd","13:04:17",1799300
5180,60,200,"sd","13:04:05",1798600
5180,60,100,"sd","13:03:31",1798400
5180,60,500,"sd","13:03:25",1798300
5180,60,300,"sd","13:03:25",1797800
5190,70,100,"bu","13:02:44",1797500
5190,70,100,"sd","13:01:26",1797400
5190,70,7000,"sd","13:01:18",1797300
5190,70,5000,"sd","13:01:16",1790300
5190,70,4900,"bu","13:00:32",1785300
5190,70,2500,"bu","13:00:32",1780400
5190,70,500,"bu","13:00:32",1777900
5180,60,100,"sd","13:00:24",1777400
5190,70,1000,"bu","13:00:19",1777300
5190,70,2000,"bu","13:00:18",1776300
5190,70,800,"bu","13:00:13",1774300
5180,60,100,"sd","13:00:11",1773500
5180,60,100,"sd","13:00:11",1773400
5190,70,500,"bu","13:00:08",1773300
5190,70,300,"sd","13:00:06",1772800
5190,70,300,"sd","13:00:06",1772500
5190,70,100,"sd","13:00:06",1772200
5190,70,1700,"sd","13:00:06",1772100
5190,70,3300,"sd","13:00:06",1770400
5190,70,1800,"sd","13:00:06",1767100
5190,70,300,"sd","13:00:00",1765300
5190,70,5000,"sd","11:27:28",1765000
5200,80,100,"bu","11:26:53",1760000
5190,70,2900,"sd","11:26:19",1759900
5190,70,500,"sd","11:26:19",1757000
5190,70,400,"sd","11:26:19",1756500
5190,70,3800,"sd","11:26:18",1756100
5200,80,500,"sd","11:25:45",1752300
5200,80,10000,"sd","11:25:45",1751800
5200,80,100,"sd","11:25:45",1741800
5200,80,200,"sd","11:25:45",1741700
5200,80,1200,"sd","11:25:45",1741500
5200,80,1700,"sd","11:25:25",1740300
5200,80,2000,"sd","11:24:40",1738600
5210,90,100,"bu","11:23:54",1736600
5210,90,300,"bu","11:23:13",1736500
5210,90,200,"bu","11:23:07",1736200
5210,90,100,"sd","11:22:14",1736000
5210,90,2000,"sd","11:21:58",1735900
5210,90,100,"sd","11:21:38",1733900
5210,90,300,"sd","11:21:38",1733800
5200,80,100,"sd","11:17:12",1733500
5190,70,800,"sd","11:11:40",1733400
5190,70,300,"sd","11:11:40",1732600
5200,80,300,"bu","11:10:42",1732300
5190,70,200,"sd","11:10:42",1732000
5200,80,500,"bu","11:10:26",1731800
5200,80,200,"bu","11:10:15",1731300
5200,80,100,"bu","11:10:14",1731100
5200,80,200,"sd","11:09:57",1731000
5200,80,300,"sd","11:09:57",1730800
5200,80,200,"sd","11:09:33",1730500
5200,80,800,"sd","11:09:33",1730300
5220,100,200,"bu","11:09:23",1729500
5220,100,100,"bu","11:08:48",1729300
5220,100,500,"bu","11:08:25",1729200
5200,80,700,"sd","11:08:08",1728700
5210,90,100,"unknown","11:07:07",1728000
5210,90,500,"bu","11:07:07",1727900
5210,90,100,"bu","11:06:02",1727400
5210,90,100,"bu","11:04:49",1727300
5190,70,2500,"sd","11:02:51",1727200
5190,70,500,"sd","11:02:51",1724700
5210,90,1000,"bu","11:02:50",1724200
5210,90,100,"bu","11:02:29",1723200
5200,80,500,"sd","11:02:00",1723100
5200,80,100,"sd","11:01:59",1722600
5200,80,400,"sd","11:01:59",1722500
5200,80,500,"sd","11:01:59",1722100
5200,80,5000,"sd","11:01:59",1721600
5200,80,1000,"sd","11:01:59",1716600
5200,80,500,"sd","11:01:59",1715600
5200,80,1800,"sd","11:01:59",1715100
5200,80,100,"sd","11:01:59",1713300
5200,80,14600,"sd","11:01:59",1713200
5200,80,20000,"sd","11:01:59",1698600
5200,80,2000,"sd","11:01:59",1678600
5210,90,3000,"sd","11:01:55",1676600
5210,90,2000,"sd","11:01:55",1673600
5210,90,600,"sd","11:01:55",1671600
5220,100,2800,"sd","11:01:49",1671000
5220,100,2100,"sd","11:01:49",1668200
5220,100,17900,"sd","11:00:00",1666100
5220,100,2000,"sd","11:00:00",1648200
5220,100,100,"sd","11:00:00",1646200
5220,100,2000,"sd","11:00:00",1646100
5230,110,600,"unknown","11:00:00",1644100
5230,110,2000,"unknown","11:00:00",1643500
5230,110,4500,"unknown","11:00:00",1641500
5230,110,1500,"unknown","11:00:00",1637000
5230,110,100,"unknown","11:00:00",1635500
5230,110,200,"unknown","11:00:00",1635400
5230,110,9100,"unknown","11:00:00",1635200
5250,130,100,"bu","10:58:09",1626100
5250,130,1600,"sd","10:57:23",1626000
5250,130,7000,"bu","10:55:02",1624400
5250,130,100,"bu","10:55:02",1617400
5250,130,1300,"bu","10:55:02",1617300
5250,130,3700,"bu","10:53:35",1616000
5250,130,1300,"bu","10:53:35",1612300
5240,120,1900,"bu","10:52:39",1611000
5240,120,100,"sd","10:52:14",1609100
5230,110,600,"sd","10:50:00",1609000
5230,110,300,"sd","10:46:05",1608400
5230,110,700,"sd","10:46:05",1608100
5230,110,300,"sd","10:45:07",1607400
5230,110,2000,"sd","10:43:53",1607100
5240,120,100,"bu","10:43:38",1605100
5240,120,2000,"sd","10:43:26",1605000
5240,120,3900,"sd","10:43:26",1603000
5240,120,6100,"sd","10:43:03",1599100
5240,120,6800,"sd","10:43:03",1593000
5250,130,8700,"sd","10:42:48",1586200
5260,140,6400,"sd","10:42:23",1577500
5270,150,100,"sd","10:42:13",1571100
5280,160,1400,"sd","10:41:05",1571000
5290,170,100,"bu","10:40:19",1569600
5290,170,3000,"bu","10:39:54",1569500
5290,170,700,"bu","10:39:49",1566500
5290,170,2400,"bu","10:39:44",1565800
5280,160,500,"bu","10:39:31",1563400
5280,160,1100,"bu","10:39:31",1562900
5280,160,3900,"bu","10:39:22",1561800
5280,160,1100,"bu","10:39:22",1557900
5280,160,700,"bu","10:39:11",1556800
5270,150,1100,"sd","10:39:11",1556100
5280,160,1300,"bu","10:39:08",1555000
5280,160,3500,"bu","10:39:02",1553700
5280,160,700,"bu","10:38:58",1550200
5270,150,1000,"bu","10:38:53",1549500
5270,150,2900,"bu","10:38:53",1548500
5270,150,700,"bu","10:38:44",1545600
5270,150,1300,"bu","10:38:34",1544900
5260,140,600,"bu","10:38:22",1543600
5260,140,3500,"bu","10:38:13",1543000
5260,140,2300,"bu","10:38:09",1539500
5260,140,3600,"bu","10:38:04",1537200
5260,140,3400,"bu","10:38:04",1533600
5260,140,1600,"bu","10:38:00",1530200
5260,140,2000,"bu","10:37:57",1528600
5260,140,1000,"bu","10:37:57",1526600
5260,140,500,"bu","10:37:57",1525600
5250,130,300,"sd","10:35:12",1525100
5260,140,100,"bu","10:35:02",1524800
5260,140,2400,"bu","10:34:28",1524700
5260,140,4000,"bu","10:34:28",1522300
5260,140,46000,"sd","10:32:31",1518300
5270,150,100,"sd","10:32:25",1472300
5280,160,17700,"sd","10:32:13",1472200
5290,170,3900,"sd","10:32:09",1454500
5290,170,2500,"sd","10:31:58",1450600
5300,180,200,"sd","10:31:01",1448100
5300,180,100,"sd","10:30:55",1447900
5310,190,2400,"sd","10:30:43",1447800
5320,200,15900,"sd","10:30:39",1445400
5320,200,100,"sd","10:30:34",1429500
5330,210,500,"bu","10:30:31",1429400
5330,210,100,"bu","10:30:31",1428900
5330,210,100,"bu","10:30:31",1428800
5320,200,4000,"bu","10:30:24",1428700
5320,200,2600,"bu","10:30:21",1424700
5320,200,300,"bu","10:30:21",1422100
5320,200,1000,"bu","10:30:21",1421800
5320,200,400,"bu","10:30:21",1420800
5320,200,700,"bu","10:30:21",1420400
5320,200,300,"bu","10:30:20",1419700
5320,200,300,"bu","10:30:20",1419400
5320,200,2400,"bu","10:30:20",1419100
5320,200,2600,"bu","10:30:19",1416700
5320,200,1700,"bu","10:30:16",1414100
5320,200,5000,"bu","10:30:15",1412400
5320,200,2600,"bu","10:30:12",1407400
5320,200,100,"bu","10:30:10",1404800
5320,200,5000,"bu","10:30:09",1404700
5310,190,300,"sd","10:30:08",1399700
5320,200,600,"bu","10:30:06",1399400
5320,200,100,"bu","10:30:06",1398800
5310,190,300,"bu","10:30:00",1398700
5310,190,100,"bu","10:30:00",1398400
5310,190,1900,"bu","10:30:00",1398300
5300,180,5000,"sd","10:29:57",1396400
5310,190,600,"bu","10:29:56",1391400
5300,180,4700,"bu","10:29:50",1390800
5300,180,300,"bu","10:29:46",1386100
5300,180,1000,"bu","10:29:46",1385800
5300,180,600,"bu","10:29:46",1384800
5300,180,3100,"bu","10:29:46",1384200
5300,180,2000,"bu","10:29:41",1381100
5300,180,1000,"bu","10:29:38",1379100
5300,180,2500,"bu","10:29:38",1378100
5300,180,700,"bu","10:29:37",1375600
5300,180,700,"bu","10:29:37",1374900
5300,180,200,"bu","10:29:37",1374200
5300,180,1600,"bu","10:29:34",1374000
5300,180,200,"bu","10:29:31",1372400
5300,180,1000,"bu","10:29:31",1372200
5300,180,100,"bu","10:29:31",1371200
5300,180,100,"bu","10:29:31",1371100
5300,180,200,"bu","10:29:31",1371000
5300,180,1300,"bu","10:29:31",1370800
5300,180,500,"bu","10:29:31",1369500
5300,180,5000,"bu","10:29:28",1369000
5300,180,700,"bu","10:29:25",1364000
5300,180,3000,"bu","10:29:22",1363300
5300,180,800,"bu","10:29:18",1360300
5300,180,800,"bu","10:29:18",1359500
5300,180,100,"bu","10:29:14",1358700
5300,180,300,"bu","10:29:14",1358600
5300,180,200,"bu","10:29:14",1358300
5300,180,1000,"bu","10:29:14",1358100
5300,180,300,"bu","10:29:14",1357100
5300,180,500,"bu","10:29:14",1356800
5300,180,100,"bu","10:29:14",1356300
5300,180,10000,"bu","10:29:11",1356200
5300,180,3000,"bu","10:29:11",1346200
5290,170,400,"bu","10:29:11",1343200
5300,180,5000,"bu","10:29:08",1342800
5300,180,1900,"bu","10:29:05",1337800
5300,180,5000,"bu","10:29:05",1335900
5300,180,200,"bu","10:29:05",1330900
5300,180,800,"bu","10:29:05",1330700
5300,180,4900,"bu","10:29:05",1329900
5300,180,1700,"bu","10:28:59",1325000
5290,170,2900,"bu","10:28:59",1323300
5290,170,7900,"sd","10:28:56",1320400
5300,180,2000,"bu","10:28:55",1312500
5300,180,700,"bu","10:28:52",1310500
5290,170,2000,"sd","10:28:51",1309800
5300,180,700,"bu","10:28:49",1307800
5300,180,500,"bu","10:28:49",1307100
5300,180,100,"bu","10:28:49",1306600
5300,180,500,"bu","10:28:49",1306500
5300,180,800,"bu","10:28:49",1306000
5300,180,200,"bu","10:28:46",1305200
5300,180,2000,"bu","10:28:46",1305000
5300,180,100,"bu","10:28:46",1303000
5300,180,300,"bu","10:28:46",1302900
5300,180,800,"bu","10:28:46",1302600
5300,180,200,"bu","10:28:42",1301800
5300,180,500,"bu","10:28:42",1301600
5300,180,500,"bu","10:28:39",1301100
5300,180,500,"bu","10:28:39",1300600
5300,180,1000,"bu","10:28:39",1300100
5300,180,2000,"bu","10:28:39",1299100
5300,180,100,"bu","10:28:39",1297100
5300,180,1000,"bu","10:28:39",1297000
5300,180,2000,"bu","10:28:39",1296000
5300,180,2900,"bu","10:28:39",1294000
5300,180,1600,"bu","10:28:35",1291100
5300,180,5000,"bu","10:28:30",1289500
5300,180,3100,"bu","10:28:17",1284500
5300,180,5000,"bu","10:28:14",1281400
5300,180,700,"bu","10:28:11",1276400
5300,180,1300,"bu","10:28:08",1275700
5300,180,400,"bu","10:28:05",1274400
5300,180,100,"bu","10:28:05",1274000
5300,180,300,"bu","10:28:05",1273900
5290,170,2000,"bu","10:28:00",1273600
5290,170,500,"bu","10:28:00",1271600
5290,170,100,"bu","10:28:00",1271100
5290,170,500,"bu","10:28:00",1271000
5290,170,100,"bu","10:28:00",1270500
5290,170,5000,"bu","10:28:00",1270400
5290,170,100,"bu","10:28:00",1265400
5290,170,2000,"bu","10:28:00",1265300
5290,170,200,"bu","10:28:00",1263300
5290,170,200,"bu","10:28:00",1263100
5290,170,200,"bu","10:28:00",1262900
5290,170,4000,"bu","10:28:00",1262700
5290,170,200,"bu","10:28:00",1258700
5280,160,2000,"bu","10:27:53",1258500
5280,160,1000,"bu","10:27:53",1256500
5280,160,300,"bu","10:27:53",1255500
5280,160,100,"bu","10:27:53",1255200
5280,160,100,"bu","10:27:53",1255100
5280,160,5000,"bu","10:27:53",1255000
5280,160,600,"bu","10:27:53",1250000
5280,160,200,"bu","10:27:53",1249400
5280,160,200,"bu","10:27:53",1249200
5280,160,100,"bu","10:27:53",1249000
5280,160,2700,"bu","10:27:53",1248900
5280,160,1300,"bu","10:27:49",1246200
5280,160,500,"bu","10:27:49",1244900
5280,160,4700,"bu","10:27:49",1244400
5280,160,300,"bu","10:27:45",1239700
5280,160,200,"bu","10:27:45",1239400
5280,160,300,"bu","10:27:42",1239200
5280,160,1300,"bu","10:27:42",1238900
5280,160,800,"bu","10:27:39",1237600
5270,150,1000,"sd","10:27:03",1236800
5280,160,2100,"bu","10:26:54",1235800
5280,160,2500,"bu","10:26:49",1233700
5280,160,800,"bu","10:26:45",1231200
5270,150,1000,"bu","10:26:39",1230400
5270,150,600,"bu","10:26:39",1229400
5270,150,100,"bu","10:26:39",1228800
5270,150,100,"bu","10:26:39",1228700
5270,150,100,"bu","10:26:39",1228600
5270,150,2500,"bu","10:26:34",1228500
5270,150,700,"bu","10:26:29",1226000
5270,150,3000,"bu","10:26:24",1225300
5270,150,700,"bu","10:26:18",1222300
5270,150,100,"bu","10:26:17",1221600
5260,140,100,"sd","10:26:16",1221500
5270,150,1600,"bu","10:26:14",1221400
5270,150,100,"bu","10:26:08",1219800
5270,150,600,"bu","10:26:03",1219700
5270,150,1500,"bu","10:25:58",1219100
5270,150,600,"bu","10:25:52",1217600
5260,140,1600,"bu","10:25:36",1217000
5250,130,1200,"bu","10:25:15",1215400
5250,130,18800,"bu","10:25:09",1214200
5250,130,1200,"bu","10:25:09",1195400
5250,130,700,"bu","10:24:48",1194200
5250,130,1600,"bu","10:24:43",1193500
5240,120,5100,"bu","10:24:09",1191900
5240,120,1800,"bu","10:23:32",1186800
5240,120,2000,"bu","10:23:20",1185000
5240,120,900,"bu","10:23:15",1183000
5230,110,8300,"bu","10:22:11",1182100
5220,100,1000,"sd","10:21:46",1173800
5220,100,100,"bu","10:21:18",1172800
5220,100,1200,"bu","10:21:18",1172700
5220,100,10000,"bu","10:20:40",1171500
5220,100,2000,"bu","10:20:24",1161500
5220,100,5000,"bu","10:20:23",1159500
5220,100,200,"bu","10:20:13",1154500
5210,90,1200,"bu","10:20:05",1154300
5210,90,200,"bu","10:19:58",1153100
5210,90,100,"bu","10:19:55",1152900
5210,90,500,"bu","10:19:52",1152800
5210,90,300,"bu","10:19:45",1152300
5210,90,100,"bu","10:19:44",1152000
5210,90,10000,"bu","10:19:40",1151900
5210,90,1300,"bu","10:19:15",1141900
5210,90,500,"bu","10:18:28",1140600
5200,80,2000,"sd","10:18:25",1140100
5200,80,1200,"bu","10:18:20",1138100
5200,80,500,"bu","10:18:20",1136900
5200,80,1900,"bu","10:18:12",1136400
5200,80,1000,"bu","10:18:10",1134500
5200,80,100,"bu","10:17:57",1133500
5200,80,1900,"bu","10:17:57",1133400
5200,80,2500,"bu","10:17:57",1131500
5200,80,100,"unknown","10:17:57",1129000
5200,80,100,"sd","10:17:57",1128900
5200,80,400,"sd","10:17:57",1128800
5200,80,300,"sd","10:17:57",1128400
5200,80,10000,"sd","10:17:57",1128100
5210,90,300,"sd","10:17:52",1118100
5210,90,10000,"sd","10:17:52",1117800
5210,90,500,"sd","10:17:52",1107800
5220,100,155000,"sd","10:17:40",1107300
5220,100,10000,"sd","10:17:40",952300
5220,100,100,"sd","10:17:40",942300
5220,100,2000,"sd","10:17:40",942200
5220,100,5000,"sd","10:17:40",940200
5220,100,500,"sd","10:17:40",935200
5220,100,1200,"sd","10:17:40",934700
5220,100,3000,"sd","10:17:40",933500
5220,100,1000,"sd","10:17:40",930500
5220,100,2000,"sd","10:17:40",929500
5220,100,300,"sd","10:17:40",927500
5220,100,100,"sd","10:17:40",927200
5220,100,400,"sd","10:17:40",927100
5220,100,200,"sd","10:17:40",926700
5220,100,300,"sd","10:17:40",926500
5220,100,500,"sd","10:17:40",926200
5230,110,41700,"bu","10:17:37",925700
5240,120,200,"sd","10:17:31",884000
5240,120,2000,"sd","10:17:31",883800
5240,120,13000,"sd","10:17:31",881800
5260,140,3900,"bu","10:17:10",868800
5250,130,1100,"bu","10:17:10",864900
5250,130,2000,"sd","10:17:09",863800
5250,130,800,"sd","10:17:09",861800
5250,130,6100,"sd","10:17:09",861000
5260,140,1500,"sd","10:17:02",854900
5260,140,500,"bu","10:16:37",853400
5260,140,5000,"bu","10:16:35",852900
5270,150,100,"bu","10:16:11",847900
5250,130,3900,"bu","10:16:00",847800
5250,130,600,"sd","10:15:52",843900
5250,130,2000,"sd","10:15:52",843300
5250,130,1700,"sd","10:15:52",841300
5250,130,8300,"sd","10:15:52",839600
5260,140,600,"bu","10:15:48",831300
5250,130,1700,"bu","10:15:06",830700
5250,130,3300,"sd","10:14:51",829000
5260,140,2200,"sd","10:14:43",825700
5260,140,4200,"sd","10:14:43",823500
5270,150,1600,"sd","10:14:26",819300
5270,150,4100,"sd","10:14:25",817700
5270,150,2700,"sd","10:14:25",813600
5280,160,700,"bu","10:14:23",810900
5280,160,3500,"bu","10:14:19",810200
5280,160,1700,"bu","10:14:14",806700
5280,160,600,"bu","10:14:10",805000
5270,150,500,"bu","10:13:59",804400
5270,150,100,"bu","10:13:59",803900
5270,150,500,"bu","10:13:59",803800
5270,150,800,"bu","10:13:59",803300
5260,140,100,"sd","10:13:59",802500
5270,150,1000,"bu","10:13:52",802400
5270,150,2800,"bu","10:13:47",801400
5270,150,1300,"bu","10:13:44",798600
5260,140,2500,"sd","10:13:40",797300
5270,150,4100,"bu","10:13:38",794800
5270,150,500,"bu","10:13:38",790700
5270,150,100,"bu","10:13:38",790200
5270,150,300,"bu","10:13:38",790100
5260,140,600,"bu","10:13:26",789800
5260,140,1500,"bu","10:13:26",789200
5260,140,3000,"bu","10:13:20",787700
5260,140,1600,"bu","10:13:16",784700
5260,140,900,"bu","10:13:16",783100
5250,130,2500,"sd","10:13:15",782200
5260,140,700,"bu","10:13:11",779700
5260,140,1400,"bu","10:13:04",779000
5260,140,500,"bu","10:13:04",777600
5260,140,700,"bu","10:13:04",777100
5250,130,6200,"bu","10:12:44",776400
5250,130,5000,"bu","10:12:24",770200
5240,120,2800,"bu","10:11:34",765200
5230,110,8300,"bu","10:11:27",762400
5230,110,6000,"sd","10:09:41",754100
5230,110,200,"sd","10:09:41",748100
5230,110,5000,"sd","10:09:41",747900
5230,110,20000,"sd","10:09:41",742900
5230,110,500,"sd","10:09:41",722900
5240,120,1800,"bu","10:09:16",722400
5240,120,2500,"bu","10:09:11",720600
5240,120,3400,"bu","10:09:07",718100
5240,120,2500,"bu","10:09:03",714700
5240,120,700,"bu","10:08:58",712200
5240,120,100,"bu","10:08:56",711500
5240,120,1200,"sd","10:08:52",711400
5240,120,1300,"bu","10:08:47",710200
5240,120,1000,"bu","10:08:37",708900
5240,120,1600,"bu","10:08:29",707900
5240,120,900,"bu","10:08:21",706300
5240,120,1700,"bu","10:08:14",705400
5240,120,1600,"bu","10:08:06",703700
5240,120,1900,"bu","10:08:01",702100
5240,120,1100,"bu","10:08:01",700200
5240,120,800,"bu","10:07:57",699100
5240,120,100,"bu","10:07:56",698300
5240,120,2900,"bu","10:07:56",698200
5240,120,5000,"bu","10:07:51",695300
5240,120,100,"bu","10:07:04",690300
5240,120,200,"bu","10:06:42",690200
5240,120,2000,"sd","10:06:08",690000
5240,120,500,"sd","10:06:08",688000
5240,120,3500,"sd","10:06:08",687500
5240,120,5000,"sd","10:06:08",684000
5240,120,100,"sd","10:06:08",679000
5240,120,3000,"sd","10:06:08",678900
5240,120,2700,"sd","10:06:08",675900
5250,130,11000,"sd","10:06:00",673200
5250,130,1600,"sd","10:06:00",662200
5250,130,7000,"sd","10:06:00",660600
5250,130,4200,"sd","10:06:00",653600
5260,140,1300,"bu","10:05:42",649400
5260,140,100,"bu","10:05:42",648100
5260,140,100,"bu","10:05:42",648000
5260,140,300,"bu","10:05:34",647900
5260,140,100,"bu","10:05:28",647600
5260,140,700,"bu","10:05:28",647500
5250,130,100,"sd","10:05:25",646800
5260,140,500,"bu","10:05:22",646700
5250,130,700,"bu","10:04:05",646200
5250,130,400,"bu","10:04:00",645500
5250,130,2000,"bu","10:03:57",645100
5250,130,1700,"bu","10:03:35",643100
5250,130,100,"bu","10:03:27",641400
5250,130,200,"bu","10:03:27",641300
5250,130,800,"bu","10:03:15",641100
5250,130,200,"bu","10:03:15",640300
5250,130,2000,"bu","10:03:15",640100
5250,130,100,"bu","10:03:03",638100
5250,130,400,"bu","10:03:01",638000
5250,130,100,"bu","10:03:01",637600
5250,130,1500,"bu","10:01:26",637500
5250,130,2000,"bu","10:00:51",636000
5250,130,700,"bu","10:00:33",634000
5250,130,700,"sd","10:00:23",633300
5250,130,200,"sd","10:00:06",632600
5250,130,100,"bu","09:59:41",632400
5250,130,1000,"bu","09:59:40",632300
5250,130,300,"bu","09:59:03",631300
5250,130,100,"bu","09:59:03",631000
5240,120,100,"sd","09:58:40",630900
5240,120,100,"sd","09:58:22",630800
5240,120,100,"sd","09:55:46",630700
5260,140,18700,"bu","09:53:29",630600
5250,130,1300,"bu","09:53:29",611900
5260,140,100,"sd","09:52:35",610600
5260,140,900,"bu","09:51:55",610500
5260,140,2600,"bu","09:51:47",609600
5260,140,700,"bu","09:51:43",607000
5240,120,2000,"bu","09:51:26",606300
5240,120,300,"bu","09:51:17",604300
5240,120,2000,"bu","09:51:15",604000
5240,120,100,"sd","09:50:41",602000
5240,120,3000,"sd","09:50:41",601900
5240,120,28900,"sd","09:50:41",598900
5250,130,500,"sd","09:50:41",570000
5250,130,3200,"sd","09:50:41",569500
5250,130,200,"bu","09:50:28",566300
5250,130,2600,"bu","09:50:28",566100
5240,120,8000,"bu","09:50:16",563500
5240,120,3400,"bu","09:50:16",555500
5240,120,1500,"bu","09:49:11",552100
5240,120,3000,"bu","09:48:31",550600
5230,110,500,"sd","09:48:30",547600
5240,120,300,"bu","09:48:21",547100
5230,110,9200,"bu","09:48:08",546800
5230,110,2000,"bu","09:47:57",537600
5230,110,1800,"sd","09:47:44",535600
5230,110,2000,"sd","09:47:44",533800
5230,110,1000,"sd","09:47:44",531800
5230,110,9000,"sd","09:47:44",530800
5240,120,5000,"sd","09:47:34",521800
5240,120,10000,"sd","09:47:34",516800
5240,120,20000,"sd","09:47:34",506800
5240,120,6800,"sd","09:47:34",486800
5250,130,500,"sd","09:47:27",480000
5250,130,1000,"sd","09:47:27",479500
5250,130,4000,"sd","09:47:27",478500
5250,130,6900,"sd","09:47:27",474500
5260,140,2000,"sd","09:47:20",467600
5260,140,3800,"sd","09:47:20",465600
5270,150,200,"sd","09:47:01",461800
5270,150,100,"sd","09:46:58",461600
5270,150,100,"sd","09:46:54",461500
5280,160,1000,"bu","09:46:52",461400
5270,150,300,"bu","09:46:16",460400
5270,150,1300,"bu","09:46:16",460100
5260,140,100,"sd","09:45:23",458800
5270,150,600,"bu","09:45:14",458700
5270,150,1500,"bu","09:45:09",458100
5270,150,700,"bu","09:45:00",456600
5270,150,5000,"bu","09:44:52",455900
5260,140,1100,"bu","09:44:52",450900
5260,140,5000,"bu","09:44:48",449800
5260,140,600,"bu","09:44:45",444800
5260,140,3000,"sd","09:44:38",444200
5260,140,300,"sd","09:44:38",441200
5270,150,100,"bu","09:44:35",440900
5260,140,100,"bu","09:44:29",440800
5260,140,2000,"bu","09:44:27",440700
5260,140,700,"bu","09:44:27",438700
5260,140,1400,"bu","09:44:23",438000
5260,140,600,"bu","09:44:19",436600
5260,140,2000,"bu","09:44:16",436000
5260,140,1300,"bu","09:43:58",434000
5260,140,3700,"sd","09:43:41",432700
5270,150,6800,"sd","09:43:16",429000
5280,160,800,"bu","09:43:10",422200
5280,160,800,"bu","09:43:02",421400
5280,160,6600,"sd","09:42:56",420600
5280,160,1700,"sd","09:42:56",414000
5280,160,1000,"bu","09:42:47",412300
5280,160,300,"bu","09:42:47",411300
5280,160,1500,"bu","09:42:43",411000
5280,160,200,"bu","09:42:38",409500
5280,160,300,"bu","09:42:38",409300
5280,160,100,"bu","09:42:32",409000
5280,160,100,"bu","09:42:23",408900
5280,160,800,"bu","09:42:18",408800
5280,160,700,"bu","09:42:10",408000
5280,160,200,"bu","09:42:10",407300
5280,160,800,"bu","09:42:08",407100
5280,160,4200,"bu","09:42:08",406300
5280,160,700,"bu","09:42:05",402100
5270,150,600,"bu","09:41:54",401400
5270,150,2000,"bu","09:41:54",400800
5270,150,200,"bu","09:41:49",398800
5270,150,600,"bu","09:41:45",398600
5270,150,1600,"bu","09:41:40",398000
5270,150,1300,"bu","09:41:23",396400
5270,150,600,"bu","09:41:15",395100
5270,150,100,"bu","09:41:11",394500
5270,150,1700,"bu","09:41:11",394400
5270,150,600,"bu","09:41:07",392700
5270,150,3000,"bu","09:41:04",392100
5270,150,700,"bu","09:41:00",389100
5260,140,200,"bu","09:40:54",388400
5260,140,1100,"bu","09:40:54",388200
5260,140,800,"bu","09:40:48",387100
5260,140,2600,"bu","09:40:42",386300
5260,140,1400,"sd","09:40:36",383700
5260,140,300,"sd","09:40:36",382300
5260,140,1700,"bu","09:40:27",382000
5260,140,1500,"bu","09:40:26",380300
5260,140,700,"bu","09:40:23",378800
5260,140,500,"bu","09:40:21",378100
5260,140,600,"sd","09:40:18",377600
5260,140,1400,"bu","09:40:13",377000
5260,140,600,"bu","09:40:08",375600
5260,140,1000,"bu","09:39:58",375000
5260,140,300,"bu","09:39:58",374000
5260,140,700,"bu","09:39:58",373700
5260,140,1700,"bu","09:39:34",373000
5260,140,600,"bu","09:39:26",371300
5270,150,200,"sd","09:39:20",370700
5270,150,5000,"sd","09:39:20",370500
5270,150,3800,"sd","09:39:20",365500
5280,160,10000,"sd","09:39:13",361700
5280,160,1100,"sd","09:39:13",351700
5290,170,200,"bu","09:39:07",350600
5290,170,500,"bu","09:39:07",350400
5280,160,1600,"sd","09:39:04",349900
5280,160,1000,"sd","09:39:04",348300
5290,170,3000,"bu","09:39:03",347300
5290,170,600,"bu","09:38:58",344300
5290,170,1000,"bu","09:38:47",343700
5280,160,3300,"bu","09:38:43",342700
5280,160,5000,"bu","09:38:40",339400
5280,160,600,"bu","09:38:36",334400
5280,160,1100,"sd","09:38:32",333800
5280,160,1000,"bu","09:38:28",332700
5280,160,900,"bu","09:38:28",331700
5280,160,700,"bu","09:38:22",330800
5280,160,400,"bu","09:38:17",330100
5280,160,1000,"bu","09:38:17",329700
5280,160,200,"bu","09:38:16",328700
5280,160,300,"bu","09:38:12",328500
5280,160,400,"bu","09:38:12",328200
5280,160,600,"bu","09:38:06",327800
5280,160,200,"bu","09:38:06",327200
5280,160,1000,"bu","09:38:06",327000
5280,160,200,"bu","09:38:06",326000
5270,150,500,"sd","09:37:58",325800
5270,150,100,"sd","09:37:54",325300
5270,150,600,"bu","09:37:43",325200
5270,150,700,"bu","09:37:37",324600
5270,150,500,"bu","09:37:36",323900
5260,140,10000,"sd","09:37:33",323400
5270,150,3000,"bu","09:37:30",313400
5270,150,200,"sd","09:37:25",310400
5270,150,1400,"bu","09:37:18",310200
5270,150,5000,"bu","09:37:16",308800
5270,150,300,"bu","09:37:12",303800
5270,150,2500,"bu","09:37:06",303500
5270,150,600,"bu","09:37:03",301000
5270,150,200,"sd","09:36:58",300400
5270,150,1000,"bu","09:36:54",300200
5270,150,1000,"bu","09:36:54",299200
5270,150,1000,"bu","09:36:54",298200
5270,150,1000,"bu","09:36:54",297200
5270,150,500,"bu","09:36:54",296200
5270,150,300,"bu","09:36:54",295700
5270,150,700,"bu","09:36:51",295400
5260,140,1000,"sd","09:36:43",294700
5260,140,100,"bu","09:36:42",293700
5260,140,1000,"bu","09:36:42",293600
5260,140,700,"bu","09:36:36",292600
5260,140,3000,"bu","09:36:32",291900
5260,140,500,"bu","09:36:27",288900
5260,140,1600,"sd","09:36:21",288400
5260,140,500,"sd","09:36:17",286800
5260,140,1000,"bu","09:36:16",286300
5260,140,500,"bu","09:36:16",285300
5260,140,400,"bu","09:36:16",284800
5250,130,100,"bu","09:36:04",284400
5250,130,900,"bu","09:36:01",284300
5250,130,4100,"bu","09:36:01",283400
5250,130,700,"bu","09:36:00",279300
5250,130,2000,"bu","09:35:56",278600
5250,130,600,"bu","09:35:52",276600
5250,130,1800,"bu","09:35:52",276000
5250,130,300,"sd","09:35:47",274200
5250,130,500,"sd","09:35:47",273900
5250,130,100,"sd","09:35:42",273400
5260,140,600,"bu","09:35:12",273300
5260,140,900,"bu","09:35:12",272700
5250,130,100,"sd","09:35:08",271800
5260,140,1000,"bu","09:34:54",271700
5250,130,900,"sd","09:34:50",270700
5250,130,1000,"sd","09:34:33",269800
5250,130,5000,"bu","09:34:03",268800
5250,130,700,"bu","09:34:03",263800
5250,130,500,"bu","09:34:03",263100
5250,130,100,"bu","09:34:03",262600
5250,130,1000,"bu","09:34:03",262500
5250,130,100,"bu","09:34:03",261500
5240,120,1000,"sd","09:33:51",261400
5240,120,200,"sd","09:33:41",260400
5240,120,100,"sd","09:33:11",260200
5240,120,1000,"bu","09:32:57",260100
5230,110,200,"sd","09:32:30",259100
5230,110,800,"sd","09:32:20",258900
5230,110,1000,"sd","09:32:20",258100
5230,110,200,"sd","09:32:20",257100
5240,120,1000,"bu","09:31:53",256900
5250,130,1000,"bu","09:31:20",255900
5250,130,2000,"bu","09:31:20",254900
5250,130,1000,"bu","09:31:20",252900
5250,130,900,"bu","09:31:20",251900
5250,130,100,"bu","09:31:20",251000
5250,130,600,"bu","09:31:20",250900
5250,130,400,"bu","09:31:05",250300
5250,130,1000,"bu","09:31:05",249900
5250,130,9600,"bu","09:31:05",248900
5250,130,400,"bu","09:30:26",239300
5250,130,1000,"bu","09:30:26",238900
5250,130,100,"bu","09:30:26",237900
5240,120,400,"sd","09:30:23",237800
5240,120,10000,"sd","09:30:20",237400
5240,120,100,"bu","09:29:51",227400
5240,120,1000,"bu","09:29:41",227300
5230,110,2000,"sd","09:29:31",226300
5230,110,2000,"sd","09:29:31",224300
5230,110,2000,"sd","09:29:04",222300
5230,110,8000,"sd","09:28:40",220300
5240,120,2500,"sd","09:28:40",212300
5250,130,1000,"bu","09:28:26",209800
5240,120,1000,"sd","09:28:01",208800
5250,130,900,"bu","09:27:35",207800
5250,130,1800,"bu","09:27:35",206900
5250,130,500,"bu","09:27:35",205100
5250,130,2300,"bu","09:27:35",204600
5250,130,400,"bu","09:27:35",202300
5250,130,500,"bu","09:27:35",201900
5250,130,500,"bu","09:27:35",201400
5240,120,200,"bu","09:27:20",200900
5240,120,300,"bu","09:27:20",200700
5240,120,1000,"bu","09:27:20",200400
5240,120,500,"bu","09:27:17",199400
5240,120,500,"bu","09:27:17",198900
5230,110,100,"bu","09:27:07",198400
5230,110,200,"sd","09:26:58",198300
5230,110,100,"sd","09:26:50",198100
5230,110,4000,"bu","09:26:31",198000
5230,110,1800,"bu","09:26:31",194000
5230,110,5000,"bu","09:26:31",192200
5230,110,3900,"bu","09:26:31",187200
5230,110,200,"bu","09:26:15",183300
5230,110,15000,"bu","09:26:01",183100
5230,110,500,"bu","09:25:23",168100
5220,100,100,"sd","09:25:21",167600
5220,100,1900,"sd","09:25:21",167500
5230,110,400,"sd","09:25:01",165600
5230,110,500,"sd","09:24:53",165200
5230,110,100,"sd","09:24:52",164700
5230,110,1500,"sd","09:23:48",164600
5230,110,1000,"bu","09:23:30",163100
5230,110,7500,"bu","09:23:30",162100
5220,100,2000,"sd","09:23:07",154600
5220,100,4000,"sd","09:22:43",152600
5220,100,2000,"sd","09:22:39",148600
5230,110,2500,"bu","09:22:22",146600
5230,110,100,"bu","09:22:22",144100
5230,110,1000,"bu","09:22:22",144000
5230,110,6400,"bu","09:22:22",143000
5220,100,100,"sd","09:22:12",136600
5220,100,3900,"sd","09:22:12",136500
5220,100,1100,"sd","09:22:12",132600
5220,100,3900,"sd","09:22:12",131500
5220,100,100,"sd","09:22:09",127600
5220,100,1000,"sd","09:21:55",127500
5220,100,200,"sd","09:21:55",126500
5230,110,500,"bu","09:21:11",126300
5230,110,200,"sd","09:21:07",125800
5230,110,500,"sd","09:21:07",125600
5230,110,2000,"sd","09:21:07",125100
5230,110,400,"sd","09:21:07",123100
5230,110,5000,"sd","09:21:07",122700
5250,130,500,"sd","09:20:02",117700
5250,130,2500,"sd","09:19:59",117200
5250,130,1000,"sd","09:19:50",114700
5260,140,100,"sd","09:19:38",113700
5280,160,100,"bu","09:19:31",113600
5280,160,500,"bu","09:19:31",113500
5280,160,200,"bu","09:19:31",113000
5280,160,1000,"bu","09:19:31",112800
5280,160,600,"bu","09:19:31",111800
5280,160,400,"bu","09:18:56",111200
5290,170,4900,"bu","09:18:24",110800
5290,170,100,"bu","09:18:24",105900
5290,170,100,"bu","09:17:47",105800
5280,160,100,"bu","09:17:47",105700
5290,170,300,"sd","09:17:23",105600
5290,170,100,"sd","09:17:13",105300
5290,170,400,"sd","09:16:57",105200
5290,170,200,"bu","09:16:57",104800
5230,110,2700,"sd","09:16:05",104600
5230,110,300,"sd","09:16:05",101900
5220,100,500,"sd","09:15:30",101600
5220,100,7300,"sd","09:15:10",101100
5220,100,5000,"sd","09:15:05",93800
5220,100,5000,"sd","09:15:05",88800
5220,100,2000,"sd","09:15:05",83800
5330,210,3000,"sd","09:15:05",81800
5350,230,78800,"bu","09:15:00",78800
