"price","change","match_qtty","side","time","total_vol"
11600,-100,26100,"unknown","14:45:01",500400
11600,-100,4000,"sd","14:28:13",474300
11600,-100,600,"sd","14:28:01",470300
11600,-100,800,"sd","14:28:01",469700
11600,-100,1700,"sd","14:26:07",468900
11600,-100,500,"sd","14:25:06",467200
11600,-100,1000,"bu","14:23:04",466700
11600,-100,3000,"bu","14:22:48",465700
11600,-100,100,"bu","14:22:38",462700
11600,-100,200,"bu","14:22:38",462600
11600,-100,100,"sd","14:22:17",462400
11600,-100,20000,"sd","14:22:17",462300
11600,-100,800,"sd","14:22:17",442300
11600,-100,200,"sd","14:22:17",441500
11600,-100,100,"sd","14:22:17",441300
11600,-100,100,"sd","14:22:17",441200
11600,-100,100,"sd","14:22:17",441100
11600,-100,300,"sd","14:22:17",441000
11600,-100,100,"sd","14:22:17",440700
11600,-100,1000,"sd","14:22:17",440600
11600,-100,400,"sd","14:22:17",439600
11600,-100,4100,"sd","14:22:17",439200
11650,-50,1000,"bu","14:22:09",435100
11650,-50,1000,"sd","14:21:42",434100
11650,-50,200,"sd","14:21:39",433100
11650,-50,2800,"sd","14:21:39",432900
11650,-50,2000,"sd","14:21:35",430100
11650,-50,200,"sd","14:21:12",428100
11700,0,6400,"sd","14:20:34",427900
11700,0,10000,"sd","14:20:24",421500
11700,0,1700,"sd","14:20:03",411500
11700,0,1900,"bu","14:19:34",409800
11700,0,9700,"sd","14:14:15",407900
11700,0,300,"bu","14:13:27",398200
11700,0,1200,"bu","14:12:58",397900
11700,0,1700,"bu","14:12:58",396700
11700,0,100,"bu","14:12:58",395000
11600,-100,900,"bu","14:08:40",394900
11600,-100,500,"sd","14:08:27",394000
11600,-100,1200,"sd","14:08:27",393500
11600,-100,500,"sd","14:08:27",392300
11600,-100,300,"sd","14:08:27",391800
11600,-100,200,"sd","14:07:07",391500
11600,-100,200,"sd","14:07:06",391300
11600,-100,5000,"sd","14:07:06",391100
11650,-50,100,"sd","14:07:06",386100
11650,-50,500,"sd","14:07:06",386000
11650,-50,100,"sd","14:07:04",385500
11650,-50,200,"sd","14:06:26",385400
11650,-50,100,"sd","14:06:04",385200
11650,-50,100,"sd","14:05:09",385100
11650,-50,200,"sd","13:59:10",385000
11650,-50,4600,"bu","13:57:40",384800
11650,-50,3000,"sd","13:54:48",380200
11650,-50,300,"sd","13:54:48",377200
11650,-50,2000,"sd","13:54:48",376900
11650,-50,400,"sd","13:53:23",374900
11650,-50,1800,"sd","13:52:26",374500
11650,-50,500,"sd","13:52:26",372700
11650,-50,700,"sd","13:52:26",372200
11700,0,1000,"bu","13:44:20",371500
11700,0,5000,"bu","13:42:46",370500
11700,0,100,"bu","13:41:34",365500
11650,-50,200,"bu","13:40:34",365400
11650,-50,400,"bu","13:40:34",365200
11650,-50,700,"bu","13:40:34",364800
11600,-100,100,"sd","13:40:28",364100
11600,-100,21000,"sd","13:40:28",364000
11600,-100,100,"sd","13:40:28",343000
11600,-100,100,"sd","13:40:28",342900
11600,-100,1000,"sd","13:40:28",342800
11600,-100,300,"sd","13:40:28",341800
11650,-50,600,"bu","13:40:25",341500
11650,-50,100,"bu","13:40:19",340900
11650,-50,10000,"bu","13:40:15",340800
11650,-50,1000,"bu","13:40:04",330800
11650,-50,800,"bu","13:38:59",329800
11600,-100,600,"sd","13:38:45",329000
11600,-100,100,"sd","13:38:31",328400
11600,-100,4000,"sd","13:36:28",328300
11600,-100,500,"sd","13:36:28",324300
11600,-100,500,"sd","13:36:28",323800
11600,-100,2000,"sd","13:36:28",323300
11600,-100,700,"sd","13:36:28",321300
11600,-100,500,"sd","13:36:28",320600
11600,-100,1000,"sd","13:36:28",320100
11600,-100,100,"sd","13:36:28",319100
11600,-100,400,"sd","13:36:28",319000
11600,-100,5000,"sd","13:36:28",318600
11600,-100,5000,"sd","13:36:28",313600
11600,-100,100,"sd","13:36:28",308600
11600,-100,900,"sd","13:35:28",308500
11600,-100,200,"sd","13:35:28",307600
11650,-50,400,"bu","13:35:18",307400
11650,-50,100,"bu","13:33:07",307000
11650,-50,100,"sd","13:32:08",306900
11650,-50,5500,"sd","13:32:08",306800
11650,-50,100,"sd","13:32:08",301300
11650,-50,400,"sd","13:32:08",301200
11650,-50,200,"sd","13:32:08",300800
11650,-50,200,"sd","13:32:08",300600
11650,-50,1000,"sd","13:32:08",300400
11650,-50,1000,"sd","13:32:08",299400
11650,-50,900,"sd","13:32:08",298400
11650,-50,3200,"sd","13:32:08",297500
11700,0,1000,"bu","13:30:53",294300
11700,0,100,"bu","13:30:43",293300
11700,0,100,"bu","13:30:30",293200
11700,0,700,"sd","13:30:17",293100
11700,0,400,"sd","13:30:02",292400
11650,-50,5800,"sd","13:29:25",292000
11650,-50,1000,"sd","13:27:09",286200
11650,-50,900,"sd","13:27:09",285200
11650,-50,100,"sd","13:27:09",284300
11700,0,600,"sd","13:23:15",284200
11700,0,200,"sd","13:23:15",283600
11700,0,200,"sd","13:23:15",283400
11700,0,100,"sd","13:23:15",283200
11700,0,2100,"sd","13:23:15",283100
11700,0,100,"sd","13:21:58",281000
11700,0,800,"sd","13:21:49",280900
11700,0,1200,"sd","13:21:49",280100
11700,0,100,"sd","13:21:07",278900
11750,50,600,"bu","13:17:16",278800
11750,50,1000,"bu","13:14:56",278200
11700,0,300,"sd","13:08:38",277200
11750,50,1000,"bu","13:06:04",276900
11700,0,100,"sd","13:00:06",275900
11800,100,1000,"bu","13:00:01",275800
11750,50,400,"bu","11:22:32",274800
11750,50,600,"bu","11:22:13",274400
11700,0,100,"sd","11:16:44",273800
11700,0,400,"sd","11:16:44",273700
11700,0,900,"sd","11:16:44",273300
11700,0,100,"sd","11:16:44",272400
11700,0,200,"sd","11:16:44",272300
11700,0,100,"sd","11:16:44",272100
11700,0,100,"sd","11:16:44",272000
11700,0,10000,"sd","11:16:44",271900
11700,0,200,"sd","11:16:44",261900
11700,0,100,"sd","11:16:44",261700
11700,0,1000,"sd","11:16:44",261600
11700,0,1000,"sd","11:16:44",260600
11750,50,700,"sd","11:14:21",259600
11750,50,300,"bu","11:12:33",258900
11750,50,2000,"bu","11:12:33",258600
11750,50,200,"sd","11:06:41",256600
11750,50,1200,"sd","11:06:41",256400
11750,50,1000,"sd","11:06:41",255200
11750,50,400,"sd","11:06:41",254200
11750,50,20000,"sd","11:06:41",253800
11750,50,700,"sd","11:06:41",233800
11750,50,2000,"sd","11:06:41",233100
11750,50,1600,"sd","11:06:41",231100
11750,50,100,"sd","11:06:41",229500
11750,50,500,"sd","11:06:41",229400
11750,50,1000,"sd","11:06:41",228900
11800,100,200,"bu","11:05:16",227900
11750,50,100,"sd","11:02:17",227700
11750,50,100,"sd","10:58:34",227600
11750,50,100,"sd","10:47:47",227500
11800,100,800,"sd","10:42:13",227400
11800,100,200,"sd","10:41:51",226600
11800,100,1000,"sd","10:41:51",226400
11800,100,5000,"sd","10:41:51",225400
11800,100,4800,"sd","10:41:51",220400
11800,100,500,"sd","10:41:34",215600
11800,100,800,"sd","10:41:09",215100
11850,150,200,"bu","10:40:35",214300
11800,100,700,"sd","10:37:59",214100
11800,100,200,"sd","10:37:46",213400
11800,100,300,"sd","10:37:21",213200
11850,150,2000,"bu","10:35:28",212900
11850,150,500,"bu","10:35:04",210900
11850,150,600,"sd","10:33:31",210400
11850,150,1400,"sd","10:33:26",209800
11850,150,3000,"sd","10:33:26",208400
11850,150,2600,"sd","10:33:26",205400
11850,150,300,"sd","10:33:00",202800
11850,150,200,"sd","10:30:32",202500
11850,150,100,"sd","10:29:55",202300
11850,150,200,"sd","10:29:12",202200
11850,150,1000,"sd","10:28:49",202000
11850,150,100,"sd","10:28:32",201000
11850,150,500,"sd","10:27:27",200900
11850,150,500,"sd","10:27:27",200400
11850,150,100,"sd","10:24:28",199900
11850,150,2100,"sd","10:24:21",199800
11850,150,1000,"sd","10:24:00",197700
11850,150,1000,"sd","10:22:39",196700
11850,150,2000,"sd","10:21:24",195700
11850,150,100,"sd","10:20:12",193700
11850,150,500,"bu","10:19:54",193600
11850,150,900,"bu","10:19:54",193100
11850,150,1000,"bu","10:19:54",192200
11850,150,800,"bu","10:19:54",191200
11850,150,200,"bu","10:19:34",190400
11850,150,1000,"bu","10:19:34",190200
11850,150,1000,"bu","10:19:34",189200
11850,150,200,"bu","10:19:34",188200
11850,150,100,"bu","10:19:34",188000
11850,150,5000,"bu","10:19:34",187900
11850,150,1000,"bu","10:19:34",182900
11850,150,1500,"bu","10:19:34",181900
11800,100,100,"sd","10:18:08",180400
11800,100,1000,"sd","10:17:51",180300
11800,100,1600,"bu","10:17:07",179300
11800,100,100,"sd","10:16:40",177700
11800,100,1000,"sd","10:16:40",177600
11800,100,100,"sd","10:16:40",176600
11800,100,8200,"sd","10:16:40",176500
11800,100,1200,"sd","10:16:06",168300
11800,100,600,"sd","10:15:40",167100
11800,100,1100,"sd","10:15:40",166500
11850,150,3500,"bu","10:14:44",165400
11850,150,300,"bu","10:14:44",161900
11850,150,100,"bu","10:14:44",161600
11850,150,1700,"bu","10:14:44",161500
11850,150,300,"bu","10:10:24",159800
11800,100,1500,"sd","10:10:10",159500
11800,100,1000,"sd","10:08:28",158000
11800,100,2000,"sd","10:08:18",157000
11800,100,100,"sd","10:07:47",155000
11800,100,4300,"bu","10:07:32",154900
11750,50,500,"sd","10:07:15",150600
11800,100,9100,"sd","10:06:19",150100
11800,100,100,"sd","10:05:55",141000
11800,100,300,"sd","10:05:33",140900
11800,100,500,"bu","10:04:31",140600
11800,100,100,"bu","10:02:31",140100
11800,100,200,"bu","10:02:31",140000
11800,100,3700,"bu","10:02:31",139800
11800,100,100,"bu","10:02:01",136100
11800,100,100,"bu","10:01:08",136000
11800,100,100,"sd","10:00:34",135900
11800,100,1000,"sd","10:00:34",135800
11800,100,100,"sd","10:00:20",134800
11800,100,900,"sd","10:00:20",134700
11800,100,200,"sd","09:59:53",133800
11800,100,18900,"sd","09:59:41",133600
11800,100,11100,"sd","09:59:41",114700
11800,100,1000,"sd","09:58:37",103600
11800,100,100,"sd","09:57:23",102600
11800,100,1000,"sd","09:56:41",102500
11850,150,1000,"unknown","09:55:33",101500
11850,150,100,"sd","09:53:41",100500
11850,150,100,"sd","09:53:28",100400
11850,150,100,"bu","09:53:04",100300
11850,150,300,"bu","09:53:04",100200
11850,150,1000,"bu","09:53:04",99900
11850,150,2400,"bu","09:53:04",98900
11850,150,2600,"sd","09:51:43",96500
11850,150,500,"bu","09:51:37",93900
11850,150,100,"bu","09:51:37",93400
11850,150,300,"bu","09:51:37",93300
11850,150,10000,"bu","09:51:37",93000
11850,150,1000,"bu","09:51:37",83000
11850,150,100,"bu","09:51:37",82000
11850,150,500,"bu","09:51:37",81900
11850,150,3600,"bu","09:51:37",81400
11850,150,100,"bu","09:51:37",77800
11850,150,100,"bu","09:51:37",77700
11850,150,300,"bu","09:51:37",77600
11850,150,800,"bu","09:51:37",77300
11850,150,500,"bu","09:51:22",76500
11800,100,200,"sd","09:51:12",76000
11800,100,1000,"sd","09:50:04",75800
11800,100,500,"sd","09:48:07",74800
11800,100,100,"sd","09:47:08",74300
11800,100,300,"sd","09:46:56",74200
11800,100,5200,"sd","09:44:44",73900
11850,150,200,"bu","09:44:41",68700
11800,100,500,"bu","09:42:45",68500
11800,100,2800,"bu","09:42:45",68000
11800,100,600,"bu","09:42:20",65200
11800,100,1000,"sd","09:41:59",64600
11800,100,300,"sd","09:41:59",63600
11800,100,300,"sd","09:41:59",63300
11800,100,600,"sd","09:40:25",63000
11800,100,100,"sd","09:40:25",62400
11800,100,100,"sd","09:40:25",62300
11800,100,200,"sd","09:40:25",62200
11800,100,500,"sd","09:37:24",62000
11800,100,300,"sd","09:37:20",61500
11800,100,700,"sd","09:35:55",61200
11800,100,300,"sd","09:35:55",60500
11800,100,400,"sd","09:35:33",60200
11800,100,2200,"sd","09:35:16",59800
11800,100,200,"sd","09:33:42",57600
11800,100,100,"sd","09:32:26",57400
11800,100,600,"bu","09:32:02",57300
11800,100,200,"bu","09:32:02",56700
11800,100,5000,"bu","09:32:02",56500
11800,100,1000,"bu","09:32:02",51500
11800,100,2000,"bu","09:30:04",50500
11800,100,2600,"bu","09:29:29",48500
11800,100,500,"sd","09:29:04",45900
11800,100,3000,"sd","09:29:04",45400
11800,100,2000,"sd","09:29:04",42400
11800,100,500,"sd","09:29:04",40400
11800,100,200,"sd","09:29:04",39900
11850,150,200,"bu","09:28:18",39700
11850,150,500,"sd","09:27:09",39500
11850,150,500,"bu","09:26:44",39000
11900,200,3700,"bu","09:26:32",38500
11900,200,300,"bu","09:26:32",34800
11850,150,4000,"unknown","09:26:32",34500
11900,200,200,"bu","09:25:42",30500
11900,200,1500,"bu","09:22:49",30300
11900,200,500,"bu","09:22:49",28800
11900,200,3000,"bu","09:22:49",28300
11900,200,400,"bu","09:22:45",25300
11900,200,300,"bu","09:22:18",24900
11800,100,200,"bu","09:22:18",24600
11800,100,300,"bu","09:21:07",24400
11900,200,6300,"bu","09:21:07",24100
11900,200,100,"bu","09:21:07",17800
11900,200,2800,"bu","09:21:07",17700
11800,100,500,"bu","09:21:07",14900
11800,100,1700,"bu","09:21:04",14400
11800,100,200,"bu","09:21:04",12700
11800,100,100,"bu","09:21:04",12500
11900,200,400,"bu","09:19:22",12400
11800,100,100,"bu","09:19:22",12000
11900,200,400,"bu","09:17:27",11900
11900,200,1400,"bu","09:17:16",11500
11900,200,100,"bu","09:17:16",10100
11900,200,100,"bu","09:17:16",10000
11900,200,100,"bu","09:17:16",9900
11900,200,300,"bu","09:17:16",9800
11750,50,300,"sd","09:15:40",9500
11800,100,500,"sd","09:15:40",9200
11750,50,100,"sd","09:15:10",8700
11750,50,100,"sd","09:15:10",8600
11900,200,8500,"bu","09:15:01",8500
