"price","change","match_qtty","side","time","total_vol"
15250,600,100,"bu","14:29:46",127100
15200,550,5000,"bu","14:29:46",127000
15200,550,1400,"bu","14:29:46",122000
15200,550,300,"bu","14:29:09",120600
15200,550,2000,"bu","14:29:09",120300
15200,550,100,"bu","14:29:09",118300
15200,550,100,"bu","14:29:09",118200
15200,550,1400,"bu","14:29:09",118100
15150,500,5000,"bu","14:29:09",116700
15150,500,1000,"bu","14:29:09",111700
15100,450,5000,"bu","14:29:09",110700
15000,350,100,"bu","14:29:09",105700
15000,350,4900,"bu","14:29:09",105600
14950,300,100,"bu","14:29:09",100700
14700,50,200,"unknown","14:23:44",100600
14700,50,100,"bu","14:22:14",100400
14700,50,100,"sd","14:21:18",100300
14700,50,200,"sd","14:21:18",100200
14700,50,300,"sd","14:21:18",100000
14750,100,200,"sd","14:21:18",99700
14800,150,100,"sd","14:21:18",99500
15000,350,100,"bu","14:04:56",99400
15200,550,500,"bu","09:47:16",99300
15150,500,6000,"bu","09:47:16",98800
15150,500,3500,"bu","09:46:56",92800
15150,500,1500,"bu","09:43:14",89300
15150,500,1500,"bu","09:42:36",87800
15150,500,5500,"bu","09:42:36",86300
15150,500,4500,"bu","09:40:17",80800
15100,450,2000,"bu","09:40:17",76300
15150,500,2500,"bu","09:39:09",74300
15200,550,500,"bu","09:37:08",71800
15150,500,5000,"bu","09:37:08",71300
15200,550,200,"bu","09:35:31",66300
15150,500,5000,"bu","09:35:31",66100
15150,500,100,"bu","09:35:31",61100
15150,500,2000,"bu","09:35:31",61000
15150,500,1500,"bu","09:35:31",59000
15150,500,2500,"bu","09:30:10",57500
15250,600,500,"bu","09:21:31",55000
15200,550,10000,"bu","09:21:31",54500
15250,600,500,"bu","09:20:53",44500
15200,550,5000,"bu","09:20:53",44000
15200,550,500,"bu","09:20:53",39000
15250,600,500,"bu","09:20:06",38500
15200,550,5000,"bu","09:20:06",38000
15300,650,500,"bu","09:19:30",33000
15250,600,4500,"bu","09:19:30",32500
15250,600,500,"bu","09:19:19",28000
15200,550,3000,"bu","09:19:19",27500
15200,550,1000,"bu","09:19:19",24500
15150,500,1000,"bu","09:19:19",23500
15150,500,1000,"bu","09:19:19",22500
15150,500,1000,"bu","09:19:19",21500
15300,650,4100,"bu","09:16:54",20500
15300,650,100,"bu","09:16:54",16400
15200,550,100,"bu","09:16:54",16300
15000,350,1000,"bu","09:16:54",16200
15000,350,1000,"bu","09:16:54",15200
14950,300,1200,"bu","09:16:54",14200
14950,300,3800,"bu","09:16:17",13000
14900,250,1000,"bu","09:16:17",9200
14850,200,2700,"bu","09:16:17",8200
14850,200,300,"bu","09:15:36",5500
14850,200,200,"bu","09:15:36",5200
14800,150,4500,"bu","09:15:36",5000
14650,0,500,"bu","09:15:36",500
