"price","change","match_qtty","side","time","total_vol"
13.55,0.85,800,"bu","14:45:01",1039300
13.55,0.85,3600,"sd","14:28:10",1038500
13.55,0.85,1000,"sd","14:28:10",1034900
13.55,0.85,400,"sd","14:28:10",1033900
13.55,0.85,2600,"sd","14:25:47",1033500
13.55,0.85,400,"sd","14:25:47",1030900
13.55,0.85,5000,"sd","14:25:04",1030500
13.55,0.85,2000,"sd","14:24:56",1025500
13.55,0.85,500,"sd","14:24:37",1023500
13.55,0.85,2600,"sd","14:24:37",1023000
13.55,0.85,500,"sd","14:24:37",1020400
13.55,0.85,300,"sd","14:24:37",1019900
13.55,0.85,10000,"sd","14:24:37",1019600
13.55,0.85,1500,"sd","14:24:37",1009600
13.55,0.85,6000,"sd","14:24:37",1008100
13.55,0.85,30000,"sd","14:24:37",1002100
13.55,0.85,21600,"sd","14:24:37",972100
13.55,0.85,7000,"sd","14:24:37",950500
13.55,0.85,100,"sd","14:22:38",943500
13.55,0.85,500,"sd","14:20:30",943400
13.55,0.85,5000,"sd","14:18:24",942900
13.55,0.85,100,"sd","14:11:54",937900
13.55,0.85,100,"sd","14:09:36",937800
13.55,0.85,100,"sd","14:09:21",937700
13.55,0.85,2500,"sd","14:07:53",937600
13.55,0.85,4000,"sd","14:07:53",935100
13.55,0.85,200,"sd","13:49:30",931100
13.55,0.85,900,"sd","13:48:33",930900
13.55,0.85,1000,"sd","13:46:54",930000
13.55,0.85,100,"sd","13:42:03",929000
13.55,0.85,400,"sd","13:34:59",928900
13.55,0.85,800,"sd","13:32:52",928500
13.55,0.85,200,"sd","13:31:40",927700
13.55,0.85,2000,"sd","13:28:27",927500
13.55,0.85,400,"sd","13:26:03",925500
13.55,0.85,1600,"sd","13:26:03",925100
13.55,0.85,100,"sd","13:24:41",923500
13.55,0.85,100,"sd","13:24:21",923400
13.55,0.85,200,"sd","13:24:07",923300
13.55,0.85,200,"sd","13:19:46",923100
13.55,0.85,4700,"bu","13:17:55",922900
13.55,0.85,500,"bu","13:17:55",918200
13.55,0.85,100,"bu","13:17:55",917700
13.55,0.85,100,"bu","13:17:55",917600
13.55,0.85,900,"bu","13:17:55",917500
13.55,0.85,5000,"bu","13:17:55",916600
13.55,0.85,400,"bu","13:17:55",911600
13.55,0.85,100,"bu","13:17:55",911200
13.55,0.85,100,"bu","13:17:55",911100
13.55,0.85,300,"bu","13:17:55",911000
13.55,0.85,200,"bu","13:17:55",910700
13.55,0.85,3700,"bu","13:17:55",910500
13.55,0.85,200,"bu","13:17:55",906800
13.55,0.85,400,"bu","13:17:55",906600
13.55,0.85,3500,"bu","13:17:55",906200
13.55,0.85,300,"bu","13:17:55",902700
13.55,0.85,100,"bu","13:17:55",902400
13.55,0.85,800,"bu","13:17:55",902300
13.55,0.85,1000,"bu","13:17:55",901500
13.55,0.85,2000,"bu","13:17:54",900500
13.55,0.85,100,"bu","13:17:54",898500
13.55,0.85,1000,"bu","13:17:54",898400
13.55,0.85,1000,"bu","13:17:54",897400
13.55,0.85,100,"bu","13:17:54",896400
13.55,0.85,100,"bu","13:17:54",896300
13.55,0.85,300,"bu","13:17:54",896200
13.55,0.85,1000,"bu","13:17:54",895900
13.55,0.85,300,"bu","13:17:54",894900
13.55,0.85,500,"bu","13:17:54",894600
13.55,0.85,200,"bu","13:17:54",894100
13.55,0.85,100,"bu","13:17:54",893900
13.55,0.85,100,"bu","13:17:54",893800
13.55,0.85,11000,"bu","13:17:54",893700
13.55,0.85,1000,"bu","13:17:54",882700
13.55,0.85,2000,"bu","13:17:54",881700
13.55,0.85,1000,"bu","13:17:54",879700
13.55,0.85,100,"bu","13:17:54",878700
13.55,0.85,1000,"bu","13:17:54",878600
13.55,0.85,200,"bu","13:17:54",877600
13.55,0.85,500,"bu","13:17:54",877400
13.55,0.85,500,"bu","13:17:54",876900
13.55,0.85,100,"bu","13:17:54",876400
13.55,0.85,50000,"bu","13:17:54",876300
13.55,0.85,500,"bu","13:17:54",826300
13.55,0.85,4000,"bu","13:17:54",825800
13.55,0.85,100,"bu","13:17:54",821800
13.55,0.85,200,"bu","13:17:54",821700
13.55,0.85,5000,"bu","13:17:54",821500
13.55,0.85,1400,"bu","13:17:54",816500
13.55,0.85,3600,"bu","13:17:50",815100
13.55,0.85,500,"bu","13:17:50",811500
13.55,0.85,100,"bu","13:17:50",811000
13.55,0.85,18000,"bu","13:17:50",810900
13.55,0.85,100,"bu","13:17:50",792900
13.55,0.85,500,"bu","13:17:50",792800
13.55,0.85,1000,"bu","13:17:50",792300
13.55,0.85,500,"bu","13:17:50",791300
13.55,0.85,200,"bu","13:17:50",790800
13.55,0.85,3000,"bu","13:17:50",790600
13.55,0.85,300,"bu","13:17:50",787600
13.55,0.85,100,"bu","13:17:50",787300
13.55,0.85,3700,"bu","13:17:50",787200
13.55,0.85,100,"bu","13:17:50",783500
13.55,0.85,14000,"bu","13:17:50",783400
13.55,0.85,200,"bu","13:17:50",769400
13.55,0.85,500,"bu","13:17:50",769200
13.55,0.85,5000,"bu","13:17:50",768700
13.55,0.85,8500,"bu","13:17:50",763700
13.55,0.85,1000,"bu","13:17:50",755200
13.55,0.85,200,"bu","13:17:50",754200
13.55,0.85,300,"bu","13:17:50",754000
13.55,0.85,2000,"bu","13:17:50",753700
13.55,0.85,500,"bu","13:17:50",751700
13.55,0.85,100,"bu","13:17:50",751200
13.55,0.85,1000,"bu","13:17:50",751100
13.55,0.85,1000,"bu","13:17:50",750100
13.55,0.85,2000,"bu","13:17:33",749100
13.55,0.85,2000,"bu","13:17:08",747100
13.55,0.85,20000,"bu","13:17:00",745100
13.5,0.8,4500,"bu","13:15:01",725100
13.5,0.8,200,"bu","13:14:51",720600
13.5,0.8,300,"bu","13:14:28",720400
13.5,0.8,500,"bu","13:14:28",720100
13.5,0.8,1200,"bu","13:14:28",719600
13.5,0.8,2000,"bu","13:14:14",718400
13.5,0.8,1000,"bu","13:13:48",716400
13.45,0.75,1000,"bu","13:13:37",715400
13.45,0.75,1000,"bu","13:13:12",714400
13.45,0.75,3500,"sd","13:13:10",713400
13.45,0.75,10000,"sd","13:13:10",709900
13.45,0.75,1000,"sd","13:13:10",699900
13.45,0.75,1300,"sd","13:13:10",698900
13.5,0.8,1000,"bu","13:13:09",697600
13.5,0.8,9800,"bu","13:12:38",696600
13.5,0.8,200,"bu","13:12:38",686800
13.45,0.75,8700,"bu","13:11:40",686600
13.45,0.75,2000,"bu","13:11:18",677900
13.45,0.75,500,"sd","13:11:06",675900
13.45,0.75,100,"sd","13:11:06",675400
13.45,0.75,100,"sd","13:11:06",675300
13.45,0.75,200,"sd","13:11:06",675200
13.45,0.75,200,"sd","13:11:06",675000
13.45,0.75,1000,"sd","13:11:06",674800
13.45,0.75,200,"sd","13:11:06",673800
13.45,0.75,2000,"sd","13:11:06",673600
13.45,0.75,2500,"sd","13:11:06",671600
13.45,0.75,800,"sd","13:11:06",669100
13.45,0.75,1700,"sd","13:11:06",668300
13.45,0.75,4000,"sd","13:09:27",666600
13.5,0.8,2900,"bu","13:09:04",662600
13.5,0.8,500,"bu","13:09:00",659700
13.5,0.8,400,"bu","13:08:38",659200
13.5,0.8,200,"bu","13:08:33",658800
13.5,0.8,1000,"bu","13:08:22",658600
13.5,0.8,5000,"bu","13:08:22",657600
13.5,0.8,1000,"bu","13:07:33",652600
13.5,0.8,5000,"bu","13:07:33",651600
13.5,0.8,100,"bu","13:07:33",646600
13.5,0.8,300,"bu","13:07:33",646500
13.5,0.8,2600,"bu","13:07:33",646200
13.5,0.8,500,"bu","13:06:47",643600
13.5,0.8,500,"bu","13:04:48",643100
13.5,0.8,200,"sd","13:04:01",642600
13.5,0.8,1200,"sd","13:04:01",642400
13.5,0.8,700,"bu","13:04:00",641200
13.5,0.8,3100,"bu","13:04:00",640500
13.5,0.8,100,"sd","13:03:33",637400
13.5,0.8,1800,"sd","13:03:33",637300
13.5,0.8,5000,"sd","13:03:19",635500
13.5,0.8,100,"sd","13:03:15",630500
13.5,0.8,3100,"bu","13:03:13",630400
13.5,0.8,1000,"bu","13:03:09",627300
13.5,0.8,300,"bu","13:03:06",626300
13.5,0.8,500,"bu","13:02:54",626000
13.5,0.8,100,"sd","13:02:38",625500
13.55,0.85,2300,"bu","13:02:34",625400
13.5,0.8,3700,"bu","13:02:34",623100
13.5,0.8,100,"bu","13:02:26",619400
13.5,0.8,100,"bu","13:02:26",619300
13.5,0.8,1100,"bu","13:02:26",619200
13.5,0.8,1000,"sd","13:02:06",618100
13.55,0.85,1100,"bu","13:02:00",617100
13.5,0.8,2900,"sd","13:00:24",616000
13.5,0.8,2000,"sd","13:00:24",613100
13.5,0.8,100,"sd","13:00:24",611100
13.5,0.8,500,"unknown","13:00:09",611000
13.5,0.8,1600,"unknown","13:00:09",610500
13.5,0.8,500,"sd","13:00:02",608900
13.5,0.8,300,"sd","13:00:02",608400
13.5,0.8,500,"sd","13:00:02",608100
13.5,0.8,300,"bu","13:00:01",607600
13.55,0.85,10000,"bu","13:00:01",607300
13.5,0.8,800,"bu","13:00:01",597300
13.45,0.75,1300,"sd","13:00:00",596500
13.5,0.8,10000,"sd","11:29:47",595200
13.5,0.8,3900,"sd","11:29:47",585200
13.5,0.8,500,"sd","11:28:39",581300
13.5,0.8,5000,"bu","11:28:38",580800
13.5,0.8,600,"bu","11:28:38",575800
13.5,0.8,700,"bu","11:27:34",575200
13.5,0.8,3700,"bu","11:27:11",574500
13.5,0.8,1300,"bu","11:27:11",570800
13.5,0.8,400,"bu","11:27:07",569500
13.5,0.8,3300,"sd","11:24:22",569100
13.5,0.8,1000,"bu","11:24:15",565800
13.5,0.8,100,"sd","11:24:03",564800
13.5,0.8,2800,"sd","11:24:03",564700
13.5,0.8,100,"sd","11:24:03",561900
13.5,0.8,1000,"sd","11:24:03",561800
13.5,0.8,400,"sd","11:23:19",560800
13.5,0.8,1000,"sd","11:22:11",560400
13.5,0.8,5000,"sd","11:19:30",559400
13.5,0.8,500,"sd","11:19:09",554400
13.5,0.8,4100,"sd","11:18:44",553900
13.5,0.8,200,"sd","11:17:41",549800
13.5,0.8,2800,"bu","11:16:08",549600
13.5,0.8,200,"bu","11:15:57",546800
13.5,0.8,400,"sd","11:15:48",546600
13.55,0.85,3500,"bu","11:14:43",546200
13.55,0.85,100,"bu","11:14:41",542700
13.5,0.8,1000,"sd","11:14:41",542600
13.5,0.8,700,"sd","11:14:41",541600
13.55,0.85,700,"bu","11:13:52",540900
13.55,0.85,100,"bu","11:13:52",540200
13.55,0.85,5000,"bu","11:13:37",540100
13.55,0.85,100,"bu","11:12:12",535100
13.55,0.85,300,"bu","11:11:58",535000
13.55,0.85,100,"bu","11:11:22",534700
13.55,0.85,4900,"bu","11:10:54",534600
13.55,0.85,500,"bu","11:10:19",529700
13.55,0.85,100,"bu","11:09:59",529200
13.55,0.85,6900,"bu","11:09:41",529100
13.55,0.85,3000,"bu","11:09:41",522200
13.55,0.85,100,"bu","11:09:41",519200
13.55,0.85,200,"bu","11:08:22",519100
13.55,0.85,1000,"bu","11:08:22",518900
13.55,0.85,100,"bu","11:08:22",517900
13.55,0.85,200,"bu","11:08:22",517800
13.5,0.8,100,"sd","11:08:14",517600
13.5,0.8,900,"bu","11:07:59",517500
13.5,0.8,1100,"bu","11:07:51",516600
13.5,0.8,500,"bu","11:07:51",515500
13.5,0.8,500,"bu","11:07:51",515000
13.5,0.8,2500,"bu","11:07:51",514500
13.5,0.8,200,"bu","11:07:37",512000
13.5,0.8,100,"bu","11:07:37",511800
13.5,0.8,200,"bu","11:07:37",511700
13.5,0.8,700,"bu","11:07:37",511500
13.5,0.8,900,"bu","11:06:54",510800
13.5,0.8,3000,"bu","11:06:54",509900
13.5,0.8,200,"bu","11:06:54",506900
13.5,0.8,200,"bu","11:06:54",506700
13.5,0.8,5000,"bu","11:06:54",506500
13.5,0.8,500,"bu","11:06:54",501500
13.5,0.8,100,"bu","11:06:54",501000
13.5,0.8,1000,"bu","11:06:54",500900
13.5,0.8,500,"bu","11:06:54",499900
13.5,0.8,100,"bu","11:06:54",499400
13.5,0.8,2000,"bu","11:06:54",499300
13.5,0.8,100,"bu","11:06:54",497300
13.5,0.8,500,"bu","11:06:54",497200
13.5,0.8,4400,"bu","11:06:54",496700
13.5,0.8,400,"bu","11:06:54",492300
13.5,0.8,1000,"bu","11:06:54",491900
13.5,0.8,100,"bu","11:06:54",490900
13.5,0.8,600,"bu","11:01:27",490800
13.5,0.8,200,"bu","11:01:27",490200
13.5,0.8,100,"bu","11:01:27",490000
13.5,0.8,100,"bu","11:01:27",489900
13.5,0.8,100,"bu","10:59:52",489800
13.5,0.8,200,"bu","10:59:52",489700
13.45,0.75,300,"bu","10:59:17",489500
13.45,0.75,500,"bu","10:59:17",489200
13.45,0.75,2200,"bu","10:59:17",488700
13.45,0.75,2000,"bu","10:59:06",486500
13.45,0.75,500,"bu","10:58:02",484500
13.45,0.75,500,"bu","10:57:43",484000
13.45,0.75,800,"bu","10:55:13",483500
13.45,0.75,2000,"bu","10:54:16",482700
13.4,0.7,500,"sd","10:53:20",480700
13.4,0.7,1200,"bu","10:53:19",480200
13.4,0.7,3000,"bu","10:53:09",479000
13.4,0.7,1000,"bu","10:52:37",476000
13.3,0.6,1000,"sd","10:52:16",475000
13.4,0.7,2000,"sd","10:51:30",474000
13.4,0.7,8000,"sd","10:51:30",472000
13.4,0.7,400,"sd","10:51:30",464000
13.4,0.7,4400,"sd","10:51:30",463600
13.45,0.75,2000,"bu","10:51:21",459200
13.4,0.7,100,"sd","10:49:27",457200
13.45,0.75,100,"sd","10:48:46",457100
13.5,0.8,100,"bu","10:48:36",457000
13.45,0.75,9900,"bu","10:48:18",456900
13.45,0.75,100,"bu","10:48:13",447000
13.45,0.75,100,"bu","10:47:32",446900
13.4,0.7,500,"sd","10:47:17",446800
13.45,0.75,1000,"bu","10:46:11",446300
13.45,0.75,100,"bu","10:46:11",445300
13.45,0.75,8900,"bu","10:46:11",445200
13.45,0.75,1100,"bu","10:45:35",436300
13.45,0.75,100,"bu","10:45:35",435200
13.45,0.75,200,"bu","10:44:46",435100
13.45,0.75,200,"bu","10:42:59",434900
13.45,0.75,800,"bu","10:42:17",434700
13.45,0.75,1500,"bu","10:42:17",433900
13.45,0.75,200,"bu","10:42:17",432400
13.45,0.75,100,"bu","10:42:17",432200
13.45,0.75,200,"bu","10:42:17",432100
13.45,0.75,2000,"bu","10:42:17",431900
13.45,0.75,2000,"bu","10:42:17",429900
13.45,0.75,200,"bu","10:42:17",427900
13.45,0.75,1000,"bu","10:40:05",427700
13.45,0.75,300,"bu","10:37:50",426700
13.45,0.75,1000,"bu","10:37:19",426400
13.45,0.75,2500,"bu","10:32:56",425400
13.45,0.75,2500,"bu","10:32:56",422900
13.25,0.55,400,"sd","10:32:05",420400
13.25,0.55,600,"sd","10:32:05",420000
13.25,0.55,100,"sd","10:31:09",419400
13.25,0.55,500,"bu","10:30:50",419300
13.25,0.55,3000,"bu","10:30:37",418800
13.25,0.55,300,"sd","10:30:24",415800
13.25,0.55,5000,"sd","10:30:24",415500
13.25,0.55,10600,"sd","10:30:24",410500
13.25,0.55,1000,"sd","10:30:24",399900
13.25,0.55,1000,"sd","10:30:24",398900
13.25,0.55,600,"sd","10:30:24",397900
13.25,0.55,5100,"sd","10:30:24",397300
13.3,0.6,2000,"sd","10:30:24",392200
13.3,0.6,1500,"sd","10:30:24",390200
13.3,0.6,1800,"sd","10:30:24",388700
13.3,0.6,3000,"sd","10:30:24",386900
13.3,0.6,300,"sd","10:30:24",383900
13.3,0.6,3800,"sd","10:30:24",383600
13.35,0.65,10500,"sd","10:30:24",379800
13.4,0.7,900,"sd","10:28:36",369300
13.4,0.7,100,"sd","10:28:29",368400
13.4,0.7,2000,"bu","10:28:13",368300
13.4,0.7,5400,"bu","10:27:51",366300
13.4,0.7,500,"bu","10:27:51",360900
13.4,0.7,2000,"bu","10:27:51",360400
13.4,0.7,100,"bu","10:27:51",358400
13.4,0.7,500,"bu","10:27:51",358300
13.4,0.7,1500,"bu","10:27:51",357800
13.4,0.7,500,"bu","10:27:37",356300
13.4,0.7,500,"bu","10:27:37",355800
13.4,0.7,1000,"bu","10:24:26",355300
13.3,0.6,100,"sd","10:24:14",354300
13.4,0.7,2000,"bu","10:19:40",354200
13.4,0.7,1000,"bu","10:19:06",352200
13.4,0.7,4700,"bu","10:16:46",351200
13.4,0.7,300,"bu","10:16:46",346500
13.3,0.6,1000,"bu","10:15:54",346200
13.3,0.6,100,"bu","10:15:54",345200
13.25,0.55,1300,"sd","10:15:44",345100
13.25,0.55,100,"sd","10:15:44",343800
13.25,0.55,600,"sd","10:12:38",343700
13.3,0.6,200,"bu","10:11:54",343100
13.3,0.6,300,"bu","10:11:54",342900
13.3,0.6,1000,"bu","10:11:46",342600
13.3,0.6,200,"bu","10:11:32",341600
13.25,0.55,2300,"sd","10:11:08",341400
13.25,0.55,100,"sd","10:11:08",339100
13.25,0.55,600,"sd","10:11:08",339000
13.3,0.6,100,"bu","10:10:49",338400
13.25,0.55,2000,"sd","10:10:35",338300
13.3,0.6,400,"bu","10:10:20",336300
13.3,0.6,600,"bu","10:10:20",335900
13.3,0.6,100,"bu","10:08:13",335300
13.3,0.6,100,"bu","10:06:30",335200
13.3,0.6,9800,"bu","10:06:30",335100
13.3,0.6,5000,"unknown","10:06:30",325300
13.3,0.6,500,"sd","10:06:30",320300
13.3,0.6,2000,"sd","10:06:30",319800
13.35,0.65,1000,"sd","10:06:30",317800
13.35,0.65,100,"sd","10:06:30",316800
13.35,0.65,2000,"sd","10:06:30",316700
13.35,0.65,3800,"sd","10:06:30",314700
13.4,0.7,100,"sd","10:05:46",310900
13.4,0.7,100,"sd","10:05:46",310800
13.45,0.75,1700,"bu","10:05:09",310700
13.45,0.75,200,"sd","10:02:30",309000
13.45,0.75,600,"sd","10:02:30",308800
13.45,0.75,5000,"sd","10:02:30",308200
13.5,0.8,500,"bu","10:01:04",303200
13.5,0.8,200,"bu","10:00:46",302700
13.5,0.8,100,"bu","09:59:57",302500
13.5,0.8,200,"bu","09:59:57",302400
13.5,0.8,500,"bu","09:59:54",302200
13.5,0.8,1000,"bu","09:58:46",301700
13.5,0.8,300,"bu","09:58:34",300700
13.5,0.8,200,"bu","09:58:34",300400
13.5,0.8,7600,"bu","09:57:05",300200
13.45,0.75,2000,"bu","09:57:05",292600
13.45,0.75,100,"bu","09:57:05",290600
13.45,0.75,300,"bu","09:57:04",290500
13.45,0.75,5000,"bu","09:56:33",290200
13.4,0.7,900,"bu","09:56:09",285200
13.4,0.7,5000,"sd","09:55:45",284300
13.4,0.7,1700,"sd","09:55:45",279300
13.4,0.7,100,"sd","09:55:13",277600
13.45,0.75,100,"sd","09:54:36",277500
13.45,0.75,100,"sd","09:54:36",277400
13.45,0.75,400,"bu","09:53:56",277300
13.45,0.75,600,"bu","09:53:47",276900
13.45,0.75,500,"bu","09:53:47",276300
13.45,0.75,3900,"bu","09:53:47",275800
13.45,0.75,1000,"bu","09:53:09",271900
13.45,0.75,100,"bu","09:51:44",270900
13.4,0.7,100,"bu","09:50:39",270800
13.4,0.7,100,"bu","09:50:39",270700
13.4,0.7,100,"bu","09:50:33",270600
13.4,0.7,100,"bu","09:49:33",270500
13.4,0.7,100,"bu","09:48:59",270400
13.4,0.7,600,"sd","09:48:58",270300
13.4,0.7,400,"sd","09:48:49",269700
13.4,0.7,1000,"sd","09:48:49",269300
13.4,0.7,200,"sd","09:48:49",268300
13.4,0.7,900,"sd","09:48:49",268100
13.4,0.7,1000,"sd","09:48:49",267200
13.4,0.7,1000,"sd","09:48:48",266200
13.4,0.7,500,"sd","09:48:48",265200
13.4,0.7,100,"sd","09:47:25",264700
13.45,0.75,2500,"bu","09:47:20",264600
13.45,0.75,1000,"bu","09:46:42",262100
13.4,0.7,1000,"sd","09:44:34",261100
13.5,0.8,400,"bu","09:44:33",260100
13.45,0.75,5000,"bu","09:44:33",259700
13.5,0.8,2400,"bu","09:44:33",254700
13.5,0.8,1000,"bu","09:44:33",252300
13.5,0.8,700,"bu","09:44:33",251300
13.5,0.8,500,"bu","09:44:33",250600
13.45,0.75,5000,"sd","09:43:28",250100
13.45,0.75,100,"sd","09:43:28",245100
13.45,0.75,200,"sd","09:43:28",245000
13.45,0.75,700,"sd","09:43:28",244800
13.5,0.8,2600,"bu","09:42:56",244100
13.5,0.8,1400,"bu","09:42:56",241500
13.5,0.8,1600,"bu","09:42:46",240100
13.5,0.8,400,"bu","09:42:46",238500
13.5,0.8,200,"bu","09:42:40",238100
13.5,0.8,100,"bu","09:42:40",237900
13.5,0.8,7700,"sd","09:41:50",237800
13.5,0.8,1600,"sd","09:41:50",230100
13.55,0.85,300,"bu","09:41:41",228500
13.5,0.8,2000,"bu","09:41:27",228200
13.5,0.8,1400,"bu","09:41:27",226200
13.5,0.8,600,"sd","09:41:18",224800
13.5,0.8,500,"bu","09:41:12",224200
13.5,0.8,100,"sd","09:41:08",223700
13.5,0.8,1400,"sd","09:41:08",223600
13.5,0.8,8500,"bu","09:40:57",222200
13.5,0.8,1000,"bu","09:40:46",213700
13.5,0.8,2500,"bu","09:40:44",212700
13.5,0.8,1000,"bu","09:40:44",210200
13.5,0.8,1000,"bu","09:40:44",209200
13.5,0.8,1500,"bu","09:40:44",208200
13.5,0.8,300,"bu","09:40:33",206700
13.5,0.8,1700,"bu","09:40:19",206400
13.5,0.8,1000,"bu","09:40:19",204700
13.5,0.8,2200,"bu","09:40:19",203700
13.5,0.8,5000,"bu","09:40:19",201500
13.5,0.8,100,"bu","09:40:19",196500
13.5,0.8,100,"bu","09:40:18",196400
13.5,0.8,3000,"bu","09:40:14",196300
13.5,0.8,1000,"bu","09:40:08",193300
13.5,0.8,2000,"bu","09:40:08",192300
13.5,0.8,1500,"bu","09:40:02",190300
13.5,0.8,500,"bu","09:40:02",188800
13.45,0.75,1000,"sd","09:39:59",188300
13.5,0.8,100,"bu","09:39:57",187300
13.45,0.75,800,"sd","09:39:53",187200
13.45,0.75,200,"sd","09:39:53",186400
13.5,0.8,1900,"bu","09:39:40",186200
13.45,0.75,100,"bu","09:39:40",184300
13.45,0.75,400,"bu","09:39:40",184200
13.45,0.75,200,"bu","09:39:33",183800
13.45,0.75,200,"bu","09:39:22",183600
13.4,0.7,1400,"sd","09:39:08",183400
13.4,0.7,600,"sd","09:39:08",182000
13.4,0.7,200,"bu","09:39:05",181400
13.4,0.7,1000,"bu","09:39:05",181200
13.4,0.7,500,"bu","09:39:05",180200
13.4,0.7,500,"bu","09:39:05",179700
13.4,0.7,2200,"bu","09:39:05",179200
13.4,0.7,1100,"bu","09:39:00",177000
13.4,0.7,200,"bu","09:38:53",175900
13.4,0.7,2000,"bu","09:38:51",175700
13.4,0.7,4500,"bu","09:38:49",173700
13.4,0.7,500,"bu","09:38:49",169200
13.4,0.7,1500,"bu","09:38:38",168700
13.4,0.7,500,"bu","09:38:38",167200
13.35,0.65,100,"sd","09:38:24",166700
13.4,0.7,400,"bu","09:38:06",166600
13.35,0.65,1100,"sd","09:38:01",166200
13.35,0.65,200,"sd","09:38:01",165100
13.35,0.65,700,"sd","09:38:01",164900
13.4,0.7,500,"bu","09:37:58",164200
13.4,0.7,100,"bu","09:37:56",163700
13.4,0.7,500,"bu","09:37:50",163600
13.4,0.7,8000,"bu","09:37:50",163100
13.35,0.65,900,"bu","09:37:34",155100
13.3,0.6,3400,"bu","09:37:33",154200
13.3,0.6,100,"bu","09:37:33",150800
13.3,0.6,2000,"sd","09:37:33",150700
13.3,0.6,500,"sd","09:37:33",148700
13.3,0.6,4000,"sd","09:37:33",148200
13.35,0.65,4100,"sd","09:37:30",144200
13.35,0.65,100,"sd","09:37:12",140100
13.3,0.6,2500,"sd","09:37:09",140000
13.3,0.6,100,"sd","09:37:09",137500
13.3,0.6,2400,"sd","09:37:09",137400
13.3,0.6,1000,"sd","09:37:02",135000
13.3,0.6,100,"sd","09:37:00",134000
13.3,0.6,1500,"sd","09:36:54",133900
13.3,0.6,500,"sd","09:36:54",132400
13.3,0.6,3000,"sd","09:36:54",131900
13.3,0.6,200,"sd","09:36:48",128900
13.3,0.6,100,"bu","09:36:46",128700
13.3,0.6,100,"bu","09:36:46",128600
13.3,0.6,100,"bu","09:36:46",128500
13.3,0.6,1700,"bu","09:36:46",128400
13.3,0.6,5000,"bu","09:36:46",126700
13.3,0.6,100,"bu","09:36:46",121700
13.3,0.6,200,"bu","09:36:46",121600
13.3,0.6,1000,"bu","09:36:46",121400
13.3,0.6,100,"bu","09:36:46",120400
13.3,0.6,3000,"bu","09:36:41",120300
13.3,0.6,2000,"bu","09:36:33",117300
13.3,0.6,1500,"bu","09:36:31",115300
13.3,0.6,1000,"bu","09:36:31",113800
13.3,0.6,3000,"bu","09:36:30",112800
13.3,0.6,3000,"bu","09:35:53",109800
13.25,0.55,100,"sd","09:35:41",106800
13.3,0.6,1500,"bu","09:35:32",106700
13.3,0.6,400,"bu","09:34:45",105200
13.25,0.55,300,"bu","09:34:38",104800
13.25,0.55,200,"bu","09:34:38",104500
13.25,0.55,300,"bu","09:34:34",104300
13.25,0.55,200,"bu","09:34:34",104000
13.2,0.5,2000,"sd","09:34:27",103800
13.25,0.55,800,"bu","09:34:17",101800
13.25,0.55,100,"bu","09:34:17",101000
13.25,0.55,2000,"bu","09:34:17",100900
13.25,0.55,100,"bu","09:34:17",98900
13.25,0.55,100,"bu","09:34:10",98800
13.25,0.55,900,"bu","09:34:10",98700
13.25,0.55,1000,"bu","09:33:50",97800
13.25,0.55,100,"bu","09:33:49",96800
13.2,0.5,700,"sd","09:33:48",96700
13.2,0.5,2000,"sd","09:33:43",96000
13.2,0.5,500,"sd","09:33:27",94000
13.2,0.5,100,"sd","09:33:27",93500
13.2,0.5,1500,"sd","09:33:27",93400
13.2,0.5,1000,"sd","09:33:27",91900
13.2,0.5,1000,"sd","09:33:27",90900
13.2,0.5,300,"sd","09:33:27",89900
13.2,0.5,500,"bu","09:33:27",89600
13.2,0.5,500,"bu","09:33:14",89100
13.15,0.45,500,"bu","09:33:02",88600
13.15,0.45,1000,"bu","09:33:02",88100
13.15,0.45,100,"bu","09:33:02",87100
13.15,0.45,100,"bu","09:33:02",87000
13.15,0.45,400,"bu","09:33:01",86900
13.15,0.45,1600,"bu","09:33:01",86500
13.15,0.45,2000,"bu","09:32:57",84900
13.15,0.45,500,"bu","09:32:55",82900
13.15,0.45,500,"bu","09:32:49",82400
13.1,0.4,100,"bu","09:32:42",81900
13.1,0.4,100,"bu","09:32:42",81800
13.1,0.4,2000,"bu","09:32:42",81700
13.1,0.4,200,"bu","09:32:42",79700
13.1,0.4,300,"bu","09:32:38",79500
13.05,0.35,600,"bu","09:32:22",79200
13.05,0.35,200,"bu","09:32:22",78600
13.05,0.35,2000,"bu","09:32:22",78400
13.05,0.35,12600,"bu","09:32:07",76400
13.05,0.35,1900,"bu","09:32:07",63800
13.05,0.35,100,"bu","09:31:56",61900
13,0.3,1200,"sd","09:31:56",61800
13,0.3,800,"sd","09:31:56",60600
13,0.3,500,"bu","09:31:31",59800
13,0.3,200,"bu","09:31:31",59300
13,0.3,1500,"bu","09:31:31",59100
13,0.3,2000,"bu","09:31:31",57600
12.95,0.25,3000,"bu","09:30:54",55600
12.95,0.25,2600,"bu","09:30:54",52600
12.95,0.25,100,"bu","09:30:43",50000
12.95,0.25,5000,"bu","09:29:58",49900
12.9,0.2,100,"sd","09:29:44",44900
12.9,0.2,100,"sd","09:29:18",41900
12.9,0.2,2700,"sd","09:29:18",44800
12.9,0.2,200,"sd","09:29:18",42100
12.95,0.25,200,"bu","09:29:03",41800
12.95,0.25,100,"bu","09:29:03",41600
12.95,0.25,200,"sd","09:26:52",41500
13,0.3,1000,"bu","09:26:49",41300
13,0.3,300,"bu","09:25:28",40300
13,0.3,500,"sd","09:23:53",40000
13,0.3,4500,"sd","09:23:53",39500
13,0.3,200,"sd","09:23:47",35000
13,0.3,1000,"sd","09:23:35",34800
13,0.3,300,"bu","09:23:29",33800
13,0.3,100,"sd","09:23:28",33500
13,0.3,600,"sd","09:23:28",33400
13,0.3,1000,"bu","09:23:13",32800
13,0.3,500,"bu","09:23:13",31800
13,0.3,1000,"bu","09:22:43",31300
13,0.3,1000,"sd","09:22:05",30300
13,0.3,800,"sd","09:22:05",29300
13.15,0.45,4900,"bu","09:21:57",28500
13.15,0.45,1000,"bu","09:21:57",23600
13.1,0.4,200,"bu","09:21:57",22600
13.1,0.4,500,"bu","09:21:57",22400
13.1,0.4,1000,"bu","09:21:57",21900
13.1,0.4,1000,"bu","09:21:57",20900
13.1,0.4,300,"bu","09:21:57",19900
13.05,0.35,100,"bu","09:21:57",19600
13.05,0.35,100,"bu","09:21:56",19500
13.1,0.4,200,"bu","09:18:36",19400
13.1,0.4,500,"bu","09:18:17",19200
13,0.3,1000,"sd","09:18:17",18700
13,0.3,500,"sd","09:17:51",17700
13,0.3,1100,"bu","09:17:25",17200
13,0.3,1500,"bu","09:17:18",16100
13,0.3,400,"bu","09:16:55",14600
13,0.3,1600,"bu","09:16:54",14200
13,0.3,400,"sd","09:16:30",12600
13,0.3,4600,"sd","09:16:19",12200
13.1,0.4,800,"sd","09:16:19",7600
13.1,0.4,500,"sd","09:15:54",6800
13.2,0.5,6300,"bu","09:15:00",6300
