"price","change","match_qtty","side","time","total_vol"
15.5,1.4,159100,"bu","14:45:01",1985300
15.5,1.4,1100,"bu","14:30:00",1826200
15.4,1.3,100,"sd","14:29:55",1825100
15.4,1.3,7200,"bu","14:29:38",1825000
15.4,1.3,1000,"bu","14:29:34",1817800
15.4,1.3,10000,"bu","14:29:33",1816800
15.4,1.3,1000,"bu","14:29:28",1806800
15.4,1.3,1300,"bu","14:29:25",1805800
15.4,1.3,1000,"bu","14:29:18",1804500
15.4,1.3,2000,"bu","14:29:02",1803500
15.4,1.3,10400,"bu","14:28:53",1801500
15.4,1.3,500,"bu","14:28:47",1791100
15.4,1.3,1000,"bu","14:28:45",1790600
15.4,1.3,1200,"bu","14:28:35",1789600
15.4,1.3,1000,"bu","14:28:31",1788400
15.4,1.3,1000,"bu","14:28:29",1787400
15.4,1.3,200,"bu","14:28:21",1786400
15.3,1.2,200,"sd","14:28:06",1786200
15.4,1.3,30000,"bu","14:28:04",1786000
15.4,1.3,100,"bu","14:27:36",1756000
15.4,1.3,10000,"bu","14:26:50",1755900
15.3,1.2,3000,"sd","14:26:46",1745900
15.4,1.3,2800,"bu","14:26:35",1742900
15.4,1.3,500,"bu","14:26:11",1740100
15.4,1.3,10000,"bu","14:26:03",1739600
15.4,1.3,10000,"bu","14:25:41",1729600
15.3,1.2,1000,"sd","14:25:28",1719600
15.3,1.2,1000,"sd","14:25:14",1718600
15.3,1.2,7000,"sd","14:25:13",1717600
15.3,1.2,10000,"sd","14:25:05",1710600
15.3,1.2,200,"sd","14:24:56",1700600
15.4,1.3,1000,"bu","14:24:49",1700400
15.3,1.2,500,"sd","14:24:40",1699400
15.3,1.2,900,"sd","14:24:29",1698900
15.3,1.2,5000,"sd","14:24:27",1698000
15.3,1.2,300,"sd","14:24:19",1693000
15.3,1.2,10000,"sd","14:24:05",1692700
15.3,1.2,400,"sd","14:24:00",1682700
15.3,1.2,200,"sd","14:23:59",1682300
15.3,1.2,400,"sd","14:23:58",1682100
15.3,1.2,100,"sd","14:23:39",1681700
15.3,1.2,100,"sd","14:23:25",1681600
15.3,1.2,400,"sd","14:23:24",1681500
15.3,1.2,500,"sd","14:23:23",1681100
15.3,1.2,100,"sd","14:23:14",1680600
15.3,1.2,1000,"sd","14:22:58",1680500
15.3,1.2,100,"sd","14:22:42",1679500
15.4,1.3,100,"bu","14:22:34",1679400
15.4,1.3,2000,"bu","14:22:23",1679300
15.4,1.3,7000,"bu","14:22:18",1677300
15.4,1.3,1300,"bu","14:21:58",1670300
15.4,1.3,18900,"bu","14:21:40",1669000
15.4,1.3,100,"bu","14:20:28",1650100
15.4,1.3,100,"bu","14:20:22",1650000
15.4,1.3,100,"bu","14:19:25",1649900
15.3,1.2,4100,"bu","14:19:04",1649800
15.3,1.2,300,"bu","14:19:01",1645700
15.3,1.2,300,"bu","14:19:00",1645400
15.3,1.2,100,"bu","14:18:03",1645100
15.3,1.2,100,"sd","14:17:02",1645000
15.3,1.2,1000,"bu","14:16:48",1644900
15.2,1.1,2500,"sd","14:16:47",1643900
15.3,1.2,1400,"bu","14:16:18",1641400
15.3,1.2,300,"bu","14:16:17",1640000
15.3,1.2,8000,"bu","14:16:08",1639700
15.3,1.2,1000,"bu","14:15:54",1631700
15.3,1.2,700,"bu","14:15:52",1630700
15.3,1.2,1000,"bu","14:15:40",1630000
15.3,1.2,300,"bu","14:15:29",1629000
15.3,1.2,700,"bu","14:15:25",1628700
15.3,1.2,200,"bu","14:15:21",1628000
15.3,1.2,100,"bu","14:14:14",1627800
15.3,1.2,1000,"bu","14:13:48",1627700
15.3,1.2,30000,"bu","14:13:37",1626700
15.3,1.2,100,"bu","14:13:11",1596700
15.2,1.1,500,"sd","14:11:50",1596600
15.2,1.1,300,"sd","14:11:15",1596100
15.2,1.1,1700,"bu","14:10:58",1595800
15.2,1.1,1000,"sd","14:10:15",1594100
15.2,1.1,1000,"sd","14:10:09",1593100
15.2,1.1,1000,"sd","14:09:35",1592100
15.2,1.1,600,"sd","14:09:32",1591100
15.2,1.1,3000,"sd","14:08:09",1590500
15.2,1.1,1000,"sd","14:06:42",1587500
15.2,1.1,1000,"sd","14:06:19",1586500
15.2,1.1,6100,"sd","14:06:17",1585500
15.2,1.1,200,"bu","14:06:15",1579400
15.2,1.1,3000,"bu","14:06:06",1579200
15.2,1.1,500,"bu","14:05:12",1576200
15.2,1.1,700,"bu","14:05:09",1575700
15.2,1.1,300,"bu","14:04:56",1575000
15.2,1.1,200,"bu","14:04:21",1574700
15.2,1.1,10000,"bu","14:03:47",1574500
15.2,1.1,200,"bu","14:03:08",1564500
15.2,1.1,200,"bu","14:02:51",1564300
15.1,1,5000,"sd","14:02:48",1564100
15.1,1,10000,"sd","14:02:46",1559100
15.1,1,5000,"sd","14:02:44",1549100
15.1,1,200,"sd","14:02:35",1544100
15.1,1,500,"sd","14:02:03",1543900
15.1,1,100,"sd","14:01:21",1543400
15.1,1,1000,"sd","14:01:07",1543300
15.1,1,500,"sd","14:00:46",1542300
15.1,1,1000,"sd","14:00:38",1541800
15.1,1,600,"sd","14:00:33",1540800
15.1,1,1000,"sd","14:00:13",1540200
15.1,1,6000,"sd","13:59:18",1539200
15.2,1.1,500,"bu","13:58:28",1533200
15.2,1.1,1000,"bu","13:57:28",1532700
15.2,1.1,100,"bu","13:54:00",1531700
15.2,1.1,200,"sd","13:53:32",1531600
15.2,1.1,800,"sd","13:53:14",1531400
15.2,1.1,1200,"bu","13:52:55",1530600
15.2,1.1,200,"sd","13:52:54",1529400
15.2,1.1,200,"sd","13:52:52",1529200
15.2,1.1,2000,"sd","13:52:46",1529000
15.2,1.1,3000,"sd","13:52:27",1527000
15.2,1.1,4000,"sd","13:52:22",1524000
15.2,1.1,100,"sd","13:52:01",1520000
15.2,1.1,200,"sd","13:51:57",1519900
15.2,1.1,1500,"sd","13:51:51",1519700
15.2,1.1,1200,"sd","13:51:42",1518200
15.2,1.1,1000,"sd","13:51:38",1517000
15.2,1.1,5000,"sd","13:51:24",1516000
15.3,1.2,500,"bu","13:50:48",1511000
15.2,1.1,100,"sd","13:50:44",1510500
15.3,1.2,6900,"bu","13:50:09",1510400
15.3,1.2,100,"sd","13:50:08",1503500
15.3,1.2,300,"sd","13:50:01",1503400
15.3,1.2,100,"sd","13:49:43",1503100
15.3,1.2,500,"sd","13:49:03",1503000
15.3,1.2,7000,"sd","13:48:59",1502500
15.4,1.3,800,"bu","13:48:58",1495500
15.3,1.2,2000,"sd","13:48:56",1494700
15.3,1.2,1000,"sd","13:48:47",1492700
15.3,1.2,1200,"bu","13:48:16",1491700
15.3,1.2,2000,"bu","13:48:12",1490500
15.3,1.2,500,"bu","13:48:09",1488500
15.3,1.2,500,"bu","13:48:02",1488000
15.3,1.2,4100,"bu","13:48:01",1487500
15.3,1.2,600,"bu","13:48:00",1483400
15.3,1.2,5100,"bu","13:47:58",1482800
15.3,1.2,1800,"bu","13:47:57",1477700
15.3,1.2,500,"bu","13:47:53",1475900
15.3,1.2,100,"bu","13:47:49",1475400
15.3,1.2,200,"bu","13:47:48",1475300
15.3,1.2,300,"bu","13:47:41",1475100
15.3,1.2,100,"bu","13:47:33",1474800
15.3,1.2,3000,"bu","13:47:30",1474700
15.3,1.2,10000,"bu","13:47:02",1471700
15.3,1.2,100,"bu","13:46:54",1461700
15.3,1.2,3000,"bu","13:46:48",1461600
15.3,1.2,700,"bu","13:46:35",1458600
15.3,1.2,1000,"bu","13:46:03",1457900
15.3,1.2,10000,"bu","13:45:54",1456900
15.3,1.2,1000,"bu","13:45:50",1446900
15.3,1.2,1000,"bu","13:45:41",1445900
15.3,1.2,200,"bu","13:45:40",1444900
15.3,1.2,300,"bu","13:45:39",1444700
15.3,1.2,2000,"bu","13:45:37",1444400
15.3,1.2,12600,"bu","13:45:23",1442400
15.3,1.2,200,"bu","13:45:21",1429800
15.3,1.2,100,"bu","13:45:05",1429600
15.3,1.2,1000,"bu","13:44:33",1429500
15.3,1.2,5000,"bu","13:44:22",1428500
15.3,1.2,10000,"bu","13:44:00",1423500
15.3,1.2,1000,"bu","13:43:47",1413500
15.3,1.2,1000,"bu","13:43:44",1412500
15.3,1.2,100,"bu","13:43:40",1411500
15.3,1.2,300,"bu","13:43:39",1411400
15.3,1.2,600,"bu","13:43:31",1411100
15.3,1.2,500,"bu","13:43:13",1410500
15.3,1.2,100,"bu","13:43:10",1410000
15.2,1.1,1000,"sd","13:43:09",1409900
15.2,1.1,500,"sd","13:42:52",1408900
15.2,1.1,200,"sd","13:42:47",1408400
15.2,1.1,700,"sd","13:42:28",1408200
15.2,1.1,1000,"sd","13:42:03",1407500
15.2,1.1,500,"sd","13:41:56",1406500
15.2,1.1,24900,"bu","13:41:42",1406000
15.2,1.1,200,"bu","13:41:30",1381100
15.2,1.1,200,"bu","13:41:24",1380900
15.2,1.1,800,"bu","13:41:07",1380700
15.2,1.1,1000,"bu","13:39:54",1379900
15.2,1.1,7300,"bu","13:39:48",1378900
15.2,1.1,100,"bu","13:39:40",1371600
15.2,1.1,1000,"bu","13:39:38",1371500
15.2,1.1,600,"bu","13:39:24",1370500
15.2,1.1,1400,"bu","13:39:00",1369900
15.1,1,100,"sd","13:38:58",1368500
15.1,1,2000,"sd","13:37:23",1368400
15.1,1,32700,"bu","13:36:57",1366400
15,0.9,6000,"sd","13:36:49",1333700
15,0.9,2000,"sd","13:35:26",1327700
15,0.9,100,"sd","13:34:53",1325700
15,0.9,200,"sd","13:33:04",1325600
15,0.9,1000,"sd","13:31:56",1325400
15,0.9,300,"sd","13:31:36",1324400
15,0.9,2100,"sd","13:30:42",1324100
15,0.9,4200,"bu","13:30:02",1322000
15,0.9,3800,"sd","13:29:57",1317800
15,0.9,5000,"sd","13:29:49",1314000
15.1,1,100,"bu","13:29:47",1309000
15,0.9,500,"sd","13:29:39",1308900
15,0.9,200,"sd","13:29:25",1308400
15,0.9,10000,"sd","13:29:16",1308200
15.1,1,2000,"bu","13:28:48",1298200
15.1,1,600,"sd","13:28:28",1296200
15.1,1,500,"sd","13:28:25",1295600
15.1,1,1100,"sd","13:28:00",1295100
15.1,1,1000,"sd","13:27:57",1294000
15.1,1,5000,"sd","13:27:51",1293000
15.2,1.1,1000,"bu","13:27:49",1288000
15.1,1,9000,"sd","13:27:42",1287000
15.2,1.1,5000,"bu","13:27:30",1278000
15.2,1.1,2000,"bu","13:27:24",1273000
15.1,1,4300,"sd","13:27:21",1271000
15.1,1,500,"sd","13:27:12",1266700
15.1,1,5000,"sd","13:26:48",1266200
15.1,1,100,"sd","13:26:47",1261200
15.1,1,1000,"sd","13:26:42",1261100
15.1,1,600,"sd","13:26:03",1260100
15.1,1,100,"sd","13:25:29",1259500
15.1,1,1000,"sd","13:24:16",1259400
15.1,1,2000,"sd","13:23:53",1258400
15.1,1,2000,"sd","13:23:39",1256400
15.1,1,300,"sd","13:23:37",1254400
15.1,1,100,"sd","13:23:31",1254100
15.1,1,6200,"bu","13:23:16",1254000
15.1,1,5000,"bu","13:23:12",1247800
15.1,1,4000,"bu","13:22:15",1242800
15,0.9,100,"sd","13:22:01",1238800
15,0.9,5000,"sd","13:21:59",1238700
15,0.9,500,"sd","13:21:27",1233700
15,0.9,2000,"sd","13:21:04",1233200
15,0.9,300,"sd","13:20:50",1231200
15,0.9,900,"sd","13:20:30",1230900
15,0.9,5000,"sd","13:20:27",1230000
15,0.9,500,"sd","13:20:07",1225000
15,0.9,100,"sd","13:19:47",1224500
15,0.9,1000,"sd","13:19:39",1224400
15,0.9,2200,"bu","13:19:21",1223400
15,0.9,21000,"bu","13:19:11",1221200
15,0.9,800,"bu","13:18:57",1200200
15,0.9,800,"bu","13:18:08",1199400
15,0.9,3500,"sd","13:18:07",1198600
15,0.9,2800,"bu","13:17:43",1195100
15,0.9,2000,"unknown","13:17:29",1192300
15,0.9,5000,"sd","13:17:16",1190300
15,0.9,1500,"sd","13:17:11",1185300
15,0.9,1000,"sd","13:17:06",1183800
15,0.9,100,"sd","13:15:36",1182800
15,0.9,1000,"sd","13:15:29",1182700
15,0.9,3000,"sd","13:15:07",1181700
15.1,1,200,"bu","13:14:16",1178700
15.1,1,3700,"bu","13:14:12",1178500
15.1,1,500,"sd","13:13:49",1174800
15.1,1,2600,"sd","13:13:48",1174300
15.1,1,3400,"sd","13:13:36",1171700
15.1,1,100,"bu","13:13:31",1168300
15.1,1,10000,"bu","13:13:30",1168200
15.1,1,3300,"bu","13:13:27",1158200
15.1,1,1000,"bu","13:13:12",1154900
15.1,1,3000,"bu","13:13:10",1153900
15.1,1,1900,"bu","13:13:09",1150900
15.1,1,1100,"bu","13:13:02",1149000
15.1,1,500,"bu","13:13:01",1147900
15.1,1,800,"bu","13:12:56",1147400
15.1,1,4000,"bu","13:12:55",1146600
15.1,1,7000,"bu","13:12:49",1142600
15.1,1,3000,"bu","13:12:13",1135600
15,0.9,500,"sd","13:12:00",1132600
15,0.9,5200,"bu","13:11:56",1132100
15,0.9,2700,"bu","13:11:54",1126900
15,0.9,600,"bu","13:11:52",1124200
15,0.9,10000,"bu","13:11:51",1123600
15,0.9,30000,"bu","13:11:50",1113600
15,0.9,700,"bu","13:11:48",1083600
15,0.9,40000,"bu","13:11:47",1082900
15,0.9,1000,"bu","13:11:46",1042900
15,0.9,20000,"bu","13:11:43",1041900
15,0.9,5000,"bu","13:11:28",1021900
14.9,0.8,200,"sd","13:11:16",1016900
14.9,0.8,4500,"bu","13:10:46",1016700
14.9,0.8,6000,"bu","13:10:45",1012200
14.9,0.8,20000,"bu","13:10:42",1006200
14.9,0.8,50000,"bu","13:10:29",986200
14.8,0.7,800,"sd","13:07:50",936200
14.8,0.7,100,"sd","13:07:46",935400
14.8,0.7,500,"sd","13:07:39",935300
14.8,0.7,100,"sd","13:07:30",934800
14.8,0.7,200,"sd","13:07:02",934700
14.8,0.7,800,"sd","13:04:43",934500
14.8,0.7,200,"sd","13:04:16",933700
14.9,0.8,1000,"bu","13:04:07",933500
14.9,0.8,600,"bu","13:02:44",932500
14.8,0.7,1000,"sd","13:02:25",931900
14.8,0.7,13100,"bu","13:00:50",930900
14.7,0.6,300,"sd","13:00:06",917800
14.7,0.6,4300,"sd","13:00:05",917500
14.7,0.6,100,"sd","13:00:04",913200
14.7,0.6,500,"sd","13:00:03",913100
14.7,0.6,2000,"sd","11:29:51",912600
14.8,0.7,5000,"bu","11:29:46",910600
14.8,0.7,1200,"bu","11:27:30",905600
14.8,0.7,200,"sd","11:22:58",904400
14.8,0.7,400,"sd","11:22:10",904200
14.8,0.7,100,"sd","11:21:23",903800
14.8,0.7,400,"sd","11:20:45",903700
14.8,0.7,100,"sd","11:20:30",903300
14.8,0.7,100,"sd","11:20:20",903200
14.8,0.7,3000,"sd","11:20:09",903100
14.8,0.7,1000,"sd","11:19:34",900100
14.8,0.7,600,"bu","11:19:05",899100
14.8,0.7,5000,"bu","11:18:43",898500
14.8,0.7,4500,"bu","11:18:07",893500
14.8,0.7,5500,"bu","11:17:38",889000
14.8,0.7,2000,"bu","11:14:58",883500
14.7,0.6,500,"sd","11:14:34",881500
14.8,0.7,2500,"bu","11:14:05",881000
14.8,0.7,200,"bu","11:13:16",878500
14.8,0.7,2900,"sd","11:11:50",878300
14.8,0.7,200,"sd","11:11:43",875400
14.8,0.7,100,"sd","11:11:33",875200
14.8,0.7,3800,"bu","11:11:11",875100
14.8,0.7,500,"bu","11:11:09",871300
14.8,0.7,1200,"bu","11:10:56",870800
14.8,0.7,1000,"bu","11:10:44",869600
14.8,0.7,9000,"bu","11:10:07",868600
14.8,0.7,3000,"bu","11:09:05",859600
14.7,0.6,1000,"sd","11:09:04",856600
14.8,0.7,1000,"bu","11:07:28",855600
14.8,0.7,1000,"bu","11:07:08",854600
14.8,0.7,30000,"bu","11:06:28",853600
14.8,0.7,6000,"bu","11:06:23",823600
14.7,0.6,10000,"sd","11:06:20",817600
14.7,0.6,1000,"sd","11:06:04",807600
14.7,0.6,1000,"sd","11:05:41",806600
14.7,0.6,1000,"sd","11:05:34",805600
14.8,0.7,1600,"bu","11:04:09",804600
14.8,0.7,500,"bu","11:03:47",803000
14.7,0.6,100,"sd","11:03:34",802500
14.7,0.6,400,"sd","11:03:01",802400
14.7,0.6,200,"bu","11:02:08",802000
14.7,0.6,2900,"bu","11:02:07",801800
14.7,0.6,10000,"bu","11:01:46",798900
14.7,0.6,5000,"bu","11:01:30",788900
14.7,0.6,300,"bu","11:00:38",783900
14.7,0.6,1000,"bu","11:00:32",783600
14.7,0.6,1000,"bu","10:59:14",782600
14.6,0.5,1700,"sd","10:57:25",781600
14.7,0.6,500,"bu","10:56:40",779900
14.7,0.6,900,"bu","10:55:43",779400
14.6,0.5,1000,"sd","10:54:38",778500
14.6,0.5,600,"sd","10:53:41",777500
14.6,0.5,1000,"sd","10:49:55",776900
14.6,0.5,500,"sd","10:47:08",775900
14.7,0.6,100,"bu","10:41:15",775400
14.7,0.6,1000,"bu","10:34:54",775300
14.7,0.6,100,"bu","10:33:54",774300
14.7,0.6,3300,"bu","10:33:42",774200
14.7,0.6,1800,"sd","10:32:48",770900
14.7,0.6,6800,"bu","10:32:29",769100
14.7,0.6,5000,"bu","10:32:14",762300
14.6,0.5,100,"sd","10:31:07",757300
14.6,0.5,2000,"sd","10:29:44",757200
14.7,0.6,500,"bu","10:29:21",755200
14.7,0.6,5900,"bu","10:29:07",754700
14.7,0.6,700,"sd","10:28:16",748800
14.7,0.6,8400,"sd","10:27:43",748100
14.7,0.6,5000,"bu","10:27:35",739700
14.7,0.6,1000,"bu","10:27:27",734700
14.7,0.6,100,"bu","10:27:18",733700
14.7,0.6,100,"bu","10:26:44",733600
14.7,0.6,200,"bu","10:25:31",733500
14.7,0.6,100,"bu","10:23:17",733300
14.7,0.6,1000,"bu","10:21:32",733200
14.7,0.6,1000,"bu","10:20:27",732200
14.7,0.6,1600,"sd","10:20:08",731200
14.7,0.6,100,"sd","10:20:07",729600
14.7,0.6,10000,"sd","10:20:06",729500
14.7,0.6,5000,"sd","10:19:51",719500
14.8,0.7,3000,"bu","10:19:30",714500
14.7,0.6,500,"sd","10:19:09",711500
14.7,0.6,200,"sd","10:18:10",711000
14.7,0.6,500,"sd","10:16:26",710800
14.7,0.6,1600,"sd","10:16:22",710300
14.7,0.6,2500,"bu","10:16:11",708700
14.7,0.6,2000,"bu","10:16:06",706200
14.6,0.5,5000,"sd","10:12:56",704200
14.6,0.5,20000,"sd","10:11:21",699200
14.7,0.6,18200,"sd","10:11:00",679200
14.7,0.6,10000,"sd","10:10:23",661000
14.7,0.6,1000,"sd","10:10:02",651000
14.7,0.6,500,"sd","10:09:48",650000
14.7,0.6,1000,"sd","10:09:28",649500
14.8,0.7,3000,"bu","10:07:10",648500
14.8,0.7,500,"bu","10:06:41",645500
14.8,0.7,5000,"bu","10:06:03",645000
14.7,0.6,200,"sd","10:06:02",640000
14.7,0.6,200,"sd","10:05:51",639800
14.8,0.7,2200,"bu","10:05:10",639600
14.8,0.7,500,"bu","10:04:58",637400
14.8,0.7,100,"bu","10:04:25",636900
14.8,0.7,8200,"sd","10:04:00",636800
14.8,0.7,600,"sd","10:03:55",628600
14.8,0.7,10000,"sd","10:02:57",628000
14.9,0.8,1000,"bu","10:02:19",618000
14.9,0.8,500,"bu","10:02:05",617000
14.8,0.7,500,"sd","10:02:03",616500
14.9,0.8,100,"bu","10:01:35",616000
14.9,0.8,100,"bu","10:01:30",615900
14.9,0.8,100,"bu","10:01:12",615800
14.8,0.7,2000,"sd","10:00:58",615700
14.9,0.8,100,"bu","10:00:40",613700
14.9,0.8,5600,"bu","09:59:59",613600
14.9,0.8,500,"sd","09:59:09",608000
14.9,0.8,500,"sd","09:58:47",607500
14.9,0.8,100,"sd","09:58:37",607000
14.9,0.8,200,"sd","09:58:34",606900
14.9,0.8,100,"sd","09:58:27",606700
14.9,0.8,25200,"bu","09:58:25",606600
14.8,0.7,5000,"bu","09:58:19",581400
14.8,0.7,24900,"sd","09:58:17",576400
14.9,0.8,1800,"bu","09:58:07",551500
14.9,0.8,1000,"bu","09:57:48",549700
14.8,0.7,10000,"sd","09:56:50",548700
14.8,0.7,500,"sd","09:56:19",538700
14.8,0.7,5000,"sd","09:56:17",538200
14.8,0.7,6000,"sd","09:55:59",533200
14.8,0.7,700,"sd","09:55:33",527200
14.8,0.7,18500,"sd","09:55:16",526500
14.8,0.7,5000,"bu","09:55:07",508000
14.7,0.6,100,"sd","09:55:01",503000
14.7,0.6,200,"sd","09:54:23",502900
14.7,0.6,5000,"sd","09:52:43",502700
14.8,0.7,1000,"sd","09:52:41",497700
14.8,0.7,1000,"sd","09:52:33",496700
14.8,0.7,15600,"sd","09:52:18",495700
14.7,0.6,1000,"sd","09:51:29",480100
14.7,0.6,500,"sd","09:51:10",479100
14.7,0.6,400,"sd","09:50:49",478600
14.7,0.6,500,"bu","09:50:46",478200
14.7,0.6,5000,"bu","09:50:42",477700
14.7,0.6,100,"bu","09:50:40",472700
14.7,0.6,2000,"bu","09:50:26",472600
14.7,0.6,100,"bu","09:49:45",470600
14.7,0.6,1400,"bu","09:49:44",470500
14.7,0.6,8000,"bu","09:49:11",469100
14.7,0.6,5000,"bu","09:48:56",461100
14.7,0.6,500,"bu","09:47:46",456100
14.7,0.6,100,"bu","09:47:36",455600
14.7,0.6,500,"bu","09:47:21",455500
14.7,0.6,1000,"bu","09:47:05",455000
14.7,0.6,1400,"bu","09:46:41",454000
14.7,0.6,10000,"bu","09:46:38",452600
14.7,0.6,2000,"bu","09:46:23",442600
14.6,0.5,200,"sd","09:45:28",440600
14.7,0.6,1100,"bu","09:45:11",440400
14.6,0.5,500,"sd","09:45:00",439300
14.7,0.6,1000,"bu","09:44:53",438800
14.7,0.6,100,"bu","09:44:46",437800
14.6,0.5,200,"sd","09:44:36",437700
14.6,0.5,3000,"sd","09:44:34",437500
14.6,0.5,100,"sd","09:44:32",434500
14.6,0.5,300,"sd","09:43:50",434400
14.6,0.5,1000,"sd","09:43:13",434100
14.6,0.5,1000,"sd","09:42:31",433100
14.6,0.5,2000,"sd","09:42:30",432100
14.7,0.6,100,"bu","09:42:24",430100
14.7,0.6,200,"bu","09:41:31",430000
14.7,0.6,4200,"bu","09:41:29",429800
14.7,0.6,1000,"unknown","09:41:04",425600
14.8,0.7,500,"bu","09:40:50",424600
14.8,0.7,1900,"bu","09:40:36",424100
14.8,0.7,100,"bu","09:40:18",422200
14.8,0.7,1700,"sd","09:40:13",422100
14.8,0.7,400,"sd","09:40:09",420400
14.8,0.7,700,"sd","09:40:08",420000
14.8,0.7,3000,"sd","09:40:05",419300
14.8,0.7,500,"sd","09:40:03",416300
14.8,0.7,100,"sd","09:40:02",415800
14.8,0.7,100,"sd","09:40:01",415700
14.8,0.7,5000,"sd","09:39:47",415600
14.9,0.8,4000,"bu","09:39:44",410600
14.9,0.8,9500,"bu","09:39:31",406600
14.9,0.8,200,"sd","09:39:27",397100
14.9,0.8,1000,"sd","09:39:14",396900
14.9,0.8,10200,"bu","09:39:13",395900
14.9,0.8,2000,"bu","09:39:11",385700
14.9,0.8,700,"bu","09:39:05",383700
14.9,0.8,1500,"bu","09:39:02",383000
14.9,0.8,200,"bu","09:38:56",381500
14.8,0.7,700,"sd","09:38:52",381300
14.8,0.7,600,"sd","09:38:47",380600
14.7,0.6,1200,"sd","09:38:46",380000
14.8,0.7,5100,"bu","09:38:40",378800
14.6,0.5,200,"sd","09:38:19",373700
14.6,0.5,100,"sd","09:38:18",373500
14.6,0.5,1000,"bu","09:38:17",373400
14.5,0.4,6100,"sd","09:38:05",372400
14.5,0.4,200,"bu","09:38:04",366300
14.5,0.4,800,"bu","09:38:03",366100
14.5,0.4,3000,"bu","09:38:02",365300
14.5,0.4,400,"bu","09:38:01",362300
14.5,0.4,10000,"bu","09:37:59",361900
14.5,0.4,3000,"bu","09:37:56",351900
14.5,0.4,5000,"bu","09:37:51",348900
14.5,0.4,200,"bu","09:37:46",343900
14.5,0.4,10000,"bu","09:37:41",343700
14.4,0.3,5000,"unknown","09:37:31",333700
14.4,0.3,10000,"bu","09:37:24",328700
14.3,0.2,6200,"sd","09:37:15",318700
14.3,0.2,200,"bu","09:37:14",312500
14.3,0.2,7000,"bu","09:37:12",312300
14.3,0.2,300,"bu","09:37:11",305300
14.3,0.2,2100,"bu","09:37:08",305000
14.3,0.2,400,"bu","09:37:06",302900
14.3,0.2,14000,"bu","09:36:57",302500
14.2,0.1,33300,"sd","09:36:34",288500
14.2,0.1,1800,"bu","09:36:31",255200
14.2,0.1,1000,"bu","09:36:22",253400
14.2,0.1,1000,"bu","09:36:21",252400
14.2,0.1,400,"bu","09:35:57",251400
14.2,0.1,100,"bu","09:35:48",251000
14.2,0.1,2500,"bu","09:35:43",250900
14.1,0,10000,"sd","09:35:38",248400
14.1,0,1000,"unknown","09:35:30",238400
14.1,0,2000,"bu","09:35:21",237400
14.1,0,1000,"bu","09:35:19",235400
14.1,0,6000,"bu","09:35:17",234400
14.1,0,2600,"sd","09:35:13",228400
14.1,0,1000,"bu","09:35:08",225800
14.1,0,500,"bu","09:35:06",224800
14.1,0,500,"bu","09:35:03",224300
14.1,0,5000,"bu","09:35:00",223800
14.1,0,3000,"bu","09:34:55",218800
14.1,0,700,"bu","09:34:54",215800
14.1,0,500,"bu","09:34:50",215100
14.1,0,2000,"bu","09:34:48",214600
14.1,0,3900,"bu","09:34:46",212600
14.1,0,500,"bu","09:34:43",208700
14.1,0,4000,"bu","09:34:34",208200
14.1,0,500,"bu","09:34:12",204200
14.1,0,14000,"bu","09:34:10",203700
14.1,0,4000,"bu","09:34:08",189700
14.1,0,1000,"bu","09:33:54",185700
14.1,0,1000,"bu","09:33:49",184700
14.1,0,400,"bu","09:33:45",183700
14.1,0,3000,"bu","09:33:35",183300
14,-0.1,5000,"sd","09:32:04",180300
14,-0.1,3700,"sd","09:31:48",175300
14,-0.1,100,"bu","09:31:40",171600
14,-0.1,500,"bu","09:31:38",171500
14,-0.1,1000,"bu","09:31:34",171000
14,-0.1,100,"bu","09:31:16",170000
14,-0.1,1000,"bu","09:31:08",169900
14,-0.1,3600,"bu","09:31:04",168900
14,-0.1,1000,"sd","09:30:42",165300
14,-0.1,6600,"sd","09:30:08",164300
14,-0.1,3400,"bu","09:29:53",157700
14,-0.1,700,"sd","09:29:18",154300
14,-0.1,13000,"bu","09:29:10",153600
14,-0.1,100,"bu","09:29:08",140600
14,-0.1,1000,"bu","09:29:05",140500
14,-0.1,1800,"bu","09:28:55",139500
14,-0.1,1000,"bu","09:28:47",137700
14,-0.1,500,"bu","09:28:42",136700
14,-0.1,100,"bu","09:28:41",136200
14,-0.1,5000,"bu","09:28:37",136100
14,-0.1,3000,"bu","09:28:36",131100
14,-0.1,100,"bu","09:28:33",128100
14,-0.1,300,"bu","09:28:21",128000
14,-0.1,300,"bu","09:28:04",127700
14,-0.1,10100,"bu","09:28:03",127400
14.1,0,11000,"bu","09:27:55",117300
14.1,0,1000,"bu","09:27:08",106300
14.1,0,1000,"bu","09:26:57",105300
14.1,0,100,"bu","09:26:55",104300
14.1,0,700,"bu","09:26:20",104200
14.1,0,15800,"bu","09:25:29",103500
14.1,0,1200,"sd","09:24:41",87700
14.2,0.1,5000,"bu","09:23:52",86500
14.2,0.1,5300,"sd","09:23:40",81500
14.2,0.1,2000,"sd","09:23:23",76200
14.2,0.1,2700,"bu","09:23:19",74200
14.2,0.1,6000,"bu","09:23:07",71500
14.2,0.1,300,"bu","09:22:40",65500
14.2,0.1,200,"bu","09:22:27",65200
14.2,0.1,1000,"bu","09:21:59",65000
14.2,0.1,100,"bu","09:21:36",64000
14.2,0.1,200,"bu","09:21:17",63900
14.2,0.1,200,"bu","09:20:57",63700
14.2,0.1,4900,"sd","09:20:54",63500
14.2,0.1,800,"sd","09:17:49",58600
14.2,0.1,10500,"bu","09:16:03",57800
14.2,0.1,4000,"bu","09:15:48",47300
14.2,0.1,300,"bu","09:15:15",43300
14.2,0.1,200,"bu","09:15:01",43000
14.2,0.1,7800,"bu","09:14:15",42800
14.3,0.2,200,"bu","09:14:07",35000
14.2,0.1,400,"bu","09:11:19",34800
14.2,0.1,200,"bu","09:11:01",34400
14.1,0,800,"sd","09:09:46",34200
14.1,0,100,"bu","09:09:32",33400
14.1,0,500,"bu","09:09:24",33300
14,-0.1,100,"sd","09:07:03",32800
14.1,0,500,"bu","09:06:46",32700
14.1,0,100,"bu","09:05:50",32200
14.1,0,500,"bu","09:05:15",32100
14.1,0,2700,"sd","09:02:36",31600
14.2,0.1,8900,"bu","09:02:31",28900
14.1,0,10000,"sd","09:02:29",20000
14.2,0.1,9900,"sd","09:00:14",10000
14.2,0.1,100,"sd","09:00:03",100
