"price","change","match_qtty","side","time","total_vol"
4.81,0.02,800,"bu","14:45:01",123600
4.81,0.02,100,"bu","14:21:32",122800
4.81,0.02,100,"bu","14:20:46",122700
4.81,0.02,800,"bu","14:20:46",122600
4.8,0.01,200,"sd","14:18:49",121800
4.8,0.01,100,"sd","14:18:49",121600
4.8,0.01,1000,"sd","14:14:02",121500
4.81,0.02,100,"bu","14:11:30",120500
4.81,0.02,600,"bu","14:10:53",120400
4.8,0.01,400,"bu","14:10:27",119800
4.8,0.01,300,"bu","14:10:26",119400
4.8,0.01,100,"bu","14:10:23",119100
4.8,0.01,300,"sd","14:10:16",119000
4.8,0.01,200,"sd","14:10:16",118700
4.8,0.01,200,"sd","14:10:16",118500
4.8,0.01,600,"sd","14:10:16",118300
4.81,0.02,100,"sd","14:10:12",117700
4.81,0.02,200,"sd","14:10:12",117600
4.81,0.02,300,"sd","14:09:21",117400
4.82,0.03,500,"bu","14:09:16",117100
4.82,0.03,100,"bu","14:07:12",116600
4.82,0.03,100,"bu","14:02:18",116500
4.81,0.02,200,"bu","14:02:00",116400
4.81,0.02,1100,"bu","13:59:59",116200
4.81,0.02,100,"bu","13:59:59",115100
4.81,0.02,100,"bu","13:59:35",115000
4.81,0.02,100,"bu","13:59:35",114900
4.81,0.02,200,"bu","13:58:48",114800
4.81,0.02,300,"bu","13:58:19",114600
4.8,0.01,200,"bu","13:56:32",114300
4.8,0.01,300,"bu","13:56:22",114100
4.8,0.01,700,"bu","13:56:12",113800
4.8,0.01,400,"bu","13:54:40",113100
4.79,0,700,"bu","13:51:53",112700
4.79,0,200,"bu","13:51:40",112000
4.79,0,200,"sd","13:51:24",111800
4.79,0,500,"sd","13:51:24",111600
4.79,0,500,"sd","13:51:24",111100
4.8,0.01,500,"bu","13:38:34",110600
4.79,0,400,"bu","13:34:15",110100
4.79,0,200,"bu","13:33:21",109700
4.79,0,200,"bu","13:32:18",109500
4.79,0,400,"sd","13:31:18",109300
4.79,0,700,"sd","13:31:18",108900
4.8,0.01,100,"sd","13:31:03",108200
4.8,0.01,500,"sd","13:30:49",108100
4.81,0.02,200,"bu","13:30:38",107600
4.81,0.02,300,"bu","13:29:25",107400
4.8,0.01,900,"bu","13:27:38",107100
4.8,0.01,400,"bu","13:26:30",106200
4.8,0.01,500,"sd","13:26:18",105800
4.8,0.01,300,"sd","13:26:18",105300
4.81,0.02,200,"bu","13:25:39",105000
4.81,0.02,200,"bu","13:24:49",104800
4.8,0.01,100,"sd","13:20:00",104600
4.8,0.01,200,"sd","13:19:42",104500
4.81,0.02,600,"bu","13:15:03",104300
4.81,0.02,200,"bu","13:14:12",103700
4.8,0.01,900,"bu","13:13:53",103500
4.79,0,800,"bu","13:13:39",102600
4.79,0,200,"sd","13:13:32",101800
4.79,0,400,"sd","13:13:32",101600
4.79,0,500,"sd","13:13:32",101200
4.8,0.01,800,"sd","13:13:19",100700
4.8,0.01,800,"bu","13:12:41",99900
4.8,0.01,300,"bu","13:12:41",99100
4.8,0.01,500,"bu","13:11:47",98800
4.8,0.01,600,"bu","13:10:22",98300
4.8,0.01,400,"bu","13:10:22",97700
4.8,0.01,100,"bu","13:10:01",97300
4.8,0.01,200,"bu","13:10:01",97200
4.8,0.01,600,"bu","13:09:51",97000
4.8,0.01,600,"bu","13:09:23",96400
4.8,0.01,700,"sd","13:09:03",95800
4.8,0.01,600,"bu","13:08:55",95100
4.8,0.01,600,"bu","13:08:43",94500
4.8,0.01,100,"bu","13:07:30",93900
4.8,0.01,600,"bu","13:07:30",93800
4.79,0,900,"bu","13:07:10",93200
4.79,0,600,"sd","13:06:55",92300
4.79,0,600,"sd","13:06:55",91700
4.79,0,600,"bu","13:06:01",91100
4.79,0,500,"bu","13:05:12",90500
4.79,0,600,"bu","13:05:04",90000
4.79,0,400,"bu","13:05:04",89400
4.79,0,500,"bu","13:05:04",89000
4.79,0,800,"bu","13:04:34",88500
4.79,0,600,"bu","13:04:22",87700
4.79,0,700,"sd","13:04:11",87100
4.8,0.01,300,"bu","13:03:59",86400
4.8,0.01,200,"bu","13:03:49",86100
4.8,0.01,200,"bu","13:03:39",85900
4.8,0.01,300,"bu","13:03:39",85700
4.8,0.01,600,"bu","13:02:46",85400
4.8,0.01,300,"bu","13:02:46",84800
4.79,0,600,"bu","13:02:27",84500
4.79,0,100,"bu","13:02:27",83900
4.79,0,400,"bu","13:02:12",83800
4.79,0,300,"bu","13:02:12",83400
4.79,0,500,"bu","13:02:01",83100
4.79,0,200,"bu","13:00:30",82600
4.79,0,300,"bu","13:00:30",82400
4.79,0,400,"bu","11:15:20",82100
4.79,0,600,"bu","11:09:12",81700
4.79,0,300,"bu","11:03:12",81100
4.79,0,500,"bu","11:03:01",80800
4.79,0,500,"bu","11:00:01",80300
4.77,-0.02,800,"sd","10:57:37",79800
4.77,-0.02,100,"sd","10:57:37",79000
4.77,-0.02,200,"sd","10:57:37",78900
4.77,-0.02,700,"sd","10:57:37",78700
4.77,-0.02,100,"sd","10:57:37",78000
4.78,-0.01,500,"sd","10:57:37",77900
4.78,-0.01,600,"sd","10:57:37",77400
4.79,0,500,"unknown","10:54:54",76800
4.8,0.01,500,"bu","10:53:36",76300
4.79,0,700,"bu","10:53:26",75800
4.79,0,500,"bu","10:53:14",75100
4.79,0,400,"bu","10:53:03",74600
4.79,0,200,"bu","10:53:03",74200
4.79,0,800,"sd","10:51:14",74000
4.8,0.01,400,"bu","10:50:38",73200
4.8,0.01,200,"bu","10:50:38",72800
4.8,0.01,500,"bu","10:50:30",72600
4.79,0,300,"sd","10:50:00",72100
4.79,0,500,"bu","10:49:51",71800
4.79,0,300,"bu","10:49:13",71300
4.79,0,200,"bu","10:49:03",71000
4.79,0,300,"bu","10:49:03",70800
4.79,0,900,"bu","10:47:33",70500
4.79,0,100,"bu","10:47:19",69600
4.79,0,400,"bu","10:47:19",69500
4.79,0,500,"bu","10:45:53",69100
4.79,0,300,"bu","10:45:27",68600
4.79,0,600,"bu","10:45:27",68300
4.79,0,600,"bu","10:45:18",67700
4.78,-0.01,800,"bu","10:44:54",67100
4.78,-0.01,300,"bu","10:44:36",66300
4.78,-0.01,600,"bu","10:44:36",66000
4.78,-0.01,500,"bu","10:44:02",65400
4.77,-0.02,200,"sd","10:41:45",64900
4.77,-0.02,300,"sd","10:41:45",64700
4.77,-0.02,300,"sd","10:41:45",64400
4.78,-0.01,700,"sd","10:41:45",64100
4.78,-0.01,400,"bu","10:37:37",63400
4.78,-0.01,300,"bu","10:37:26",63000
4.78,-0.01,400,"sd","10:37:17",62700
4.78,-0.01,700,"bu","10:36:54",62300
4.78,-0.01,600,"bu","10:36:37",61600
4.78,-0.01,100,"bu","10:36:28",61000
4.78,-0.01,400,"bu","10:36:28",60900
4.78,-0.01,500,"bu","10:34:18",60500
4.78,-0.01,500,"bu","10:34:08",60000
4.78,-0.01,400,"bu","10:28:36",59500
4.78,-0.01,200,"bu","10:27:57",59100
4.77,-0.02,900,"sd","10:24:11",58900
4.78,-0.01,300,"sd","10:24:11",58000
4.78,-0.01,200,"sd","10:24:11",57700
4.78,-0.01,200,"sd","10:24:11",57500
4.78,-0.01,300,"sd","10:24:11",57300
4.78,-0.01,500,"sd","10:24:11",57000
4.79,0,600,"sd","10:24:11",56500
4.79,0,300,"bu","10:19:15",55900
4.79,0,500,"bu","10:19:00",55600
4.79,0,300,"bu","10:18:23",55100
4.79,0,500,"bu","10:17:54",54800
4.8,0.01,200,"bu","10:16:23",54300
4.77,-0.02,200,"sd","10:15:37",54100
4.77,-0.02,200,"sd","10:15:37",53900
4.77,-0.02,1100,"sd","10:15:37",53700
4.78,-0.01,700,"sd","10:15:37",52600
4.78,-0.01,200,"sd","10:15:37",51900
4.78,-0.01,1100,"sd","10:15:37",51700
4.79,0,500,"sd","10:15:37",50600
4.8,0.01,300,"bu","10:13:16",50100
4.79,0,600,"bu","10:13:08",49800
4.79,0,500,"bu","10:12:59",49200
4.79,0,600,"bu","10:12:44",48700
4.79,0,200,"sd","10:12:35",48100
4.79,0,100,"sd","10:12:35",47900
4.79,0,100,"sd","10:11:55",47800
4.79,0,200,"sd","10:11:55",47700
4.79,0,300,"sd","10:11:55",47500
4.79,0,200,"sd","10:11:55",47200
4.79,0,200,"sd","10:11:55",47000
4.8,0.01,100,"bu","10:11:33",46800
4.8,0.01,300,"bu","10:11:19",46700
4.8,0.01,200,"bu","10:11:01",46400
4.8,0.01,200,"bu","10:10:23",46200
4.8,0.01,800,"bu","10:09:52",46000
4.8,0.01,200,"bu","10:09:43",45200
4.8,0.01,100,"bu","10:09:43",45000
4.8,0.01,200,"bu","10:09:22",44900
4.8,0.01,600,"bu","10:09:10",44700
4.8,0.01,200,"bu","10:07:32",44100
4.8,0.01,300,"sd","10:07:16",43900
4.8,0.01,400,"sd","10:07:16",43600
4.8,0.01,100,"sd","10:06:36",43200
4.8,0.01,300,"sd","10:06:36",43100
4.81,0.02,600,"sd","10:06:36",42800
4.82,0.03,600,"bu","10:05:42",42200
4.82,0.03,700,"bu","10:03:16",41600
4.81,0.02,500,"bu","10:02:35",40900
4.81,0.02,200,"bu","10:02:24",40400
4.81,0.02,200,"bu","10:00:40",40200
4.81,0.02,500,"bu","10:00:25",40000
4.8,0.01,600,"unknown","09:59:52",39500
4.8,0.01,200,"bu","09:59:43",38900
4.8,0.01,500,"bu","09:59:35",38700
4.8,0.01,300,"bu","09:59:24",38200
4.8,0.01,100,"bu","09:59:16",37900
4.8,0.01,400,"bu","09:59:16",37800
4.8,0.01,100,"bu","09:58:31",37400
4.8,0.01,200,"bu","09:54:10",37300
4.8,0.01,200,"bu","09:53:45",37100
4.8,0.01,300,"bu","09:53:36",36900
4.79,0,200,"sd","09:52:16",36600
4.8,0.01,400,"sd","09:52:16",36400
4.8,0.01,400,"sd","09:52:16",36000
4.81,0.02,100,"bu","09:51:20",35600
4.81,0.02,200,"bu","09:51:11",35500
4.81,0.02,600,"bu","09:50:26",35300
4.8,0.01,600,"bu","09:50:10",34700
4.8,0.01,500,"bu","09:48:01",34100
4.8,0.01,100,"bu","09:47:50",33600
4.8,0.01,700,"bu","09:47:50",33500
4.8,0.01,400,"bu","09:46:53",32800
4.8,0.01,200,"bu","09:46:43",32400
4.8,0.01,100,"bu","09:46:17",32200
4.8,0.01,400,"bu","09:46:17",32100
4.8,0.01,400,"bu","09:46:07",31700
4.8,0.01,400,"bu","09:45:27",31300
4.8,0.01,300,"bu","09:45:13",30900
4.79,0,200,"sd","09:44:41",30600
4.8,0.01,200,"sd","09:44:41",30400
4.8,0.01,600,"sd","09:44:41",30200
4.81,0.02,500,"bu","09:44:41",29600
4.8,0.01,400,"sd","09:44:16",29100
4.8,0.01,500,"bu","09:44:08",28700
4.8,0.01,300,"sd","09:44:01",28200
4.8,0.01,500,"sd","09:44:01",27900
4.81,0.02,500,"bu","09:43:06",27400
4.81,0.02,700,"bu","09:42:39",26900
4.8,0.01,600,"bu","09:42:18",26200
4.8,0.01,200,"bu","09:42:04",25600
4.8,0.01,300,"bu","09:42:04",25400
4.8,0.01,800,"bu","09:41:41",25100
4.79,0,300,"bu","09:41:28",24300
4.79,0,500,"bu","09:41:19",24000
4.79,0,100,"bu","09:41:08",23500
4.79,0,800,"bu","09:41:08",23400
4.79,0,200,"sd","09:39:21",22600
4.79,0,200,"sd","09:39:21",22400
4.79,0,200,"sd","09:39:21",22200
4.79,0,500,"sd","09:37:58",22000
4.8,0.01,500,"sd","09:37:58",21500
4.81,0.02,300,"bu","09:36:52",21000
4.8,0.01,600,"bu","09:36:25",20700
4.8,0.01,500,"bu","09:35:12",20100
4.8,0.01,800,"bu","09:33:49",19600
4.79,0,300,"bu","09:32:47",18800
4.79,0,600,"bu","09:32:21",18500
4.79,0,400,"bu","09:32:15",17900
4.79,0,2600,"bu","09:32:15",17500
4.79,0,400,"bu","09:31:01",14900
4.79,0,300,"bu","09:31:01",14500
4.79,0,200,"bu","09:30:38",14200
4.79,0,100,"bu","09:28:27",14000
4.79,0,300,"bu","09:26:52",13900
4.79,0,400,"bu","09:26:42",13600
4.79,0,200,"bu","09:26:42",13200
4.79,0,200,"bu","09:25:36",13000
4.79,0,300,"bu","09:23:41",12800
4.79,0,1000,"bu","09:23:17",12500
4.79,0,300,"bu","09:23:17",11500
4.79,0,200,"bu","09:23:17",11200
4.79,0,100,"sd","09:22:47",11000
4.8,0.01,500,"sd","09:22:47",10900
4.8,0.01,400,"sd","09:22:47",10400
4.8,0.01,600,"bu","09:22:19",10000
4.8,0.01,300,"bu","09:22:03",9400
4.79,0,100,"sd","09:21:44",9100
4.79,0,400,"sd","09:21:44",9000
4.8,0.01,500,"sd","09:21:44",8600
4.8,0.01,600,"bu","09:21:24",8100
4.8,0.01,300,"sd","09:21:04",7500
4.8,0.01,600,"sd","09:21:04",7200
4.8,0.01,500,"bu","09:20:17",6600
4.8,0.01,200,"bu","09:20:04",6100
4.8,0.01,200,"bu","09:19:15",5900
4.8,0.01,400,"sd","09:19:08",5700
4.8,0.01,400,"bu","09:18:56",5300
4.8,0.01,300,"bu","09:18:44",4900
4.8,0.01,200,"bu","09:18:23",4600
4.8,0.01,500,"bu","09:18:23",4400
4.79,0,100,"sd","09:18:09",3900
4.79,0,100,"sd","09:18:09",3800
4.8,0.01,400,"bu","09:18:00",3700
4.8,0.01,200,"bu","09:18:00",3300
4.8,0.01,100,"bu","09:16:55",3100
4.8,0.01,300,"bu","09:16:44",3000
4.8,0.01,300,"bu","09:15:52",2700
4.8,0.01,300,"bu","09:15:52",2400
4.79,0,500,"sd","09:15:07",2100
4.79,0,1600,"sd","09:15:01",1600
