"price","change","match_qtty","side","time","total_vol"
10.1,0.6,400,"bu","14:45:03",104000
10,0.5,600,"bu","14:24:42",103600
10,0.5,2000,"sd","14:24:02",103000
10,0.5,2000,"sd","14:24:02",101000
10.1,0.6,800,"bu","14:21:47",99000
10.1,0.6,100,"bu","14:21:47",98200
10.1,0.6,1100,"bu","14:21:47",98100
10.1,0.6,1400,"bu","14:20:13",97000
10.1,0.6,200,"bu","14:20:13",95600
10.1,0.6,100,"bu","14:20:13",95400
10.1,0.6,500,"bu","14:20:13",95300
10.1,0.6,3300,"bu","14:20:13",94800
10.1,0.6,1000,"bu","14:02:57",91500
10.1,0.6,700,"bu","13:52:34",90500
10.1,0.6,100,"bu","13:52:34",89800
10.1,0.6,200,"bu","13:52:34",89700
10.1,0.6,100,"bu","13:50:01",89500
10.1,0.6,200,"bu","13:48:26",89400
10.1,0.6,4800,"bu","13:48:26",89200
10.05,0.55,900,"bu","13:45:36",84400
10.05,0.55,100,"sd","13:43:04",83500
10.05,0.55,100,"bu","13:32:37",83400
10.1,0.6,400,"bu","13:24:02",83300
10.1,0.6,100,"bu","13:23:30",82900
10.1,0.6,4700,"bu","13:22:53",82800
10.1,0.6,300,"bu","13:22:53",78100
10.1,0.6,100,"bu","13:19:44",77800
10.1,0.6,500,"bu","13:17:18",77700
10.1,0.6,1000,"bu","13:16:33",77200
9.92,0.42,100,"sd","13:05:05",76200
10.1,0.6,500,"bu","13:03:15",76100
10.1,0.6,800,"bu","13:03:15",75600
10.1,0.6,1300,"bu","13:03:15",74800
10.1,0.6,1600,"bu","13:03:15",73500
10.1,0.6,300,"bu","13:03:15",71900
10.1,0.6,200,"bu","13:03:15",71600
10.1,0.6,2500,"bu","13:00:18",71400
10.1,0.6,2400,"bu","13:00:15",68900
10.05,0.55,100,"unknown","13:00:14",66500
10.1,0.6,1500,"bu","13:00:10",66400
10.1,0.6,500,"bu","11:27:27",64900
10.05,0.55,200,"unknown","11:19:49",64400
10.05,0.55,100,"bu","11:19:49",64200
9.84,0.34,100,"sd","11:18:45",64100
10.1,0.6,1000,"bu","11:12:21",64000
10.1,0.6,800,"bu","11:09:16",63000
10.1,0.6,500,"bu","11:09:16",62200
10.1,0.6,200,"bu","11:09:16",61700
10.1,0.6,3300,"bu","11:09:16",61500
10,0.5,100,"bu","11:05:56",58200
10,0.5,1000,"bu","11:05:56",58100
9.94,0.44,4000,"bu","11:05:56",57100
9.91,0.41,1000,"bu","11:05:56",53100
9.9,0.4,500,"bu","11:05:56",52100
9.89,0.39,200,"bu","11:05:56",51600
9.87,0.37,1000,"bu","11:05:56",51400
9.86,0.36,900,"bu","11:05:56",48400
9.86,0.36,300,"bu","11:05:56",50400
10.1,0.6,1700,"bu","11:05:56",50100
10.1,0.6,1000,"bu","11:05:56",47500
9.85,0.35,300,"bu","11:05:56",46500
10.1,0.6,4500,"bu","11:05:56",46200
10.1,0.6,1000,"bu","11:05:56",41700
9.85,0.35,1000,"bu","11:05:56",40700
10.1,0.6,2000,"bu","11:05:56",39700
9.85,0.35,200,"bu","11:05:56",37700
9.85,0.35,400,"bu","11:05:56",37400
10.1,0.6,100,"bu","11:05:56",37500
10.1,0.6,100,"bu","11:05:56",37000
9.84,0.34,700,"bu","11:05:56",36900
10.05,0.55,400,"bu","11:05:56",36200
9.84,0.34,300,"bu","11:05:56",35800
10,0.5,5500,"bu","11:05:56",35500
9.84,0.34,700,"bu","11:05:56",30000
10,0.5,400,"bu","11:05:56",29300
10,0.5,500,"bu","11:05:56",28900
10,0.5,200,"bu","11:05:56",28400
9.84,0.34,100,"bu","11:04:02",28200
9.84,0.34,200,"bu","11:00:05",28100
9.83,0.33,300,"bu","11:00:05",26600
9.83,0.33,1000,"bu","11:00:05",27900
9.83,0.33,300,"bu","11:00:05",26900
9.82,0.32,200,"bu","11:00:05",26300
9.82,0.32,100,"bu","10:50:40",26100
9.8,0.3,500,"sd","10:49:54",26000
9.8,0.3,200,"bu","10:47:51",25500
9.8,0.3,300,"bu","10:47:51",25300
9.8,0.3,100,"bu","10:47:51",25000
9.72,0.22,1000,"sd","10:43:06",24900
9.8,0.3,400,"bu","10:36:22",23900
9.8,0.3,400,"bu","10:36:22",23500
9.8,0.3,1000,"bu","10:36:22",23100
9.8,0.3,500,"bu","10:36:22",22100
9.8,0.3,500,"bu","10:36:22",21600
9.8,0.3,200,"bu","10:36:22",21100
9.8,0.3,600,"bu","10:29:15",20900
9.8,0.3,2000,"bu","10:18:59",20300
9.69,0.19,400,"sd","10:18:27",18300
9.68,0.18,1000,"unknown","10:14:10",17900
9.68,0.18,900,"unknown","10:14:10",16900
9.7,0.2,100,"sd","10:14:10",16000
9.7,0.2,2400,"sd","10:13:54",15900
9.71,0.21,500,"unknown","10:13:54",13500
9.71,0.21,100,"unknown","10:13:54",13000
9.71,0.21,100,"bu","10:08:22",12900
9.7,0.2,2500,"sd","10:07:25",12800
9.71,0.21,1000,"sd","10:06:11",10300
9.71,0.21,1000,"sd","10:05:35",9300
9.8,0.3,200,"bu","09:55:53",8300
9.8,0.3,100,"bu","09:55:53",8100
9.79,0.29,500,"bu","09:55:19",8000
9.79,0.29,300,"bu","09:54:37",7500
9.79,0.29,500,"bu","09:54:37",7200
9.79,0.29,200,"bu","09:54:37",6700
9.79,0.29,800,"sd","09:42:50",6500
9.79,0.29,200,"sd","09:38:50",5700
9.79,0.29,1000,"sd","09:38:50",5500
9.79,0.29,100,"bu","09:38:02",4500
9.79,0.29,100,"bu","09:36:23",4400
9.55,0.05,200,"sd","09:35:22",2500
9.55,0.05,1800,"sd","09:35:22",4300
9.69,0.19,200,"bu","09:32:36",2300
9.69,0.19,2000,"bu","09:31:09",2100
9.69,0.19,100,"bu","09:30:37",100
