"price","change","match_qtty","side","time","total_vol"
4.22,0.14,66400,"sd","14:45:03",988900
4.22,0.14,1000,"bu","14:29:44",922500
4.21,0.13,1000,"sd","14:29:39",921500
4.21,0.13,300,"sd","14:29:34",920500
4.21,0.13,200,"sd","14:29:34",920200
4.21,0.13,300,"sd","14:29:15",920000
4.21,0.13,400,"unknown","14:29:09",919700
4.21,0.13,1000,"bu","14:29:09",919300
4.21,0.13,1000,"bu","14:29:04",918300
4.21,0.13,1400,"bu","14:28:45",917300
4.21,0.13,300,"bu","14:28:32",915900
4.21,0.13,300,"sd","14:28:32",915600
4.21,0.13,500,"sd","14:28:21",915300
4.21,0.13,500,"sd","14:28:05",914800
4.21,0.13,700,"sd","14:27:26",914300
4.21,0.13,300,"sd","14:27:26",913600
4.21,0.13,2000,"bu","14:25:55",913300
4.2,0.12,10000,"sd","14:25:25",911300
4.21,0.13,500,"unknown","14:25:06",901300
4.2,0.12,400,"sd","14:24:34",900800
4.21,0.13,100,"sd","14:24:34",900400
4.2,0.12,2500,"sd","14:24:18",900300
4.2,0.12,300,"sd","14:24:16",897800
4.2,0.12,1700,"sd","14:24:16",897500
4.2,0.12,2000,"sd","14:22:40",895800
4.2,0.12,1200,"sd","14:22:04",893800
4.2,0.12,100,"bu","14:21:38",892600
4.2,0.12,2000,"bu","14:21:38",892500
4.2,0.12,3000,"bu","14:21:38",890500
4.19,0.11,3000,"sd","14:20:16",887500
4.19,0.11,1200,"sd","14:20:06",884500
4.19,0.11,300,"sd","14:19:52",883300
4.19,0.11,200,"sd","14:19:52",883000
4.19,0.11,300,"sd","14:19:38",882800
4.19,0.11,1000,"sd","14:19:38",882500
4.19,0.11,100,"sd","14:19:38",881500
4.19,0.11,100,"sd","14:19:38",881400
4.19,0.11,4900,"sd","14:19:02",881300
4.19,0.11,100,"sd","14:19:02",876400
4.2,0.12,500,"bu","14:18:33",876300
4.2,0.12,400,"bu","14:18:21",875800
4.2,0.12,300,"sd","14:17:45",875400
4.2,0.12,1400,"sd","14:17:45",875100
4.21,0.13,3000,"bu","14:16:29",873700
4.21,0.13,400,"bu","14:16:20",870700
4.21,0.13,1000,"bu","14:16:15",870300
4.21,0.13,2000,"bu","14:15:49",869300
4.21,0.13,2900,"sd","14:15:28",867300
4.21,0.13,200,"sd","14:15:28",864400
4.22,0.14,4000,"bu","14:14:43",864200
4.22,0.14,2400,"sd","14:14:01",860200
4.23,0.15,400,"bu","14:12:38",857800
4.23,0.15,100,"bu","14:12:38",857400
4.22,0.14,100,"bu","14:12:24",857300
4.22,0.14,100,"bu","14:12:15",857200
4.22,0.14,2000,"sd","14:10:59",857100
4.23,0.15,500,"bu","14:10:37",855100
4.23,0.15,300,"bu","14:10:22",854600
4.22,0.14,1000,"sd","14:10:18",854300
4.22,0.14,1000,"sd","14:09:56",853300
4.22,0.14,3000,"bu","14:09:51",852300
4.22,0.14,500,"bu","14:09:51",849300
4.22,0.14,300,"bu","14:09:51",848800
4.22,0.14,2200,"bu","14:09:51",848500
4.22,0.14,600,"bu","14:09:51",846300
4.22,0.14,1200,"bu","14:09:51",845700
4.21,0.13,300,"bu","14:09:21",844500
4.2,0.12,18600,"sd","14:09:17",844200
4.2,0.12,300,"sd","14:09:17",825600
4.2,0.12,1000,"sd","14:09:17",825300
4.2,0.12,100,"sd","14:09:17",824300
4.21,0.13,400,"bu","14:08:56",824200
4.21,0.13,2300,"bu","14:08:48",823800
4.21,0.13,2000,"sd","14:08:46",821500
4.22,0.14,4000,"bu","14:07:53",819500
4.2,0.12,900,"sd","14:07:09",815500
4.2,0.12,1000,"sd","14:07:09",814600
4.2,0.12,100,"sd","14:07:09",813600
4.2,0.12,3000,"sd","14:07:09",813500
4.2,0.12,7000,"sd","14:07:00",810500
4.2,0.12,600,"sd","14:07:00",803500
4.2,0.12,300,"sd","14:07:00",802900
4.2,0.12,2000,"sd","14:07:00",802600
4.2,0.12,100,"sd","14:07:00",800600
4.22,0.14,100,"bu","14:06:52",800500
4.21,0.13,2000,"bu","14:06:51",800400
4.21,0.13,3000,"bu","14:06:48",798400
4.22,0.14,100,"bu","14:06:27",795400
4.21,0.13,4700,"sd","14:06:24",795300
4.22,0.14,200,"bu","14:05:14",790600
4.22,0.14,2100,"bu","14:04:53",790400
4.22,0.14,300,"bu","14:04:30",788300
4.22,0.14,1500,"bu","14:04:22",788000
4.22,0.14,3700,"sd","14:04:04",786500
4.22,0.14,500,"bu","14:04:03",782800
4.22,0.14,800,"bu","14:04:03",782300
4.22,0.14,2000,"bu","14:03:47",781500
4.22,0.14,100,"bu","14:02:57",779500
4.22,0.14,200,"sd","14:02:25",779400
4.22,0.14,1900,"sd","14:02:25",779200
4.22,0.14,100,"bu","14:01:36",777300
4.21,0.13,300,"sd","14:01:36",777200
4.22,0.14,1800,"bu","14:01:33",776900
4.22,0.14,3200,"bu","14:01:31",775100
4.22,0.14,100,"bu","14:01:31",771900
4.22,0.14,300,"bu","14:01:31",771800
4.22,0.14,900,"bu","14:01:30",771500
4.22,0.14,100,"bu","14:01:30",770600
4.22,0.14,900,"bu","14:00:41",770500
4.22,0.14,100,"bu","14:00:41",769600
4.22,0.14,2900,"bu","13:59:48",769500
4.22,0.14,200,"bu","13:59:48",766600
4.22,0.14,1000,"bu","13:59:48",766400
4.22,0.14,1500,"bu","13:58:46",765400
4.22,0.14,100,"bu","13:58:23",763900
4.22,0.14,100,"bu","13:57:53",763800
4.22,0.14,1000,"bu","13:57:17",763700
4.22,0.14,1300,"bu","13:55:45",762700
4.22,0.14,700,"bu","13:55:45",761400
4.2,0.12,4900,"sd","13:55:09",760700
4.2,0.12,100,"sd","13:55:09",755800
4.22,0.14,1000,"sd","13:53:46",755700
4.22,0.14,3300,"sd","13:53:46",754700
4.22,0.14,200,"sd","13:53:31",751400
4.22,0.14,1500,"sd","13:53:25",751200
4.22,0.14,3000,"sd","13:53:25",749700
4.22,0.14,500,"sd","13:53:25",746700
4.22,0.14,200,"sd","13:52:35",746200
4.22,0.14,300,"sd","13:52:35",746000
4.23,0.15,5000,"bu","13:52:11",745700
4.23,0.15,4100,"bu","13:51:44",740700
4.23,0.15,5900,"sd","13:51:22",736600
4.23,0.15,4000,"sd","13:51:22",730700
4.23,0.15,100,"sd","13:51:22",726700
4.24,0.16,100,"sd","13:51:10",726600
4.24,0.16,100,"bu","13:50:55",726500
4.24,0.16,4400,"bu","13:50:55",726400
4.24,0.16,600,"bu","13:50:49",722000
4.24,0.16,2900,"bu","13:50:49",721400
4.24,0.16,200,"bu","13:50:49",718500
4.24,0.16,5000,"bu","13:50:49",718300
4.24,0.16,300,"bu","13:50:49",713300
4.24,0.16,3000,"bu","13:50:44",713000
4.24,0.16,100,"bu","13:50:44",710000
4.24,0.16,1000,"bu","13:50:13",709900
4.24,0.16,2400,"bu","13:49:12",708900
4.23,0.15,500,"sd","13:49:06",706500
4.23,0.15,100,"sd","13:48:53",706000
4.22,0.14,100,"sd","13:48:18",705900
4.22,0.14,100,"sd","13:48:18",705800
4.24,0.16,100,"bu","13:48:02",705700
4.24,0.16,500,"bu","13:47:45",705600
4.24,0.16,500,"bu","13:47:45",705100
4.24,0.16,1500,"bu","13:47:27",704600
4.24,0.16,500,"bu","13:47:27",703100
4.24,0.16,200,"bu","13:47:27",702600
4.23,0.15,5000,"unknown","13:47:27",702400
4.23,0.15,2000,"unknown","13:47:27",697400
4.23,0.15,100,"unknown","13:47:27",695400
4.23,0.15,500,"unknown","13:47:27",695300
4.23,0.15,4200,"bu","13:47:27",694800
4.23,0.15,100,"bu","13:47:13",690600
4.23,0.15,100,"bu","13:46:32",690500
4.23,0.15,600,"bu","13:46:21",690400
4.23,0.15,100,"bu","13:46:21",689800
4.23,0.15,500,"bu","13:46:21",689700
4.23,0.15,100,"bu","13:46:21",689200
4.23,0.15,100,"bu","13:46:21",689100
4.23,0.15,500,"bu","13:46:21",689000
4.23,0.15,1100,"bu","13:46:21",688500
4.23,0.15,1000,"bu","13:46:21",687400
4.22,0.14,4900,"bu","13:45:52",686400
4.22,0.14,100,"bu","13:45:20",681500
4.22,0.14,900,"bu","13:45:20",681400
4.22,0.14,1000,"bu","13:45:09",680500
4.22,0.14,900,"bu","13:45:09",679500
4.22,0.14,4100,"bu","13:45:09",678600
4.22,0.14,1200,"bu","13:45:03",674500
4.22,0.14,3000,"bu","13:45:01",673300
4.22,0.14,100,"bu","13:44:42",670300
4.22,0.14,200,"bu","13:44:42",670200
4.22,0.14,1800,"bu","13:44:24",670000
4.22,0.14,100,"bu","13:44:24",668200
4.22,0.14,1100,"bu","13:44:24",668100
4.22,0.14,200,"bu","13:44:17",667000
4.22,0.14,100,"bu","13:43:59",666800
4.22,0.14,600,"bu","13:42:56",666700
4.22,0.14,600,"bu","13:42:56",666100
4.21,0.13,200,"bu","13:41:47",665500
4.21,0.13,1000,"bu","13:41:47",665300
4.21,0.13,9300,"bu","13:41:47",664300
4.21,0.13,100,"bu","13:41:35",655000
4.21,0.13,9600,"bu","13:41:20",654900
4.21,0.13,3400,"bu","13:41:20",645300
4.2,0.12,400,"sd","13:40:38",641900
4.2,0.12,2400,"sd","13:39:45",641500
4.2,0.12,100,"sd","13:39:45",639100
4.2,0.12,400,"sd","13:39:36",639000
4.2,0.12,100,"sd","13:39:36",638600
4.2,0.12,100,"sd","13:39:21",638500
4.21,0.13,200,"bu","13:38:25",638400
4.21,0.13,200,"bu","13:35:36",638200
4.21,0.13,1200,"sd","13:33:20",638000
4.21,0.13,200,"sd","13:33:00",636800
4.21,0.13,5000,"sd","13:32:58",636600
4.21,0.13,500,"sd","13:32:54",631600
4.21,0.13,100,"sd","13:32:54",631100
4.21,0.13,500,"sd","13:32:49",631000
4.21,0.13,300,"bu","13:32:45",630500
4.21,0.13,1500,"bu","13:32:45",630200
4.2,0.12,300,"sd","13:32:42",628700
4.21,0.13,1500,"bu","13:32:28",628400
4.2,0.12,1000,"sd","13:32:20",626900
4.2,0.12,3000,"sd","13:32:15",625900
4.2,0.12,1000,"sd","13:32:02",622900
4.2,0.12,1000,"sd","13:31:50",621900
4.21,0.13,100,"bu","13:30:51",620900
4.21,0.13,1900,"bu","13:30:22",620800
4.21,0.13,400,"bu","13:30:22",618900
4.2,0.12,400,"bu","13:28:45",618500
4.2,0.12,500,"bu","13:28:43",618100
4.2,0.12,4100,"sd","13:28:40",617600
4.2,0.12,900,"bu","13:28:19",613500
4.2,0.12,100,"sd","13:28:19",612600
4.2,0.12,4000,"sd","13:28:19",612500
4.2,0.12,1000,"sd","13:27:53",608500
4.2,0.12,1000,"sd","13:27:53",607500
4.2,0.12,1000,"sd","13:27:53",606500
4.2,0.12,1000,"sd","13:27:53",605500
4.2,0.12,1000,"sd","13:27:53",604500
4.2,0.12,1000,"sd","13:26:20",603500
4.2,0.12,1000,"sd","13:26:20",602500
4.22,0.14,100,"bu","13:24:47",601500
4.22,0.14,400,"bu","13:24:47",601400
4.22,0.14,2000,"bu","13:23:57",601000
4.22,0.14,900,"bu","13:23:57",599000
4.21,0.13,100,"bu","13:23:57",598100
4.21,0.13,200,"bu","13:23:57",598000
4.2,0.12,800,"bu","13:23:57",597800
4.19,0.11,800,"sd","13:23:43",597000
4.19,0.11,100,"sd","13:23:43",596200
4.19,0.11,500,"sd","13:23:43",596100
4.19,0.11,100,"sd","13:23:43",595600
4.2,0.12,200,"bu","13:23:40",595500
4.2,0.12,9800,"bu","13:23:40",595300
4.2,0.12,1000,"bu","13:22:37",585500
4.2,0.12,200,"bu","13:22:30",584500
4.2,0.12,100,"bu","13:22:30",584300
4.2,0.12,100,"bu","13:22:30",584200
4.2,0.12,1600,"bu","13:22:30",584100
4.2,0.12,200,"bu","13:22:12",582500
4.2,0.12,200,"bu","13:21:33",582300
4.2,0.12,500,"bu","13:21:18",582100
4.2,0.12,100,"bu","13:17:51",581600
4.2,0.12,100,"bu","13:17:49",581500
4.2,0.12,100,"sd","13:16:15",581400
4.2,0.12,600,"sd","13:16:15",581300
4.21,0.13,100,"sd","13:14:44",580700
4.21,0.13,200,"sd","13:14:44",580600
4.21,0.13,200,"sd","13:14:08",580400
4.21,0.13,100,"sd","13:13:56",580200
4.21,0.13,1000,"sd","13:13:42",580100
4.21,0.13,700,"sd","13:13:16",579100
4.21,0.13,1200,"sd","13:13:16",578400
4.21,0.13,100,"sd","13:13:07",577200
4.22,0.14,100,"sd","13:12:16",577100
4.22,0.14,900,"sd","13:11:58",577000
4.22,0.14,100,"sd","13:11:58",576100
4.23,0.15,200,"bu","13:11:57",576000
4.23,0.15,100,"bu","13:11:47",575800
4.23,0.15,500,"bu","13:11:27",575700
4.22,0.14,100,"sd","13:11:19",575200
4.23,0.15,2200,"bu","13:11:11",575100
4.22,0.14,500,"sd","13:11:01",572900
4.22,0.14,200,"sd","13:10:52",572400
4.22,0.14,3000,"sd","13:10:42",572200
4.23,0.15,200,"bu","13:10:13",569200
4.23,0.15,4900,"bu","13:09:49",569000
4.23,0.15,100,"bu","13:09:49",564100
4.22,0.14,1000,"bu","13:09:32",564000
4.22,0.14,1100,"bu","13:09:32",563000
4.22,0.14,100,"bu","13:09:32",561900
4.22,0.14,5000,"bu","13:09:25",561800
4.22,0.14,3600,"bu","13:09:21",556800
4.22,0.14,1300,"bu","13:08:52",553200
4.22,0.14,100,"bu","13:08:52",551900
4.21,0.13,200,"bu","13:08:29",551800
4.21,0.13,500,"bu","13:08:29",551600
4.21,0.13,100,"bu","13:08:29",551100
4.2,0.12,400,"sd","13:08:26",551000
4.2,0.12,100,"sd","13:08:26",550600
4.2,0.12,500,"sd","13:08:26",550500
4.2,0.12,300,"sd","13:07:51",550000
4.2,0.12,1000,"sd","13:07:41",549700
4.2,0.12,200,"bu","13:07:24",548700
4.2,0.12,100,"bu","13:07:00",548500
4.2,0.12,3600,"bu","13:06:50",548400
4.2,0.12,400,"bu","13:06:50",544800
4.2,0.12,1000,"bu","13:06:50",544400
4.2,0.12,100,"bu","13:06:39",543400
4.2,0.12,400,"bu","13:06:02",543300
4.2,0.12,2500,"bu","13:05:45",542900
4.2,0.12,500,"bu","13:05:45",540400
4.2,0.12,100,"bu","13:05:45",539900
4.2,0.12,100,"bu","13:05:45",539800
4.2,0.12,100,"bu","13:05:45",539700
4.2,0.12,500,"bu","13:05:45",539600
4.2,0.12,300,"bu","13:05:45",539100
4.2,0.12,100,"bu","13:05:45",538800
4.2,0.12,16500,"bu","13:05:45",538700
4.2,0.12,500,"bu","13:05:45",522200
4.2,0.12,500,"bu","13:05:45",521700
4.2,0.12,500,"bu","13:05:45",521200
4.2,0.12,500,"bu","13:05:45",520700
4.2,0.12,500,"bu","13:05:45",520200
4.2,0.12,100,"bu","13:05:45",519700
4.2,0.12,1700,"bu","13:05:45",519600
4.18,0.1,200,"bu","13:05:36",517900
4.18,0.1,100,"bu","13:05:30",517700
4.18,0.1,1600,"sd","13:05:29",517600
4.18,0.1,4600,"sd","13:05:29",516000
4.19,0.11,100,"bu","13:05:24",511400
4.19,0.11,1000,"bu","13:05:24",511300
4.19,0.11,200,"bu","13:05:24",510300
4.19,0.11,100,"bu","13:05:24",510100
4.19,0.11,1000,"bu","13:05:24",510000
4.19,0.11,6500,"bu","13:05:24",509000
4.18,0.1,200,"bu","13:04:36",502500
4.18,0.1,500,"bu","13:04:36",502300
4.18,0.1,700,"bu","13:04:36",501800
4.18,0.1,4000,"bu","13:04:36",501100
4.16,0.08,500,"bu","13:01:23",497100
4.16,0.08,2000,"bu","13:01:16",496600
4.16,0.08,1000,"bu","13:01:00",494600
4.16,0.08,1000,"bu","13:00:57",493600
4.16,0.08,5000,"bu","13:00:46",492600
4.16,0.08,1000,"bu","13:00:36",487600
4.16,0.08,4000,"bu","13:00:10",486600
4.16,0.08,2000,"bu","13:00:08",482600
4.16,0.08,500,"bu","13:00:08",480600
4.15,0.07,100,"sd","13:00:08",480100
4.16,0.08,700,"bu","13:00:08",480000
4.16,0.08,200,"bu","13:00:06",479300
4.15,0.07,200,"sd","13:00:05",479100
4.16,0.08,1800,"bu","13:00:04",478900
4.15,0.07,400,"sd","13:00:04",477100
4.15,0.07,100,"sd","13:00:03",476700
4.16,0.08,300,"bu","13:00:02",476600
4.16,0.08,100,"sd","13:00:01",476300
4.16,0.08,1100,"sd","11:27:46",476200
4.16,0.08,3900,"sd","11:27:46",475100
4.16,0.08,1100,"sd","11:27:19",471200
4.16,0.08,100,"sd","11:27:19",470100
4.16,0.08,500,"sd","11:27:19",470000
4.16,0.08,200,"sd","11:27:19",469500
4.16,0.08,600,"sd","11:27:19",469300
4.16,0.08,500,"sd","11:27:19",468700
4.17,0.09,2000,"sd","11:27:19",468200
4.17,0.09,200,"bu","11:26:55",466200
4.16,0.08,4000,"sd","11:21:32",466000
4.16,0.08,2000,"sd","11:21:32",462000
4.19,0.11,2000,"bu","11:19:58",460000
4.18,0.1,1500,"sd","11:19:51",458000
4.18,0.1,100,"bu","11:19:34",456500
4.18,0.1,400,"bu","11:19:34",456400
4.18,0.1,100,"bu","11:18:12",456000
4.18,0.1,500,"bu","11:18:12",455900
4.18,0.1,400,"bu","11:17:28",455400
4.18,0.1,100,"bu","11:16:58",455000
4.18,0.1,200,"bu","11:16:05",454900
4.18,0.1,100,"bu","11:16:05",454700
4.18,0.1,1000,"bu","11:15:51",454600
4.19,0.11,500,"bu","11:13:19",453600
4.19,0.11,1000,"bu","11:12:28",453100
4.19,0.11,5000,"bu","11:11:08",452100
4.18,0.1,1000,"unknown","11:10:32",447100
4.18,0.1,2500,"unknown","11:10:32",446100
4.18,0.1,300,"bu","11:10:32",443600
4.18,0.1,1000,"bu","11:10:32",443300
4.18,0.1,100,"bu","11:10:32",442300
4.17,0.09,800,"bu","11:09:27",442200
4.17,0.09,200,"bu","11:08:58",441400
4.17,0.09,1000,"bu","11:08:58",441200
4.17,0.09,200,"bu","11:08:58",440200
4.17,0.09,1600,"bu","11:08:58",440000
4.17,0.09,400,"bu","11:08:34",438400
4.16,0.08,1000,"bu","11:07:32",438000
4.15,0.07,100,"bu","11:06:29",437000
4.15,0.07,200,"bu","11:06:28",436900
4.15,0.07,300,"bu","11:06:27",436700
4.15,0.07,200,"bu","11:06:27",436400
4.15,0.07,500,"bu","11:06:27",436200
4.15,0.07,500,"bu","11:06:12",435700
4.15,0.07,3700,"bu","11:06:12",435200
4.15,0.07,69000,"bu","11:06:08",431500
4.15,0.07,12100,"bu","11:03:49",362500
4.15,0.07,500,"bu","11:03:13",350400
4.15,0.07,100,"bu","10:59:47",349900
4.15,0.07,200,"bu","10:57:37",349800
4.15,0.07,2000,"bu","10:57:33",349600
4.15,0.07,200,"bu","10:55:03",347600
4.15,0.07,300,"bu","10:52:40",347400
4.13,0.05,2000,"sd","10:50:15",347100
4.13,0.05,400,"bu","10:47:24",345100
4.13,0.05,11700,"bu","10:47:24",344700
4.13,0.05,2000,"bu","10:47:09",333000
4.13,0.05,1800,"bu","10:46:33",331000
4.13,0.05,5000,"bu","10:45:50",329200
4.13,0.05,3000,"bu","10:41:31",324200
4.12,0.04,1000,"sd","10:40:42",321200
4.12,0.04,700,"sd","10:39:56",320200
4.13,0.05,5000,"bu","10:38:19",319500
4.13,0.05,3000,"bu","10:38:04",314500
4.13,0.05,2800,"sd","10:38:02",311500
4.13,0.05,500,"sd","10:38:02",308700
4.13,0.05,5000,"sd","10:38:02",308200
4.13,0.05,2000,"sd","10:38:02",303200
4.13,0.05,5000,"sd","10:38:02",301200
4.13,0.05,500,"sd","10:38:02",296200
4.13,0.05,700,"sd","10:38:02",295700
4.13,0.05,100,"sd","10:36:38",295000
4.14,0.06,1000,"sd","10:36:38",294900
4.14,0.06,800,"sd","10:36:38",293900
4.13,0.05,1200,"sd","10:34:56",293100
4.13,0.05,100,"sd","10:34:56",291900
4.14,0.06,500,"sd","10:33:10",291800
4.14,0.06,4500,"sd","10:33:09",291300
4.14,0.06,100,"sd","10:33:09",286800
4.14,0.06,4800,"sd","10:33:09",286700
4.14,0.06,1000,"sd","10:32:35",281900
4.14,0.06,200,"sd","10:31:52",280900
4.14,0.06,100,"sd","10:31:51",280700
4.14,0.06,400,"sd","10:29:09",280600
4.14,0.06,19500,"bu","10:28:17",280200
4.14,0.06,100,"bu","10:27:34",260700
4.14,0.06,100,"bu","10:27:33",260600
4.14,0.06,100,"bu","10:27:18",260500
4.14,0.06,300,"bu","10:24:30",260400
4.14,0.06,300,"bu","10:24:18",260100
4.14,0.06,5000,"sd","10:22:24",259800
4.14,0.06,4600,"sd","10:22:23",254800
4.15,0.07,500,"bu","10:22:01",250200
4.14,0.06,400,"sd","10:21:00",249700
4.14,0.06,500,"sd","10:21:00",249300
4.14,0.06,300,"sd","10:20:50",248800
4.14,0.06,500,"sd","10:20:50",248500
4.15,0.07,10000,"bu","10:19:47",248000
4.15,0.07,200,"bu","10:18:35",238000
4.15,0.07,1000,"bu","10:18:34",237800
4.15,0.07,200,"bu","10:18:15",236800
4.14,0.06,700,"bu","10:17:03",236600
4.14,0.06,200,"sd","10:16:34",235900
4.14,0.06,1000,"sd","10:16:34",235700
4.14,0.06,600,"sd","10:16:34",234700
4.14,0.06,100,"sd","10:16:16",234100
4.14,0.06,8400,"sd","10:15:52",234000
4.17,0.09,1000,"bu","10:14:01",225600
4.17,0.09,200,"bu","10:13:11",224600
4.17,0.09,300,"bu","10:13:11",224400
4.14,0.06,100,"sd","10:12:06",224100
4.14,0.06,800,"bu","10:11:15",224000
4.14,0.06,100,"bu","10:10:54",223200
4.14,0.06,100,"bu","10:10:49",223100
4.14,0.06,1000,"bu","10:10:49",223000
4.13,0.05,700,"sd","10:10:41",222000
4.13,0.05,300,"sd","10:10:41",221300
4.13,0.05,700,"bu","10:09:59",221000
4.13,0.05,400,"bu","10:09:41",220300
4.13,0.05,200,"bu","10:09:40",219900
4.13,0.05,200,"bu","10:09:31",219700
4.13,0.05,1000,"bu","10:09:23",219500
4.13,0.05,2900,"bu","10:09:00",218500
4.13,0.05,100,"sd","10:08:54",215600
4.13,0.05,2000,"sd","10:08:54",215500
4.14,0.06,500,"sd","10:08:54",213500
4.14,0.06,6300,"sd","10:08:41",213000
4.14,0.06,100,"sd","10:08:41",206700
4.15,0.07,600,"sd","10:08:41",206600
4.15,0.07,1400,"sd","10:08:32",206000
4.15,0.07,100,"sd","10:08:32",204600
4.15,0.07,2000,"sd","10:08:32",204500
4.15,0.07,500,"sd","10:08:32",202500
4.15,0.07,2000,"sd","10:08:32",202000
4.15,0.07,1000,"sd","10:08:32",200000
4.16,0.08,20000,"sd","10:08:15",199000
4.17,0.09,3000,"sd","10:08:10",179000
4.17,0.09,500,"sd","10:08:10",176000
4.17,0.09,500,"sd","10:08:10",175500
4.17,0.09,100,"sd","10:08:10",175000
4.17,0.09,3000,"sd","10:08:10",174900
4.18,0.1,100,"sd","10:08:10",171900
4.18,0.1,300,"sd","10:08:10",171800
4.18,0.1,200,"sd","10:08:10",171500
4.18,0.1,100,"sd","10:07:59",171300
4.18,0.1,100,"sd","10:07:21",171200
4.18,0.1,300,"sd","10:06:45",171100
4.18,0.1,1300,"sd","10:06:24",170800
4.18,0.1,1800,"sd","10:06:24",169500
4.18,0.1,1100,"sd","10:06:09",167700
4.18,0.1,1600,"sd","10:05:41",166600
4.18,0.1,100,"bu","10:04:37",165000
4.18,0.1,500,"bu","10:04:37",164900
4.18,0.1,900,"bu","10:04:37",164400
4.18,0.1,200,"bu","10:04:11",163500
4.18,0.1,4900,"bu","10:03:44",163300
4.18,0.1,900,"bu","10:03:44",158400
4.18,0.1,100,"bu","10:03:29",157500
4.18,0.1,100,"bu","10:03:29",157400
4.18,0.1,800,"bu","10:03:29",157300
4.18,0.1,200,"bu","10:03:19",156500
4.18,0.1,100,"bu","10:03:19",156300
4.18,0.1,200,"bu","10:03:19",156200
4.18,0.1,100,"bu","10:02:45",156000
4.18,0.1,100,"bu","10:01:29",155900
4.18,0.1,500,"bu","10:01:29",155800
4.18,0.1,1000,"bu","10:01:29",155300
4.18,0.1,3400,"bu","10:01:29",154300
4.18,0.1,4000,"bu","10:01:23",150900
4.18,0.1,200,"bu","10:01:20",146900
4.18,0.1,500,"bu","10:01:12",146700
4.18,0.1,500,"bu","10:01:02",146200
4.18,0.1,500,"bu","10:00:52",145700
4.18,0.1,2400,"bu","10:00:34",145200
4.18,0.1,500,"bu","10:00:16",142800
4.17,0.09,500,"sd","09:59:10",142300
4.17,0.09,100,"sd","09:57:51",141800
4.17,0.09,800,"sd","09:56:26",141700
4.18,0.1,2000,"bu","09:55:24",140900
4.18,0.1,800,"bu","09:55:24",138900
4.18,0.1,1000,"bu","09:55:24",138100
4.18,0.1,100,"bu","09:55:24",137100
4.18,0.1,100,"bu","09:55:24",137000
4.17,0.09,5100,"bu","09:54:59",136900
4.17,0.09,500,"bu","09:54:59",131800
4.17,0.09,1500,"bu","09:54:33",131300
4.16,0.08,1000,"sd","09:54:33",129800
4.16,0.08,700,"unknown","09:53:17",128800
4.16,0.08,300,"bu","09:53:07",128100
4.16,0.08,10000,"bu","09:53:07",127800
4.16,0.08,1000,"bu","09:53:07",117800
4.16,0.08,100,"bu","09:53:07",116800
4.16,0.08,600,"bu","09:53:07",116700
4.16,0.08,3000,"bu","09:52:48",116100
4.16,0.08,1000,"bu","09:52:44",113100
4.16,0.08,2000,"bu","09:52:32",112100
4.16,0.08,1000,"bu","09:52:21",110100
4.16,0.08,1000,"bu","09:51:23",109100
4.16,0.08,100,"bu","09:50:57",108100
4.16,0.08,100,"bu","09:50:49",108000
4.16,0.08,500,"bu","09:50:24",107900
4.16,0.08,500,"bu","09:48:58",107400
4.16,0.08,6000,"bu","09:47:16",106900
4.16,0.08,100,"bu","09:47:04",100900
4.16,0.08,100,"bu","09:46:54",100800
4.16,0.08,5000,"bu","09:46:37",100700
4.16,0.08,4000,"bu","09:46:37",95700
4.16,0.08,1000,"bu","09:46:37",91700
4.15,0.07,500,"bu","09:46:09",90700
4.15,0.07,500,"bu","09:46:09",90200
4.15,0.07,2300,"bu","09:46:09",89700
4.15,0.07,100,"bu","09:45:37",87400
4.15,0.07,200,"bu","09:45:34",87300
4.15,0.07,100,"bu","09:45:03",87100
4.15,0.07,1000,"bu","09:44:38",87000
4.15,0.07,5000,"bu","09:44:37",86000
4.15,0.07,100,"bu","09:44:16",81000
4.15,0.07,100,"sd","09:43:36",80900
4.15,0.07,1500,"sd","09:43:36",80800
4.15,0.07,500,"sd","09:41:29",79300
4.15,0.07,500,"bu","09:41:26",78800
4.15,0.07,2000,"bu","09:40:28",78300
4.15,0.07,500,"bu","09:39:22",76300
4.15,0.07,100,"bu","09:39:22",75800
4.15,0.07,100,"bu","09:39:22",75700
4.15,0.07,300,"bu","09:39:22",75600
4.15,0.07,200,"bu","09:37:08",75300
4.14,0.06,100,"bu","09:36:23",75100
4.14,0.06,200,"bu","09:36:14",75000
4.14,0.06,100,"bu","09:33:32",74800
4.14,0.06,100,"bu","09:33:32",74700
4.13,0.05,2200,"bu","09:33:32",74600
4.12,0.04,500,"bu","09:33:32",72400
4.12,0.04,100,"bu","09:33:32",71900
4.12,0.04,100,"bu","09:32:44",71800
4.12,0.04,1400,"bu","09:31:45",71700
4.12,0.04,500,"bu","09:31:45",70300
4.12,0.04,33100,"bu","09:31:45",69800
4.12,0.04,2800,"bu","09:31:04",36700
4.12,0.04,600,"sd","09:28:36",33900
4.12,0.04,300,"bu","09:27:35",33300
4.12,0.04,100,"bu","09:27:35",33000
4.12,0.04,900,"sd","09:26:32",32900
4.12,0.04,500,"bu","09:26:24",32000
4.12,0.04,8600,"bu","09:26:24",31500
4.12,0.04,400,"sd","09:25:56",22900
4.12,0.04,4100,"bu","09:25:33",22500
4.11,0.03,500,"bu","09:25:33",18400
4.11,0.03,2400,"sd","09:25:10",17900
4.11,0.03,100,"sd","09:25:09",15500
4.12,0.04,300,"bu","09:24:59",15400
4.12,0.04,200,"bu","09:24:59",15100
4.12,0.04,500,"bu","09:22:28",14900
4.12,0.04,100,"bu","09:22:24",14400
4.11,0.03,100,"bu","09:21:40",14300
4.11,0.03,100,"bu","09:21:40",14200
4.1,0.02,100,"bu","09:19:33",14100
4.1,0.02,100,"bu","09:19:32",14000
4.1,0.02,300,"bu","09:19:04",13900
4.09,0.01,500,"sd","09:18:18",13600
4.09,0.01,100,"sd","09:18:18",13100
4.09,0.01,700,"bu","09:18:04",13000
4.09,0.01,100,"bu","09:17:57",12300
4.09,0.01,1000,"sd","09:17:44",12200
4.09,0.01,300,"sd","09:17:44",11200
4.09,0.01,300,"sd","09:17:44",10900
4.09,0.01,2600,"sd","09:17:44",10600
4.1,0.02,100,"bu","09:17:34",8000
4.09,0.01,2400,"sd","09:15:45",7900
4.1,0.02,200,"bu","09:15:38",5500
4.09,0.01,5300,"sd","09:15:01",5300
