"price","change","match_qtty","side","time","total_vol"
11200,200,17700,"bu","14:45:00",285500
11200,200,1000,"bu","14:29:52",267800
11200,200,1000,"bu","14:29:32",266800
11100,100,1000,"sd","14:28:43",265800
11100,100,2000,"sd","14:28:18",264800
11200,200,4900,"bu","14:28:17",262800
11100,100,100,"sd","14:25:32",257900
11100,100,6200,"unknown","14:25:16",257800
11100,100,1000,"bu","14:25:04",251600
11100,100,1000,"bu","14:24:47",250600
11100,100,100,"bu","14:24:44",249600
11100,100,500,"bu","14:24:29",249500
11100,100,500,"bu","14:24:28",249000
11100,100,1500,"bu","14:24:20",248500
11100,100,1000,"bu","14:24:15",247000
11100,100,500,"bu","14:24:07",246000
11100,100,100,"bu","14:23:56",245500
11100,100,300,"bu","14:23:41",245400
11100,100,200,"bu","14:23:36",245100
11100,100,1000,"bu","14:23:26",244900
11100,100,100,"bu","14:23:21",243900
11100,100,500,"bu","14:23:15",243800
11100,100,200,"bu","14:23:09",243300
11100,100,600,"bu","14:23:07",243100
11100,100,900,"bu","14:22:52",242500
11100,100,2000,"bu","14:22:46",241600
11100,100,100,"bu","14:22:33",239600
11100,100,100,"bu","14:22:12",239500
11100,100,3100,"bu","14:21:58",239400
11000,0,1000,"sd","14:19:24",236300
11000,0,500,"sd","14:15:48",235300
11100,100,100,"bu","14:15:28",234800
11000,0,500,"sd","14:14:37",234700
11000,0,100,"sd","14:14:33",234200
11000,0,500,"sd","14:14:28",234100
11000,0,1000,"sd","14:12:27",233600
11000,0,1000,"sd","14:11:38",232600
11000,0,300,"sd","14:11:21",231600
11000,0,500,"sd","14:11:00",231300
11000,0,2000,"sd","14:10:21",230800
11000,0,10000,"sd","14:09:50",228800
11000,0,1000,"sd","14:08:39",218800
11000,0,100,"sd","14:08:17",217800
11000,0,1000,"sd","14:08:13",217700
11000,0,200,"sd","14:06:59",216700
11000,0,1000,"sd","14:06:33",216500
11000,0,10000,"sd","14:04:32",215500
11000,0,3000,"sd","14:02:21",205500
11000,0,10000,"sd","14:02:10",202500
11000,0,100,"sd","14:01:42",192500
11000,0,10000,"sd","14:01:17",192400
11000,0,200,"sd","14:00:37",182400
11000,0,1000,"sd","13:55:55",182200
11100,100,300,"bu","13:55:23",181200
11100,100,1000,"bu","13:55:04",180900
11100,100,4000,"bu","13:54:58",179900
11100,100,300,"bu","13:50:38",175900
11100,100,1000,"bu","13:50:15",175600
11000,0,200,"sd","13:49:24",174600
11000,0,200,"sd","13:48:44",174400
11000,0,2700,"bu","13:47:53",174200
11000,0,1000,"bu","13:47:49",171500
11000,0,10000,"bu","13:47:45",170500
11000,0,200,"bu","13:47:31",160500
11000,0,100,"bu","13:47:08",160300
11000,0,100,"bu","13:47:07",160200
11000,0,200,"bu","13:46:48",160100
11000,0,1000,"bu","13:46:35",159900
11000,0,400,"bu","13:45:59",158900
11000,0,100,"bu","13:45:53",158500
11000,0,500,"bu","13:45:11",158400
11000,0,100,"bu","13:44:58",157900
11000,0,2200,"bu","13:44:11",157800
11000,0,100,"bu","13:42:46",155600
10900,-100,1000,"sd","13:40:34",155500
10900,-100,2000,"sd","13:40:11",154500
11000,0,100,"bu","13:37:43",152500
11000,0,8000,"bu","13:36:11",152400
11000,0,200,"bu","13:35:48",144400
11000,0,500,"bu","13:34:21",144200
11000,0,200,"bu","13:33:23",143700
10900,-100,5000,"sd","13:33:13",143500
11000,0,200,"bu","13:30:50",138500
11000,0,500,"bu","13:29:58",138300
10900,-100,500,"sd","13:29:56",137800
11000,0,200,"bu","13:29:42",137300
10900,-100,1400,"sd","13:29:28",137100
11000,0,5000,"bu","13:29:15",135700
11000,0,200,"bu","13:28:08",130700
11000,0,4800,"bu","13:27:54",130500
11000,0,100,"bu","13:27:14",125700
11000,0,900,"bu","13:27:07",125600
11000,0,700,"bu","13:26:46",124700
11000,0,100,"bu","13:26:25",124000
11000,0,5200,"bu","13:24:56",123900
11000,0,9000,"sd","13:24:18",118700
11000,0,1000,"sd","13:24:01",109700
11000,0,100,"sd","13:22:19",108700
11000,0,1000,"sd","13:20:29",108600
11000,0,2000,"sd","13:20:18",107600
11000,0,200,"sd","13:20:14",105600
11000,0,200,"sd","13:20:04",105400
11000,0,3000,"sd","13:13:02",105200
11000,0,6000,"sd","13:10:34",102200
11100,100,200,"bu","13:10:28",96200
11000,0,3000,"sd","13:09:53",96000
11100,100,100,"bu","13:09:14",93000
11100,100,100,"bu","13:08:14",92900
11000,0,12000,"sd","13:07:47",92800
11000,0,1000,"sd","13:07:29",80800
11000,0,700,"sd","13:06:27",79800
11100,100,100,"bu","11:18:07",79100
11000,0,500,"sd","11:14:47",79000
11100,100,500,"bu","11:14:15",78500
11100,100,1000,"bu","11:04:45",78000
11100,100,100,"bu","11:04:26",77000
11100,100,100,"bu","11:01:31",76900
11000,0,8000,"sd","10:58:52",76800
11000,0,300,"sd","10:58:29",68800
11000,0,200,"sd","10:56:39",68500
11000,0,1000,"sd","10:54:03",68300
11100,100,100,"bu","10:49:20",67300
11000,0,1000,"sd","10:47:54",67200
11100,100,100,"bu","10:47:26",66200
11000,0,2000,"sd","10:46:49",66100
11100,100,2300,"bu","10:41:40",64100
11100,100,100,"bu","10:40:11",61800
11000,0,4000,"sd","10:40:04",61700
11000,0,1000,"sd","10:39:35",57700
11000,0,1000,"sd","10:39:17",56700
11100,100,200,"bu","10:38:03",55700
11100,100,1000,"bu","10:36:27",55500
11100,100,100,"bu","10:32:33",54500
11100,100,1000,"bu","10:30:17",54400
11100,100,6400,"bu","10:29:51",53400
11100,100,1000,"bu","10:26:36",47000
11100,100,100,"bu","10:24:50",46000
11000,0,1500,"sd","10:14:53",45900
11000,0,200,"sd","10:14:07",44400
11000,0,2000,"sd","10:12:41",44200
11000,0,500,"sd","10:11:37",42200
11000,0,200,"sd","10:11:14",41700
11000,0,1000,"sd","10:10:36",41500
11100,100,300,"bu","09:56:48",40500
11100,100,200,"sd","09:53:58",40200
11100,100,600,"bu","09:49:10",40000
11100,100,900,"bu","09:46:44",39400
11100,100,2000,"bu","09:46:04",38500
11100,100,100,"bu","09:45:59",36500
11100,100,500,"bu","09:45:50",36400
11100,100,100,"bu","09:45:31",35900
11100,100,100,"bu","09:42:09",35800
11100,100,1000,"bu","09:38:45",35700
11100,100,100,"bu","09:36:53",34700
11100,100,500,"bu","09:36:02",34600
11100,100,500,"bu","09:35:22",34100
11100,100,100,"bu","09:33:28",33600
11100,100,400,"bu","09:32:03",33500
11100,100,300,"bu","09:30:59",33100
11100,100,200,"bu","09:29:59",32800
11100,100,4000,"bu","09:29:41",32600
11100,100,8000,"bu","09:28:50",28600
11000,0,700,"sd","09:28:13",20600
11000,0,1500,"sd","09:24:50",19900
11000,0,10000,"sd","09:19:55",18400
11100,100,1400,"bu","09:14:10",8400
11100,100,100,"sd","09:10:44",7000
11100,100,3600,"sd","09:08:16",6900
11100,100,100,"bu","09:08:01",3300
11100,100,100,"bu","09:07:02",3200
11100,100,200,"bu","09:06:37",3100
11100,100,1000,"bu","09:05:52",2900
11100,100,100,"bu","09:04:00",1900
11100,100,100,"bu","09:03:12",1800
11000,0,100,"unknown","09:02:49",1700
11000,0,1500,"sd","09:01:27",1600
11000,0,100,"sd","09:00:21",100
