"price","change","match_qtty","side","time","total_vol"
8400,0,1000,"bu","14:59:25",409100
8300,-100,200,"sd","14:49:54",408100
8300,-100,200,"sd","14:49:34",407900
8300,-100,700,"sd","14:47:21",407700
8300,-100,2000,"sd","14:43:10",407000
8400,0,400,"bu","14:41:27",405000
8400,0,100,"bu","14:31:00",404600
8400,0,4500,"bu","14:30:15",404500
8400,0,1000,"bu","14:29:26",400000
8400,0,600,"bu","14:26:55",399000
8300,-100,2700,"sd","14:26:13",398400
8300,-100,100,"sd","14:17:17",395700
8300,-100,100,"sd","14:17:02",395600
8300,-100,2000,"sd","14:15:57",395500
8300,-100,33500,"sd","14:15:40",393500
8400,0,100,"bu","14:15:27",360000
8300,-100,400,"sd","14:11:12",359900
8300,-100,2000,"sd","14:10:04",359500
8400,0,10000,"bu","14:07:35",357500
8400,0,8000,"bu","14:06:47",347500
8400,0,100,"bu","14:06:05",339500
8400,0,100,"bu","14:06:01",339400
8300,-100,2000,"sd","13:59:55",339300
8400,0,600,"bu","13:57:28",337300
8400,0,1000,"bu","13:56:03",336700
8400,0,100,"bu","13:55:18",335700
8400,0,700,"bu","13:51:06",335600
8400,0,1000,"bu","13:50:28",334900
8300,-100,400,"sd","13:47:42",333900
8300,-100,1000,"sd","13:44:41",333500
8400,0,1000,"bu","13:35:45",332500
8300,-100,500,"sd","13:33:18",331500
8300,-100,500,"sd","13:27:54",331000
8300,-100,300,"sd","13:22:31",330500
8300,-100,500,"sd","13:21:14",330200
8300,-100,500,"sd","13:18:12",329700
8300,-100,1500,"unknown","13:10:18",329200
8300,-100,300,"bu","13:10:00",327700
8300,-100,200,"bu","13:09:50",327400
8300,-100,3000,"bu","13:09:46",327200
8300,-100,500,"bu","13:05:47",324200
8300,-100,4000,"bu","13:04:45",323700
8300,-100,100,"bu","13:03:42",319700
8300,-100,3700,"sd","13:00:04",319600
8300,-100,200,"sd","13:00:03",315900
8300,-100,2500,"sd","11:28:43",315700
8300,-100,2700,"sd","11:27:19",313200
8300,-100,1200,"sd","10:59:16",310500
8300,-100,300,"sd","10:57:29",309300
8300,-100,400,"sd","10:53:26",309000
8400,0,2300,"bu","10:50:47",308600
8300,-100,100,"sd","10:50:39",306300
8300,-100,100,"sd","10:44:25",306200
8300,-100,1400,"sd","10:42:58",306100
8300,-100,2500,"sd","10:38:14",304700
8300,-100,200,"sd","10:33:36",302200
8300,-100,200,"sd","10:28:54",302000
8300,-100,3000,"sd","10:28:03",301800
8300,-100,1600,"sd","10:22:22",298800
8300,-100,700,"sd","10:18:34",297200
8300,-100,700,"sd","10:18:01",296500
8300,-100,500,"sd","10:15:59",295800
8300,-100,100,"sd","10:15:32",295300
8300,-100,3300,"sd","10:13:25",295200
8300,-100,500,"sd","10:04:13",291900
8300,-100,1000,"sd","10:04:06",291400
8300,-100,3000,"sd","10:02:59",290400
8300,-100,1000,"sd","09:59:32",287400
8300,-100,1200,"sd","09:58:38",286400
8300,-100,10000,"sd","09:52:06",285200
8300,-100,4000,"sd","09:50:09",275200
8300,-100,1000,"sd","09:48:28",271200
8300,-100,1100,"sd","09:46:36",270200
8300,-100,9000,"sd","09:46:28",269100
8300,-100,5000,"sd","09:45:27",260100
8300,-100,5000,"sd","09:44:43",255100
8300,-100,5000,"sd","09:43:20",250100
8300,-100,5000,"sd","09:42:55",245100
8300,-100,1000,"sd","09:42:41",240100
8300,-100,1000,"sd","09:42:37",239100
8300,-100,1000,"sd","09:41:11",238100
8300,-100,400,"sd","09:39:41",237100
8300,-100,1000,"sd","09:34:24",236700
8300,-100,2000,"sd","09:34:01",235700
8300,-100,2000,"sd","09:32:00",233700
8300,-100,3000,"sd","09:30:21",231700
8300,-100,1100,"sd","09:28:44",228700
8300,-100,200,"bu","09:23:13",227600
8300,-100,200,"bu","09:23:10",227400
8300,-100,1000,"bu","09:22:27",227200
8300,-100,400,"bu","09:22:15",226200
8300,-100,2000,"bu","09:22:06",225800
8300,-100,2600,"sd","09:21:43",223800
8300,-100,8100,"bu","09:19:59",221200
8300,-100,2000,"bu","09:19:30",213100
8300,-100,1000,"bu","09:19:00",211100
8300,-100,1000,"bu","09:18:48",210100
8300,-100,500,"bu","09:18:21",209100
8300,-100,100,"bu","09:18:00",208600
8300,-100,300,"bu","09:16:56",208500
8300,-100,100,"bu","09:15:20",208200
8300,-100,1000,"bu","09:13:21",208100
8300,-100,200,"bu","09:13:06",207100
8300,-100,100,"bu","09:12:57",206900
8300,-100,1000,"bu","09:12:47",206800
8300,-100,1000,"bu","09:12:41",205800
8200,-200,300,"sd","09:12:18",204800
8200,-200,200,"sd","09:11:39",204500
8300,-100,200,"bu","09:11:29",204300
8300,-100,500,"bu","09:11:18",204100
8300,-100,100,"bu","09:08:51",203600
8300,-100,200,"bu","09:08:38",203500
8300,-100,700,"sd","09:08:30",203300
8300,-100,1500,"sd","09:08:09",202600
8300,-100,100,"unknown","09:04:31",201100
8300,-100,22000,"bu","09:04:29",201000
8300,-100,10000,"bu","09:04:27",179000
8300,-100,500,"bu","09:04:22",169000
8300,-100,200,"sd","09:04:20",168500
8300,-100,500,"bu","09:04:18",168300
8300,-100,33000,"bu","09:04:15",167800
8300,-100,19400,"bu","09:04:08",134800
8300,-100,4600,"bu","09:04:01",115400
8300,-100,22000,"bu","09:03:55",110800
8300,-100,7900,"bu","09:03:49",88800
8300,-100,11500,"bu","09:03:44",80900
8300,-100,18000,"bu","09:03:37",69400
8300,-100,15000,"bu","09:03:27",51400
8300,-100,31000,"bu","09:03:21",36400
8300,-100,5400,"sd","09:03:14",5400
