"price","change","match_qtty","side","time","total_vol"
4180,10,64500,"unknown","14:45:00",512000
4180,10,300,"bu","14:29:17",447500
4160,-10,600,"sd","14:28:31",447200
4160,-10,100,"sd","14:28:31",446600
4160,-10,200,"sd","14:28:31",446500
4180,10,200,"bu","14:28:27",446300
4160,-10,3000,"sd","14:28:08",446100
4160,-10,600,"sd","14:28:08",443100
4180,10,5000,"bu","14:27:48",442500
4180,10,400,"bu","14:27:30",437500
4160,-10,3400,"sd","14:27:22",437100
4160,-10,1000,"sd","14:27:22",433700
4160,-10,200,"sd","14:27:22",432700
4160,-10,500,"sd","14:27:22",432500
4160,-10,3000,"sd","14:27:22",432000
4160,-10,1000,"sd","14:27:22",429000
4160,-10,100,"sd","14:27:22",428000
4160,-10,1000,"sd","14:27:22",427900
4160,-10,400,"sd","14:27:22",426900
4160,-10,100,"sd","14:27:22",426500
4160,-10,700,"sd","14:27:22",426400
4160,-10,100,"sd","14:27:22",425700
4160,-10,3000,"sd","14:27:22",425600
4180,10,3000,"bu","14:27:08",422600
4180,10,200,"bu","14:26:55",419600
4170,0,500,"sd","14:26:53",419400
4170,0,100,"sd","14:26:37",418900
4170,0,200,"sd","14:26:37",418800
4170,0,100,"sd","14:26:37",418600
4170,0,100,"sd","14:26:37",418500
4170,0,2800,"bu","14:21:34",418400
4170,0,100,"bu","14:21:34",415600
4170,0,2800,"bu","14:19:15",415500
4170,0,2200,"bu","14:19:15",412700
4170,0,100,"bu","14:18:47",410500
4160,-10,1000,"sd","14:18:46",410400
4160,-10,100,"sd","14:18:46",409400
4160,-10,100,"sd","14:18:46",409300
4160,-10,2000,"sd","14:18:46",409200
4160,-10,1000,"sd","14:18:46",407200
4160,-10,500,"sd","14:18:46",406200
4160,-10,1000,"sd","14:18:46",405700
4160,-10,1000,"sd","14:18:46",404700
4160,-10,500,"sd","14:18:46",403700
4160,-10,3000,"sd","14:18:46",403200
4160,-10,6000,"sd","14:18:46",400200
4160,-10,100,"sd","14:18:46",394200
4160,-10,900,"sd","14:18:46",394100
4160,-10,1100,"sd","14:16:46",393200
4160,-10,100,"sd","14:16:46",392100
4160,-10,500,"sd","14:16:46",392000
4160,-10,500,"sd","14:16:46",391500
4160,-10,100,"sd","14:16:46",391000
4170,0,100,"bu","14:16:39",390900
4170,0,100,"bu","14:16:03",390800
4170,0,5000,"sd","14:15:39",390700
4170,0,5000,"sd","14:15:25",385700
4170,0,5000,"sd","14:15:25",380700
4170,0,2500,"sd","14:13:44",375700
4170,0,2500,"bu","14:13:29",373200
4170,0,100,"bu","14:13:17",370700
4170,0,200,"bu","14:13:01",370600
4170,0,100,"sd","14:12:51",370400
4170,0,400,"sd","14:09:55",370300
4170,0,3900,"sd","14:09:55",369900
4170,0,5000,"sd","14:09:55",366000
4170,0,500,"sd","14:09:55",361000
4170,0,300,"sd","14:09:55",360500
4170,0,1900,"sd","14:09:55",360200
4170,0,100,"sd","14:08:35",358300
4170,0,500,"sd","14:08:35",358200
4170,0,500,"sd","14:08:35",357700
4170,0,2000,"sd","14:08:35",357200
4170,0,1900,"sd","14:08:35",355200
4170,0,8100,"sd","14:08:09",353300
4170,0,1900,"sd","14:08:09",345200
4180,10,10000,"sd","14:07:14",343300
4190,20,300,"bu","14:07:04",333300
4190,20,1800,"bu","14:06:53",333000
4190,20,100,"bu","14:06:53",331200
4180,10,300,"sd","14:06:50",331100
4180,10,100,"sd","14:06:50",330800
4180,10,500,"sd","14:04:55",330700
4180,10,100,"sd","14:04:55",330200
4180,10,100,"sd","14:04:55",330100
4180,10,300,"sd","14:04:55",330000
4180,10,1100,"sd","14:04:55",329700
4180,10,100,"sd","14:04:55",328600
4180,10,2000,"sd","14:01:51",328500
4180,10,2000,"sd","14:01:51",326500
4180,10,1000,"sd","14:01:51",324500
4190,20,400,"bu","14:01:34",323500
4190,20,1000,"bu","13:59:34",323100
4190,20,9000,"sd","13:59:31",322100
4190,20,5000,"sd","13:58:58",313100
4200,30,200,"sd","13:56:52",308100
4200,30,400,"sd","13:56:52",307900
4200,30,1600,"sd","13:55:40",307500
4200,30,1400,"sd","13:55:40",305900
4200,30,500,"sd","13:55:08",304500
4220,50,100,"bu","13:54:52",304000
4220,50,1000,"bu","13:54:52",303900
4220,50,500,"bu","13:54:52",302900
4220,50,100,"bu","13:54:52",302400
4220,50,10000,"bu","13:54:52",301700
4220,50,600,"bu","13:54:52",302300
4210,40,400,"bu","13:54:52",291700
4210,40,500,"bu","13:54:01",291300
4210,40,1100,"bu","13:54:00",290800
4210,40,900,"bu","13:53:50",289700
4210,40,100,"bu","13:53:50",288800
4210,40,500,"bu","13:53:50",288700
4200,30,1200,"bu","13:53:19",288200
4200,30,10000,"bu","13:53:19",287000
4200,30,500,"bu","13:53:19",277000
4200,30,4500,"bu","13:53:19",276500
4200,30,2000,"bu","13:53:16",272000
4200,30,15500,"bu","13:53:06",270000
4200,30,200,"bu","13:53:06",254500
4200,30,200,"bu","13:53:06",254300
4200,30,200,"bu","13:53:06",254100
4200,30,200,"bu","13:53:06",253900
4200,30,200,"bu","13:53:06",253700
4200,30,10500,"bu","13:53:06",253500
4200,30,1000,"bu","13:52:49",243000
4200,30,7000,"bu","13:52:04",242000
4200,30,2000,"bu","13:51:12",235000
4200,30,200,"bu","13:51:12",233000
4200,30,200,"bu","13:51:12",232800
4200,30,500,"bu","13:51:12",232600
4200,30,1000,"bu","13:51:12",232100
4200,30,4000,"bu","13:51:12",231100
4200,30,500,"bu","13:51:12",227100
4190,20,500,"bu","13:50:49",226600
4190,20,100,"bu","13:50:49",226100
4190,20,2600,"bu","13:50:49",226000
4190,20,2400,"bu","13:50:24",223400
4190,20,800,"bu","13:50:24",221000
4190,20,600,"bu","13:50:24",220200
4180,10,1000,"bu","13:44:49",219600
4170,0,8100,"bu","13:44:03",218600
4170,0,500,"sd","13:43:38",210500
4170,0,2000,"sd","13:43:38",210000
4170,0,5000,"sd","13:43:38",208000
4170,0,1200,"sd","13:43:38",203000
4180,10,200,"sd","13:43:38",201800
4180,10,2000,"sd","13:41:00",201600
4180,10,2000,"sd","13:39:16",199600
4180,10,300,"bu","13:36:37",197600
4180,10,500,"bu","13:36:37",197300
4180,10,200,"bu","13:36:05",196800
4180,10,300,"bu","13:35:23",196600
4180,10,1000,"sd","13:33:27",196300
4180,10,400,"sd","13:33:27",195300
4180,10,1000,"bu","13:31:58",194900
4180,10,500,"bu","13:31:58",193900
4180,10,100,"bu","13:31:58",193400
4180,10,1000,"bu","13:30:22",193300
4170,0,500,"sd","13:27:52",192300
4170,0,3300,"sd","13:27:07",191800
4170,0,100,"sd","13:27:07",188500
4170,0,1600,"sd","13:27:07",188400
4170,0,400,"sd","13:24:52",186800
4180,10,1000,"bu","13:24:25",186400
4180,10,100,"sd","13:23:31",185400
4180,10,2400,"sd","13:23:31",185300
4190,20,200,"bu","13:22:34",182900
4180,10,1000,"sd","13:21:20",182700
4180,10,500,"sd","13:20:18",181700
4190,20,100,"bu","13:20:12",181200
4180,10,100,"bu","13:18:31",181100
4180,10,5000,"sd","13:18:08",181000
4180,10,4900,"sd","13:18:08",176000
4180,10,100,"bu","13:17:30",171100
4180,10,400,"bu","13:14:30",171000
4180,10,500,"bu","13:14:30",170600
4180,10,1000,"bu","13:14:30",170100
4180,10,1000,"bu","13:14:30",169100
4180,10,100,"bu","13:14:30",168100
4170,0,5400,"bu","13:10:56",168000
4170,0,1200,"bu","13:09:33",162600
4170,0,1000,"bu","13:09:00",161400
4170,0,1200,"bu","13:08:29",160400
4170,0,200,"sd","13:07:37",159200
4170,0,300,"sd","13:07:37",159000
4160,-10,900,"sd","13:06:46",158700
4160,-10,100,"sd","13:06:46",157800
4160,-10,100,"sd","13:06:46",157700
4160,-10,3000,"sd","13:06:46",157600
4160,-10,200,"sd","13:06:46",154600
4170,0,2000,"sd","13:06:46",154400
4170,0,700,"sd","13:06:46",152400
4170,0,1700,"sd","13:06:17",151700
4170,0,2100,"bu","11:28:24",150000
4170,0,500,"bu","11:28:24",147900
4160,-10,1000,"sd","11:25:34",147400
4170,0,900,"bu","11:22:39",146400
4170,0,100,"bu","11:20:43",145500
4170,0,10000,"bu","11:20:30",145400
4160,-10,2900,"sd","11:19:50",135400
4160,-10,100,"sd","11:18:41",132500
4160,-10,1000,"sd","11:16:30",132400
4160,-10,500,"sd","11:16:10",131400
4170,0,3000,"bu","11:10:55",130900
4170,0,1000,"sd","11:10:29",127900
4170,0,700,"sd","11:10:29",126900
4170,0,1000,"bu","11:06:57",126200
4170,0,10000,"bu","11:06:57",125200
4170,0,1500,"bu","11:06:57",115200
4170,0,1000,"bu","11:06:57",113700
4170,0,1400,"bu","11:06:57",112700
4170,0,100,"bu","11:06:57",111300
4170,0,100,"bu","11:06:57",111200
4170,0,4200,"bu","11:06:57",111100
4170,0,500,"bu","11:06:45",106900
4170,0,200,"bu","11:06:44",106400
4170,0,500,"bu","11:06:24",106200
4160,-10,4300,"bu","11:03:29",105700
4160,-10,1300,"bu","11:03:06",101400
4160,-10,2400,"bu","11:02:05",100100
4160,-10,600,"bu","11:02:05",97700
4150,-20,700,"sd","10:56:24",97100
4150,-20,200,"sd","10:56:24",96400
4150,-20,1000,"sd","10:56:24",96200
4150,-20,200,"sd","10:56:24",95200
4150,-20,5000,"sd","10:55:59",95000
4160,-10,4400,"bu","10:51:13",90000
4160,-10,200,"bu","10:51:13",85600
4160,-10,400,"bu","10:51:13",85400
4160,-10,4600,"bu","10:50:16",85000
4160,-10,400,"bu","10:50:16",80400
4160,-10,200,"bu","10:46:24",80000
4150,-20,800,"bu","10:45:56",79800
4150,-20,5000,"bu","10:45:26",79000
4150,-20,300,"bu","10:45:23",74000
4150,-20,10000,"sd","10:44:51",73700
4150,-20,500,"sd","10:44:51",63700
4150,-20,1000,"sd","10:44:51",63200
4150,-20,1500,"sd","10:44:51",62200
4150,-20,500,"sd","10:44:51",60700
4150,-20,200,"sd","10:44:51",60200
4150,-20,200,"sd","10:44:51",60000
4160,-10,3200,"bu","10:40:46",59800
4160,-10,700,"bu","10:40:02",56600
4160,-10,500,"unknown","10:39:49",55900
4160,-10,800,"bu","10:38:39",55400
4150,-20,300,"sd","10:36:00",54600
4150,-20,100,"sd","10:36:00",54300
4150,-20,500,"sd","10:36:00",54200
4150,-20,1000,"sd","10:36:00",53700
4150,-20,3000,"sd","10:36:00",52700
4150,-20,1000,"sd","10:36:00",49700
4150,-20,1400,"sd","10:36:00",48700
4150,-20,500,"sd","10:36:00",47300
4150,-20,2200,"sd","10:36:00",46800
4160,-10,100,"bu","10:33:54",44600
4160,-10,100,"bu","10:33:40",44500
4150,-20,400,"bu","10:24:25",44400
4150,-20,100,"bu","10:24:16",44000
4150,-20,900,"sd","10:24:10",43900
4150,-20,2000,"sd","10:24:10",43000
4150,-20,100,"sd","10:24:10",41000
4150,-20,200,"sd","10:24:10",40900
4150,-20,900,"sd","10:24:10",40700
4150,-20,2000,"sd","10:24:10",39800
4160,-10,200,"sd","10:24:10",37800
4160,-10,200,"sd","10:24:10",37600
4160,-10,200,"sd","10:20:50",37400
4160,-10,600,"sd","10:19:54",37200
4160,-10,2000,"sd","10:19:53",36600
4160,-10,200,"sd","10:19:53",34600
4160,-10,100,"sd","10:19:53",34400
4160,-10,500,"sd","10:19:53",34300
4160,-10,200,"sd","10:19:53",33800
4160,-10,400,"sd","10:19:53",33600
4160,-10,100,"sd","10:14:09",33200
4170,0,2100,"sd","10:06:52",33100
4170,0,100,"sd","10:06:11",31000
4170,0,2800,"sd","10:05:58",30900
4170,0,200,"sd","10:05:58",28100
4170,0,100,"sd","10:04:58",27900
4180,10,400,"sd","09:56:38",27800
4180,10,100,"bu","09:55:00",27400
4190,20,2600,"sd","09:46:10",27300
4190,20,1400,"bu","09:45:23",24700
4190,20,200,"bu","09:45:23",23300
4150,-20,200,"sd","09:41:52",23100
4150,-20,1000,"sd","09:41:52",22900
4150,-20,1500,"sd","09:41:52",21900
4150,-20,200,"sd","09:41:52",20400
4160,-10,200,"sd","09:41:52",20200
4160,-10,1000,"sd","09:41:52",20000
4160,-10,100,"sd","09:41:52",19000
4160,-10,1000,"sd","09:41:52",18900
4160,-10,800,"sd","09:41:52",17900
4160,-10,100,"sd","09:40:24",17100
4160,-10,100,"sd","09:33:47",17000
4160,-10,1500,"sd","09:33:47",16900
4160,-10,1400,"sd","09:33:47",15400
4160,-10,100,"sd","09:29:44",14000
4160,-10,7500,"sd","09:27:01",13900
4160,-10,400,"sd","09:26:21",6400
4180,10,100,"bu","09:26:19",6000
4170,0,400,"bu","09:26:19",5900
4160,-10,600,"sd","09:23:48",5500
4160,-10,200,"sd","09:23:48",4900
4170,0,400,"bu","09:23:10",4700
4170,0,100,"sd","09:22:33",4300
4170,0,100,"sd","09:22:33",4200
4170,0,1000,"sd","09:19:29",4100
4170,0,3100,"sd","09:15:01",3100
