"price","change","match_qtty","side","time","total_vol"
38800,-150,15100,"unknown","14:44:59",596800
38850,-100,500,"sd","14:29:29",581700
38900,-50,1000,"bu","14:28:13",581200
38900,-50,400,"sd","14:27:43",580200
38900,-50,200,"bu","14:27:15",579800
38900,-50,100,"bu","14:27:11",579600
38900,-50,2900,"sd","14:26:55",579500
38900,-50,600,"bu","14:26:47",576600
38900,-50,200,"bu","14:26:45",576000
38900,-50,1000,"bu","14:26:39",575800
38900,-50,600,"bu","14:26:39",574800
38900,-50,2600,"bu","14:26:39",574200
38900,-50,100,"sd","14:25:59",571600
39000,50,100,"sd","14:25:46",571500
39000,50,300,"sd","14:25:37",571400
39000,50,600,"bu","14:25:36",571100
39000,50,100,"sd","14:25:35",570500
39000,50,100,"bu","14:25:27",570400
39000,50,100,"bu","14:25:16",570300
39000,50,800,"bu","14:25:09",570200
39000,50,300,"bu","14:25:09",569400
39000,50,400,"bu","14:25:09",569100
39000,50,300,"bu","14:25:08",568700
39000,50,100,"bu","14:25:08",568400
39000,50,500,"bu","14:24:56",568300
39000,50,500,"bu","14:24:33",567800
39000,50,500,"bu","14:24:33",567300
39000,50,100,"bu","14:24:33",566800
39000,50,500,"bu","14:24:33",566700
38900,-50,500,"bu","14:23:24",566200
38900,-50,1800,"bu","14:23:24",565700
38800,-150,200,"bu","14:21:38",563900
38800,-150,1000,"bu","14:21:23",563700
38800,-150,300,"bu","14:21:22",562700
38800,-150,300,"bu","14:21:12",562400
38800,-150,200,"bu","14:21:12",562100
38800,-150,700,"bu","14:20:55",561900
38800,-150,200,"bu","14:20:43",561200
38800,-150,500,"bu","14:20:25",561000
38800,-150,5000,"sd","14:19:26",560500
38800,-150,100,"sd","14:19:26",555500
38800,-150,500,"sd","14:19:26",555400
38800,-150,100,"sd","14:19:11",554900
38800,-150,400,"sd","14:19:11",554800
38800,-150,1600,"sd","14:19:05",554400
38800,-150,100,"sd","14:19:05",552800
38850,-100,100,"sd","14:19:05",552700
38850,-100,100,"sd","14:19:05",552600
38850,-100,300,"sd","14:19:05",552500
38850,-100,4700,"sd","14:19:05",552200
38850,-100,100,"sd","14:19:05",547500
38900,-50,100,"sd","14:18:47",547400
38900,-50,100,"sd","14:18:47",547300
38900,-50,900,"sd","14:18:46",547200
38900,-50,100,"sd","14:18:46",546300
38900,-50,100,"sd","14:18:43",546200
39000,50,100,"bu","14:17:35",546100
39000,50,100,"sd","14:17:30",546000
39050,100,100,"bu","14:17:17",545900
39050,100,2000,"sd","14:16:31",545800
39050,100,100,"sd","14:16:31",543800
39050,100,1000,"sd","14:16:31",543700
39150,200,500,"bu","14:15:59",542700
39150,200,100,"bu","14:15:08",542200
39150,200,100,"bu","14:14:55",542100
39200,250,200,"bu","14:14:19",542000
39200,250,100,"bu","14:13:56",541800
39200,250,100,"bu","14:13:54",541700
39200,250,700,"bu","14:13:48",541600
39150,200,1000,"bu","14:13:41",540900
39100,150,400,"sd","14:13:23",539900
39100,150,600,"sd","14:13:23",539500
39100,150,100,"sd","14:12:32",538900
39200,250,3000,"bu","14:12:23",538800
39100,150,300,"sd","14:12:18",535800
39200,250,200,"bu","14:10:42",535500
39100,150,100,"bu","14:10:42",535300
39100,150,100,"bu","14:10:42",535200
39100,150,400,"bu","14:10:42",535100
39100,150,600,"sd","14:09:12",534700
39100,150,500,"sd","14:09:03",534100
39100,150,900,"bu","14:08:48",533600
39000,50,400,"bu","14:07:49",532700
39000,50,300,"bu","14:07:33",532300
39000,50,200,"sd","14:07:16",532000
39000,50,100,"sd","14:07:16",531800
39100,150,100,"bu","14:07:16",531700
39100,150,900,"bu","14:07:16",531600
39000,50,100,"bu","14:06:46",530700
39000,50,100,"bu","14:06:41",530600
39000,50,100,"bu","14:06:30",530500
39000,50,100,"bu","14:06:30",530400
39000,50,200,"bu","14:06:30",530300
38900,-50,200,"sd","14:05:29",530100
38900,-50,100,"sd","14:04:26",529900
38900,-50,300,"bu","14:04:04",529800
38900,-50,1000,"bu","14:04:04",529500
38900,-50,100,"bu","14:03:30",528500
38900,-50,600,"sd","14:03:17",528400
38800,-150,1800,"bu","14:00:18",527800
38800,-150,200,"sd","14:00:10",526000
38750,-200,1000,"sd","13:59:45",525800
38750,-200,1000,"sd","13:59:45",524800
38800,-150,100,"bu","13:59:36",523800
38750,-200,1000,"bu","13:58:57",523700
38750,-200,300,"bu","13:58:48",522700
38750,-200,100,"sd","13:58:47",522400
38750,-200,1000,"sd","13:58:47",522300
38750,-200,1000,"bu","13:58:38",521300
38750,-200,100,"bu","13:58:35",520300
38750,-200,400,"sd","13:57:13",520200
38750,-200,3000,"sd","13:57:13",519800
38750,-200,500,"sd","13:57:13",516800
38700,-250,400,"bu","13:55:01",516300
38700,-250,1000,"sd","13:55:00",515900
38700,-250,700,"sd","13:55:00",514900
38700,-250,2900,"sd","13:55:00",514200
38750,-200,400,"bu","13:54:48",511300
38750,-200,100,"bu","13:54:48",510900
38700,-250,1200,"sd","13:54:40",510800
38700,-250,200,"sd","13:54:34",509600
38700,-250,100,"bu","13:54:26",509400
38700,-250,600,"bu","13:54:26",509300
38700,-250,100,"bu","13:54:18",508700
38700,-250,300,"bu","13:53:58",508600
38700,-250,200,"bu","13:53:58",508300
38700,-250,500,"sd","13:53:46",508100
38700,-250,200,"sd","13:53:46",507600
38700,-250,100,"sd","13:53:46",507400
38700,-250,3000,"sd","13:53:46",507300
38700,-250,10000,"sd","13:53:46",504300
38750,-200,500,"sd","13:53:30",494300
38750,-200,500,"sd","13:53:30",493800
38750,-200,200,"sd","13:53:30",493300
38800,-150,300,"sd","13:53:30",493100
38800,-150,400,"sd","13:53:30",492800
38800,-150,100,"sd","13:52:17",492400
38800,-150,500,"sd","13:52:17",492300
38850,-100,300,"sd","13:52:17",491800
38800,-150,500,"bu","13:51:35",491500
38800,-150,100,"sd","13:51:15",491000
38800,-150,200,"sd","13:51:14",490900
38800,-150,500,"bu","13:51:08",490700
38800,-150,100,"sd","13:50:57",490200
38800,-150,100,"sd","13:50:57",490100
38800,-150,300,"sd","13:50:57",490000
38850,-100,100,"sd","13:50:51",489700
38800,-150,200,"sd","13:50:18",489600
38800,-150,200,"sd","13:50:18",489400
38800,-150,500,"sd","13:50:18",489200
38850,-100,100,"sd","13:50:18",488700
38800,-150,500,"sd","13:49:48",488600
38850,-100,500,"sd","13:49:48",488100
38800,-150,200,"sd","13:49:29",487600
38800,-150,900,"sd","13:49:29",487400
38800,-150,5500,"sd","13:48:27",486500
38900,-50,1000,"bu","13:48:08",481000
38800,-150,3600,"sd","13:47:33",480000
38800,-150,200,"sd","13:47:33",476400
38850,-100,1000,"sd","13:47:33",476200
38850,-100,200,"sd","13:47:33",475200
38850,-100,500,"sd","13:47:33",475000
38850,-100,400,"sd","13:47:33",474500
38900,-50,100,"sd","13:47:21",474100
38900,-50,1500,"sd","13:47:21",474000
38900,-50,1200,"sd","13:47:21",472500
38900,-50,8800,"sd","13:46:56",471300
38900,-50,400,"sd","13:46:56",462500
38900,-50,400,"sd","13:46:56",462100
38950,0,300,"bu","13:46:46",461700
38950,0,200,"bu","13:46:33",461400
38950,0,1000,"bu","13:46:30",461200
39000,50,200,"sd","13:45:09",460200
39000,50,800,"sd","13:45:09",460000
39000,50,5000,"sd","13:44:21",459200
39000,50,100,"sd","13:42:53",454200
39000,50,300,"sd","13:42:36",454100
39050,100,100,"sd","13:42:36",453800
39250,300,200,"bu","13:38:19",453700
39000,50,2800,"sd","13:37:38",453500
39000,50,1000,"sd","13:37:38",450700
39050,100,300,"unknown","13:37:38",449700
39100,150,100,"unknown","13:37:38",449400
39100,150,200,"unknown","13:37:38",449300
39250,300,1100,"unknown","13:37:38",449100
39250,300,100,"bu","13:36:29",448000
39250,300,400,"bu","13:36:29",447900
39250,300,400,"bu","13:36:29",447500
39250,300,200,"sd","13:34:12",447100
39250,300,100,"bu","13:33:59",446900
39100,150,600,"sd","13:30:40",446800
39300,350,100,"bu","13:30:30",446200
39250,300,100,"bu","13:30:30",446100
39200,250,500,"bu","13:30:30",446000
39100,150,2000,"sd","13:30:08",445500
39100,150,2000,"bu","13:30:01",443500
39100,150,500,"bu","13:29:55",441500
39000,50,100,"sd","13:29:31",441000
39000,50,8900,"bu","13:29:24",440900
39000,50,1700,"bu","13:29:04",432000
39000,50,4800,"bu","13:29:04",430300
38950,0,2000,"bu","13:29:04",425500
38950,0,500,"bu","13:29:04",423500
38950,0,1000,"bu","13:29:04",423000
38900,-50,100,"sd","13:29:00",422000
38950,0,200,"bu","13:28:52",421900
38950,0,300,"bu","13:28:49",421700
38950,0,100,"bu","13:28:32",421400
38900,-50,300,"sd","13:28:25",421300
38900,-50,1000,"sd","13:28:25",421000
38900,-50,200,"bu","13:28:25",420000
38900,-50,1000,"bu","13:28:17",419800
38900,-50,600,"bu","13:28:13",418800
38900,-50,200,"bu","13:28:07",418200
38900,-50,500,"bu","13:28:07",418000
38850,-100,100,"sd","13:28:05",417500
38850,-100,100,"sd","13:28:05",417400
38850,-100,300,"sd","13:28:05",417300
38900,-50,500,"bu","13:27:37",417000
38900,-50,100,"bu","13:27:10",416500
38850,-100,100,"sd","13:26:08",416400
38900,-50,500,"bu","13:25:36",416300
38900,-50,200,"bu","13:25:34",415800
38850,-100,100,"sd","13:25:33",415600
38850,-100,200,"sd","13:25:25",415500
38850,-100,300,"sd","13:25:25",415300
38850,-100,100,"sd","13:24:58",415000
38850,-100,100,"bu","13:24:51",414900
38850,-100,200,"sd","13:24:49",414800
38900,-50,100,"bu","13:24:37",414600
38900,-50,200,"bu","13:24:34",414500
38900,-50,300,"bu","13:24:34",414300
38900,-50,200,"bu","13:23:55",414000
38950,0,100,"unknown","13:22:26",413800
39000,50,5000,"unknown","13:21:53",413700
38600,-350,100,"sd","13:21:44",408700
38600,-350,500,"sd","13:21:44",408600
38800,-150,300,"sd","13:21:44",408100
38850,-100,500,"sd","13:21:44",407800
38850,-100,500,"sd","13:21:44",407300
38900,-50,400,"sd","13:21:44",406800
38900,-50,500,"sd","13:21:44",406400
38900,-50,100,"sd","13:21:44",405900
38900,-50,1000,"sd","13:21:44",405800
38950,0,300,"sd","13:21:44",404800
39000,50,200,"sd","13:21:44",404500
39000,50,600,"sd","13:21:44",404300
39000,50,500,"sd","13:21:38",403700
39000,50,5000,"sd","13:21:38",403200
39000,50,2800,"sd","13:21:38",398200
39000,50,200,"sd","13:21:38",395400
39000,50,500,"sd","13:21:38",395200
39000,50,200,"sd","13:21:38",394700
39000,50,100,"sd","13:21:20",394500
39000,50,2400,"sd","13:21:05",394400
39100,150,100,"sd","13:19:31",392000
39100,150,400,"sd","13:19:22",391900
39100,150,400,"sd","13:19:22",391500
39100,150,1000,"sd","13:19:22",391100
39100,150,100,"sd","13:19:22",390100
39100,150,1000,"sd","13:19:08",390000
39100,150,600,"sd","13:18:05",389000
39100,150,1000,"sd","13:18:05",388400
39150,200,200,"sd","13:18:02",387400
39150,200,300,"bu","13:17:53",387200
39150,200,1800,"sd","13:17:48",386900
39150,200,200,"sd","13:17:48",385100
39150,200,100,"sd","13:17:48",384900
39150,200,100,"bu","13:16:04",384800
39150,200,100,"bu","13:16:04",384700
39100,150,1400,"sd","13:14:29",384600
39150,200,100,"sd","13:14:29",383200
39150,200,400,"sd","13:14:29",383100
39150,200,1000,"bu","13:14:05",382700
39150,200,1600,"bu","13:14:05",381700
39100,150,1000,"bu","13:13:33",380100
39100,150,100,"bu","13:13:33",379100
39100,150,200,"sd","13:12:50",379000
39100,150,700,"sd","13:12:50",378800
39100,150,300,"sd","13:12:45",378100
39100,150,300,"bu","13:09:24",377800
39100,150,100,"bu","13:09:23",377500
39100,150,100,"bu","13:07:47",377400
39100,150,600,"bu","13:06:49",377300
39100,150,200,"bu","13:06:49",376700
39100,150,200,"bu","13:06:49",376500
39050,100,500,"sd","13:06:48",376300
39000,50,3400,"sd","13:05:19",375800
39000,50,5000,"sd","13:05:13",372400
39000,50,300,"sd","13:04:47",367400
39000,50,100,"sd","13:04:42",367100
39000,50,3900,"sd","13:04:23",367000
39000,50,100,"sd","13:04:23",363100
39000,50,500,"sd","13:04:23",363000
39000,50,200,"sd","13:03:59",362500
39000,50,1500,"sd","13:03:54",362300
39000,50,7800,"sd","13:03:48",360800
39000,50,200,"sd","13:03:48",353000
39000,50,500,"sd","13:03:48",352800
39050,100,1500,"sd","13:03:48",352300
39100,150,1000,"sd","13:03:39",350800
39150,200,1000,"sd","13:03:27",349800
39150,200,400,"sd","13:03:14",348800
39150,200,600,"sd","13:03:14",348400
39150,200,100,"sd","13:03:11",347800
39150,200,400,"sd","13:03:11",347700
39200,250,500,"sd","13:02:44",347300
39200,250,300,"sd","13:01:59",346800
39200,250,500,"sd","13:01:35",346500
39200,250,500,"sd","13:01:17",346000
39250,300,100,"bu","13:01:15",345500
39200,250,200,"sd","13:01:05",345400
39200,250,1000,"sd","13:01:05",345200
39200,250,100,"sd","13:01:05",344200
39200,250,2000,"sd","13:01:05",344100
39200,250,100,"sd","13:01:05",342100
39200,250,1500,"sd","13:01:05",342000
39200,250,200,"sd","13:00:58",340500
39250,300,100,"bu","13:00:44",340300
39250,300,500,"sd","13:00:10",340200
39250,300,300,"sd","13:00:10",339700
39300,350,100,"bu","13:00:09",339400
39250,300,500,"sd","13:00:08",339300
39300,350,300,"unknown","13:00:00",338800
39250,300,200,"sd","13:00:00",338500
39300,350,500,"unknown","13:00:00",338300
39300,350,300,"unknown","13:00:00",337800
39300,350,100,"sd","11:29:47",337500
39300,350,200,"sd","11:28:10",337400
39300,350,400,"bu","11:25:53",337200
39300,350,100,"bu","11:25:37",336800
39200,250,500,"sd","11:19:20",336700
39250,300,500,"sd","11:19:20",336200
39250,300,100,"sd","11:16:10",335700
39200,250,100,"sd","11:08:14",335600
39200,250,700,"sd","11:07:59",335500
39300,350,200,"sd","11:07:59",334800
39300,350,1000,"sd","11:07:59",334600
39300,350,100,"sd","11:07:59",333600
39500,550,100,"bu","11:06:41",333500
39500,550,100,"bu","11:06:28",333400
39500,550,200,"bu","11:06:13",333300
39500,550,300,"bu","11:05:49",333100
39500,550,100,"bu","11:05:45",332800
39300,350,9900,"sd","11:05:40",332700
39350,400,100,"sd","11:05:40",322800
39500,550,300,"bu","11:04:54",322700
39500,550,100,"bu","11:04:06",322400
39500,550,900,"bu","11:04:06",322300
39500,550,100,"bu","11:03:54",321400
39500,550,100,"bu","11:03:54",321300
39500,550,500,"bu","11:03:29",321200
39500,550,100,"bu","11:03:29",320700
39500,550,400,"bu","11:02:36",320600
39450,500,500,"sd","11:02:27",320200
39500,550,1000,"sd","11:02:02",319700
39500,550,1000,"sd","11:02:02",318700
39550,600,700,"bu","11:01:47",317700
39500,550,400,"sd","11:01:10",317000
39550,600,500,"bu","11:00:36",316600
39550,600,400,"bu","10:59:42",316100
39500,550,400,"sd","10:59:15",315700
39500,550,200,"sd","10:59:04",315300
39500,550,800,"sd","10:59:04",315100
39550,600,100,"bu","10:58:45",314300
39550,600,200,"bu","10:58:38",314200
39550,600,2900,"sd","10:58:24",314000
39650,700,1500,"bu","10:56:58",311100
39600,650,200,"bu","10:56:58",309600
39600,650,200,"bu","10:56:58",309400
39600,650,100,"bu","10:56:58",309200
39600,650,100,"bu","10:56:58",309100
39550,600,100,"sd","10:56:48",309000
39600,650,2900,"sd","10:56:26",308900
39600,650,100,"sd","10:56:26",306000
39600,650,100,"sd","10:56:26",305900
39600,650,100,"sd","10:56:26",305800
39600,650,200,"sd","10:56:24",305700
39600,650,8000,"sd","10:56:23",305500
39600,650,300,"sd","10:56:03",297500
39600,650,800,"sd","10:55:39",297200
39650,700,1000,"bu","10:55:28",296400
39600,650,3500,"sd","10:55:21",295400
39600,650,200,"sd","10:54:56",291900
39600,650,1300,"sd","10:54:51",291700
39600,650,1000,"sd","10:54:44",290400
39600,650,1000,"sd","10:54:39",289400
39600,650,2800,"sd","10:54:29",288400
39600,650,100,"sd","10:54:27",285600
39600,650,300,"sd","10:54:24",285500
39600,650,1000,"sd","10:54:22",285200
39600,650,500,"sd","10:54:09",284200
39600,650,600,"sd","10:54:05",283700
39600,650,1000,"sd","10:54:02",283100
39600,650,500,"sd","10:53:57",282100
39600,650,200,"sd","10:53:56",281600
39600,650,500,"sd","10:53:36",281400
39600,650,500,"sd","10:53:26",280900
39600,650,500,"sd","10:53:25",280400
39600,650,100,"sd","10:53:10",279900
39650,700,100,"sd","10:52:22",279800
39650,700,1000,"sd","10:52:22",279700
39650,700,1000,"sd","10:52:22",278700
39650,700,1700,"sd","10:52:22",277700
39650,700,300,"sd","10:52:20",276000
39650,700,200,"sd","10:52:20",275700
39650,700,800,"sd","10:52:12",275500
39650,700,200,"sd","10:52:12",274700
39650,700,10000,"sd","10:51:27",274500
39650,700,2600,"sd","10:51:12",264500
39650,700,4100,"sd","10:51:12",261900
39650,700,100,"sd","10:51:00",257800
39700,750,400,"bu","10:50:59",257700
39700,750,1000,"bu","10:50:59",257300
39650,700,1000,"sd","10:50:11",256300
39650,700,200,"bu","10:48:12",255300
39650,700,4600,"bu","10:48:12",255100
39650,700,4900,"bu","10:48:08",250500
39650,700,100,"bu","10:48:08",245600
39600,650,2500,"sd","10:48:05",245500
39600,650,2500,"sd","10:47:47",243000
39600,650,2000,"sd","10:47:47",240500
39600,650,500,"sd","10:47:47",238500
39600,650,600,"sd","10:46:26",238000
39650,700,200,"sd","10:46:26",237400
39650,700,200,"sd","10:46:26",237200
39650,700,1000,"sd","10:46:18",237000
39650,700,800,"sd","10:45:08",236000
39650,700,200,"sd","10:45:08",235200
39650,700,500,"sd","10:43:42",235000
39650,700,500,"bu","10:43:20",234500
39650,700,4500,"bu","10:42:53",234000
39650,700,500,"bu","10:42:53",229500
39600,650,300,"sd","10:42:31",229000
39600,650,1000,"bu","10:42:30",228700
39600,650,5000,"bu","10:42:30",227700
39600,650,500,"bu","10:42:30",222700
39600,650,500,"bu","10:42:30",222200
39600,650,400,"bu","10:42:30",221700
39600,650,200,"bu","10:42:30",221300
39600,650,1000,"bu","10:42:30",221100
39550,600,100,"bu","10:42:02",220100
39550,600,3000,"bu","10:40:38",220000
39550,600,2000,"bu","10:40:09",217000
39500,550,1000,"sd","10:39:30",215000
39500,550,5000,"sd","10:37:59",214000
39500,550,200,"sd","10:37:51",209000
39500,550,300,"sd","10:36:29",208800
39500,550,1600,"sd","10:36:17",208500
39500,550,5000,"bu","10:35:38",206900
39500,550,5000,"bu","10:35:38",201900
39500,550,100,"bu","10:35:38",196900
39500,550,1000,"bu","10:35:38",196800
39450,500,5000,"bu","10:35:14",195800
39450,500,200,"bu","10:35:14",190800
39450,500,100,"bu","10:35:09",190600
39400,450,400,"sd","10:34:29",190500
39400,450,5000,"bu","10:32:55",190100
39400,450,2000,"bu","10:32:55",185100
39400,450,100,"bu","10:32:55",183100
39400,450,100,"bu","10:31:37",183000
39400,450,100,"bu","10:31:25",182900
39400,450,100,"bu","10:31:22",182800
39400,450,100,"sd","10:30:47",182700
39400,450,1000,"sd","10:30:47",182600
39400,450,1200,"sd","10:30:47",181600
39400,450,1000,"sd","10:30:47",180400
39400,450,300,"sd","10:29:06",179400
39400,450,1000,"sd","10:28:45",179100
39400,450,10000,"sd","10:28:45",178100
39400,450,500,"sd","10:28:45",168100
39400,450,5000,"sd","10:28:45",167600
39400,450,100,"sd","10:28:45",162600
39400,450,2000,"bu","10:28:45",162500
39400,450,100,"bu","10:28:45",160500
39350,400,100,"sd","10:28:18",160400
39350,400,200,"bu","10:26:54",160300
39350,400,800,"bu","10:26:29",160100
39350,400,200,"bu","10:26:29",159300
39350,400,100,"bu","10:25:29",159100
39350,400,100,"bu","10:25:26",159000
39350,400,100,"bu","10:24:42",158900
39300,350,1000,"bu","10:24:28",158800
39300,350,1000,"sd","10:21:18",157800
39350,400,100,"sd","10:21:10",156800
39350,400,500,"bu","10:19:01",156700
39300,350,100,"bu","10:19:01",156200
39300,350,100,"sd","10:18:26",156100
39300,350,400,"sd","10:17:25",156000
39300,350,600,"bu","10:17:16",155600
39200,250,400,"bu","10:16:42",155000
39200,250,9600,"bu","10:16:35",154600
39200,250,400,"bu","10:16:35",145000
39100,150,1500,"bu","10:13:48",144600
39050,100,500,"bu","10:13:48",143100
39050,100,100,"bu","10:13:28",142600
39100,150,2000,"bu","10:13:00",142500
39100,150,1400,"bu","10:12:27",140500
39100,150,100,"bu","10:12:27",139100
39100,150,2000,"sd","10:09:49",139000
39100,150,1000,"sd","10:09:49",137000
39200,250,1000,"bu","10:09:07",136000
39200,250,8600,"bu","10:08:35",135000
39200,250,300,"bu","10:08:35",126400
39100,150,100,"bu","10:08:35",126100
39100,150,1000,"bu","10:08:35",126000
39000,50,200,"bu","10:05:43",125000
39000,50,100,"bu","10:04:56",124800
39000,50,400,"bu","10:03:34",124700
38950,0,200,"sd","10:02:19",124300
38950,0,4800,"sd","10:02:19",124100
39000,50,100,"bu","10:02:16",119300
39000,50,100,"bu","10:01:22",119200
39000,50,100,"bu","10:01:17",119100
39000,50,400,"bu","10:01:17",119000
39000,50,100,"bu","10:00:59",118600
39000,50,100,"bu","10:00:39",118500
39000,50,100,"bu","09:59:59",118400
39000,50,400,"bu","09:59:55",118300
39000,50,100,"bu","09:59:42",117900
39000,50,500,"bu","09:59:35",117800
38950,0,200,"sd","09:58:15",117300
39000,50,1000,"sd","09:57:27",117100
39000,50,1000,"sd","09:57:27",116100
39000,50,200,"sd","09:57:27",115100
39000,50,500,"sd","09:57:27",114900
39000,50,100,"sd","09:57:27",114400
39000,50,5000,"sd","09:57:27",114300
39100,150,5000,"sd","09:55:37",109300
39100,150,300,"sd","09:55:37",104300
39100,150,300,"sd","09:55:37",104000
39150,200,500,"bu","09:55:09",103700
39100,150,300,"sd","09:55:08",103200
39200,250,200,"sd","09:52:47",102900
39200,250,4500,"sd","09:52:47",102700
39200,250,500,"sd","09:52:27",98200
39300,350,500,"sd","09:52:05",97700
39350,400,2600,"sd","09:51:58",97200
39350,400,100,"sd","09:51:58",94600
39350,400,6000,"sd","09:51:55",94500
39400,450,200,"bu","09:51:10",88500
39350,400,1300,"sd","09:50:40",88300
39350,400,700,"sd","09:50:40",87000
39400,450,1000,"sd","09:50:39",86300
39400,450,2000,"sd","09:50:39",85300
39400,450,1000,"sd","09:49:03",83300
39400,450,4600,"bu","09:48:56",82300
39400,450,500,"bu","09:48:56",77700
39400,450,200,"bu","09:48:56",77200
39400,450,1000,"bu","09:48:56",77000
39400,450,700,"bu","09:48:56",76000
39350,400,2000,"sd","09:48:37",75300
39400,450,1000,"sd","09:47:43",73300
39400,450,300,"sd","09:47:43",72300
39450,500,900,"sd","09:47:28",72000
39450,500,100,"sd","09:47:22",71100
39500,550,2000,"sd","09:47:11",71000
39450,500,200,"sd","09:46:51",69000
39600,650,1300,"sd","09:46:16",68800
39600,650,500,"bu","09:46:11",67500
39600,650,200,"bu","09:46:11",67000
39600,650,100,"bu","09:46:10",66800
39600,650,200,"bu","09:46:10",66700
39600,650,200,"bu","09:46:10",66500
39600,650,100,"bu","09:46:10",66300
39500,550,500,"sd","09:45:21",66200
39500,550,100,"sd","09:45:15",65700
39500,550,200,"sd","09:44:51",65600
39500,550,4800,"sd","09:44:51",65400
39550,600,100,"sd","09:44:48",60600
39550,600,200,"bu","09:44:46",60500
39550,600,100,"bu","09:44:20",60300
39550,600,700,"sd","09:44:14",60200
39550,600,500,"sd","09:44:11",59500
39550,600,100,"sd","09:44:03",59000
39550,600,200,"sd","09:44:03",58900
39550,600,100,"bu","09:43:38",58700
39550,600,100,"bu","09:43:38",58600
39500,550,1500,"bu","09:43:26",58500
39500,550,100,"bu","09:43:26",57000
39500,550,100,"bu","09:43:26",56900
39500,550,500,"bu","09:43:26",56800
39500,550,2000,"bu","09:43:26",56300
39500,550,1000,"bu","09:43:26",54300
39450,500,100,"sd","09:43:07",53300
39450,500,100,"bu","09:42:51",53200
39450,500,100,"bu","09:42:51",53100
39450,500,900,"bu","09:42:30",53000
39450,500,100,"bu","09:42:30",52100
39400,450,1400,"bu","09:41:55",52000
39400,450,1600,"bu","09:41:48",50600
39400,450,400,"bu","09:41:48",49000
39400,450,600,"bu","09:41:40",48600
39400,450,500,"bu","09:41:40",48000
39350,400,1000,"bu","09:40:10",47500
39350,400,500,"bu","09:39:54",46500
39400,450,100,"bu","09:39:20",46000
39400,450,200,"bu","09:39:18",45900
39400,450,100,"bu","09:38:55",45700
39400,450,100,"bu","09:38:49",45600
39400,450,100,"bu","09:38:49",45500
39300,350,500,"bu","09:38:49",45400
39200,250,100,"bu","09:38:49",44900
39200,250,100,"bu","09:38:49",44800
39200,250,100,"bu","09:38:49",44700
39150,200,2900,"bu","09:37:51",44600
39150,200,100,"bu","09:37:51",41700
39150,200,500,"bu","09:37:51",41600
39000,50,100,"bu","09:35:39",41100
39000,50,800,"bu","09:35:39",41000
39000,50,100,"bu","09:35:39",40200
38950,0,200,"bu","09:35:29",40100
38950,0,800,"bu","09:35:29",39900
38950,0,200,"bu","09:35:24",39100
38950,0,300,"bu","09:35:24",38900
38900,-50,800,"sd","09:29:06",38600
38900,-50,100,"sd","09:28:51",37800
38950,0,100,"sd","09:27:53",37700
38950,0,1000,"bu","09:27:13",37600
38900,-50,100,"bu","09:26:53",36600
38950,0,1000,"bu","09:26:04",36500
38900,-50,100,"bu","09:25:31",35500
38900,-50,200,"bu","09:25:09",35400
38900,-50,300,"sd","09:23:54",35200
38950,0,1000,"sd","09:22:47",34900
38950,0,2400,"sd","09:22:47",33900
38950,0,400,"sd","09:22:47",31500
38950,0,4000,"sd","09:22:40",31100
38950,0,100,"sd","09:22:32",27100
38950,0,1200,"sd","09:22:10",27000
38950,0,500,"sd","09:22:10",25800
38950,0,1000,"sd","09:22:10",25300
38950,0,1300,"sd","09:22:10",24300
38950,0,700,"sd","09:21:55",23000
38950,0,300,"sd","09:21:55",22300
39000,50,200,"sd","09:21:38",22000
39000,50,2800,"sd","09:21:38",21800
39000,50,200,"sd","09:21:33",19000
39000,50,200,"sd","09:21:33",18800
39000,50,300,"sd","09:21:33",18600
39150,200,100,"bu","09:21:30",18300
39150,200,500,"bu","09:21:30",18200
39200,250,1800,"bu","09:20:27",17700
39150,200,200,"bu","09:20:27",15900
39200,250,100,"bu","09:18:55",15700
39200,250,300,"bu","09:18:55",15600
39200,250,400,"bu","09:18:26",15300
39150,200,400,"sd","09:18:04",14900
39150,200,200,"sd","09:18:04",14500
39150,200,600,"sd","09:18:02",14300
39150,200,600,"sd","09:18:01",13700
39200,250,400,"bu","09:17:52",13100
39200,250,1900,"sd","09:17:38",12700
39200,250,100,"sd","09:17:20",10800
39200,250,2000,"sd","09:17:10",10700
39200,250,3000,"sd","09:17:10",8700
39200,250,1000,"bu","09:16:23",5700
39150,200,500,"sd","09:16:02",4700
39150,200,600,"bu","09:15:44",4200
39150,200,100,"bu","09:15:37",3600
39150,200,600,"bu","09:15:37",3500
39150,200,2900,"bu","09:14:59",2900
