"price","change","match_qtty","side","time","total_vol"
14150,200,14500,"bu","14:45:01",311600
14150,200,700,"bu","14:29:03",297100
14100,150,100,"sd","14:28:01",296400
14100,150,200,"sd","14:27:40",296300
14150,200,3100,"bu","14:25:46",296100
14150,200,100,"bu","14:24:05",293000
14100,150,1000,"sd","14:24:02",292900
14100,150,100,"sd","14:24:02",291900
14100,150,2000,"sd","14:24:02",291800
14100,150,2000,"sd","14:24:02",289800
14100,150,200,"sd","14:24:02",287800
14100,150,200,"sd","14:24:02",287600
14150,200,200,"sd","14:23:50",287400
14150,200,500,"sd","14:23:50",287200
14150,200,900,"sd","14:23:50",286700
14150,200,200,"sd","14:23:50",285800
14150,200,300,"sd","14:23:50",285600
14150,200,100,"sd","14:22:50",285300
14150,200,1000,"sd","14:22:50",285200
14250,300,1600,"sd","14:22:50",284200
14250,300,3000,"bu","14:22:49",282600
14250,300,300,"bu","14:22:49",279600
14250,300,100,"bu","14:22:49",279300
14200,250,100,"sd","14:22:01",279200
14200,250,100,"sd","14:22:01",279100
14200,250,500,"sd","14:22:01",279000
14200,250,200,"sd","14:22:01",278500
14200,250,2000,"sd","14:22:01",278300
14200,250,800,"sd","14:22:01",276300
14250,300,1800,"bu","14:21:23",275500
14250,300,1200,"bu","14:21:23",273700
14250,300,300,"sd","14:18:48",272500
14250,300,500,"sd","14:18:48",272200
14250,300,900,"bu","14:16:08",271700
14250,300,2100,"bu","14:16:08",270800
14250,300,900,"sd","14:15:31",268700
14250,300,100,"bu","14:15:18",267800
14200,250,100,"bu","14:08:55",267700
14200,250,100,"bu","14:08:55",267600
14200,250,100,"bu","14:08:40",267500
14200,250,900,"bu","14:08:40",267400
14200,250,2000,"bu","14:08:09",266500
14200,250,2000,"bu","14:07:29",264500
14200,250,100,"bu","14:06:02",262500
14150,200,500,"bu","14:00:31",262400
14150,200,800,"bu","14:00:31",261900
14150,200,200,"bu","14:00:24",261100
14150,200,100,"bu","13:57:19",260900
14150,200,500,"bu","13:57:19",260800
14150,200,500,"bu","13:52:15",260300
14150,200,500,"bu","13:52:15",259800
14200,250,200,"bu","13:51:36",259300
14200,250,5000,"sd","13:46:25",259100
14250,300,300,"bu","13:46:14",254100
14250,300,4700,"sd","13:45:31",253800
14250,300,300,"bu","13:45:03",249100
14250,300,100,"bu","13:44:17",248800
14250,300,100,"sd","13:43:56",248700
14250,300,200,"sd","13:43:52",248600
14300,350,300,"bu","13:42:27",248400
14300,350,100,"bu","13:42:27",248100
14300,350,100,"bu","13:42:27",248000
14300,350,400,"bu","13:41:47",247900
14300,350,100,"bu","13:41:47",247500
14250,300,200,"sd","13:41:17",247400
14250,300,800,"sd","13:41:17",247200
14250,300,1000,"sd","13:41:13",246400
14250,300,300,"sd","13:41:09",245400
14250,300,100,"sd","13:41:09",245100
14250,300,1600,"sd","13:41:09",245000
14300,350,100,"bu","13:41:02",243400
14300,350,800,"bu","13:41:02",243300
14250,300,100,"sd","13:40:42",242500
14300,350,100,"bu","13:39:00",242400
14250,300,500,"sd","13:38:35",242300
14250,300,600,"sd","13:36:21",241800
14300,350,100,"bu","13:36:18",241200
14250,300,200,"sd","13:35:39",241100
14300,350,100,"bu","13:34:42",240900
14300,350,100,"bu","13:34:42",240800
14300,350,100,"bu","13:34:42",240700
14300,350,4700,"bu","13:34:42",240600
14300,350,4700,"bu","13:34:42",235900
14300,350,1100,"bu","13:34:42",231200
14300,350,100,"bu","13:34:42",230100
14300,350,300,"bu","13:34:35",230000
14300,350,200,"bu","13:34:35",229700
14300,350,100,"bu","13:34:35",229500
14300,350,100,"bu","13:34:20",229400
14300,350,100,"bu","13:34:03",229300
14300,350,100,"bu","13:34:03",229200
14250,300,3000,"bu","13:33:11",229100
14250,300,400,"bu","13:33:11",226100
14250,300,100,"bu","13:33:11",225700
14250,300,100,"bu","13:33:11",225600
14250,300,3000,"bu","13:33:11",225500
14250,300,200,"bu","13:33:11",222500
14250,300,100,"bu","13:33:11",222300
14250,300,5000,"bu","13:33:11",222200
14250,300,100,"bu","13:33:11",217200
14200,250,100,"sd","13:33:10",217100
14200,250,5000,"sd","13:33:03",217000
14200,250,2000,"sd","13:31:50",212000
14200,250,500,"bu","13:30:50",210000
14200,250,1000,"bu","13:30:50",209500
14200,250,100,"bu","13:30:50",208500
14200,250,500,"bu","13:30:50",208400
14200,250,2700,"bu","13:30:50",207900
14200,250,200,"bu","13:30:50",205200
14200,250,1100,"bu","13:30:50",205000
14200,250,4500,"bu","13:30:50",203900
14200,250,200,"bu","13:30:50",199400
14200,250,500,"bu","13:30:50",199200
14200,250,2000,"bu","13:30:50",198700
14200,250,300,"bu","13:30:50",196700
14200,250,3100,"bu","13:30:50",196400
14150,200,200,"bu","13:30:50",193300
14150,200,300,"bu","13:30:50",193100
14150,200,500,"bu","13:30:50",192800
14150,200,4000,"bu","13:30:49",192300
14100,150,2500,"bu","13:30:49",188300
14100,150,2500,"bu","13:30:49",185800
14100,150,1700,"bu","13:30:49",183300
14100,150,1000,"bu","13:30:49",181600
14100,150,2600,"bu","13:30:49",180600
14050,100,300,"sd","13:29:55",178000
14100,150,1100,"bu","13:29:45",177700
14050,100,500,"sd","13:29:27",176600
14100,150,100,"bu","13:29:23",176100
14100,150,200,"bu","13:28:20",176000
14100,150,500,"bu","13:28:20",175800
14100,150,800,"bu","13:28:20",175300
14050,100,100,"sd","13:27:51",174500
14050,100,100,"sd","13:27:48",174400
14050,100,100,"sd","13:26:55",174300
14050,100,3100,"sd","13:26:10",174200
14050,100,500,"sd","13:26:10",171100
14100,150,200,"sd","13:25:32",170600
14100,150,800,"sd","13:25:32",170400
14100,150,600,"sd","13:25:31",169600
14100,150,500,"sd","13:25:31",169000
14100,150,100,"sd","13:25:31",168500
14100,150,600,"sd","13:25:31",168400
14100,150,100,"sd","13:24:53",167800
14100,150,3300,"sd","13:24:08",167700
14100,150,700,"sd","13:24:08",164400
14100,150,2000,"sd","13:24:08",163700
14150,200,200,"bu","13:18:51",161700
14150,200,800,"bu","13:15:06",161500
14150,200,500,"bu","13:15:06",160700
14150,200,100,"bu","13:15:06",160200
14150,200,500,"bu","13:15:06",160100
14150,200,100,"bu","13:15:06",159600
14100,150,200,"sd","13:11:02",159500
14100,150,200,"sd","13:10:18",159300
14100,150,300,"sd","13:10:00",159100
14100,150,400,"sd","13:09:34",158800
14100,150,100,"sd","13:09:34",158400
14150,200,1300,"bu","13:08:57",158300
14100,150,100,"sd","13:08:30",157000
14100,150,1300,"sd","13:08:30",156900
14100,150,100,"sd","13:05:11",155600
14100,150,100,"sd","13:05:05",155500
14150,200,1000,"bu","13:03:45",155400
14150,200,1000,"bu","13:00:35",154400
14150,200,200,"bu","13:00:27",153400
14150,200,2000,"sd","13:00:25",153200
14150,200,2000,"sd","13:00:25",151200
14150,200,500,"sd","13:00:25",149200
14150,200,700,"sd","13:00:25",148700
14150,200,500,"bu","11:27:34",148000
14150,200,1300,"bu","11:27:34",147500
14150,200,1000,"bu","11:27:34",146200
14150,200,500,"bu","11:27:34",145200
14100,150,500,"sd","11:27:14",144700
14150,200,100,"bu","11:26:34",144200
14150,200,1000,"bu","11:22:54",144100
14100,150,500,"bu","11:20:42",143100
14100,150,1000,"bu","11:20:42",142600
14100,150,100,"sd","11:11:56",141600
14100,150,100,"sd","11:11:28",141500
14100,150,700,"sd","11:11:28",141400
14100,150,1000,"sd","11:11:28",140700
14100,150,1200,"sd","11:11:28",139700
14100,150,1000,"sd","11:10:02",138500
14100,150,400,"sd","11:09:33",137500
14100,150,200,"sd","11:09:33",137100
14100,150,1000,"sd","11:09:33",136900
14100,150,400,"sd","11:09:33",135900
14100,150,100,"sd","11:08:18",135500
14100,150,100,"sd","11:08:01",135400
14150,200,400,"bu","11:05:59",135300
14100,150,1000,"sd","11:05:29",134900
14100,150,3200,"sd","11:03:13",133900
14100,150,200,"sd","11:03:13",130700
14100,150,2000,"sd","11:03:13",130500
14100,150,700,"sd","11:03:13",128500
14100,150,3900,"sd","11:03:13",127800
14100,150,500,"sd","10:56:44",123900
14100,150,7600,"sd","10:54:30",123400
14100,150,100,"sd","10:54:30",115800
14100,150,500,"sd","10:54:30",115700
14100,150,400,"sd","10:54:30",115200
14100,150,100,"sd","10:54:30",114800
14100,150,300,"sd","10:54:30",114700
14100,150,1000,"sd","10:54:30",114400
14150,200,400,"bu","10:52:50",113400
14150,200,100,"bu","10:52:07",113000
14150,200,5600,"sd","10:48:40",112900
14150,200,700,"sd","10:48:40",107300
14150,200,500,"sd","10:48:40",106600
14150,200,100,"sd","10:48:40",106100
14150,200,100,"sd","10:48:40",106000
14200,250,500,"bu","10:48:36",105900
14200,250,1400,"bu","10:45:28",105400
14200,250,600,"bu","10:45:28",104000
14200,250,200,"bu","10:45:04",103400
14200,250,500,"bu","10:44:58",103200
14200,250,600,"bu","10:44:54",102700
14200,250,3000,"bu","10:44:28",102100
14200,250,100,"bu","10:40:17",99100
14150,200,100,"sd","10:39:48",99000
14150,200,500,"sd","10:36:45",98900
14150,200,500,"sd","10:35:16",98400
14150,200,1000,"sd","10:30:53",97900
14150,200,400,"bu","10:27:34",96900
14150,200,500,"bu","10:27:34",96500
14150,200,400,"bu","10:24:37",96000
14150,200,1000,"bu","10:24:37",95600
14100,150,4000,"sd","10:22:11",94600
14100,150,1000,"sd","10:20:41",90600
14150,200,1000,"bu","10:20:22",89600
14150,200,200,"bu","10:18:48",88600
14150,200,1400,"sd","10:17:00",88400
14150,200,500,"sd","10:16:03",87000
14150,200,100,"bu","10:15:38",86500
14150,200,700,"bu","10:12:10",86400
14150,200,400,"bu","10:12:10",85700
14150,200,3000,"bu","10:12:10",85300
14150,200,100,"bu","10:12:10",82300
14150,200,100,"bu","10:12:10",82200
14150,200,700,"bu","10:12:10",82100
14100,150,100,"sd","10:09:09",81400
14100,150,300,"bu","10:06:48",81300
14100,150,200,"sd","10:06:42",81000
14100,150,800,"bu","10:06:00",80800
14100,150,1000,"bu","10:05:53",80000
14100,150,600,"bu","10:05:49",79000
14100,150,100,"bu","10:05:49",78400
14100,150,500,"bu","10:02:52",78300
14100,150,400,"bu","10:00:17",77800
14100,150,1000,"bu","10:00:17",77400
14100,150,100,"bu","10:00:17",76400
14100,150,500,"bu","10:00:17",76300
14050,100,500,"bu","09:58:55",75800
14100,150,1500,"bu","09:53:50",75300
14100,150,200,"bu","09:53:40",73800
14100,150,100,"sd","09:52:14",73600
14100,150,200,"sd","09:52:14",73500
14150,200,2000,"bu","09:50:20",73300
14100,150,100,"sd","09:47:53",71300
14100,150,800,"sd","09:47:24",71200
14150,200,2000,"bu","09:46:29",70400
14150,200,400,"bu","09:46:05",68400
14100,150,5000,"sd","09:44:52",68000
14150,200,1000,"bu","09:44:27",63000
14150,200,600,"sd","09:44:12",62000
14150,200,200,"sd","09:44:12",61400
14150,200,1000,"bu","09:43:00",61200
14150,200,800,"bu","09:43:00",60200
14150,200,1200,"bu","09:41:09",59400
14150,200,200,"bu","09:41:09",58200
14150,200,3500,"bu","09:41:09",58000
14150,200,100,"bu","09:41:09",54500
14150,200,5000,"bu","09:41:09",54400
14100,150,4100,"bu","09:40:35",49400
14100,150,900,"bu","09:40:27",45300
14100,150,2000,"bu","09:40:27",44400
14100,150,100,"bu","09:40:27",42400
13950,0,200,"sd","09:36:10",42300
14000,50,400,"sd","09:35:50",42100
14100,150,900,"bu","09:35:27",41700
14100,150,100,"bu","09:35:27",40800
14100,150,200,"bu","09:35:27",40700
14100,150,100,"bu","09:35:27",40500
14100,150,100,"bu","09:35:27",40400
14100,150,400,"bu","09:35:27",40300
14100,150,1300,"bu","09:35:27",39900
14000,50,500,"bu","09:35:13",38600
14000,50,100,"bu","09:35:13",38100
14000,50,900,"bu","09:34:57",38000
14000,50,100,"bu","09:34:57",37100
14000,50,400,"bu","09:29:08",37000
14000,50,2000,"bu","09:29:00",36600
14000,50,1000,"bu","09:29:00",34600
14000,50,500,"bu","09:29:00",33600
14000,50,600,"bu","09:29:00",33100
14050,100,200,"bu","09:29:00",32500
14050,100,200,"bu","09:29:00",32300
14050,100,100,"sd","09:28:09",32100
14050,100,100,"sd","09:28:09",32000
14050,100,300,"sd","09:28:09",31900
14050,100,100,"sd","09:27:26",31600
14050,100,100,"sd","09:27:17",31500
14050,100,3000,"sd","09:26:22",31400
14100,150,3700,"bu","09:25:44",28400
14100,150,300,"bu","09:25:44",24700
14050,100,2300,"sd","09:24:15",24400
14050,100,100,"sd","09:24:12",22100
14050,100,200,"sd","09:23:18",22000
14050,100,500,"sd","09:23:18",21800
14050,100,4000,"sd","09:22:35",21300
14050,100,5500,"bu","09:22:03",17300
14050,100,500,"sd","09:21:31",11800
14050,100,100,"sd","09:21:22",11300
14050,100,400,"sd","09:20:10",11200
14050,100,4100,"sd","09:20:10",10800
14050,100,100,"bu","09:19:33",6700
14050,100,800,"bu","09:19:33",6600
14050,100,700,"sd","09:19:13",5800
14050,100,500,"sd","09:19:13",5100
14050,100,500,"bu","09:17:04",4600
14050,100,500,"bu","09:16:41",4100
14050,100,500,"unknown","09:16:30",3600
14050,100,500,"unknown","09:16:30",3100
14000,50,400,"bu","09:15:55",2600
14000,50,2200,"bu","09:15:00",2200
