"price","change","match_qtty","side","time","total_vol"
7300,-100,5800,"bu","14:45:02",602100
7200,-200,5000,"sd","14:29:55",596300
7200,-200,7000,"sd","14:29:48",591300
7200,-200,5000,"sd","14:29:29",584300
7300,-100,100,"bu","14:28:25",579300
7200,-200,6700,"sd","14:27:51",579200
7200,-200,3000,"sd","14:26:30",572500
7300,-100,200,"bu","14:25:24",569500
7300,-100,100,"bu","14:21:18",569300
7200,-200,100,"sd","14:20:31",569200
7300,-100,200,"bu","14:18:31",569100
7300,-100,100,"bu","14:18:12",568900
7200,-200,100,"sd","14:15:47",568800
7200,-200,500,"sd","14:15:29",568700
7300,-100,100,"bu","14:15:19",568200
7200,-200,200,"sd","14:14:37",568100
7200,-200,200,"sd","14:14:34",567900
7300,-100,100,"bu","14:08:42",567700
7200,-200,20000,"sd","14:08:10",567600
7200,-200,100,"sd","14:06:56",547600
7300,-100,300,"bu","14:04:58",547500
7300,-100,1800,"sd","13:59:31",547200
7300,-100,500,"sd","13:59:09",545400
7300,-100,100,"sd","13:58:36",544900
7200,-200,26700,"sd","13:58:32",544800
7300,-100,100,"bu","13:55:49",518100
7300,-100,200,"sd","13:55:26",518000
7400,0,100,"bu","13:53:50",517800
7300,-100,500,"sd","13:53:00",517700
7300,-100,400,"sd","13:51:02",517200
7300,-100,1000,"sd","13:50:35",516800
7400,0,20000,"bu","13:49:08",515800
7300,-100,400,"bu","13:44:28",495800
7300,-100,200,"sd","13:44:12",495400
7300,-100,200,"sd","13:44:04",495200
7300,-100,200,"sd","13:43:56",495000
7300,-100,22000,"sd","13:43:50",494800
7200,-200,300,"sd","13:43:44",472800
7200,-200,1000,"sd","13:37:35",472500
7200,-200,2000,"sd","13:36:06",471500
7200,-200,300,"sd","13:35:54",469500
7200,-200,300,"sd","13:35:11",469200
7200,-200,200,"sd","13:32:46",468900
7200,-200,100,"sd","13:32:33",468700
7200,-200,600,"unknown","13:31:58",468600
7100,-300,1800,"sd","13:31:15",468000
7200,-200,100,"bu","13:31:03",466200
7200,-200,100,"bu","13:30:01",466100
7200,-200,100,"bu","13:28:51",466000
7200,-200,500,"bu","13:28:20",465900
7200,-200,200,"unknown","13:28:09",465400
7200,-200,1000,"bu","13:28:02",465200
7200,-200,600,"bu","13:27:56",464200
7200,-200,500,"bu","13:27:51",463600
7200,-200,200,"bu","13:27:38",463100
7200,-200,1800,"unknown","13:26:53",462900
7200,-200,200,"sd","13:26:12",461100
7200,-200,500,"bu","13:25:33",460900
7200,-200,100,"bu","13:25:05",460400
7200,-200,100,"bu","13:23:30",460300
7100,-300,32000,"sd","13:23:26",460200
7100,-300,1000,"sd","13:23:02",428200
7200,-200,100,"bu","13:22:56",427200
7100,-300,2500,"sd","13:22:41",427100
7200,-200,3600,"unknown","13:20:53",424600
7200,-200,500,"bu","13:20:29",421000
7200,-200,200,"bu","13:19:51",420500
7200,-200,200,"bu","13:19:35",420300
7200,-200,800,"bu","13:19:04",420100
7200,-200,20000,"sd","13:18:18",419300
7300,-100,1000,"bu","13:17:17",399300
7200,-200,30000,"sd","13:16:48",398300
7200,-200,800,"sd","13:14:57",368300
7200,-200,200,"sd","13:14:31",367500
7300,-100,100,"bu","13:13:03",367300
7200,-200,200,"sd","13:10:38",367200
7300,-100,100,"bu","13:10:10",367000
7200,-200,3000,"sd","13:09:47",366900
7300,-100,100,"bu","13:09:46",363900
7300,-100,100,"bu","13:08:10",363800
7200,-200,1000,"sd","13:07:46",363700
7200,-200,25400,"sd","13:07:39",362700
7300,-100,2100,"bu","13:07:29",337300
7200,-200,2000,"sd","13:07:24",335200
7200,-200,3500,"sd","13:07:07",333200
7200,-200,6000,"sd","13:07:01",329700
7300,-100,2000,"bu","13:04:52",323700
7300,-100,2000,"bu","13:03:17",321700
7300,-100,5000,"bu","13:00:41",319700
7200,-200,5000,"sd","13:00:08",314700
7300,-100,1800,"bu","13:00:03",309700
7300,-100,100,"bu","11:22:11",307900
7200,-200,15000,"sd","11:21:17",307800
7300,-100,100,"bu","11:19:15",292800
7200,-200,18000,"sd","11:18:39",292700
7300,-100,200,"sd","11:09:11",274700
7300,-100,800,"sd","11:08:30",274500
7200,-200,100,"sd","11:07:51",273700
7200,-200,100,"sd","11:06:48",273600
7300,-100,5000,"bu","11:00:16",273500
7300,-100,500,"bu","11:00:12",268500
7400,0,100,"bu","10:59:41",268000
7300,-100,19000,"sd","10:58:57",267900
7400,0,100,"bu","10:54:35",248900
7300,-100,5000,"sd","10:54:08",248800
7400,0,100,"bu","10:52:10",243800
7300,-100,2700,"unknown","10:51:49",243700
7300,-100,1000,"bu","10:51:35",241000
7300,-100,9000,"bu","10:50:53",240000
7300,-100,100,"bu","10:50:47",231000
7300,-100,5000,"bu","10:49:51",230900
7300,-100,2200,"bu","10:49:45",225900
7300,-100,200,"sd","10:49:22",223700
7300,-100,20000,"sd","10:48:49",223500
7400,0,100,"bu","10:48:43",203500
7300,-100,200,"sd","10:48:42",203400
7300,-100,200,"sd","10:48:36",203200
7300,-100,200,"sd","10:48:27",203000
7300,-100,10000,"sd","10:48:08",202800
7300,-100,200,"sd","10:47:26",192800
7300,-100,200,"sd","10:47:18",192600
7300,-100,10000,"sd","10:46:38",192400
7300,-100,500,"sd","10:44:03",182400
7300,-100,1000,"bu","10:43:59",181900
7300,-100,4200,"bu","10:40:49",180900
7400,0,300,"bu","10:40:18",176700
7300,-100,2900,"sd","10:39:59",176400
7300,-100,500,"sd","10:39:35",173500
7400,0,1600,"bu","10:39:21",173000
7400,0,100,"bu","10:37:42",171400
7300,-100,8700,"sd","10:37:07",171300
7300,-100,4600,"sd","10:36:55",162600
7400,0,100,"bu","10:22:49",158000
7300,-100,1900,"sd","10:22:37",157900
7300,-100,100,"bu","10:22:21",156000
7300,-100,1000,"bu","10:22:05",155900
7300,-100,100,"bu","10:21:53",154900
7300,-100,1400,"bu","10:21:16",154800
7300,-100,300,"bu","10:21:15",153400
7300,-100,200,"bu","10:20:53",153100
7300,-100,500,"bu","10:20:49",152900
7300,-100,1400,"bu","10:20:41",152400
7300,-100,1100,"bu","10:19:13",151000
7300,-100,500,"bu","10:17:49",149900
7300,-100,700,"bu","10:16:36",149400
7300,-100,2000,"bu","10:15:33",148700
7300,-100,100,"bu","10:13:50",146700
7300,-100,600,"bu","10:12:09",146600
7300,-100,900,"bu","10:06:38",146000
7300,-100,500,"bu","10:04:01",145100
7300,-100,3700,"bu","10:03:34",144600
7400,0,1900,"bu","10:02:06",140900
7300,-100,1000,"bu","10:01:53",139000
7300,-100,1200,"bu","10:00:52",138000
7300,-100,4000,"bu","10:00:25",136800
7300,-100,1000,"bu","09:58:15",132800
7300,-100,100,"bu","09:57:54",131800
7200,-200,100,"sd","09:57:48",131700
7200,-200,2000,"sd","09:54:55",131600
7200,-200,800,"sd","09:53:25",129600
7200,-200,100,"sd","09:52:58",128800
7300,-100,100,"bu","09:52:08",128700
7300,-100,2300,"bu","09:51:37",128600
7200,-200,2800,"sd","09:51:22",126300
7200,-200,3000,"sd","09:51:09",123500
7200,-200,500,"sd","09:50:43",120500
7200,-200,300,"sd","09:48:05",120000
7200,-200,100,"sd","09:47:32",119700
7200,-200,900,"bu","09:43:39",119600
7200,-200,1000,"bu","09:42:59",118700
7100,-300,3900,"sd","09:42:55",117700
7100,-300,3000,"sd","09:42:38",113800
7100,-300,6000,"sd","09:41:22",110800
7200,-200,1000,"bu","09:40:32",104800
7100,-300,6000,"sd","09:40:27",103800
7200,-200,100,"bu","09:40:04",97800
7200,-200,500,"bu","09:39:27",97700
7200,-200,500,"bu","09:38:17",97200
7200,-200,4500,"bu","09:37:58",96700
7300,-100,1000,"bu","09:34:13",92200
7300,-100,1000,"bu","09:33:19",91200
7200,-200,8800,"sd","09:32:57",90200
7300,-100,100,"bu","09:31:44",81400
7100,-300,3100,"sd","09:31:28",81300
7200,-200,7000,"sd","09:30:57",78200
7300,-100,500,"bu","09:30:32",71200
7200,-200,1700,"sd","09:30:25",70700
7300,-100,100,"bu","09:29:20",69000
7200,-200,100,"sd","09:28:49",68900
7300,-100,1000,"bu","09:25:35",68800
7200,-200,900,"unknown","09:24:38",67800
7200,-200,4100,"sd","09:24:14",66900
7200,-200,13900,"sd","09:23:50",62800
7200,-200,3500,"sd","09:23:44",48900
7300,-100,11100,"sd","09:21:43",45400
7400,0,200,"bu","09:19:23",34300
7400,0,100,"bu","09:18:56",34100
7300,-100,5000,"sd","09:18:46",34000
7400,0,1400,"bu","09:18:00",29000
7400,0,100,"bu","09:17:37",27600
7300,-100,3500,"sd","09:16:32",27500
7400,0,20000,"bu","09:15:21",24000
7400,0,100,"bu","09:14:10",4000
7300,-100,3100,"sd","09:13:59",3900
7400,0,100,"bu","09:07:58",800
7300,-100,400,"sd","09:07:28",700
7500,100,300,"bu","09:02:10",300
