"price","change","match_qtty","side","time","total_vol"
7530,60,23300,"unknown","14:45:01",939500
7480,10,1000,"bu","14:29:47",916200
7480,10,100,"bu","14:29:31",915200
7480,10,1000,"bu","14:29:29",915100
7480,10,100,"bu","14:28:43",914100
7470,0,100,"sd","14:28:26",914000
7470,0,100,"sd","14:28:26",913900
7470,0,400,"sd","14:28:26",913800
7470,0,600,"sd","14:27:47",913400
7470,0,100,"sd","14:26:46",912800
7470,0,100,"sd","14:26:46",912700
7470,0,100,"sd","14:26:46",912600
7470,0,100,"sd","14:26:46",912500
7470,0,200,"sd","14:25:47",912400
7480,10,2000,"bu","14:25:38",912200
7480,10,1300,"bu","14:24:52",910200
7480,10,700,"bu","14:24:52",908900
7480,10,500,"sd","14:24:42",908200
7480,10,800,"sd","14:24:42",907700
7480,10,1000,"sd","14:23:45",906900
7490,20,1000,"bu","14:23:42",905900
7490,20,300,"bu","14:23:03",904900
7490,20,700,"bu","14:23:03",904600
7490,20,300,"sd","14:22:51",903900
7500,30,1000,"sd","14:22:19",903600
7500,30,1000,"sd","14:22:19",902600
7500,30,1500,"sd","14:22:19",901600
7500,30,2300,"sd","14:22:19",900100
7500,30,100,"sd","14:22:04",897800
7510,40,1000,"sd","14:21:57",897700
7510,40,1000,"sd","14:21:43",896700
7510,40,100,"sd","14:21:41",895700
7510,40,100,"sd","14:21:25",895600
7510,40,300,"sd","14:21:24",895500
7510,40,100,"sd","14:21:12",895200
7510,40,7400,"sd","14:20:55",895100
7530,60,100,"sd","14:19:38",887700
7530,60,700,"sd","14:19:38",887600
7530,60,2000,"sd","14:19:28",886900
7530,60,300,"sd","14:19:17",884900
7530,60,1000,"sd","14:19:08",884600
7540,70,2900,"sd","14:18:44",883600
7540,70,7000,"sd","14:18:35",880700
7550,80,1000,"sd","14:18:09",873700
7550,80,2000,"sd","14:18:07",872700
7550,80,100,"sd","14:17:50",870700
7560,90,1000,"sd","14:17:33",870600
7570,100,600,"bu","14:17:09",869600
7580,110,2600,"bu","14:16:54",869000
7580,110,400,"bu","14:16:54",866400
7580,110,300,"bu","14:16:19",866000
7560,90,9000,"sd","14:16:17",865700
7560,90,1000,"sd","14:16:17",856700
7580,110,300,"bu","14:12:21",855700
7560,90,700,"bu","14:12:21",855400
7560,90,300,"bu","14:12:17",854700
7550,80,500,"bu","14:11:41",854400
7550,80,1400,"bu","14:11:41",853900
7550,80,1200,"bu","14:11:41",852500
7550,80,2400,"bu","14:11:28",851300
7550,80,2600,"bu","14:11:28",848900
7550,80,100,"bu","14:11:09",846300
7540,70,100,"bu","14:10:55",846200
7540,70,1000,"bu","14:10:43",846100
7530,60,1000,"bu","14:10:32",845100
7530,60,500,"bu","14:10:15",844100
7530,60,1500,"bu","14:10:13",843600
7530,60,1000,"bu","14:10:09",842100
7530,60,100,"bu","14:09:55",841100
7530,60,400,"bu","14:09:50",841000
7530,60,200,"bu","14:09:48",840600
7530,60,2000,"bu","14:09:46",840400
7530,60,100,"bu","14:09:36",838400
7530,60,2900,"bu","14:07:49",838300
7530,60,900,"bu","14:07:49",835400
7530,60,300,"bu","14:03:59",834500
7540,70,1900,"bu","14:02:36",834200
7530,60,1800,"bu","14:02:36",832300
7530,60,200,"bu","14:02:04",830500
7520,50,100,"bu","14:02:04",830300
7520,50,100,"bu","14:02:04",830200
7500,30,200,"bu","14:02:04",830100
7500,30,1000,"bu","14:02:04",829900
7500,30,3400,"bu","14:02:04",828900
7500,30,200,"bu","14:00:05",825500
7500,30,1500,"bu","13:59:58",825300
7480,10,100,"bu","13:59:44",823800
7480,10,1000,"bu","13:59:32",823700
7460,-10,500,"bu","13:58:42",822700
7460,-10,200,"bu","13:58:42",822200
7460,-10,600,"bu","13:58:41",822000
7460,-10,200,"bu","13:58:40",821400
7460,-10,1000,"bu","13:58:35",821200
7450,-20,500,"sd","13:57:39",820200
7450,-20,400,"bu","13:57:34",819700
7450,-20,500,"sd","13:57:21",819300
7450,-20,300,"sd","13:57:21",818800
7450,-20,200,"sd","13:57:21",818500
7450,-20,200,"sd","13:57:21",818300
7460,-10,200,"bu","13:57:18",818100
7460,-10,300,"bu","13:57:08",817900
7450,-20,100,"sd","13:56:54",817600
7450,-20,100,"sd","13:56:54",817500
7450,-20,800,"sd","13:56:54",817400
7460,-10,500,"bu","13:56:35",816600
7450,-20,100,"sd","13:56:30",816100
7450,-20,100,"sd","13:56:24",816000
7460,-10,2000,"bu","13:56:13",815900
7460,-10,100,"sd","13:56:02",813900
7460,-10,100,"sd","13:56:02",813800
7460,-10,2000,"sd","13:56:02",813700
7480,10,100,"bu","13:55:37",811700
7480,10,1100,"bu","13:55:33",811600
7480,10,900,"bu","13:55:33",810500
7480,10,300,"bu","13:53:52",809600
7470,0,200,"bu","13:53:52",809300
7470,0,2800,"sd","13:53:48",809100
7470,0,1000,"bu","13:53:24",806300
7470,0,1200,"bu","13:53:24",805300
7470,0,100,"bu","13:53:19",804100
7460,-10,200,"sd","13:53:18",804000
7460,-10,100,"sd","13:53:18",803800
7460,-10,200,"sd","13:53:18",803700
7470,0,300,"sd","13:52:29",803500
7470,0,3400,"sd","13:52:29",803200
7470,0,500,"bu","13:52:27",799800
7470,0,1000,"bu","13:52:27",799300
7470,0,100,"bu","13:52:27",798300
7470,0,500,"bu","13:52:22",798200
7470,0,500,"bu","13:51:57",797700
7470,0,2000,"bu","13:51:50",797200
7470,0,1000,"sd","13:51:17",795200
7470,0,100,"sd","13:51:17",794200
7470,0,300,"sd","13:51:17",794100
7470,0,200,"sd","13:51:17",793800
7470,0,500,"sd","13:51:17",793600
7470,0,100,"sd","13:51:17",793100
7470,0,4700,"sd","13:51:17",793000
7500,30,100,"bu","13:51:02",788300
7500,30,5000,"bu","13:50:50",788200
7470,0,300,"sd","13:50:21",783200
7470,0,100,"sd","13:50:21",782900
7470,0,100,"sd","13:50:21",782800
7470,0,2000,"sd","13:49:04",782700
7480,10,100,"sd","13:48:12",780700
7490,20,100,"sd","13:48:12",780600
7480,10,200,"sd","13:47:32",780500
7480,10,200,"sd","13:47:14",780300
7480,10,4500,"bu","13:45:37",780100
7480,10,2500,"sd","13:45:29",775600
7480,10,3000,"sd","13:45:29",773100
7500,30,2000,"bu","13:45:11",770100
7500,30,4000,"bu","13:44:56",768100
7500,30,100,"sd","13:44:24",764100
7500,30,100,"sd","13:44:24",764000
7500,30,500,"sd","13:44:24",763900
7500,30,500,"sd","13:44:24",763400
7500,30,1000,"sd","13:44:24",762900
7500,30,500,"sd","13:44:24",761900
7500,30,1100,"sd","13:44:24",761400
7500,30,4900,"sd","13:44:23",760300
7500,30,100,"sd","13:44:23",755400
7500,30,4000,"sd","13:44:23",755300
7510,40,800,"sd","13:44:23",751300
7510,40,200,"sd","13:44:23",750500
7520,50,500,"sd","13:43:36",750300
7520,50,500,"sd","13:43:36",749800
7550,80,100,"bu","13:42:43",749300
7550,80,2200,"bu","13:40:37",749200
7550,80,100,"bu","13:40:37",747000
7540,70,200,"bu","13:39:36",746900
7520,50,2000,"bu","13:37:23",746700
7520,50,10000,"sd","13:37:21",744700
7540,70,2000,"bu","13:36:16",734700
7520,50,800,"sd","13:34:56",732700
7530,60,100,"unknown","13:34:48",731900
7550,80,100,"bu","13:32:04",731800
7520,50,200,"bu","13:31:45",731700
7520,50,500,"bu","13:30:56",731500
7520,50,300,"bu","13:30:49",731000
7520,50,1400,"bu","13:30:49",730700
7520,50,2500,"bu","13:30:26",729300
7510,40,1300,"bu","13:30:15",726800
7500,30,200,"sd","13:30:08",725500
7500,30,4000,"bu","13:30:01",725300
7500,30,4500,"bu","13:30:01",721300
7500,30,1000,"bu","13:29:37",716800
7500,30,100,"bu","13:29:25",715800
7500,30,400,"bu","13:29:25",715700
7500,30,1000,"bu","13:29:02",715300
7500,30,600,"bu","13:28:56",714300
7500,30,900,"bu","13:28:56",713700
7480,10,800,"bu","13:28:31",712800
7480,10,2500,"bu","13:28:31",712000
7470,0,300,"bu","13:28:13",709500
7470,0,400,"bu","13:28:13",709200
7470,0,1000,"bu","13:28:10",708800
7470,0,500,"bu","13:27:49",707800
7470,0,100,"bu","13:27:47",707300
7480,10,3000,"bu","13:27:31",707200
7470,0,2900,"bu","13:27:17",704200
7480,10,2100,"bu","13:27:17",701300
7470,0,1000,"sd","13:27:16",699200
7470,0,100,"sd","13:27:16",698200
7470,0,500,"bu","13:26:50",698100
7470,0,400,"bu","13:26:50",697600
7470,0,300,"bu","13:26:50",697200
7470,0,500,"bu","13:26:48",696900
7470,0,200,"bu","13:26:47",696400
7470,0,200,"bu","13:26:46",696200
7470,0,300,"bu","13:26:43",696000
7470,0,3000,"sd","13:25:59",695700
7470,0,100,"sd","13:25:59",692700
7480,10,500,"bu","13:25:54",692600
7470,0,900,"sd","13:25:51",692100
7470,0,100,"sd","13:25:51",691200
7470,0,100,"sd","13:25:51",691100
7470,0,2000,"sd","13:25:51",691000
7470,0,100,"sd","13:25:51",689000
7470,0,800,"sd","13:25:51",688900
7470,0,200,"sd","13:25:50",688100
7470,0,100,"sd","13:25:50",687900
7480,10,100,"sd","13:25:04",687800
7480,10,100,"sd","13:25:04",687700
7480,10,300,"sd","13:25:04",687600
7480,10,200,"sd","13:25:00",687300
7480,10,300,"sd","13:25:00",687100
7490,20,100,"sd","13:24:45",686800
7490,20,300,"sd","13:24:45",686700
7490,20,100,"sd","13:24:45",686400
7490,20,100,"sd","13:24:45",686300
7500,30,200,"bu","13:24:42",686200
7500,30,100,"sd","13:24:41",686000
7500,30,200,"sd","13:24:41",685900
7500,30,5000,"sd","13:24:41",685700
7500,30,2000,"sd","13:24:41",680700
7500,30,100,"sd","13:24:41",678700
7500,30,1000,"sd","13:24:41",678600
7500,30,300,"sd","13:24:41",677600
7500,30,2000,"sd","13:24:41",677300
7500,30,500,"sd","13:24:41",675300
7500,30,1000,"sd","13:24:41",674800
7500,30,1700,"sd","13:24:41",673800
7500,30,300,"sd","13:24:36",672100
7500,30,1000,"sd","13:24:36",671800
7500,30,400,"sd","13:24:36",670800
7510,40,1000,"bu","13:24:34",670400
7500,30,600,"sd","13:24:19",669400
7500,30,900,"sd","13:24:19",668800
7510,40,700,"sd","13:24:14",667900
7510,40,2300,"sd","13:24:11",667200
7510,40,16500,"sd","13:24:01",664900
7510,40,1000,"sd","13:24:01",648400
7520,50,500,"sd","13:23:58",647400
7530,60,600,"sd","13:23:58",646900
7530,60,200,"bu","13:23:56",646300
7530,60,2000,"bu","13:23:56",646100
7530,60,200,"bu","13:23:56",644100
7520,50,300,"sd","13:22:58",643900
7520,50,400,"sd","13:22:29",643600
7520,50,100,"sd","13:22:29",643200
7520,50,2000,"sd","13:22:29",643100
7520,50,300,"sd","13:22:29",641100
7520,50,5000,"sd","13:22:26",640800
7520,50,1000,"sd","13:22:21",635800
7520,50,5000,"sd","13:22:11",634800
7530,60,100,"sd","13:20:43",629800
7530,60,100,"sd","13:20:43",629700
7530,60,400,"sd","13:20:43",629600
7530,60,100,"sd","13:20:42",629200
7530,60,100,"sd","13:20:42",629100
7530,60,100,"sd","13:20:34",629000
7550,80,100,"sd","13:19:06",628900
7530,60,400,"sd","13:18:16",628800
7550,80,100,"sd","13:18:16",628400
7560,90,1800,"sd","13:17:46",628300
7560,90,100,"sd","13:17:46",626500
7570,100,100,"bu","13:17:21",626400
7550,80,200,"bu","13:16:53",626300
7560,90,100,"bu","13:16:40",626100
7520,50,900,"sd","13:16:30",626000
7530,60,100,"sd","13:16:30",625100
7530,60,100,"sd","13:16:30",625000
7550,80,200,"sd","13:16:30",624900
7550,80,300,"sd","13:16:08",624700
7550,80,100,"sd","13:16:08",624400
7550,80,900,"bu","13:15:16",624300
7550,80,100,"bu","13:15:11",623400
7550,80,300,"bu","13:15:11",623300
7550,80,5700,"sd","13:13:55",623000
7550,80,1000,"sd","13:13:24",617300
7550,80,1000,"sd","13:11:39",616300
7550,80,2000,"sd","13:10:44",615300
7550,80,10000,"sd","13:10:44",613300
7540,70,100,"sd","13:10:44",603300
7540,70,100,"sd","13:10:44",603200
7550,80,100,"bu","13:10:44",603100
7530,60,900,"sd","13:08:47",603000
7530,60,2800,"sd","13:08:42",602100
7530,60,4000,"sd","13:08:09",599300
7530,60,1300,"sd","13:08:09",595300
7530,60,200,"bu","13:04:45",594000
7520,50,4100,"sd","13:03:47",593800
7520,50,500,"sd","13:03:13",589700
7520,50,500,"sd","13:02:09",589200
7520,50,500,"sd","13:00:46",588700
7530,60,300,"bu","13:00:27",588200
7530,60,500,"bu","13:00:22",587900
7500,30,100,"sd","13:00:17",587400
7510,40,400,"sd","13:00:17",587300
7510,40,100,"sd","13:00:17",586900
7520,50,300,"unknown","13:00:13",586800
7520,50,700,"sd","13:00:13",586500
7560,90,100,"unknown","13:00:04",585800
7560,90,300,"unknown","13:00:04",585700
7520,50,100,"sd","13:00:01",585400
7530,60,300,"sd","13:00:01",585300
7560,90,100,"bu","13:00:01",585000
7550,80,200,"unknown","13:00:01",584900
7560,90,100,"bu","13:00:00",584700
7560,90,100,"bu","13:00:00",584600
7560,90,200,"bu","11:28:19",584500
7530,60,300,"sd","11:27:46",584300
7580,110,600,"sd","11:27:14",584000
7580,110,100,"bu","11:27:08",583400
7580,110,400,"bu","11:27:01",583300
7580,110,500,"bu","11:27:01",582900
7600,130,200,"bu","11:13:59",582400
7600,130,100,"bu","11:13:59",582200
7550,80,600,"bu","11:13:59",582100
7550,80,100,"bu","11:13:59",581500
7500,30,200,"bu","11:11:30",581400
7500,30,5000,"bu","11:11:29",581200
7500,30,800,"bu","11:10:48",576200
7500,30,200,"bu","11:10:48",575400
7500,30,100,"bu","11:10:15",575200
7500,30,4000,"bu","11:10:03",575100
7500,30,5600,"bu","11:09:53",571100
7500,30,1900,"bu","11:09:51",565500
7500,30,2000,"bu","11:09:31",563600
7500,30,2300,"bu","11:09:14",561600
7500,30,5000,"bu","11:09:12",559300
7500,30,100,"bu","11:09:06",554300
7500,30,3000,"sd","11:08:49",554200
7500,30,500,"sd","11:08:49",551200
7500,30,100,"sd","11:08:49",550700
7500,30,100,"sd","11:08:49",550600
7500,30,2300,"sd","11:08:49",550500
7520,50,3000,"sd","11:08:49",548200
7500,30,4700,"sd","11:07:35",545200
7500,30,200,"sd","11:07:35",540500
7500,30,5000,"sd","11:07:35",540300
7510,40,100,"sd","11:07:35",535300
7500,30,100,"sd","11:07:10",535200
7500,30,300,"sd","11:07:10",535100
7510,40,100,"sd","11:07:10",534800
7510,40,4500,"sd","11:07:10",534700
7530,60,300,"sd","11:06:58",530200
7510,40,5500,"sd","11:06:43",529900
7510,40,100,"sd","11:06:43",524400
7520,50,100,"sd","11:06:43",524300
7520,50,1000,"sd","11:06:43",524200
7520,50,3000,"sd","11:06:43",523200
7520,50,300,"sd","11:06:43",520200
7550,80,500,"bu","11:06:42",519900
7550,80,100,"bu","11:05:44",519400
7500,30,500,"sd","11:03:23",519300
7500,30,4900,"sd","11:03:23",518800
7510,40,200,"sd","11:03:23",513900
7510,40,100,"sd","11:03:23",513700
7510,40,4300,"sd","11:03:23",513600
7550,80,1000,"sd","11:03:11",509300
7550,80,900,"sd","11:03:11",508300
7550,80,1000,"sd","11:03:03",507400
7550,80,3100,"sd","11:02:28",506400
7550,80,100,"sd","11:02:28",503300
7560,90,10000,"sd","11:02:28",503200
7560,90,1000,"sd","11:02:28",493200
7560,90,1800,"sd","11:02:28",492200
7560,90,200,"sd","11:02:08",490400
7570,100,100,"sd","11:02:08",490200
7570,100,3000,"sd","11:02:08",490100
7570,100,500,"sd","11:02:08",487100
7600,130,300,"bu","11:01:17",486600
7590,120,1000,"bu","11:01:17",486300
7590,120,700,"bu","11:01:17",485300
7590,120,100,"bu","11:00:13",484600
7590,120,200,"bu","10:59:41",484500
7570,100,500,"sd","10:59:33",484300
7600,130,300,"bu","10:58:31",483800
7600,130,600,"sd","10:57:50",483500
7600,130,200,"sd","10:57:37",482900
7600,130,5000,"bu","10:57:30",482700
7600,130,4200,"bu","10:57:30",477700
7600,130,200,"bu","10:57:10",473500
7600,130,100,"sd","10:56:32",473300
7630,160,5000,"bu","10:56:03",473200
7600,130,5000,"bu","10:55:41",468200
7600,130,1500,"bu","10:55:41",463200
7600,130,100,"bu","10:55:23",461700
7560,90,20000,"sd","10:55:10",461600
7560,90,8000,"sd","10:54:50",441600
7580,110,10000,"sd","10:54:50",433600
7580,110,1300,"sd","10:54:50",423600
7580,110,2000,"sd","10:54:50",422300
7590,120,1000,"sd","10:54:50",420300
7590,120,1000,"sd","10:54:50",419300
7590,120,200,"sd","10:54:50",418300
7590,120,500,"sd","10:54:50",418100
7600,130,400,"sd","10:53:48",417600
7600,130,5000,"sd","10:52:42",417200
7600,130,1800,"bu","10:52:11",412200
7600,130,2800,"bu","10:52:11",410400
7600,130,100,"bu","10:51:58",407600
7600,130,100,"bu","10:51:46",407500
7600,130,1000,"bu","10:51:39",407400
7600,130,1000,"sd","10:51:34",406400
7600,130,2000,"sd","10:51:28",405400
7600,130,1000,"sd","10:51:28",403400
7640,170,2000,"bu","10:51:12",402400
7630,160,2000,"bu","10:51:12",400400
7630,160,200,"bu","10:51:01",398400
7650,180,200,"bu","10:49:23",398200
7600,130,100,"sd","10:49:12",398000
7600,130,8000,"sd","10:49:12",397900
7600,130,100,"sd","10:49:12",389900
7600,130,9500,"sd","10:49:12",389800
7600,130,1300,"sd","10:49:12",380300
7600,130,2600,"sd","10:48:47",379000
7600,130,1500,"sd","10:48:47",376400
7600,130,2200,"sd","10:48:47",374900
7600,130,700,"sd","10:48:47",372700
7600,130,100,"sd","10:48:32",372000
7600,130,600,"sd","10:48:32",371900
7630,160,200,"sd","10:48:32",371300
7630,160,800,"sd","10:48:18",371100
7630,160,1000,"sd","10:48:18",370300
7630,160,4000,"sd","10:48:13",369300
7600,130,200,"sd","10:48:03",365300
7620,150,100,"sd","10:48:03",365100
7620,150,400,"sd","10:48:02",365000
7630,160,400,"sd","10:47:53",364600
7630,160,600,"sd","10:47:53",364200
7640,170,200,"sd","10:47:53",363600
7630,160,400,"sd","10:47:21",363400
7650,180,3000,"sd","10:47:10",363000
7650,180,4000,"bu","10:47:02",360000
7650,180,5600,"bu","10:47:02",356000
7650,180,100,"bu","10:46:32",350400
7650,180,100,"bu","10:46:13",350300
7650,180,100,"sd","10:45:08",350200
7650,180,4100,"sd","10:45:08",350100
7650,180,900,"sd","10:44:40",346000
7650,180,2000,"sd","10:44:40",345100
7660,190,2000,"sd","10:44:40",343100
7660,190,100,"sd","10:44:40",341100
7670,200,200,"bu","10:44:40",341000
7670,200,1000,"bu","10:44:28",340800
7670,200,2300,"bu","10:43:28",339800
7680,210,300,"bu","10:43:08",337500
7680,210,700,"bu","10:42:52",337200
7690,220,4100,"bu","10:42:26",336500
7690,220,900,"bu","10:42:26",332400
7690,220,100,"bu","10:42:17",331500
7700,230,1400,"bu","10:41:14",331400
7700,230,2600,"bu","10:41:14",330000
7690,220,5000,"bu","10:41:14",327400
7690,220,1000,"bu","10:41:14",322400
7700,230,4400,"bu","10:40:37",321400
7700,230,1500,"bu","10:40:37",317000
7700,230,1800,"bu","10:40:37",315500
7690,220,100,"unknown","10:40:37",313700
7690,220,500,"bu","10:40:37",313600
7690,220,4200,"bu","10:40:37",313100
7690,220,800,"sd","10:40:29",308900
7700,230,3000,"bu","10:40:23",308100
7700,230,1000,"bu","10:40:08",305100
7700,230,200,"bu","10:39:56",304100
7700,230,100,"bu","10:39:56",303900
7700,230,500,"bu","10:39:56",303800
7700,230,1000,"bu","10:39:56",303300
7700,230,500,"bu","10:39:56",302300
7690,220,100,"sd","10:39:48",301800
7690,220,100,"bu","10:39:36",301700
7660,190,100,"bu","10:39:23",301600
7660,190,900,"bu","10:39:06",301500
7660,190,100,"bu","10:39:06",300600
7660,190,1000,"bu","10:39:06",300500
7650,180,100,"bu","10:38:45",299500
7650,180,100,"bu","10:38:45",299400
7650,180,10000,"bu","10:38:36",299300
7640,170,500,"bu","10:38:26",289300
7640,170,100,"bu","10:38:26",288800
7640,170,500,"bu","10:38:26",288700
7640,170,500,"bu","10:38:25",288200
7630,160,1000,"bu","10:37:53",287700
7630,160,100,"bu","10:37:53",286700
7630,160,100,"bu","10:37:53",286600
7630,160,1000,"bu","10:37:53",286500
7620,150,5300,"bu","10:37:29",285500
7620,150,400,"bu","10:37:28",280200
7620,150,100,"bu","10:37:28",279800
7600,130,200,"sd","10:37:04",279700
7600,130,500,"bu","10:35:54",279500
7600,130,600,"bu","10:35:49",279000
7600,130,2000,"bu","10:35:33",278400
7600,130,400,"bu","10:35:15",276400
7600,130,400,"bu","10:34:47",276000
7600,130,1900,"bu","10:34:36",275600
7600,130,1100,"bu","10:34:36",273700
7600,130,100,"sd","10:33:37",272600
7600,130,100,"sd","10:33:31",272500
7600,130,600,"bu","10:33:13",272400
7600,130,200,"bu","10:33:13",271800
7600,130,100,"bu","10:32:55",271600
7600,130,100,"bu","10:32:55",271500
7600,130,500,"bu","10:32:55",271400
7600,130,400,"bu","10:32:11",270900
7600,130,700,"bu","10:32:11",270500
7600,130,1000,"bu","10:32:11",269800
7600,130,900,"bu","10:32:11",268800
7600,130,100,"bu","10:31:46",267900
7590,120,5000,"bu","10:30:23",267800
7590,120,100,"bu","10:30:22",262800
7590,120,1200,"bu","10:27:18",262700
7590,120,3000,"bu","10:27:18",261500
7590,120,800,"bu","10:27:18",258500
7580,110,200,"bu","10:25:44",257700
7580,110,100,"bu","10:25:44",257500
7580,110,100,"bu","10:25:11",257400
7580,110,200,"bu","10:25:11",257300
7580,110,300,"bu","10:25:11",257100
7580,110,1300,"bu","10:25:11",256800
7580,110,100,"bu","10:25:11",255500
7580,110,100,"bu","10:17:22",255400
7560,90,100,"bu","10:16:37",255300
7560,90,300,"bu","10:16:14",255200
7560,90,100,"bu","10:15:38",254900
7560,90,100,"bu","10:14:33",254800
7560,90,900,"bu","10:14:33",254700
7560,90,100,"bu","10:12:30",253800
7550,80,500,"bu","10:12:04",253700
7550,80,200,"bu","10:12:04",253200
7550,80,3300,"bu","10:12:04",253000
7550,80,2200,"bu","10:11:27",249700
7550,80,2800,"bu","10:11:27",247500
7550,80,100,"bu","10:08:25",244700
7520,50,500,"bu","10:07:09",244600
7510,40,500,"sd","10:07:05",244100
7510,40,200,"sd","10:06:41",243600
7520,50,500,"sd","10:06:11",243400
7500,30,5100,"sd","10:04:12",242900
7500,30,500,"sd","10:04:12",237800
7520,50,100,"bu","10:02:31",237300
7520,50,200,"bu","10:00:11",237200
7520,50,200,"sd","09:59:55",237000
7530,60,500,"sd","09:59:55",236800
7550,80,300,"sd","09:57:51",236300
7550,80,300,"sd","09:57:51",236000
7550,80,100,"sd","09:57:51",235700
7550,80,3000,"sd","09:57:51",235600
7550,80,1500,"sd","09:57:51",232600
7560,90,500,"bu","09:57:43",231100
7560,90,300,"sd","09:56:50",230600
7560,90,200,"sd","09:56:50",230300
7560,90,900,"sd","09:56:50",230100
7560,90,100,"sd","09:56:46",229200
7560,90,1000,"sd","09:56:36",229100
7560,90,600,"sd","09:56:22",228100
7560,90,400,"sd","09:56:20",227500
7560,90,100,"sd","09:56:20",227100
7560,90,300,"sd","09:55:49",227000
7580,110,100,"bu","09:53:44",226700
7560,90,500,"sd","09:51:55",226600
7580,110,100,"sd","09:51:05",226100
7580,110,500,"sd","09:51:05",226000
7580,110,100,"sd","09:51:05",225500
7580,110,200,"sd","09:50:22",225400
7580,110,100,"sd","09:50:05",225200
7580,110,400,"sd","09:49:51",225100
7580,110,100,"sd","09:49:51",224700
7580,110,400,"bu","09:49:30",224600
7580,110,100,"bu","09:48:57",224200
7580,110,500,"sd","09:48:52",224100
7590,120,2000,"sd","09:48:14",223600
7590,120,3200,"sd","09:48:14",221600
7590,120,1500,"sd","09:47:40",218400
7600,130,1100,"sd","09:46:53",216900
7600,130,1700,"sd","09:46:33",215800
7600,130,2200,"bu","09:46:21",214100
7600,130,800,"sd","09:45:57",211900
7600,130,200,"sd","09:45:55",211100
7600,130,100,"sd","09:45:55",210900
7600,130,100,"sd","09:45:55",210800
7600,130,100,"sd","09:45:55",210700
7620,150,100,"bu","09:45:47",210600
7610,140,600,"sd","09:45:35",210500
7600,130,1000,"sd","09:45:07",209900
7600,130,900,"sd","09:45:05",208900
7600,130,700,"sd","09:45:05",208000
7600,130,300,"sd","09:44:36",207300
7600,130,2600,"sd","09:44:36",207000
7600,130,100,"sd","09:44:36",204400
7600,130,3000,"sd","09:44:23",204300
7600,130,1900,"sd","09:43:35",201300
7600,130,3500,"sd","09:43:35",199400
7600,130,4600,"sd","09:43:35",195900
7640,170,100,"bu","09:43:32",191300
7600,130,100,"sd","09:43:07",191200
7600,130,400,"sd","09:43:07",191100
7600,130,1000,"bu","09:43:04",190700
7600,130,100,"bu","09:43:04",189700
7600,130,200,"bu","09:43:04",189600
7600,130,100,"bu","09:43:04",189400
7600,130,2000,"bu","09:43:04",189300
7600,130,1000,"bu","09:43:04",187300
7600,130,200,"bu","09:43:04",186300
7600,130,200,"bu","09:42:27",186100
7600,130,4800,"bu","09:42:27",185900
7600,130,5000,"bu","09:42:17",181100
7600,130,200,"bu","09:41:59",176100
7600,130,100,"bu","09:41:59",175900
7590,120,100,"sd","09:41:46",175800
7590,120,200,"bu","09:41:36",175700
7590,120,500,"bu","09:41:27",175500
7590,120,6000,"bu","09:41:27",175000
7590,120,2000,"bu","09:41:23",169000
7590,120,1200,"bu","09:41:21",167000
7590,120,100,"bu","09:41:08",165800
7570,100,8000,"bu","09:41:02",165700
7570,100,2000,"bu","09:41:01",157700
7560,90,1100,"bu","09:40:26",155700
7560,90,300,"bu","09:40:17",154600
7550,80,500,"sd","09:40:13",154300
7560,90,1600,"bu","09:40:10",153800
7560,90,500,"bu","09:40:08",152200
7560,90,500,"bu","09:39:58",151700
7550,80,100,"sd","09:39:20",151200
7550,80,100,"bu","09:39:04",151100
7550,80,100,"bu","09:39:04",151000
7550,80,300,"bu","09:39:04",150900
7550,80,200,"bu","09:39:04",150600
7550,80,200,"bu","09:38:55",150400
7550,80,100,"bu","09:38:52",150200
7550,80,1900,"bu","09:38:52",150100
7550,80,800,"bu","09:38:49",148200
7550,80,7200,"bu","09:38:39",147400
7540,70,100,"bu","09:38:39",140200
7540,70,100,"bu","09:38:39",140100
7540,70,3000,"bu","09:38:39",140000
7540,70,8700,"bu","09:38:39",137000
7530,60,900,"bu","09:38:39",128300
7530,60,100,"bu","09:38:30",127400
7520,50,100,"bu","09:38:11",127300
7500,30,500,"sd","09:37:44",127200
7520,50,5000,"bu","09:37:38",126700
7500,30,1000,"bu","09:37:23",121700
7500,30,4300,"bu","09:37:23",120700
7500,30,700,"bu","09:37:10",116400
7500,30,200,"bu","09:37:10",115700
7500,30,1000,"bu","09:37:10",115500
7500,30,100,"bu","09:37:10",114500
7500,30,100,"bu","09:37:09",114400
7500,30,4000,"bu","09:37:04",114300
7500,30,5000,"bu","09:37:03",110300
7500,30,200,"bu","09:36:55",105300
7500,30,600,"bu","09:36:50",105100
7500,30,3000,"bu","09:36:48",104500
7500,30,2000,"bu","09:36:11",101500
7500,30,100,"bu","09:35:51",99500
7490,20,3600,"bu","09:35:15",99400
7490,20,400,"bu","09:34:54",95800
7480,10,100,"bu","09:33:56",95400
7480,10,500,"bu","09:33:06",95300
7480,10,2600,"bu","09:32:43",94800
7480,10,100,"bu","09:32:38",92200
7480,10,600,"bu","09:32:25",92100
7480,10,5000,"sd","09:31:50",91500
7480,10,100,"sd","09:31:50",86500
7480,10,500,"sd","09:31:28",86400
7480,10,500,"bu","09:31:12",85900
7480,10,500,"bu","09:31:12",85400
7480,10,200,"sd","09:30:24",84900
7480,10,400,"sd","09:29:52",84700
7480,10,600,"sd","09:29:52",84300
7480,10,2600,"bu","09:28:59",83700
7480,10,100,"sd","09:28:25",81100
7490,20,300,"sd","09:28:25",81000
7490,20,700,"bu","09:28:22",80700
7490,20,100,"bu","09:27:57",80000
7490,20,200,"sd","09:27:52",79900
7490,20,3000,"bu","09:26:36",79700
7480,10,200,"bu","09:26:30",76700
7480,10,300,"sd","09:26:13",76500
7480,10,300,"sd","09:25:55",76200
7460,-10,5800,"sd","09:25:23",75900
7460,-10,200,"sd","09:25:23",70100
7470,0,500,"sd","09:25:23",69900
7470,0,200,"sd","09:24:47",69400
7470,0,500,"sd","09:24:47",69200
7470,0,600,"sd","09:24:47",68700
7470,0,400,"sd","09:24:47",68100
7470,0,200,"sd","09:24:47",67700
7470,0,200,"sd","09:24:47",67500
7470,0,200,"sd","09:24:47",67300
7470,0,200,"sd","09:24:47",67100
7510,40,100,"sd","09:24:24",66900
7510,40,100,"sd","09:24:18",66800
7510,40,4800,"bu","09:23:39",66700
7500,30,300,"sd","09:23:36",61900
7510,40,200,"bu","09:23:35",61600
7500,30,5000,"sd","09:23:31",61400
7500,30,100,"sd","09:23:27",56400
7500,30,200,"bu","09:23:09",56300
7500,30,100,"bu","09:23:01",56100
7500,30,700,"bu","09:22:44",56000
7500,30,300,"bu","09:22:44",55300
7500,30,2700,"bu","09:22:37",55000
7500,30,100,"bu","09:21:59",52300
7500,30,500,"bu","09:21:59",52200
7500,30,3000,"bu","09:21:56",51700
7500,30,200,"bu","09:21:55",48700
7500,30,200,"bu","09:21:48",48500
7500,30,200,"bu","09:21:43",48300
7500,30,200,"bu","09:21:39",48100
7510,40,400,"sd","09:21:26",47900
7500,30,200,"sd","09:21:26",47500
7500,30,100,"sd","09:21:26",47300
7500,30,500,"sd","09:21:26",47200
7500,30,1100,"sd","09:21:26",46700
7500,30,10000,"sd","09:21:26",45600
7510,40,100,"sd","09:21:26",35600
7510,40,200,"sd","09:21:26",35500
7530,60,200,"sd","09:21:05",35300
7530,60,300,"sd","09:21:02",35100
7530,60,100,"sd","09:21:02",34800
7530,60,600,"sd","09:21:02",34700
7540,70,1000,"bu","09:21:01",34100
7530,60,200,"sd","09:20:59",33100
7530,60,100,"sd","09:20:30",32900
7530,60,100,"sd","09:20:26",32800
7540,70,300,"sd","09:19:50",32700
7540,70,1000,"sd","09:19:40",32400
7540,70,3000,"sd","09:19:33",31400
7540,70,300,"sd","09:19:28",28400
7540,70,1000,"sd","09:19:28",28100
7540,70,700,"sd","09:19:28",27100
7540,70,200,"sd","09:19:26",26400
7540,70,500,"sd","09:19:24",26200
7540,70,100,"sd","09:19:13",25700
7540,70,2000,"sd","09:18:50",25600
7540,70,1300,"sd","09:18:42",23600
7540,70,200,"sd","09:18:42",22300
7540,70,1000,"sd","09:18:41",22100
7540,70,500,"sd","09:18:38",21100
7550,80,100,"bu","09:18:22",20600
7540,70,500,"bu","09:17:59",20500
7540,70,2800,"bu","09:17:59",20000
7540,70,200,"sd","09:17:46",17200
7540,70,100,"bu","09:17:25",17000
7530,60,1100,"bu","09:16:42",16900
7530,60,200,"bu","09:16:29",15800
7530,60,500,"bu","09:16:15",15600
7530,60,100,"bu","09:16:02",15100
7510,40,100,"sd","09:15:22",15000
7530,60,3000,"bu","09:15:15",14900
7530,60,11900,"bu","09:15:01",11900
