"price","change","match_qtty","side","time","total_vol"
4500,-160,980300,"sd","14:45:00",16284600
4510,-150,100,"bu","14:29:58",15304300
4510,-150,1900,"bu","14:29:51",15304200
4510,-150,5000,"bu","14:29:50",15302300
4510,-150,1000,"bu","14:29:50",15297300
4510,-150,2000,"bu","14:29:49",15296300
4510,-150,1000,"bu","14:29:43",15294300
4510,-150,9300,"sd","14:29:42",15293300
4520,-140,2000,"bu","14:29:42",15284000
4510,-150,100,"bu","14:29:40",15282000
4510,-150,5600,"bu","14:29:40",15281900
4510,-150,1000,"bu","14:29:40",15276300
4510,-150,2000,"bu","14:29:38",15275300
4510,-150,2000,"bu","14:29:38",15273300
4510,-150,100,"bu","14:29:38",15271300
4510,-150,100,"bu","14:29:38",15271200
4510,-150,5000,"bu","14:29:38",15271100
4510,-150,10000,"bu","14:29:38",15266100
4510,-150,500,"bu","14:29:38",15256100
4510,-150,1300,"bu","14:29:38",15255600
4510,-150,600,"bu","14:29:38",15254300
4510,-150,500,"bu","14:29:38",15253700
4510,-150,10000,"bu","14:29:38",15253200
4510,-150,5000,"bu","14:29:38",15243200
4510,-150,5000,"bu","14:29:38",15238200
4510,-150,2000,"bu","14:29:38",15233200
4510,-150,3000,"bu","14:29:38",15231200
4510,-150,300,"bu","14:29:38",15228200
4510,-150,9000,"sd","14:29:38",15227900
4510,-150,2000,"sd","14:29:38",15218900
4510,-150,2500,"sd","14:29:38",15216900
4510,-150,32500,"sd","14:29:38",15214400
4510,-150,5000,"sd","14:29:38",15181900
4510,-150,100,"sd","14:29:37",15176900
4510,-150,2400,"sd","14:29:35",15176800
4510,-150,100,"sd","14:29:35",15174400
4510,-150,1000,"sd","14:29:35",15174300
4510,-150,5500,"sd","14:29:35",15173300
4510,-150,4500,"sd","14:29:35",15167800
4510,-150,100,"sd","14:29:35",15163300
4510,-150,2000,"sd","14:29:35",15163200
4510,-150,3400,"sd","14:29:35",15161200
4510,-150,3900,"sd","14:29:32",15157800
4520,-140,300,"bu","14:29:30",15153900
4510,-150,1000,"sd","14:29:29",15153600
4510,-150,900,"sd","14:29:28",15152600
4520,-140,1000,"bu","14:29:27",15151700
4520,-140,100,"bu","14:29:25",15150700
4520,-140,500,"bu","14:29:23",15150600
4510,-150,800,"sd","14:29:23",15150100
4510,-150,40000,"sd","14:29:19",15149300
4510,-150,3700,"sd","14:29:17",15109300
4510,-150,10000,"sd","14:29:17",15105600
4510,-150,1300,"sd","14:29:17",15095600
4520,-140,100,"bu","14:29:16",15094300
4520,-140,100,"bu","14:29:15",15094200
4520,-140,2500,"bu","14:29:14",15094100
4520,-140,5000,"bu","14:29:12",15091600
4520,-140,900,"bu","14:29:09",15086600
4520,-140,22700,"bu","14:29:09",15085700
4520,-140,5000,"bu","14:29:08",15063000
4520,-140,2000,"bu","14:29:08",15058000
4520,-140,300,"bu","14:29:06",15056000
4520,-140,2000,"bu","14:28:58",15055700
4520,-140,5000,"bu","14:28:58",15053700
4510,-150,700,"sd","14:28:57",15048700
4510,-150,500,"sd","14:28:57",15048000
4510,-150,2900,"sd","14:28:57",15047500
4520,-140,200,"bu","14:28:52",15044600
4510,-150,5000,"sd","14:28:51",15044400
4520,-140,200,"bu","14:28:46",15039400
4510,-150,100,"sd","14:28:43",15039200
4520,-140,3000,"bu","14:28:42",15039100
4520,-140,1400,"bu","14:28:38",15036100
4520,-140,5000,"bu","14:28:32",15034700
4510,-150,200,"sd","14:28:30",15029700
4520,-140,100,"bu","14:28:27",15029500
4510,-150,100,"sd","14:28:26",15029400
4510,-150,1700,"sd","14:28:24",15029300
4510,-150,3000,"sd","14:28:24",15027600
4510,-150,1000,"sd","14:28:24",15024600
4510,-150,100,"sd","14:28:24",15023600
4510,-150,14200,"sd","14:28:24",15023500
4520,-140,20000,"bu","14:28:24",15009300
4510,-150,5800,"sd","14:28:18",14989300
4510,-150,100,"sd","14:28:18",14983500
4510,-150,10000,"sd","14:28:18",14983400
4510,-150,100,"sd","14:28:18",14973400
4510,-150,500,"sd","14:28:18",14973300
4510,-150,500,"sd","14:28:18",14972800
4510,-150,2000,"sd","14:28:12",14972300
4510,-150,100,"sd","14:28:11",14970300
4510,-150,100,"sd","14:28:11",14970200
4510,-150,200,"sd","14:28:11",14970100
4510,-150,1000,"sd","14:28:11",14969900
4510,-150,3300,"sd","14:28:11",14968900
4510,-150,1000,"sd","14:28:11",14965600
4510,-150,300,"sd","14:28:11",14964600
4510,-150,2500,"sd","14:28:11",14964300
4510,-150,1000,"sd","14:28:11",14961800
4510,-150,500,"sd","14:28:11",14960800
4520,-140,200,"bu","14:28:03",14960300
4510,-150,1000,"sd","14:28:03",14960100
4510,-150,300,"sd","14:28:01",14959100
4510,-150,30000,"sd","14:28:00",14958800
4510,-150,800,"sd","14:27:56",14928800
4510,-150,100,"sd","14:27:53",14928000
4510,-150,100,"sd","14:27:48",14927900
4510,-150,5000,"sd","14:27:45",14927800
4510,-150,5000,"sd","14:27:37",14922800
4520,-140,100,"bu","14:27:34",14917800
4510,-150,200,"sd","14:27:34",14917700
4510,-150,1000,"sd","14:27:33",14917500
4510,-150,2000,"sd","14:27:31",14916500
4520,-140,200,"bu","14:27:29",14914500
4510,-150,10000,"sd","14:27:27",14914300
4510,-150,10000,"sd","14:27:22",14904300
4520,-140,100,"bu","14:27:22",14894300
4510,-150,50000,"sd","14:27:20",14894200
4520,-140,200,"bu","14:27:19",14844200
4510,-150,95000,"sd","14:27:17",14844000
4510,-150,1000,"sd","14:27:16",14749000
4510,-150,2000,"sd","14:27:13",14748000
4510,-150,10300,"sd","14:27:12",14746000
4510,-150,1000,"sd","14:27:11",14735700
4510,-150,100,"sd","14:27:07",14734700
4510,-150,50000,"sd","14:27:05",14734600
4510,-150,7200,"sd","14:27:05",14684600
4510,-150,600,"bu","14:27:04",14677400
4500,-160,1500,"sd","14:27:01",14676800
4500,-160,5000,"sd","14:27:01",14675300
4500,-160,100,"sd","14:27:01",14670300
4500,-160,200,"sd","14:27:01",14670200
4500,-160,5000,"sd","14:27:01",14670000
4500,-160,10000,"sd","14:27:01",14665000
4500,-160,5000,"sd","14:27:01",14655000
4500,-160,500,"sd","14:27:01",14650000
4500,-160,10000,"sd","14:27:01",14649500
4500,-160,100,"sd","14:27:01",14639500
4500,-160,2000,"sd","14:27:01",14639400
4500,-160,300,"sd","14:27:01",14637400
4500,-160,200,"sd","14:27:01",14637100
4500,-160,100,"sd","14:27:01",14636900
4500,-160,1000,"sd","14:27:01",14636800
4500,-160,9000,"sd","14:27:01",14635800
4510,-150,100,"bu","14:27:00",14626800
4500,-160,700,"sd","14:26:59",14626700
4510,-150,600,"bu","14:26:59",14626000
4510,-150,100,"sd","14:26:58",14625400
4510,-150,500,"sd","14:26:58",14625300
4510,-150,100,"sd","14:26:58",14624800
4510,-150,800,"bu","14:26:53",14624700
4510,-150,700,"bu","14:26:53",14623900
4500,-160,13900,"sd","14:26:51",14623200
4510,-150,4900,"sd","14:26:51",14609300
4510,-150,4000,"bu","14:26:49",14604400
4510,-150,1100,"bu","14:26:49",14600400
4500,-160,10000,"sd","14:26:48",14599300
4510,-150,200,"sd","14:26:47",14589300
4510,-150,3000,"sd","14:26:47",14589100
4510,-150,100,"sd","14:26:47",14586100
4510,-150,100,"sd","14:26:47",14586000
4510,-150,200,"sd","14:26:47",14585900
4510,-150,200,"sd","14:26:47",14585700
4510,-150,2000,"sd","14:26:47",14585500
4510,-150,100,"sd","14:26:47",14583500
4510,-150,100,"sd","14:26:46",14583400
4510,-150,900,"sd","14:26:46",14583300
4510,-150,4100,"sd","14:26:44",14582400
4510,-150,1000,"sd","14:26:44",14578300
4510,-150,900,"sd","14:26:44",14577300
4510,-150,100,"sd","14:26:44",14576400
4510,-150,100,"sd","14:26:44",14576300
4510,-150,200,"sd","14:26:44",14576200
4510,-150,3600,"sd","14:26:44",14576000
4510,-150,1000,"sd","14:26:36",14572400
4510,-150,400,"sd","14:26:34",14571400
4510,-150,800,"sd","14:26:34",14571000
4510,-150,2600,"sd","14:26:29",14570200
4510,-150,200,"bu","14:26:25",14567600
4510,-150,1400,"bu","14:26:25",14567400
4510,-150,600,"bu","14:26:25",14566000
4510,-150,500,"bu","14:26:25",14565400
4510,-150,1900,"bu","14:26:25",14564900
4500,-160,6000,"sd","14:26:21",14563000
4510,-150,100,"bu","14:26:21",14557000
4500,-160,10400,"sd","14:26:20",14556900
4500,-160,100,"sd","14:26:20",14546500
4500,-160,500,"sd","14:26:20",14546400
4500,-160,300,"sd","14:26:20",14545900
4500,-160,2000,"sd","14:26:20",14545600
4500,-160,4600,"sd","14:26:20",14543600
4510,-150,400,"bu","14:26:18",14539000
4500,-160,1300,"sd","14:26:17",14538600
4510,-150,100,"bu","14:26:11",14537300
4510,-150,100,"bu","14:26:08",14537200
4510,-150,1000,"bu","14:26:07",14537100
4510,-150,500,"bu","14:26:07",14536100
4510,-150,800,"bu","14:26:07",14535600
4500,-160,1000,"sd","14:26:06",14534800
4510,-150,100,"bu","14:26:05",14533800
4510,-150,500,"bu","14:26:04",14533700
4500,-160,100,"sd","14:26:03",14533200
4510,-150,200,"bu","14:26:03",14533100
4510,-150,400,"sd","14:26:02",14532900
4520,-140,5000,"bu","14:26:02",14532500
4500,-160,5000,"sd","14:25:56",14527500
4510,-150,1000,"sd","14:25:56",14522500
4510,-150,1000,"sd","14:25:51",14521500
4520,-140,100,"bu","14:25:50",14520500
4500,-160,3000,"sd","14:25:48",14520400
4500,-160,400,"sd","14:25:48",14517400
4500,-160,200,"sd","14:25:48",14517000
4500,-160,1000,"sd","14:25:48",14516800
4500,-160,500,"sd","14:25:48",14515800
4500,-160,5000,"sd","14:25:48",14515300
4500,-160,500,"sd","14:25:48",14510300
4500,-160,200,"sd","14:25:48",14509800
4500,-160,1000,"sd","14:25:48",14509600
4500,-160,1000,"sd","14:25:48",14508600
4500,-160,6600,"sd","14:25:48",14507600
4510,-150,1000,"sd","14:25:48",14501000
4510,-150,1000,"sd","14:25:48",14500000
4510,-150,100,"sd","14:25:48",14499000
4510,-150,700,"sd","14:25:48",14498900
4510,-150,7800,"sd","14:25:48",14498200
4510,-150,10000,"sd","14:25:46",14490400
4510,-150,1000,"sd","14:25:45",14480400
4510,-150,200,"bu","14:25:40",14479400
4520,-140,3700,"bu","14:25:37",14479200
4520,-140,2000,"bu","14:25:37",14475500
4520,-140,3400,"bu","14:25:37",14473500
4520,-140,3000,"bu","14:25:37",14470100
4520,-140,25900,"bu","14:25:37",14467100
4510,-150,10000,"bu","14:25:37",14441200
4510,-150,2000,"bu","14:25:37",14431200
4500,-160,1000,"sd","14:25:37",14429200
4500,-160,22400,"sd","14:25:31",14428200
4500,-160,100,"sd","14:25:31",14405800
4500,-160,400,"sd","14:25:31",14405700
4500,-160,1000,"sd","14:25:31",14405300
4500,-160,300,"sd","14:25:31",14404300
4500,-160,1000,"sd","14:25:31",14404000
4500,-160,3000,"sd","14:25:31",14403000
4500,-160,10000,"sd","14:25:31",14400000
4500,-160,100,"sd","14:25:31",14390000
4500,-160,4900,"sd","14:25:31",14389900
4510,-150,100,"unknown","14:25:31",14385000
4510,-150,10000,"unknown","14:25:31",14384900
4510,-150,200,"unknown","14:25:31",14374900
4510,-150,500,"sd","14:25:31",14374700
4510,-150,1000,"sd","14:25:31",14374200
4510,-150,1000,"sd","14:25:31",14373200
4510,-150,1000,"sd","14:25:31",14372200
4510,-150,1000,"sd","14:25:31",14371200
4510,-150,20000,"sd","14:25:31",14370200
4510,-150,2000,"sd","14:25:31",14350200
4510,-150,2500,"sd","14:25:31",14348200
4520,-140,4800,"bu","14:25:31",14345700
4510,-150,1000,"sd","14:25:28",14340900
4510,-150,100,"sd","14:25:28",14339900
4510,-150,100,"sd","14:25:28",14339800
4510,-150,1000,"sd","14:25:28",14339700
4510,-150,100,"sd","14:25:28",14338700
4510,-150,2000,"sd","14:25:28",14338600
4510,-150,1000,"sd","14:25:28",14336600
4510,-150,1000,"sd","14:25:28",14335600
4510,-150,100,"sd","14:25:28",14334600
4510,-150,500,"sd","14:25:28",14334500
4510,-150,200,"sd","14:25:28",14334000
4510,-150,100,"sd","14:25:28",14333800
4510,-150,1000,"sd","14:25:28",14333700
4510,-150,1000,"sd","14:25:28",14332700
4510,-150,5400,"sd","14:25:28",14331700
4510,-150,100,"sd","14:25:28",14326300
4510,-150,300,"sd","14:25:28",14326200
4520,-140,1000,"bu","14:25:23",14325900
4510,-150,4600,"sd","14:25:23",14324900
4510,-150,900,"sd","14:25:23",14320300
4510,-150,1100,"sd","14:25:20",14319400
4510,-150,100,"sd","14:25:20",14318300
4510,-150,700,"sd","14:25:20",14318200
4510,-150,500,"sd","14:25:19",14317500
4510,-150,800,"sd","14:25:19",14317000
4510,-150,1000,"sd","14:25:19",14316200
4510,-150,500,"sd","14:25:19",14315200
4510,-150,2700,"sd","14:25:19",14314700
4520,-140,1000,"bu","14:25:12",14312000
4510,-150,100,"sd","14:25:10",14311000
4510,-150,3000,"sd","14:25:10",14310900
4510,-150,8600,"sd","14:25:10",14307900
4510,-150,2200,"sd","14:25:10",14299300
4510,-150,5000,"sd","14:25:10",14297100
4510,-150,100,"sd","14:25:10",14292100
4510,-150,1000,"sd","14:25:10",14292000
4510,-150,1400,"sd","14:25:09",14291000
4520,-140,500,"sd","14:25:09",14289600
4520,-140,5000,"sd","14:25:09",14289100
4520,-140,500,"sd","14:25:09",14284100
4520,-140,1000,"sd","14:25:09",14283600
4520,-140,200,"sd","14:25:09",14282600
4520,-140,1000,"sd","14:25:09",14282400
4520,-140,100,"sd","14:25:09",14281400
4520,-140,500,"sd","14:25:09",14281300
4520,-140,500,"sd","14:25:09",14280800
4520,-140,4000,"sd","14:25:09",14280300
4520,-140,3400,"sd","14:25:09",14276300
4520,-140,500,"sd","14:25:07",14272900
4520,-140,1000,"sd","14:25:04",14272400
4530,-130,5000,"bu","14:25:04",14271400
4520,-140,3000,"sd","14:25:03",14266400
4520,-140,4000,"sd","14:25:02",14263400
4520,-140,1800,"sd","14:24:58",14259400
4520,-140,1000,"sd","14:24:58",14257600
4520,-140,900,"sd","14:24:58",14256600
4520,-140,400,"sd","14:24:58",14255700
4520,-140,300,"sd","14:24:58",14255300
4520,-140,500,"sd","14:24:58",14255000
4520,-140,500,"sd","14:24:58",14254500
4520,-140,100,"sd","14:24:58",14254000
4520,-140,500,"sd","14:24:58",14253900
4520,-140,1000,"sd","14:24:58",14253400
4520,-140,300,"sd","14:24:57",14252400
4520,-140,5000,"sd","14:24:57",14252100
4520,-140,4700,"sd","14:24:57",14247100
4520,-140,300,"sd","14:24:57",14242400
4520,-140,500,"sd","14:24:57",14242100
4520,-140,5000,"sd","14:24:57",14241600
4520,-140,300,"sd","14:24:57",14236600
4520,-140,3000,"sd","14:24:57",14236300
4520,-140,300,"sd","14:24:57",14233300
4520,-140,1000,"sd","14:24:57",14233000
4520,-140,1500,"sd","14:24:57",14232000
4520,-140,8100,"sd","14:24:57",14230500
4520,-140,1900,"sd","14:24:52",14222400
4520,-140,1100,"sd","14:24:52",14220500
4530,-130,1300,"bu","14:24:52",14219400
4520,-140,900,"sd","14:24:43",14218100
4520,-140,100,"sd","14:24:43",14217200
4530,-130,400,"bu","14:24:41",14217100
4520,-140,400,"sd","14:24:40",14216700
4520,-140,5000,"sd","14:24:40",14216300
4520,-140,1000,"sd","14:24:40",14211300
4520,-140,200,"sd","14:24:40",14210300
4520,-140,1000,"sd","14:24:40",14210100
4520,-140,100,"sd","14:24:40",14209100
4520,-140,1000,"sd","14:24:40",14209000
4520,-140,3000,"sd","14:24:40",14208000
4520,-140,2300,"sd","14:24:40",14205000
4520,-140,7700,"sd","14:24:39",14202700
4520,-140,2200,"sd","14:24:39",14195000
4520,-140,10000,"sd","14:24:39",14192800
4520,-140,3000,"sd","14:24:39",14182800
4520,-140,200,"sd","14:24:39",14179800
4520,-140,1000,"sd","14:24:39",14179600
4520,-140,100,"sd","14:24:39",14178600
4520,-140,10000,"sd","14:24:39",14178500
4520,-140,100,"sd","14:24:39",14168500
4520,-140,100,"sd","14:24:39",14168400
4520,-140,300,"sd","14:24:39",14168300
4520,-140,100,"sd","14:24:39",14168000
4520,-140,100,"sd","14:24:39",14167900
4530,-130,1000,"bu","14:24:38",14167800
4520,-140,1000,"sd","14:24:38",14166800
4520,-140,300,"sd","14:24:38",14165800
4520,-140,600,"sd","14:24:38",14165500
4520,-140,2000,"sd","14:24:38",14164900
4520,-140,1000,"sd","14:24:38",14162900
4520,-140,2000,"sd","14:24:38",14161900
4520,-140,1000,"sd","14:24:38",14159900
4520,-140,10000,"sd","14:24:38",14158900
4520,-140,200,"sd","14:24:38",14148900
4520,-140,20000,"sd","14:24:38",14148700
4520,-140,500,"sd","14:24:38",14128700
4520,-140,300,"sd","14:24:38",14128200
4520,-140,2000,"sd","14:24:38",14127900
4520,-140,2000,"sd","14:24:38",14125900
4520,-140,14100,"sd","14:24:38",14123900
4520,-140,300,"sd","14:24:36",14109800
4520,-140,600,"sd","14:24:31",14109500
4520,-140,22400,"sd","14:24:31",14108900
4530,-130,500,"bu","14:24:25",14086500
4530,-130,100,"bu","14:24:25",14086000
4530,-130,200,"bu","14:24:25",14085900
4530,-130,200,"bu","14:24:25",14085700
4530,-130,500,"bu","14:24:25",14085500
4530,-130,300,"bu","14:24:25",14085000
4530,-130,100,"unknown","14:24:25",14084700
4530,-130,1500,"sd","14:24:25",14084600
4530,-130,5000,"sd","14:24:25",14083100
4530,-130,100,"sd","14:24:25",14078100
4530,-130,2000,"sd","14:24:25",14078000
4530,-130,200,"sd","14:24:25",14076000
4530,-130,10000,"sd","14:24:25",14075800
4530,-130,100,"sd","14:24:25",14065800
4530,-130,2500,"sd","14:24:25",14065700
4530,-130,1500,"sd","14:24:25",14063200
4530,-130,200,"sd","14:24:25",14061700
4530,-130,1300,"sd","14:24:25",14061500
4530,-130,100,"sd","14:24:25",14060200
4530,-130,1700,"sd","14:24:25",14060100
4530,-130,400,"sd","14:24:25",14058400
4530,-130,300,"sd","14:24:25",14058000
4530,-130,200,"sd","14:24:25",14057700
4530,-130,800,"sd","14:24:25",14057500
4530,-130,500,"sd","14:24:25",14056700
4530,-130,1000,"sd","14:24:25",14056200
4530,-130,10400,"sd","14:24:25",14055200
4540,-120,25800,"sd","14:24:25",14044800
4540,-120,3000,"bu","14:24:25",14019000
4540,-120,6000,"bu","14:24:25",14016000
4540,-120,10000,"bu","14:24:25",14010000
4540,-120,5000,"bu","14:24:25",14000000
4540,-120,10000,"bu","14:24:25",13995000
4540,-120,10000,"bu","14:24:25",13985000
4540,-120,30200,"bu","14:24:25",13975000
4530,-130,5000,"sd","14:24:21",13944800
4530,-130,800,"sd","14:24:20",13939800
4530,-130,21000,"sd","14:24:17",13939000
4540,-120,100,"bu","14:24:16",13918000
4530,-130,1000,"sd","14:24:15",13917900
4530,-130,5000,"sd","14:24:14",13916900
4540,-120,100,"bu","14:24:09",13911900
4540,-120,100,"sd","14:24:03",13911800
4540,-120,1000,"sd","14:24:03",13911700
4540,-120,5000,"sd","14:24:03",13910700
4540,-120,200,"sd","14:24:03",13905700
4540,-120,700,"sd","14:24:03",13905500
4540,-120,12600,"sd","14:24:03",13904800
4540,-120,2000,"sd","14:24:02",13892200
4540,-120,1000,"sd","14:24:02",13890200
4540,-120,100,"sd","14:24:02",13889200
4540,-120,2000,"sd","14:24:02",13889100
4540,-120,500,"sd","14:24:02",13887100
4540,-120,100,"sd","14:24:02",13886600
4540,-120,400,"sd","14:24:02",13886500
4540,-120,10000,"sd","14:24:02",13886100
4540,-120,2000,"sd","14:24:02",13876100
4540,-120,200,"sd","14:24:02",13874100
4540,-120,100,"sd","14:24:02",13873900
4540,-120,1500,"sd","14:24:02",13873800
4540,-120,100,"sd","14:24:02",13872300
4540,-120,200,"sd","14:24:02",13872200
4540,-120,1500,"sd","14:24:02",13872000
4540,-120,500,"sd","14:24:02",13870500
4540,-120,3000,"sd","14:24:02",13870000
4540,-120,300,"sd","14:24:02",13867000
4540,-120,100,"sd","14:24:02",13866700
4540,-120,500,"sd","14:24:02",13866600
4540,-120,900,"sd","14:24:02",13866100
4540,-120,10000,"sd","14:24:02",13865200
4540,-120,1000,"sd","14:24:02",13855200
4540,-120,200,"sd","14:24:02",13854200
4540,-120,200,"sd","14:24:02",13854000
4540,-120,200,"sd","14:24:02",13853800
4540,-120,2000,"sd","14:24:02",13853600
4540,-120,100,"sd","14:24:02",13851600
4540,-120,200,"sd","14:24:02",13851500
4540,-120,2000,"sd","14:24:02",13851300
4540,-120,500,"sd","14:24:02",13849300
4540,-120,10000,"sd","14:24:02",13848800
4540,-120,100,"sd","14:24:02",13838800
4540,-120,1000,"sd","14:24:02",13838700
4540,-120,500,"sd","14:24:02",13837700
4540,-120,5000,"sd","14:24:02",13837200
4550,-110,1000,"bu","14:23:58",13832200
4540,-120,2000,"sd","14:23:57",13831200
4550,-110,200,"bu","14:23:53",13829200
4550,-110,50000,"sd","14:23:48",13829000
4550,-110,2000,"sd","14:23:48",13779000
4550,-110,2000,"sd","14:23:48",13777000
4550,-110,4000,"sd","14:23:48",13775000
4550,-110,20000,"sd","14:23:48",13771000
4550,-110,300,"sd","14:23:48",13751000
4550,-110,10000,"sd","14:23:48",13750700
4550,-110,50000,"sd","14:23:48",13740700
4550,-110,1400,"sd","14:23:48",13690700
4550,-110,1000,"sd","14:23:48",13689300
4550,-110,200,"sd","14:23:48",13688300
4550,-110,1000,"sd","14:23:48",13688100
4550,-110,1000,"sd","14:23:48",13687100
4550,-110,100,"sd","14:23:48",13686100
4550,-110,50000,"sd","14:23:48",13686000
4550,-110,2500,"sd","14:23:48",13636000
4550,-110,30000,"sd","14:23:48",13633500
4550,-110,4000,"sd","14:23:48",13603500
4550,-110,1900,"sd","14:23:48",13599500
4550,-110,49000,"sd","14:23:48",13597600
4550,-110,1800,"sd","14:23:46",13548600
4550,-110,13000,"sd","14:23:45",13546800
4550,-110,21500,"sd","14:23:43",13533800
4550,-110,500,"sd","14:23:42",13512300
4550,-110,14200,"sd","14:23:41",13511800
4550,-110,500,"sd","14:23:41",13497600
4550,-110,1000,"sd","14:23:41",13497100
4550,-110,100,"sd","14:23:41",13496100
4550,-110,1000,"sd","14:23:41",13496000
4550,-110,2800,"sd","14:23:41",13495000
4550,-110,200,"sd","14:23:41",13492200
4550,-110,200,"sd","14:23:41",13492000
4550,-110,1500,"sd","14:23:40",13491800
4550,-110,300,"sd","14:23:40",13490300
4550,-110,7000,"sd","14:23:40",13490000
4550,-110,2000,"sd","14:23:40",13483000
4550,-110,500,"sd","14:23:40",13481000
4550,-110,1000,"sd","14:23:40",13480500
4550,-110,1100,"sd","14:23:40",13479500
4550,-110,200,"sd","14:23:40",13478400
4550,-110,2700,"sd","14:23:40",13478200
4550,-110,100,"sd","14:23:40",13475500
4550,-110,7300,"sd","14:23:40",13475400
4550,-110,800,"sd","14:23:40",13468100
4550,-110,500,"sd","14:23:40",13467300
4550,-110,5000,"sd","14:23:40",13466800
4560,-100,1000,"bu","14:23:37",13461800
4550,-110,1200,"sd","14:23:37",13460800
4550,-110,100,"sd","14:23:37",13459600
4550,-110,100,"sd","14:23:37",13459500
4550,-110,300,"sd","14:23:37",13459400
4550,-110,100,"sd","14:23:37",13459100
4550,-110,200,"sd","14:23:37",13459000
4550,-110,3000,"sd","14:23:37",13458800
4550,-110,300,"sd","14:23:37",13455800
4550,-110,500,"sd","14:23:37",13455500
4550,-110,3000,"sd","14:23:37",13455000
4550,-110,400,"sd","14:23:37",13452000
4550,-110,500,"sd","14:23:37",13451600
4550,-110,1000,"sd","14:23:37",13451100
4550,-110,1900,"sd","14:23:37",13450100
4550,-110,400,"sd","14:23:37",13448200
4550,-110,7000,"sd","14:23:37",13447800
4560,-100,300,"bu","14:23:37",13440800
4560,-100,2000,"bu","14:23:37",13440500
4560,-100,700,"bu","14:23:37",13438500
4550,-110,9000,"sd","14:23:36",13437800
4550,-110,30000,"sd","14:23:36",13428800
4550,-110,4000,"sd","14:23:30",13398800
4550,-110,100,"sd","14:23:30",13394800
4550,-110,500,"sd","14:23:30",13394700
4550,-110,2200,"sd","14:23:30",13394200
4550,-110,200,"sd","14:23:30",13392000
4550,-110,2000,"sd","14:23:30",13391800
4550,-110,10000,"sd","14:23:30",13389800
4550,-110,1000,"sd","14:23:30",13379800
4550,-110,3900,"sd","14:23:27",13378800
4550,-110,600,"sd","14:23:27",13374900
4550,-110,300,"sd","14:23:24",13374300
4550,-110,1000,"sd","14:23:24",13374000
4550,-110,100,"sd","14:23:24",13373000
4550,-110,10000,"sd","14:23:24",13372900
4550,-110,1400,"sd","14:23:24",13362900
4550,-110,2000,"sd","14:23:24",13361500
4550,-110,200,"sd","14:23:24",13359500
4550,-110,300,"sd","14:23:24",13359300
4550,-110,1000,"sd","14:23:24",13359000
4550,-110,2500,"sd","14:23:24",13358000
4560,-100,100,"bu","14:23:23",13355500
4550,-110,7500,"sd","14:23:17",13355400
4550,-110,300,"sd","14:23:17",13347900
4550,-110,1000,"sd","14:23:17",13347600
4550,-110,100,"sd","14:23:17",13346600
4550,-110,2600,"sd","14:23:17",13346500
4550,-110,4000,"sd","14:23:17",13343900
4550,-110,100,"sd","14:23:17",13339900
4550,-110,2000,"sd","14:23:17",13339800
4550,-110,300,"sd","14:23:17",13337800
4550,-110,3300,"sd","14:23:17",13337500
4550,-110,500,"sd","14:23:17",13334200
4550,-110,500,"sd","14:23:17",13333700
4550,-110,500,"sd","14:23:17",13333200
4550,-110,1800,"sd","14:23:17",13332700
4550,-110,5100,"sd","14:23:17",13330900
4560,-100,400,"sd","14:23:17",13325800
4550,-110,2400,"sd","14:23:11",13325400
4560,-100,2600,"sd","14:23:11",13323000
4560,-100,1000,"bu","14:23:08",13320400
4560,-100,10000,"bu","14:23:08",13319400
4560,-100,1000,"bu","14:23:08",13309400
4560,-100,5000,"bu","14:23:08",13308400
4560,-100,700,"bu","14:23:08",13303400
4560,-100,1000,"bu","14:23:08",13302700
4560,-100,20000,"bu","14:23:08",13301700
4560,-100,4000,"bu","14:23:08",13281700
4560,-100,5000,"bu","14:23:08",13277700
4560,-100,20300,"bu","14:23:08",13272700
4560,-100,4000,"bu","14:23:08",13252400
4560,-100,3000,"bu","14:23:08",13248400
4560,-100,1000,"bu","14:23:08",13245400
4560,-100,2200,"bu","14:23:08",13244400
4560,-100,8000,"bu","14:23:08",13242200
4560,-100,10000,"bu","14:23:08",13234200
4560,-100,1200,"bu","14:23:08",13224200
4550,-110,1100,"sd","14:23:05",13223000
4550,-110,1400,"sd","14:22:59",13221900
4550,-110,1000,"sd","14:22:59",13220500
4550,-110,100,"sd","14:22:59",13219500
4550,-110,12500,"sd","14:22:59",13219400
4550,-110,200,"sd","14:22:49",13206900
4550,-110,4000,"sd","14:22:48",13206700
4560,-100,500,"bu","14:22:39",13202700
4550,-110,20000,"sd","14:22:39",13202200
4550,-110,1000,"sd","14:22:34",13182200
4560,-100,500,"bu","14:22:32",13181200
4550,-110,5000,"sd","14:22:31",13180700
4560,-100,300,"bu","14:22:29",13175700
4560,-100,100,"bu","14:22:28",13175400
4560,-100,400,"bu","14:22:28",13175300
4560,-100,600,"bu","14:22:26",13174900
4550,-110,1000,"sd","14:22:25",13174300
4560,-100,2000,"bu","14:22:10",13173300
4560,-100,3000,"bu","14:22:09",13171300
4560,-100,2000,"bu","14:22:03",13168300
4560,-100,4700,"bu","14:22:03",13166300
4560,-100,200,"bu","14:22:01",13161600
4560,-100,100,"bu","14:21:55",13161400
4560,-100,900,"bu","14:21:55",13161300
4550,-110,41000,"sd","14:21:54",13160400
4560,-100,100,"bu","14:21:48",13119400
4550,-110,15000,"sd","14:21:46",13119300
4550,-110,100,"sd","14:21:43",13104300
4550,-110,200,"sd","14:21:38",13104200
4550,-110,100,"sd","14:21:38",13104000
4560,-100,9200,"bu","14:21:30",13103900
4560,-100,22000,"bu","14:21:30",13094700
4560,-100,2500,"bu","14:21:30",13072700
4560,-100,200,"bu","14:21:30",13070200
4560,-100,1000,"bu","14:21:30",13070000
4560,-100,5000,"bu","14:21:30",13069000
4560,-100,5000,"bu","14:21:30",13064000
4560,-100,5100,"bu","14:21:30",13059000
4550,-110,2900,"sd","14:21:23",13053900
4550,-110,1000,"sd","14:21:23",13051000
4550,-110,1000,"sd","14:21:23",13050000
4550,-110,10000,"sd","14:21:23",13049000
4550,-110,85100,"sd","14:21:23",13039000
4550,-110,10000,"sd","14:21:13",12953900
4560,-100,1000,"bu","14:21:10",12943900
4560,-100,200,"bu","14:21:09",12942900
4550,-110,200,"sd","14:21:08",12942700
4550,-110,1000,"sd","14:21:07",12942500
4560,-100,3700,"bu","14:21:07",12941500
4560,-100,1300,"bu","14:21:07",12937800
4550,-110,25000,"sd","14:20:55",12936500
4560,-100,1700,"bu","14:20:51",12911500
4560,-100,2900,"bu","14:20:51",12909800
4550,-110,10000,"sd","14:20:51",12906900
4560,-100,800,"bu","14:20:48",12896900
4560,-100,1000,"bu","14:20:47",12896100
4560,-100,500,"bu","14:20:38",12895100
4560,-100,200,"bu","14:20:23",12894600
4550,-110,1000,"sd","14:20:21",12894400
4560,-100,800,"bu","14:20:16",12893400
4560,-100,2200,"bu","14:20:10",12892600
4560,-100,400,"bu","14:20:01",12890400
4560,-100,500,"bu","14:19:56",12890000
4560,-100,300,"bu","14:19:51",12889500
4550,-110,4000,"sd","14:19:50",12889200
4560,-100,300,"bu","14:19:43",12885200
4560,-100,100,"sd","14:19:41",12884900
4560,-100,900,"sd","14:19:39",12884800
4560,-100,7700,"sd","14:19:39",12883900
4560,-100,1000,"sd","14:19:32",12876200
4560,-100,2000,"bu","14:19:28",12875200
4560,-100,500,"bu","14:19:28",12873200
4560,-100,100,"bu","14:19:28",12872700
4560,-100,2400,"bu","14:19:28",12872600
4560,-100,300,"bu","14:19:28",12870200
4560,-100,1500,"bu","14:19:28",12869900
4560,-100,1500,"bu","14:19:28",12868400
4560,-100,5000,"bu","14:19:28",12866900
4560,-100,1000,"bu","14:19:28",12861900
4560,-100,6000,"bu","14:19:28",12860900
4560,-100,1900,"bu","14:19:28",12854900
4560,-100,5000,"bu","14:19:28",12853000
4560,-100,36700,"bu","14:19:28",12848000
4560,-100,30800,"bu","14:19:28",12811300
4560,-100,46600,"bu","14:19:28",12780500
4560,-100,1500,"bu","14:19:27",12733900
4560,-100,300,"bu","14:19:25",12732400
4550,-110,100,"sd","14:19:20",12732100
4550,-110,100,"sd","14:19:11",12732000
4550,-110,1000,"sd","14:19:10",12731900
4550,-110,400,"sd","14:19:09",12730900
4560,-100,2000,"bu","14:19:08",12730500
4550,-110,10000,"sd","14:19:02",12728500
4550,-110,10000,"sd","14:19:01",12718500
4560,-100,1900,"bu","14:19:00",12708500
4560,-100,100,"bu","14:18:39",12706600
4550,-110,200,"sd","14:18:35",12706500
4550,-110,7000,"sd","14:18:21",12706300
4560,-100,100,"bu","14:18:20",12699300
4550,-110,7000,"sd","14:18:19",12699200
4560,-100,2000,"bu","14:18:19",12692200
4550,-110,2000,"sd","14:18:18",12690200
4550,-110,5200,"sd","14:18:02",12688200
4550,-110,6000,"sd","14:17:54",12683000
4560,-100,100,"bu","14:17:53",12677000
4550,-110,4400,"sd","14:17:49",12676900
4560,-100,500,"bu","14:17:45",12672500
4560,-100,5000,"bu","14:17:35",12672000
4560,-100,2000,"bu","14:17:31",12667000
4560,-100,10000,"bu","14:17:22",12665000
4550,-110,6500,"sd","14:17:21",12655000
4550,-110,800,"sd","14:17:14",12648500
4560,-100,1000,"bu","14:17:13",12647700
4560,-100,3800,"bu","14:17:05",12646700
4560,-100,400,"bu","14:17:03",12642900
4560,-100,1000,"bu","14:17:00",12642500
4560,-100,100,"bu","14:16:58",12641500
4560,-100,10000,"bu","14:16:53",12641400
4560,-100,100,"bu","14:16:43",12631400
4560,-100,100,"bu","14:16:42",12631300
4550,-110,200,"sd","14:16:40",12631200
4560,-100,1000,"bu","14:16:38",12631000
4560,-100,1000,"bu","14:16:32",12630000
4560,-100,100000,"sd","14:16:27",12629000
4560,-100,27700,"sd","14:16:27",12529000
4560,-100,100,"sd","14:16:27",12501300
4560,-100,2000,"sd","14:16:27",12501200
4560,-100,200,"sd","14:16:27",12499200
4570,-90,1000,"bu","14:16:27",12499000
4570,-90,1000,"bu","14:16:24",12498000
4560,-100,8100,"sd","14:16:16",12497000
4560,-100,10000,"sd","14:16:13",12488900
4560,-100,1000,"sd","14:15:52",12478900
4560,-100,1000,"sd","14:15:48",12477900
4560,-100,1000,"bu","14:15:48",12476900
4560,-100,100,"bu","14:15:48",12475900
4560,-100,900,"bu","14:15:48",12475800
4560,-100,2000,"bu","14:15:48",12474900
4560,-100,5000,"bu","14:15:48",12472900
4560,-100,30000,"bu","14:15:48",12467900
4560,-100,1000,"bu","14:15:48",12437900
4560,-100,7000,"bu","14:15:48",12436900
4560,-100,5000,"bu","14:15:48",12429900
4560,-100,200,"bu","14:15:48",12424900
4550,-110,100,"sd","14:15:40",12424700
4550,-110,3000,"sd","14:15:37",12424600
4560,-100,400,"bu","14:15:33",12421600
4550,-110,5000,"sd","14:15:26",12421200
4550,-110,5000,"sd","14:15:26",12416200
4560,-100,100,"bu","14:15:19",12411200
4550,-110,20000,"sd","14:15:16",12411100
4560,-100,100,"bu","14:15:12",12391100
4560,-100,100,"bu","14:15:08",12391000
4550,-110,1000,"sd","14:15:06",12390900
4560,-100,1400,"bu","14:15:05",12389900
4560,-100,100,"bu","14:15:05",12388500
4560,-100,200,"bu","14:14:55",12388400
4560,-100,1800,"bu","14:14:55",12388200
4560,-100,200,"bu","14:14:52",12386400
4560,-100,1000,"bu","14:14:41",12386200
4560,-100,5000,"bu","14:14:39",12385200
4560,-100,2800,"bu","14:14:35",12380200
4560,-100,5000,"bu","14:14:35",12377400
4560,-100,5000,"bu","14:14:35",12372400
4560,-100,4200,"bu","14:14:35",12367400
4560,-100,100,"bu","14:14:32",12363200
4560,-100,100,"bu","14:14:29",12363100
4560,-100,700,"bu","14:14:12",12363000
4560,-100,2000,"bu","14:14:07",12362300
4560,-100,1000,"bu","14:14:05",12360300
4560,-100,2000,"bu","14:14:05",12359300
4560,-100,1400,"bu","14:14:04",12357300
4560,-100,3000,"bu","14:13:52",12355900
4550,-110,600,"sd","14:13:41",12352900
4560,-100,300,"bu","14:13:32",12352300
4550,-110,2100,"sd","14:13:26",12352000
4560,-100,100,"bu","14:13:26",12349900
4550,-110,1000,"sd","14:13:05",12349800
4560,-100,10000,"bu","14:13:04",12348800
4560,-100,1000,"bu","14:13:01",12338800
4550,-110,500,"sd","14:12:51",12337800
4560,-100,700,"bu","14:12:48",12337300
4560,-100,500,"bu","14:12:44",12336600
4560,-100,100,"bu","14:12:41",12336100
4560,-100,800,"bu","14:12:39",12336000
4560,-100,500,"bu","14:12:28",12335200
4560,-100,2800,"bu","14:12:26",12334700
4560,-100,100,"bu","14:12:13",12331900
4560,-100,400,"bu","14:12:12",12331800
4560,-100,200,"sd","14:11:54",12331400
4560,-100,500,"sd","14:11:54",12331200
4560,-100,1500,"sd","14:11:54",12330700
4560,-100,500,"sd","14:11:54",12329200
4560,-100,800,"sd","14:11:54",12328700
4560,-100,500,"sd","14:11:54",12327900
4560,-100,10000,"sd","14:11:54",12327400
4560,-100,3200,"sd","14:11:54",12317400
4560,-100,600,"sd","14:11:52",12314200
4560,-100,6200,"sd","14:11:24",12313600
4560,-100,100,"sd","14:11:24",12307400
4560,-100,3000,"sd","14:11:24",12307300
4560,-100,10000,"sd","14:11:24",12304300
4560,-100,200,"sd","14:11:23",12294300
4560,-100,100,"sd","14:11:23",12294100
4560,-100,400,"sd","14:11:23",12294000
4560,-100,1000,"sd","14:11:21",12293600
4560,-100,200,"sd","14:11:20",12292600
4570,-90,100,"bu","14:11:18",12292400
4560,-100,1000,"sd","14:11:04",12292300
4560,-100,400,"bu","14:11:00",12291300
4560,-100,5000,"bu","14:10:50",12290900
4560,-100,300,"sd","14:10:49",12285900
4560,-100,100,"sd","14:10:49",12285600
4560,-100,2000,"sd","14:10:49",12285500
4560,-100,1000,"sd","14:10:49",12283500
4560,-100,5700,"sd","14:10:49",12282500
4570,-90,2700,"bu","14:10:40",12276800
4570,-90,300,"bu","14:10:34",12274100
4570,-90,100,"bu","14:10:29",12273800
4560,-100,3000,"sd","14:10:23",12273700
4560,-100,200,"sd","14:10:23",12270700
4560,-100,4300,"sd","14:10:23",12270500
4550,-110,200,"sd","14:10:17",12266200
4560,-100,900,"bu","14:10:17",12266000
4560,-100,1000,"bu","14:09:59",12265100
4560,-100,100,"bu","14:09:51",12264100
4560,-100,2000,"bu","14:09:47",12264000
4560,-100,16000,"bu","14:09:41",12262000
4560,-100,2000,"bu","14:09:41",12246000
4560,-100,300,"bu","14:09:41",12244000
4560,-100,1700,"bu","14:09:41",12243700
4560,-100,2000,"bu","14:09:38",12242000
4560,-100,1000,"bu","14:09:35",12240000
4560,-100,100,"bu","14:09:30",12239000
4560,-100,300,"bu","14:09:25",12238900
4560,-100,200,"bu","14:09:19",12238600
4560,-100,10000,"bu","14:09:17",12238400
4560,-100,10000,"bu","14:09:17",12228400
4560,-100,500,"bu","14:09:17",12218400
4560,-100,300,"sd","14:09:17",12217900
4560,-100,200,"sd","14:09:17",12217600
4560,-100,400,"sd","14:09:17",12217400
4560,-100,74900,"sd","14:09:17",12217000
4560,-100,13200,"sd","14:09:17",12142100
4560,-100,11100,"sd","14:09:17",12128900
4560,-100,2000,"sd","14:09:17",12117800
4560,-100,500,"sd","14:09:17",12115800
4560,-100,100,"sd","14:09:17",12115300
4560,-100,1000,"sd","14:09:17",12115200
4560,-100,100,"sd","14:09:17",12114200
4560,-100,200,"sd","14:09:17",12114100
4560,-100,200,"sd","14:09:17",12113900
4560,-100,1500,"sd","14:08:41",12113700
4570,-90,1000,"bu","14:08:38",12112200
4570,-90,1000,"bu","14:08:37",12111200
4570,-90,200,"bu","14:08:06",12110200
4570,-90,1400,"bu","14:08:06",12110000
4570,-90,8400,"bu","14:08:06",12108600
4560,-100,4300,"sd","14:07:48",12100200
4570,-90,100,"bu","14:07:42",12095900
4570,-90,10000,"bu","14:07:39",12095800
4570,-90,3900,"bu","14:07:32",12085800
4560,-100,100,"sd","14:07:26",12081900
4570,-90,200,"bu","14:07:24",12081800
4570,-90,100,"bu","14:07:16",12081600
4570,-90,4300,"bu","14:07:00",12081500
4570,-90,500,"bu","14:07:00",12077200
4570,-90,200,"bu","14:07:00",12076700
4560,-100,4800,"sd","14:06:59",12076500
4560,-100,5600,"sd","14:06:57",12071700
4560,-100,100,"sd","14:06:42",12066100
4570,-90,100,"bu","14:06:40",12066000
4560,-100,8700,"sd","14:06:34",12065900
4560,-100,100,"sd","14:06:34",12057200
4560,-100,13000,"sd","14:06:34",12057100
4560,-100,200,"sd","14:06:34",12044100
4560,-100,300,"sd","14:06:34",12043900
4560,-100,2000,"sd","14:06:34",12043600
4560,-100,100,"sd","14:06:34",12041600
4560,-100,2000,"sd","14:06:34",12041500
4560,-100,5000,"sd","14:06:34",12039500
4560,-100,3500,"sd","14:06:34",12034500
4560,-100,20000,"sd","14:06:34",12031000
4560,-100,600,"sd","14:06:34",12011000
4560,-100,300,"sd","14:06:34",12010400
4560,-100,3000,"sd","14:06:34",12010100
4560,-100,200,"sd","14:06:34",12007100
4560,-100,500,"sd","14:06:34",12006900
4570,-90,500,"bu","14:06:27",12006400
4560,-100,900,"sd","14:06:24",12005900
4560,-100,1500,"sd","14:06:15",12005000
4560,-100,100,"sd","14:06:15",12003500
4560,-100,200,"sd","14:06:15",12003400
4560,-100,100,"sd","14:06:15",12003200
4560,-100,400,"sd","14:06:15",12003100
4560,-100,2700,"sd","14:06:15",12002700
4560,-100,200,"sd","14:06:14",12000000
4560,-100,5000,"sd","14:06:13",11999800
4560,-100,20000,"sd","14:06:12",11994800
4560,-100,20000,"sd","14:06:10",11974800
4560,-100,12100,"sd","14:06:07",11954800
4560,-100,1500,"sd","14:06:07",11942700
4560,-100,2000,"sd","14:06:07",11941200
4560,-100,400,"sd","14:06:07",11939200
4560,-100,100,"sd","14:06:07",11938800
4560,-100,3900,"sd","14:06:07",11938700
4560,-100,1000,"sd","14:06:05",11934800
4560,-100,200,"sd","14:06:05",11933800
4560,-100,200,"sd","14:06:05",11933600
4560,-100,100,"sd","14:06:05",11933400
4560,-100,100,"sd","14:06:05",11933300
4560,-100,100,"sd","14:06:05",11933200
4560,-100,100,"sd","14:06:05",11933100
4560,-100,1500,"sd","14:06:05",11933000
4560,-100,100,"sd","14:06:05",11931500
4560,-100,100,"sd","14:06:05",11931400
4560,-100,2000,"sd","14:06:05",11931300
4560,-100,12400,"sd","14:06:05",11929300
4560,-100,100,"sd","14:06:05",11916900
4560,-100,1000,"sd","14:06:05",11916800
4560,-100,1000,"sd","14:06:05",11915800
4560,-100,100,"sd","14:06:04",11914800
4560,-100,400,"sd","14:06:00",11914700
4560,-100,800,"sd","14:05:58",11914300
4560,-100,100,"sd","14:05:44",11913500
4560,-100,1000,"sd","14:05:40",11913400
4560,-100,20000,"sd","14:05:21",11912400
4570,-90,100,"bu","14:05:21",11892400
4560,-100,15200,"sd","14:04:40",11892300
4560,-100,1200,"sd","14:04:40",11877100
4560,-100,1000,"sd","14:04:20",11875900
4560,-100,1000,"sd","14:04:16",11874900
4570,-90,100,"bu","14:04:14",11873900
4570,-90,1000,"bu","14:04:12",11873800
4570,-90,100,"bu","14:04:02",11872800
4570,-90,100,"bu","14:03:55",11872700
4570,-90,400,"bu","14:03:55",11872600
4560,-100,26800,"sd","14:03:46",11872200
4560,-100,1200,"sd","14:03:46",11845400
4570,-90,1000,"bu","14:03:38",11844200
4570,-90,600,"bu","14:03:36",11843200
4570,-90,4400,"bu","14:03:36",11842600
4570,-90,600,"bu","14:03:26",11838200
4570,-90,3000,"bu","14:03:20",11837600
4570,-90,100,"bu","14:02:58",11834600
4560,-100,800,"sd","14:02:58",11834500
4560,-100,1200,"sd","14:02:58",11833700
4570,-90,10000,"bu","14:02:53",11832500
4570,-90,500,"bu","14:02:24",11822500
4560,-100,2000,"sd","14:02:20",11822000
4560,-100,300,"sd","14:01:45",11820000
4570,-90,200,"bu","14:01:42",11819700
4560,-100,3000,"sd","14:01:24",11819500
4560,-100,2500,"sd","14:01:11",11816500
4560,-100,3000,"sd","14:01:05",11814000
4560,-100,20000,"sd","14:00:39",11811000
4560,-100,300,"sd","14:00:38",11791000
4560,-100,100,"sd","14:00:23",11790700
4570,-90,200,"bu","14:00:20",11790600
4560,-100,2000,"sd","13:59:42",11790400
4560,-100,5000,"sd","13:59:35",11788400
4560,-100,100,"sd","13:59:35",11783400
4560,-100,600,"sd","13:59:34",11783300
4560,-100,500,"sd","13:59:29",11782700
4560,-100,500,"sd","13:59:08",11782200
4560,-100,30000,"sd","13:59:07",11781700
4560,-100,1000,"sd","13:58:49",11751700
4560,-100,2300,"sd","13:58:47",11750700
4560,-100,2100,"sd","13:58:46",11748400
4560,-100,5000,"sd","13:58:46",11746300
4560,-100,7700,"sd","13:58:24",11741300
4560,-100,1000,"sd","13:58:05",11733600
4560,-100,2000,"sd","13:57:59",11732600
4570,-90,1000,"bu","13:57:59",11730600
4560,-100,700,"sd","13:57:47",11729600
4560,-100,7100,"sd","13:57:36",11728900
4560,-100,200,"sd","13:57:36",11721800
4560,-100,2000,"sd","13:57:36",11721600
4560,-100,700,"sd","13:57:36",11719600
4560,-100,300,"sd","13:57:24",11718900
4560,-100,300,"sd","13:56:51",11718600
4570,-90,500,"bu","13:56:50",11718300
4570,-90,2500,"bu","13:56:50",11717800
4560,-100,4600,"bu","13:56:41",11715300
4560,-100,300,"bu","13:56:40",11710700
4560,-100,40000,"bu","13:56:35",11710400
4560,-100,4400,"bu","13:56:34",11670400
4560,-100,100,"bu","13:56:27",11666000
4550,-110,2000,"sd","13:56:24",11665900
4560,-100,100,"sd","13:56:22",11663900
4560,-100,100,"sd","13:56:22",11663800
4560,-100,500,"sd","13:56:22",11663700
4560,-100,500,"sd","13:56:22",11663200
4560,-100,5000,"sd","13:56:22",11662700
4560,-100,14400,"sd","13:56:22",11657700
4560,-100,10000,"sd","13:56:21",11643300
4560,-100,500,"bu","13:55:57",11633300
4560,-100,20000,"bu","13:55:57",11632800
4560,-100,100,"bu","13:55:57",11612800
4560,-100,500,"bu","13:55:57",11612700
4560,-100,3000,"bu","13:55:57",11612200
4560,-100,51500,"bu","13:55:57",11609200
4560,-100,2000,"bu","13:55:42",11557700
4560,-100,1000,"bu","13:55:35",11555700
4550,-110,10000,"sd","13:55:34",11554700
4550,-110,48000,"sd","13:55:25",11544700
4560,-100,6000,"bu","13:55:01",11496700
4560,-100,300,"bu","13:54:57",11490700
4560,-100,100,"bu","13:54:55",11490400
4560,-100,2000,"bu","13:54:48",11490300
4560,-100,3000,"bu","13:54:45",11488300
4560,-100,4000,"bu","13:54:44",11485300
4560,-100,100,"sd","13:54:40",11481300
4560,-100,1000,"sd","13:54:40",11481200
4560,-100,1000,"sd","13:54:40",11480200
4560,-100,1000,"sd","13:54:40",11479200
4560,-100,27000,"sd","13:54:40",11478200
4560,-100,1000,"sd","13:54:11",11451200
4560,-100,1000,"sd","13:54:11",11450200
4560,-100,10000,"bu","13:54:11",11449200
4560,-100,2000,"bu","13:54:11",11439200
4560,-100,20000,"bu","13:54:11",11437200
4560,-100,20000,"bu","13:54:11",11417200
4560,-100,1000,"bu","13:54:11",11397200
4560,-100,16500,"bu","13:54:11",11396200
4560,-100,1000,"bu","13:54:11",11379700
4560,-100,500,"bu","13:54:11",11378700
4560,-100,5000,"bu","13:54:04",11378200
4550,-110,400,"sd","13:54:03",11373200
4560,-100,100,"bu","13:54:03",11372800
4550,-110,900,"sd","13:54:01",11372700
4560,-100,200,"bu","13:54:00",11371800
4560,-100,1000,"bu","13:53:54",11371600
4550,-110,10000,"sd","13:53:50",11370600
4560,-100,1200,"bu","13:53:44",11360600
4560,-100,1000,"bu","13:53:43",11359400
4560,-100,5000,"bu","13:53:39",11358400
4560,-100,300,"bu","13:53:30",11353400
4560,-100,5000,"bu","13:53:29",11353100
4560,-100,600,"bu","13:53:28",11348100
4560,-100,5000,"bu","13:53:25",11347500
4560,-100,15400,"bu","13:53:25",11342500
4560,-100,1100,"bu","13:53:24",11327100
4560,-100,500,"bu","13:53:18",11326000
4560,-100,500,"bu","13:53:15",11325500
4560,-100,3000,"bu","13:53:12",11325000
4560,-100,4000,"bu","13:53:09",11322000
4560,-100,7400,"bu","13:53:05",11318000
4560,-100,200,"bu","13:52:57",11310600
4550,-110,300,"sd","13:52:55",11310400
4560,-100,5000,"bu","13:52:53",11310100
4560,-100,2200,"bu","13:52:50",11305100
4560,-100,1000,"bu","13:52:40",11302900
4560,-100,1000,"bu","13:52:27",11301900
4550,-110,2000,"sd","13:52:25",11300900
4560,-100,200,"bu","13:52:20",11298900
4550,-110,5000,"sd","13:52:16",11298700
4550,-110,10000,"sd","13:51:59",11293700
4560,-100,3400,"bu","13:51:35",11283700
4560,-100,4000,"sd","13:51:34",11280300
4560,-100,2000,"sd","13:51:34",11276300
4560,-100,500,"sd","13:51:34",11274300
4560,-100,5000,"sd","13:51:34",11273800
4560,-100,1200,"sd","13:51:34",11268800
4560,-100,1500,"sd","13:51:34",11267600
4560,-100,8500,"sd","13:51:33",11266100
4560,-100,11500,"sd","13:51:33",11257600
4560,-100,200,"sd","13:51:18",11246100
4560,-100,6800,"sd","13:50:49",11245900
4560,-100,100,"bu","13:50:47",11239100
4560,-100,11400,"bu","13:50:47",11239000
4560,-100,8600,"bu","13:50:46",11227600
4560,-100,200,"bu","13:50:46",11219000
4560,-100,800,"bu","13:50:46",11218800
4560,-100,500,"bu","13:50:46",11218000
4560,-100,100,"bu","13:50:46",11217500
4560,-100,10000,"bu","13:50:46",11217400
4560,-100,29800,"bu","13:50:46",11207400
4560,-100,100,"bu","13:50:45",11177600
4560,-100,3000,"bu","13:50:44",11177500
4560,-100,700,"bu","13:50:43",11174500
4560,-100,300,"bu","13:50:43",11173800
4560,-100,200,"bu","13:50:41",11173500
4560,-100,200,"bu","13:50:41",11173300
4560,-100,600,"bu","13:50:41",11173100
4560,-100,700,"bu","13:50:39",11172500
4560,-100,300,"bu","13:50:39",11171800
4560,-100,700,"bu","13:50:38",11171500
4560,-100,300,"bu","13:50:38",11170800
4560,-100,200,"bu","13:50:37",11170500
4560,-100,300,"bu","13:50:37",11170300
4560,-100,500,"bu","13:50:37",11170000
4560,-100,100,"bu","13:50:34",11169500
4560,-100,1400,"bu","13:50:34",11169400
4560,-100,500,"bu","13:50:34",11168000
4560,-100,200,"bu","13:50:34",11167500
4560,-100,2000,"bu","13:50:34",11167300
4560,-100,900,"bu","13:50:34",11165300
4560,-100,1000,"bu","13:50:31",11164400
4550,-110,20000,"sd","13:50:30",11163400
4560,-100,16100,"bu","13:50:29",11143400
4560,-100,2300,"bu","13:50:27",11127300
4560,-100,5000,"bu","13:50:25",11125000
4560,-100,300,"bu","13:50:25",11120000
4560,-100,1000,"bu","13:50:25",11119700
4560,-100,100,"bu","13:50:19",11118700
4560,-100,19400,"bu","13:50:18",11118600
4560,-100,200,"bu","13:50:12",11099200
4550,-110,100,"sd","13:50:12",11099000
4560,-100,10000,"bu","13:49:57",11098900
4550,-110,3000,"sd","13:49:55",11088900
4550,-110,1000,"sd","13:49:55",11085900
4550,-110,300,"bu","13:49:55",11084900
4550,-110,1000,"bu","13:49:55",11084600
4550,-110,300,"bu","13:49:55",11083600
4550,-110,700,"bu","13:49:48",11083300
4550,-110,4300,"bu","13:49:48",11082600
4550,-110,2900,"bu","13:49:47",11078300
4550,-110,3400,"bu","13:49:36",11075400
4550,-110,6700,"bu","13:49:32",11072000
4550,-110,3300,"bu","13:49:32",11065300
4550,-110,1500,"bu","13:49:21",11062000
4540,-120,500,"sd","13:49:07",11060500
4550,-110,10000,"bu","13:49:06",11060000
4550,-110,100,"bu","13:49:05",11050000
4550,-110,900,"bu","13:49:00",11049900
4550,-110,200,"bu","13:48:59",11049000
4540,-120,6800,"sd","13:48:58",11048800
4550,-110,7300,"bu","13:48:51",11042000
4540,-120,2800,"sd","13:48:50",11034700
4550,-110,600,"bu","13:48:48",11031900
4550,-110,100,"bu","13:48:45",11031300
4550,-110,300,"bu","13:48:45",11031200
4550,-110,200,"bu","13:48:45",11030900
4550,-110,8000,"bu","13:48:45",11030700
4550,-110,7400,"bu","13:48:45",11022700
4550,-110,500,"bu","13:48:45",11015300
4550,-110,3000,"bu","13:48:45",11014800
4550,-110,300,"bu","13:48:45",11011800
4550,-110,200,"bu","13:48:45",11011500
4550,-110,6800,"bu","13:48:42",11011300
4550,-110,1700,"bu","13:48:42",11004500
4550,-110,1000,"bu","13:48:42",11002800
4550,-110,2000,"bu","13:48:42",11001800
4550,-110,18500,"bu","13:48:42",10999800
4540,-120,700,"sd","13:48:26",10981300
4540,-120,1000,"sd","13:47:59",10980600
4550,-110,2000,"bu","13:47:56",10979600
4540,-120,1000,"sd","13:47:53",10977600
4550,-110,100,"bu","13:47:47",10976600
4540,-120,1000,"sd","13:47:44",10976500
4550,-110,300,"bu","13:47:39",10975500
4540,-120,1000,"sd","13:47:33",10975200
4540,-120,1000,"sd","13:47:32",10974200
4540,-120,1100,"sd","13:47:30",10973200
4540,-120,1000,"sd","13:47:24",10972100
4540,-120,7100,"sd","13:47:22",10971100
4540,-120,100,"sd","13:47:01",10964000
4540,-120,500,"sd","13:46:55",10963900
4540,-120,7400,"bu","13:46:41",10963400
4540,-120,400,"sd","13:46:40",10956000
4540,-120,1000,"sd","13:46:40",10955600
4540,-120,1000,"sd","13:46:40",10954600
4540,-120,300,"sd","13:46:40",10953600
4540,-120,300,"sd","13:46:40",10953300
4540,-120,500,"sd","13:46:40",10953000
4540,-120,4100,"sd","13:46:40",10952500
4550,-110,9000,"bu","13:46:31",10948400
4550,-110,100,"bu","13:46:29",10939400
4540,-120,100,"sd","13:46:23",10939300
4540,-120,400,"sd","13:46:22",10939200
4540,-120,300,"sd","13:46:19",10938800
4540,-120,100,"sd","13:46:16",10938500
4540,-120,3000,"sd","13:46:13",10938400
4540,-120,1000,"sd","13:46:13",10935400
4540,-120,11100,"sd","13:46:13",10934400
4540,-120,3800,"sd","13:46:13",10923300
4540,-120,1100,"sd","13:46:13",10919500
4540,-120,700,"sd","13:46:11",10918400
4550,-110,1000,"bu","13:46:05",10917700
4550,-110,100,"bu","13:45:43",10916700
4530,-130,6800,"sd","13:45:40",10916600
4530,-130,2000,"sd","13:45:40",10909800
4530,-130,500,"sd","13:45:40",10907800
4530,-130,7700,"sd","13:45:40",10907300
4530,-130,10000,"sd","13:45:40",10899600
4530,-130,1300,"sd","13:45:40",10889600
4530,-130,2200,"sd","13:45:40",10888300
4530,-130,3000,"sd","13:45:40",10886100
4530,-130,1000,"sd","13:45:40",10883100
4530,-130,1000,"sd","13:45:40",10882100
4530,-130,500,"sd","13:45:40",10881100
4530,-130,400,"sd","13:45:40",10880600
4530,-130,2000,"sd","13:45:40",10880200
4530,-130,200,"sd","13:45:40",10878200
4530,-130,500,"sd","13:45:40",10878000
4530,-130,200,"sd","13:45:40",10877500
4530,-130,1000,"sd","13:45:40",10877300
4530,-130,2000,"sd","13:45:40",10876300
4530,-130,1000,"sd","13:45:40",10874300
4530,-130,2000,"sd","13:45:40",10873300
4530,-130,1000,"sd","13:45:40",10871300
4530,-130,100,"sd","13:45:40",10870300
4530,-130,2000,"sd","13:45:40",10870200
4530,-130,200,"sd","13:45:40",10868200
4530,-130,10500,"sd","13:45:40",10868000
4530,-130,3000,"sd","13:45:40",10857500
4530,-130,100,"sd","13:45:40",10854500
4530,-130,800,"sd","13:45:40",10854400
4540,-120,700,"sd","13:45:40",10853600
4530,-130,100,"sd","13:45:40",10852900
4530,-130,1500,"sd","13:45:40",10852800
4530,-130,100,"sd","13:45:40",10851300
4530,-130,500,"sd","13:45:40",10851200
4530,-130,500,"sd","13:45:40",10850700
4540,-120,200,"sd","13:45:40",10850200
4530,-130,100,"sd","13:45:40",10850000
4540,-120,100,"sd","13:45:40",10849900
4530,-130,600,"sd","13:45:40",10849800
4530,-130,4800,"sd","13:45:40",10849200
4530,-130,500,"sd","13:45:40",10844400
4530,-130,8000,"sd","13:45:40",10843900
4540,-120,1300,"sd","13:45:40",10835900
4530,-130,1100,"sd","13:45:40",10834600
4540,-120,100,"sd","13:45:40",10833500
4530,-130,500,"sd","13:45:40",10833400
4540,-120,100,"sd","13:45:40",10832900
4530,-130,1000,"sd","13:45:40",10832800
4540,-120,500,"sd","13:45:40",10831800
4530,-130,500,"sd","13:45:40",10831300
4540,-120,2200,"sd","13:45:40",10830800
4530,-130,3300,"sd","13:45:40",10828600
4540,-120,2000,"sd","13:45:40",10825300
4530,-130,5000,"sd","13:45:40",10823300
4540,-120,500,"sd","13:45:40",10818300
4530,-130,60000,"sd","13:45:40",10817800
4540,-120,1000,"sd","13:45:40",10757800
4530,-130,1000,"sd","13:45:40",10756800
4540,-120,4800,"sd","13:45:40",10755800
4530,-130,600,"sd","13:45:40",10751000
4540,-120,10000,"sd","13:45:40",10750400
4530,-130,2000,"sd","13:45:40",10740400
4540,-120,500,"sd","13:45:40",10738400
4530,-130,3000,"sd","13:45:40",10737900
4530,-130,1200,"sd","13:45:40",10734900
4530,-130,100,"sd","13:45:40",10733700
4540,-120,1000,"sd","13:45:40",10733600
4540,-120,500,"sd","13:45:40",10732600
4540,-120,1300,"sd","13:45:40",10732100
4540,-120,10000,"sd","13:45:40",10730800
4540,-120,300,"sd","13:45:40",10720800
4540,-120,10000,"sd","13:45:40",10720500
4540,-120,500,"sd","13:45:40",10710500
4540,-120,500,"sd","13:45:40",10710000
4540,-120,1500,"sd","13:45:40",10709500
4540,-120,100,"sd","13:45:40",10708000
4540,-120,7000,"sd","13:45:40",10707900
4540,-120,1500,"sd","13:45:40",10700900
4550,-110,5000,"bu","13:45:32",10699400
4540,-120,100,"sd","13:45:31",10694400
4540,-120,400,"sd","13:45:30",10694300
4540,-120,100,"sd","13:45:30",10693900
4540,-120,1800,"sd","13:45:30",10693800
4540,-120,100,"sd","13:45:30",10692000
4540,-120,2000,"sd","13:45:30",10691900
4540,-120,100,"sd","13:45:30",10689900
4540,-120,2000,"sd","13:45:25",10689800
4540,-120,500,"sd","13:45:25",10687800
4540,-120,2000,"sd","13:45:25",10687300
4540,-120,10000,"sd","13:45:25",10685300
4540,-120,2000,"sd","13:45:25",10675300
4540,-120,3500,"sd","13:45:25",10673300
4550,-110,800,"bu","13:45:22",10669800
4540,-120,100,"sd","13:45:18",10669000
4550,-110,200,"bu","13:45:17",10668900
4550,-110,800,"bu","13:44:59",10668700
4550,-110,500,"bu","13:44:59",10667900
4550,-110,100,"bu","13:44:59",10667400
4550,-110,2000,"bu","13:44:55",10667300
4550,-110,5000,"bu","13:44:53",10665300
4540,-120,1400,"sd","13:44:50",10660300
4540,-120,1000,"sd","13:44:50",10658900
4540,-120,900,"sd","13:44:50",10657900
4540,-120,2000,"sd","13:44:50",10657000
4540,-120,4700,"sd","13:44:50",10655000
4550,-110,100,"bu","13:44:50",10650300
4550,-110,1000,"bu","13:44:38",10650200
4540,-120,300,"sd","13:44:30",10649200
4540,-120,1000,"sd","13:44:30",10648900
4540,-120,700,"sd","13:44:30",10647900
4550,-110,500,"bu","13:44:26",10647200
4540,-120,200,"sd","13:44:23",10646700
4550,-110,1000,"bu","13:44:16",10646500
4550,-110,100,"bu","13:44:11",10645500
4550,-110,5000,"bu","13:44:07",10645400
4540,-120,100,"sd","13:44:06",10640400
4540,-120,500,"sd","13:43:56",10640300
4550,-110,200,"bu","13:43:55",10639800
4540,-120,2000,"sd","13:43:54",10639600
4550,-110,100,"bu","13:43:39",10637600
4550,-110,400,"sd","13:43:26",10637500
4550,-110,2800,"sd","13:43:26",10637100
4550,-110,1700,"sd","13:43:26",10634300
4550,-110,300,"sd","13:43:23",10632600
4550,-110,300,"sd","13:43:23",10632300
4550,-110,4000,"sd","13:43:23",10632000
4550,-110,100,"sd","13:43:23",10628000
4550,-110,300,"sd","13:43:23",10627900
4550,-110,1700,"sd","13:43:11",10627600
4550,-110,200,"sd","13:43:11",10625900
4550,-110,2000,"sd","13:43:11",10625700
4550,-110,5000,"sd","13:43:11",10623700
4550,-110,200,"sd","13:43:11",10618700
4550,-110,200,"sd","13:43:11",10618500
4550,-110,100,"sd","13:43:11",10618300
4550,-110,100,"sd","13:43:11",10618200
4550,-110,500,"sd","13:43:11",10618100
4550,-110,100,"sd","13:43:11",10617600
4550,-110,1000,"sd","13:43:11",10617500
4550,-110,100,"sd","13:43:11",10616500
4550,-110,8800,"sd","13:43:11",10616400
4550,-110,30000,"sd","13:43:03",10607600
4550,-110,1000,"sd","13:42:42",10577600
4550,-110,500,"sd","13:42:29",10576600
4550,-110,100,"sd","13:42:26",10576100
4550,-110,500,"sd","13:42:20",10576000
4550,-110,100,"sd","13:42:18",10575500
4550,-110,3500,"sd","13:42:18",10575400
4550,-110,4000,"sd","13:42:15",10571900
4560,-100,200,"bu","13:42:10",10567900
4550,-110,6000,"sd","13:42:04",10567700
4550,-110,20000,"sd","13:42:03",10561700
4550,-110,10000,"sd","13:42:01",10541700
4550,-110,5000,"sd","13:41:59",10531700
4550,-110,1000,"sd","13:41:59",10526700
4550,-110,800,"sd","13:41:54",10525700
4550,-110,800,"sd","13:41:52",10524900
4550,-110,1000,"sd","13:41:46",10524100
4550,-110,700,"sd","13:41:18",10523100
4550,-110,6200,"sd","13:40:59",10522400
4550,-110,200,"sd","13:40:59",10516200
4550,-110,5000,"sd","13:40:59",10516000
4550,-110,700,"sd","13:40:59",10511000
4550,-110,17900,"sd","13:40:59",10510300
4550,-110,300,"sd","13:40:53",10492400
4550,-110,100,"sd","13:40:39",10492100
4550,-110,1500,"sd","13:40:37",10492000
4550,-110,400,"sd","13:40:31",10490500
4550,-110,18000,"sd","13:40:27",10490100
4550,-110,1000,"sd","13:40:23",10472100
4550,-110,1000,"sd","13:40:21",10471100
4550,-110,9000,"bu","13:40:17",10470100
4550,-110,2400,"bu","13:40:17",10461100
4550,-110,48400,"bu","13:40:17",10458700
4540,-120,3000,"sd","13:40:10",10410300
4550,-110,51600,"bu","13:40:09",10407300
4550,-110,600,"bu","13:40:09",10355700
4550,-110,800,"bu","13:40:09",10355100
4550,-110,3000,"bu","13:40:09",10354300
4550,-110,30000,"bu","13:40:09",10351300
4550,-110,1000,"bu","13:40:09",10321300
4550,-110,5000,"bu","13:40:09",10320300
4550,-110,8000,"bu","13:40:09",10315300
4550,-110,500,"bu","13:40:04",10307300
4550,-110,2000,"bu","13:39:58",10306800
4540,-120,3500,"sd","13:39:55",10304800
4540,-120,1000,"sd","13:39:55",10301300
4540,-120,200,"sd","13:39:55",10300300
4540,-120,100,"sd","13:39:55",10300100
4540,-120,100,"sd","13:39:55",10300000
4540,-120,3000,"sd","13:39:55",10299900
4540,-120,1000,"sd","13:39:55",10296900
4540,-120,400,"sd","13:39:55",10295900
4540,-120,100,"sd","13:39:55",10295500
4540,-120,7000,"sd","13:39:55",10295400
4540,-120,100,"sd","13:39:55",10288400
4540,-120,800,"sd","13:39:55",10288300
4540,-120,100,"sd","13:39:55",10287500
4540,-120,10000,"sd","13:39:55",10287400
4540,-120,100,"sd","13:39:55",10277400
4540,-120,2500,"sd","13:39:55",10277300
4540,-120,500,"sd","13:39:52",10274800
4540,-120,300,"sd","13:39:52",10274300
4540,-120,1200,"sd","13:39:44",10274000
4550,-110,800,"bu","13:39:30",10272800
4550,-110,300,"bu","13:39:25",10272000
4550,-110,100,"bu","13:39:25",10271700
4550,-110,400,"bu","13:39:21",10271600
4550,-110,1000,"sd","13:39:20",10271200
4550,-110,5000,"sd","13:39:20",10270200
4550,-110,1900,"sd","13:39:20",10265200
4560,-100,10000,"bu","13:39:17",10263300
4550,-110,100,"sd","13:39:15",10253300
4550,-110,600,"sd","13:39:09",10253200
4550,-110,3400,"sd","13:39:08",10252600
4550,-110,6600,"sd","13:39:08",10249200
4550,-110,13400,"sd","13:39:07",10242600
4550,-110,300,"sd","13:39:07",10229200
4550,-110,1000,"sd","13:39:07",10228900
4550,-110,7300,"sd","13:39:07",10227900
4550,-110,2500,"sd","13:39:02",10220600
4550,-110,200,"sd","13:38:57",10218100
4550,-110,900,"sd","13:38:53",10217900
4550,-110,5000,"sd","13:38:51",10217000
4550,-110,400,"sd","13:38:46",10212000
4550,-110,1000,"sd","13:38:42",10211600
4550,-110,100,"bu","13:38:41",10210600
4550,-110,1000,"bu","13:38:41",10210500
4550,-110,1600,"bu","13:38:41",10209500
4550,-110,1400,"bu","13:38:41",10207900
4550,-110,600,"bu","13:38:41",10206500
4550,-110,100,"bu","13:38:38",10205900
4550,-110,9300,"bu","13:38:37",10205800
4550,-110,700,"bu","13:38:37",10196500
4550,-110,100,"bu","13:38:26",10195800
4550,-110,500,"bu","13:38:23",10195700
4550,-110,100,"bu","13:38:15",10195200
4550,-110,100,"sd","13:38:15",10195100
4550,-110,400,"sd","13:38:15",10195000
4550,-110,100,"bu","13:38:09",10194600
4550,-110,1000,"bu","13:38:08",10194500
4550,-110,200,"bu","13:38:05",10193500
4550,-110,800,"bu","13:37:59",10193300
4550,-110,1200,"bu","13:37:59",10192500
4550,-110,200,"bu","13:37:56",10191300
4550,-110,2600,"bu","13:37:55",10191100
4550,-110,1800,"bu","13:37:55",10188500
4550,-110,3600,"bu","13:37:55",10186700
4550,-110,2000,"bu","13:37:55",10183100
4550,-110,200,"bu","13:37:54",10181100
4540,-120,500,"sd","13:37:53",10180900
4540,-120,5000,"sd","13:37:53",10180400
4540,-120,300,"sd","13:37:53",10175400
4540,-120,2000,"sd","13:37:53",10175100
4540,-120,1000,"sd","13:37:53",10173100
4540,-120,11200,"sd","13:37:53",10172100
4550,-110,200,"bu","13:37:51",10160900
4550,-110,1000,"bu","13:37:40",10160700
4550,-110,3600,"bu","13:37:37",10159700
4550,-110,1400,"bu","13:37:37",10156100
4550,-110,600,"bu","13:37:32",10154700
4550,-110,400,"bu","13:37:32",10154100
4550,-110,500,"bu","13:37:23",10153700
4550,-110,1000,"bu","13:37:19",10153200
4550,-110,300,"bu","13:37:18",10152200
4550,-110,1800,"bu","13:37:16",10151900
4550,-110,1000,"bu","13:37:16",10150100
4550,-110,200,"bu","13:37:16",10149100
4550,-110,1000,"bu","13:37:14",10148900
4550,-110,100,"bu","13:37:08",10147900
4550,-110,100,"bu","13:37:04",10147800
4550,-110,100,"bu","13:36:58",10147700
4550,-110,10900,"bu","13:36:58",10147600
4550,-110,9100,"bu","13:36:58",10136700
4550,-110,100,"bu","13:36:58",10127600
4550,-110,2000,"bu","13:36:56",10127500
4540,-120,8800,"sd","13:36:52",10125500
4540,-120,2000,"sd","13:36:52",10116700
4540,-120,1000,"sd","13:36:52",10114700
4550,-110,900,"bu","13:36:48",10113700
4550,-110,200,"bu","13:36:47",10112800
4550,-110,100,"bu","13:36:46",10112600
4550,-110,4300,"sd","13:36:44",10112500
4550,-110,5000,"sd","13:36:44",10108200
4550,-110,2000,"sd","13:36:44",10103200
4550,-110,200,"sd","13:36:44",10101200
4550,-110,100,"sd","13:36:44",10101000
4550,-110,2000,"sd","13:36:44",10100900
4550,-110,3000,"sd","13:36:44",10098900
4550,-110,100,"sd","13:36:44",10095900
4550,-110,7500,"sd","13:36:44",10095800
4550,-110,100,"sd","13:36:44",10088300
4560,-100,1000,"bu","13:36:43",10088200
4550,-110,4000,"sd","13:36:43",10087200
4550,-110,600,"sd","13:36:40",10083200
4550,-110,1700,"sd","13:36:40",10082600
4550,-110,300,"sd","13:36:40",10080900
4550,-110,8000,"sd","13:36:40",10080600
4550,-110,20000,"sd","13:36:40",10072600
4550,-110,10000,"sd","13:36:28",10052600
4550,-110,1000,"sd","13:36:18",10042600
4550,-110,19000,"sd","13:36:00",10041600
4550,-110,100,"sd","13:36:00",10022600
4550,-110,900,"sd","13:36:00",10022500
4550,-110,3600,"sd","13:36:00",10021600
4550,-110,500,"sd","13:35:52",10018000
4550,-110,3000,"sd","13:35:52",10017500
4550,-110,5000,"sd","13:35:52",10014500
4560,-100,100,"bu","13:35:47",10009500
4560,-100,1000,"bu","13:35:44",10009400
4560,-100,100,"bu","13:35:32",10008400
4560,-100,400,"bu","13:35:31",10008300
4560,-100,100,"bu","13:35:30",10007900
4560,-100,100,"bu","13:35:13",10007800
4560,-100,4500,"bu","13:35:05",10007700
4560,-100,500,"bu","13:35:05",10003200
4560,-100,700,"bu","13:35:04",10002700
4560,-100,300,"bu","13:35:04",10002000
4550,-110,10000,"sd","13:35:04",10001700
4550,-110,1000,"sd","13:34:58",9991700
4550,-110,30000,"sd","13:34:38",9990700
4560,-100,1000,"bu","13:34:36",9960700
4560,-100,4100,"bu","13:34:25",9959700
4560,-100,5800,"bu","13:34:25",9955600
4560,-100,2500,"bu","13:34:25",9949800
4560,-100,2000,"bu","13:34:25",9947300
4560,-100,1000,"bu","13:34:25",9945300
4560,-100,1000,"bu","13:34:25",9944300
4560,-100,3000,"bu","13:34:25",9943300
4560,-100,10600,"bu","13:34:25",9940300
4550,-110,2000,"bu","13:34:17",9929700
4550,-110,500,"bu","13:34:17",9927700
4550,-110,500,"bu","13:34:17",9927200
4550,-110,4200,"bu","13:34:17",9926700
4550,-110,500,"bu","13:34:17",9922500
4550,-110,5000,"bu","13:34:17",9922000
4550,-110,5000,"bu","13:34:17",9917000
4550,-110,2500,"bu","13:34:17",9912000
4550,-110,6100,"bu","13:34:17",9909500
4550,-110,200,"bu","13:34:17",9903400
4550,-110,3000,"bu","13:34:17",9903200
4550,-110,3000,"bu","13:34:17",9900200
4550,-110,500,"bu","13:34:17",9897200
4540,-120,5000,"sd","13:34:14",9896700
4540,-120,1200,"bu","13:34:08",9891700
4540,-120,100,"bu","13:34:07",9890500
4540,-120,3700,"bu","13:34:07",9890400
4540,-120,1000,"bu","13:34:07",9886700
4540,-120,5300,"bu","13:34:07",9885700
4540,-120,1700,"bu","13:34:06",9880400
4540,-120,1800,"bu","13:34:06",9878700
4540,-120,1200,"bu","13:34:05",9876900
4540,-120,300,"bu","13:34:05",9875700
4540,-120,400,"bu","13:34:05",9875400
4540,-120,100,"bu","13:34:05",9875000
4540,-120,100,"bu","13:34:04",9874900
4540,-120,1000,"bu","13:34:04",9874800
4540,-120,100,"bu","13:34:03",9873800
4540,-120,5000,"bu","13:34:03",9873700
4540,-120,100,"bu","13:33:59",9868700
4540,-120,2000,"bu","13:33:58",9868600
4540,-120,2500,"bu","13:33:56",9866600
4540,-120,600,"bu","13:33:56",9864100
4540,-120,3000,"bu","13:33:56",9863500
4540,-120,1300,"bu","13:33:54",9860500
4540,-120,800,"bu","13:33:54",9859200
4540,-120,1500,"bu","13:33:54",9858400
4540,-120,2000,"bu","13:33:54",9856900
4540,-120,4400,"bu","13:33:54",9854900
4540,-120,35600,"bu","13:33:51",9850500
4540,-120,6000,"bu","13:33:51",9814900
4540,-120,6200,"bu","13:33:51",9808900
4540,-120,20000,"bu","13:33:51",9802700
4540,-120,5000,"bu","13:33:51",9782700
4540,-120,15200,"bu","13:33:51",9777700
4530,-130,1000,"sd","13:33:35",9762500
4530,-130,3000,"sd","13:33:31",9761500
4530,-130,100,"sd","13:33:26",9758500
4530,-130,1000,"sd","13:33:21",9758400
4530,-130,100,"sd","13:33:18",9757400
4530,-130,4000,"sd","13:33:13",9757300
4530,-130,300,"sd","13:33:01",9753300
4530,-130,100,"sd","13:33:01",9753000
4530,-130,600,"sd","13:33:01",9752900
4530,-130,400,"sd","13:32:59",9752300
4530,-130,2600,"sd","13:32:59",9751900
4530,-130,1000,"sd","13:32:58",9749300
4530,-130,1000,"sd","13:32:58",9748300
4530,-130,400,"sd","13:32:52",9747300
4530,-130,2000,"sd","13:32:46",9746900
4530,-130,100,"sd","13:32:46",9744900
4530,-130,7900,"sd","13:32:46",9744800
4530,-130,2000,"sd","13:32:42",9736900
4530,-130,3000,"sd","13:32:36",9734900
4530,-130,4000,"sd","13:32:30",9731900
4540,-120,500,"bu","13:32:30",9727900
4530,-130,300,"sd","13:32:27",9727400
4530,-130,6000,"sd","13:32:23",9727100
4530,-130,15000,"sd","13:32:21",9721100
4530,-130,1000,"sd","13:32:18",9706100
4530,-130,2000,"sd","13:32:10",9705100
4530,-130,500,"sd","13:32:06",9703100
4530,-130,50000,"sd","13:32:05",9702600
4530,-130,9300,"bu","13:32:05",9652600
4530,-130,2500,"bu","13:32:05",9643300
4530,-130,1000,"bu","13:32:04",9640800
4530,-130,1300,"sd","13:32:02",9639800
4530,-130,100,"sd","13:32:02",9638500
4530,-130,100,"sd","13:32:02",9638400
4530,-130,1000,"sd","13:32:02",9638300
4530,-130,5000,"sd","13:32:02",9637300
4530,-130,2000,"sd","13:32:02",9632300
4530,-130,100,"sd","13:32:02",9630300
4530,-130,5000,"sd","13:32:02",9630200
4530,-130,200,"sd","13:32:02",9625200
4530,-130,2400,"sd","13:32:02",9625000
4530,-130,1800,"sd","13:32:01",9622600
4530,-130,800,"sd","13:31:59",9620800
4530,-130,5000,"sd","13:31:59",9620000
4530,-130,1600,"sd","13:31:59",9615000
4530,-130,6000,"sd","13:31:58",9613400
4530,-130,100,"sd","13:31:57",9607400
4530,-130,2300,"sd","13:31:55",9607300
4530,-130,7700,"sd","13:31:55",9605000
4540,-120,200,"bu","13:31:54",9597300
4540,-120,14100,"bu","13:31:54",9597100
4540,-120,900,"bu","13:31:54",9583000
4530,-130,3000,"sd","13:31:52",9582100
4530,-130,900,"sd","13:31:51",9579100
4530,-130,28000,"sd","13:31:50",9578200
4540,-120,2100,"bu","13:31:48",9550200
4540,-120,1000,"bu","13:31:48",9548100
4540,-120,6900,"bu","13:31:48",9547100
4530,-130,3200,"sd","13:31:44",9540200
4530,-130,500,"sd","13:31:42",9537000
4530,-130,200,"sd","13:31:40",9536500
4530,-130,300,"sd","13:31:39",9536300
4530,-130,8000,"sd","13:31:36",9536000
4540,-120,100,"bu","13:31:36",9528000
4530,-130,100,"sd","13:31:34",9527900
4530,-130,10000,"sd","13:31:32",9527800
4530,-130,2000,"sd","13:31:30",9517800
4530,-130,200,"bu","13:31:20",9515800
4530,-130,20000,"bu","13:31:20",9515600
4530,-130,3000,"bu","13:31:20",9495600
4530,-130,1000,"bu","13:31:20",9492600
4530,-130,500,"bu","13:31:20",9491600
4530,-130,4400,"bu","13:31:20",9491100
4530,-130,10000,"bu","13:31:20",9486700
4530,-130,5000,"bu","13:31:20",9476700
4530,-130,4000,"bu","13:31:20",9471700
4520,-140,2200,"sd","13:31:16",9467700
4520,-140,1500,"sd","13:31:15",9465500
4520,-140,3500,"sd","13:31:12",9464000
4530,-130,100,"bu","13:31:10",9460500
4530,-130,100,"bu","13:31:09",9460400
4530,-130,100,"bu","13:31:08",9460300
4520,-140,300,"sd","13:31:08",9460200
4530,-130,100,"bu","13:31:07",9459900
4530,-130,900,"bu","13:31:06",9459800
4530,-130,1000,"bu","13:31:06",9458900
4530,-130,300,"bu","13:31:03",9457900
4530,-130,200,"bu","13:30:59",9457600
4530,-130,800,"bu","13:30:59",9457400
4530,-130,200,"bu","13:30:56",9456600
4530,-130,19800,"bu","13:30:56",9456400
4530,-130,200,"bu","13:30:51",9436600
4530,-130,500,"bu","13:30:51",9436400
4530,-130,300,"bu","13:30:51",9435900
4530,-130,200,"bu","13:30:47",9435600
4520,-140,100,"sd","13:30:44",9435400
4530,-130,100,"bu","13:30:42",9435300
4530,-130,100,"bu","13:30:33",9435200
4530,-130,100,"bu","13:30:32",9435100
4530,-130,2000,"sd","13:30:26",9435000
4530,-130,100,"sd","13:30:26",9433000
4530,-130,5500,"sd","13:30:26",9432900
4530,-130,5500,"sd","13:30:25",9427400
4530,-130,2000,"sd","13:30:25",9421900
4530,-130,2500,"sd","13:30:25",9419900
4530,-130,2000,"sd","13:30:25",9417400
4530,-130,500,"sd","13:30:19",9415400
4530,-130,500,"sd","13:30:19",9414900
4530,-130,100,"sd","13:30:19",9414400
4530,-130,300,"sd","13:30:19",9414300
4530,-130,500,"sd","13:30:19",9414000
4530,-130,100,"sd","13:30:19",9413500
4530,-130,700,"sd","13:30:18",9413400
4530,-130,300,"sd","13:30:18",9412700
4530,-130,100,"sd","13:30:18",9412400
4530,-130,4000,"sd","13:30:18",9412300
4530,-130,2900,"sd","13:30:18",9408300
4530,-130,200,"sd","13:30:18",9405400
4530,-130,4000,"sd","13:30:18",9405200
4530,-130,500,"sd","13:30:17",9401200
4530,-130,100,"sd","13:30:17",9400700
4530,-130,20000,"sd","13:30:17",9400600
4530,-130,500,"sd","13:30:17",9380600
4530,-130,100,"sd","13:30:17",9380100
4530,-130,6700,"sd","13:30:17",9380000
4530,-130,200,"sd","13:30:17",9373300
4530,-130,500,"sd","13:30:17",9373100
4530,-130,10000,"sd","13:30:17",9372600
4530,-130,1500,"sd","13:30:17",9362600
4530,-130,1000,"sd","13:30:17",9361100
4530,-130,6700,"sd","13:30:17",9360100
4530,-130,500,"sd","13:30:17",9353400
4530,-130,2500,"sd","13:30:15",9352900
4540,-120,13000,"bu","13:30:14",9350400
4540,-120,2000,"bu","13:30:14",9337400
4540,-120,7000,"bu","13:30:14",9335400
4530,-130,300,"sd","13:30:14",9328400
4530,-130,100,"sd","13:30:14",9328100
4530,-130,3000,"sd","13:30:14",9328000
4530,-130,600,"sd","13:30:14",9325000
4530,-130,7600,"sd","13:30:14",9324400
4530,-130,2000,"sd","13:30:13",9316800
4530,-130,8000,"sd","13:30:11",9314800
4540,-120,1000,"bu","13:30:09",9306800
4530,-130,800,"sd","13:30:06",9305800
4530,-130,600,"sd","13:30:03",9305000
4530,-130,1000,"sd","13:29:58",9304400
4540,-120,100,"bu","13:29:52",9303400
4540,-120,100,"sd","13:29:50",9303300
4540,-120,100,"sd","13:29:50",9303200
4540,-120,5000,"sd","13:29:50",9303100
4540,-120,200,"sd","13:29:50",9298100
4540,-120,100,"sd","13:29:50",9297900
4540,-120,10400,"sd","13:29:50",9297800
4540,-120,25000,"sd","13:29:49",9287400
4540,-120,500,"sd","13:29:48",9262400
4540,-120,14100,"sd","13:29:48",9261900
4540,-120,2000,"sd","13:29:48",9247800
4540,-120,1000,"sd","13:29:48",9245800
4540,-120,3000,"sd","13:29:48",9244800
4540,-120,4900,"sd","13:29:48",9241800
4540,-120,500,"sd","13:29:46",9236900
4540,-120,100,"sd","13:29:46",9236400
4540,-120,100,"sd","13:29:46",9236300
4540,-120,200,"sd","13:29:46",9236200
4540,-120,1900,"sd","13:29:46",9236000
4540,-120,100,"sd","13:29:46",9234100
4540,-120,200,"sd","13:29:46",9234000
4540,-120,300,"sd","13:29:46",9233800
4540,-120,100,"sd","13:29:46",9233500
4540,-120,1000,"sd","13:29:46",9233400
4540,-120,4100,"sd","13:29:43",9232400
4540,-120,9000,"sd","13:29:43",9228300
4540,-120,30000,"sd","13:29:43",9219300
4540,-120,500,"sd","13:29:43",9189300
4540,-120,1000,"sd","13:29:43",9188800
4540,-120,200,"sd","13:29:43",9187800
4540,-120,200,"sd","13:29:43",9187600
4540,-120,500,"sd","13:29:43",9187400
4550,-110,1000,"bu","13:29:43",9186900
4540,-120,6000,"sd","13:29:43",9185900
4540,-120,7900,"sd","13:29:43",9179900
4540,-120,10000,"sd","13:29:43",9172000
4540,-120,600,"sd","13:29:43",9162000
4540,-120,500,"sd","13:29:43",9161400
4540,-120,100,"sd","13:29:43",9160900
4540,-120,100,"sd","13:29:43",9160800
4540,-120,100,"sd","13:29:43",9160700
4540,-120,5900,"sd","13:29:43",9160600
4540,-120,1000,"sd","13:29:43",9154700
4540,-120,100000,"sd","13:29:43",9153700
4540,-120,300,"sd","13:29:43",9053700
4540,-120,1000,"sd","13:29:43",9053400
4540,-120,1000,"sd","13:29:43",9052400
4540,-120,10000,"sd","13:29:43",9051400
4540,-120,10000,"sd","13:29:43",9041400
4540,-120,7400,"sd","13:29:39",9031400
4540,-120,100,"sd","13:29:39",9024000
4540,-120,600,"sd","13:29:39",9023900
4540,-120,6100,"sd","13:29:36",9023300
4540,-120,100,"sd","13:29:36",9017200
4540,-120,200,"sd","13:29:36",9017100
4540,-120,1000,"sd","13:29:36",9016900
4540,-120,200,"sd","13:29:36",9015900
4540,-120,100,"sd","13:29:36",9015700
4540,-120,200,"sd","13:29:36",9015600
4540,-120,7100,"sd","13:29:36",9015400
4540,-120,2900,"sd","13:29:35",9008300
4540,-120,5000,"sd","13:29:35",9005400
4540,-120,2000,"sd","13:29:35",9000400
4540,-120,100,"sd","13:29:35",8998400
4550,-110,1000,"bu","13:29:34",8998300
4540,-120,1000,"sd","13:29:32",8997300
4540,-120,15000,"sd","13:29:32",8996300
4540,-120,14000,"sd","13:29:32",8981300
4540,-120,5000,"sd","13:29:32",8967300
4550,-110,1000,"bu","13:29:30",8962300
4550,-110,100,"bu","13:29:29",8961300
4540,-120,10000,"sd","13:29:27",8961200
4550,-110,2600,"bu","13:29:26",8951200
4550,-110,1000,"bu","13:29:24",8948600
4550,-110,100,"bu","13:29:23",8947600
4550,-110,6500,"bu","13:29:13",8947500
4550,-110,1000,"bu","13:29:13",8941000
4550,-110,10000,"bu","13:29:13",8940000
4550,-110,1000,"bu","13:29:13",8930000
4550,-110,10000,"bu","13:29:13",8929000
4550,-110,21500,"bu","13:29:13",8919000
4550,-110,100,"bu","13:29:10",8897500
4540,-120,1000,"sd","13:29:09",8897400
4550,-110,3000,"bu","13:29:02",8896400
4550,-110,600,"sd","13:29:01",8893400
4550,-110,1000,"sd","13:29:01",8892800
4550,-110,7900,"sd","13:29:01",8891800
4550,-110,5000,"sd","13:29:01",8883900
4550,-110,200,"sd","13:29:01",8878900
4550,-110,500,"sd","13:29:01",8878700
4550,-110,700,"sd","13:29:01",8878200
4550,-110,100,"sd","13:29:01",8877500
4550,-110,100,"sd","13:29:01",8877400
4550,-110,100,"sd","13:29:01",8877300
4550,-110,100,"sd","13:29:01",8877200
4550,-110,1000,"sd","13:29:01",8877100
4550,-110,200,"sd","13:29:01",8876100
4550,-110,200,"sd","13:29:01",8875900
4550,-110,5000,"sd","13:29:01",8875700
4550,-110,2500,"sd","13:29:01",8870700
4550,-110,200,"sd","13:29:01",8868200
4560,-100,1000,"bu","13:28:59",8868000
4550,-110,2500,"sd","13:28:59",8867000
4550,-110,2500,"sd","13:28:59",8864500
4550,-110,100,"sd","13:28:59",8862000
4550,-110,100,"sd","13:28:59",8861900
4550,-110,200,"sd","13:28:59",8861800
4550,-110,100,"sd","13:28:59",8861600
4550,-110,900,"sd","13:28:59",8861500
4550,-110,5000,"sd","13:28:59",8860600
4550,-110,100,"sd","13:28:59",8855600
4550,-110,1000,"sd","13:28:59",8855500
4550,-110,500,"sd","13:28:59",8854500
4550,-110,100,"sd","13:28:59",8854000
4550,-110,3000,"sd","13:28:59",8853900
4550,-110,100,"sd","13:28:59",8850900
4550,-110,200,"sd","13:28:59",8850800
4550,-110,200,"sd","13:28:59",8850600
4550,-110,1400,"sd","13:28:59",8850400
4560,-100,500,"bu","13:28:59",8849000
4550,-110,100,"sd","13:28:58",8848500
4550,-110,8500,"sd","13:28:57",8848400
4550,-110,300,"sd","13:28:57",8839900
4550,-110,100,"sd","13:28:57",8839600
4550,-110,200,"sd","13:28:57",8839500
4550,-110,1000,"sd","13:28:57",8839300
4550,-110,200,"sd","13:28:57",8838300
4550,-110,3000,"sd","13:28:57",8838100
4550,-110,3000,"sd","13:28:57",8835100
4550,-110,500,"sd","13:28:57",8832100
4550,-110,500,"sd","13:28:57",8831600
4550,-110,10000,"sd","13:28:57",8831100
4550,-110,300,"sd","13:28:57",8821100
4550,-110,100,"sd","13:28:57",8820800
4550,-110,500,"sd","13:28:57",8820700
4550,-110,1000,"sd","13:28:57",8820200
4550,-110,200,"sd","13:28:57",8819200
4550,-110,1100,"sd","13:28:57",8819000
4550,-110,1000,"sd","13:28:57",8817900
4550,-110,100,"sd","13:28:57",8816900
4550,-110,500,"sd","13:28:57",8816800
4550,-110,100,"sd","13:28:57",8816300
4550,-110,200,"sd","13:28:57",8816200
4550,-110,3000,"sd","13:28:57",8816000
4550,-110,2900,"sd","13:28:57",8813000
4550,-110,5000,"sd","13:28:57",8810100
4550,-110,50000,"sd","13:28:57",8805100
4550,-110,5000,"sd","13:28:57",8755100
4550,-110,100,"sd","13:28:57",8750100
4550,-110,100,"sd","13:28:57",8750000
4550,-110,1500,"sd","13:28:57",8749900
4550,-110,2100,"sd","13:28:56",8748400
4550,-110,1000,"sd","13:28:56",8746300
4550,-110,100,"sd","13:28:56",8745300
4550,-110,300,"sd","13:28:56",8745200
4550,-110,800,"sd","13:28:54",8744900
4550,-110,9200,"sd","13:28:54",8744100
4550,-110,800,"sd","13:28:52",8734900
4550,-110,1000,"sd","13:28:52",8734100
4550,-110,200,"sd","13:28:52",8733100
4550,-110,2200,"sd","13:28:52",8732900
4550,-110,1000,"sd","13:28:52",8730700
4550,-110,1000,"sd","13:28:52",8729700
4550,-110,800,"sd","13:28:52",8728700
4550,-110,200,"sd","13:28:51",8727900
4550,-110,100,"sd","13:28:51",8727700
4550,-110,300,"sd","13:28:51",8727600
4550,-110,100,"sd","13:28:51",8727300
4550,-110,100,"sd","13:28:51",8727200
4550,-110,3200,"sd","13:28:51",8727100
4550,-110,1800,"sd","13:28:51",8723900
4550,-110,1600,"sd","13:28:51",8722100
4550,-110,400,"sd","13:28:48",8720500
4550,-110,5000,"sd","13:28:48",8720100
4550,-110,4000,"sd","13:28:48",8715100
4550,-110,5000,"sd","13:28:48",8711100
4550,-110,5000,"sd","13:28:48",8706100
4550,-110,500,"sd","13:28:48",8701100
4550,-110,9200,"sd","13:28:48",8700600
4550,-110,5800,"sd","13:28:43",8691400
4550,-110,200,"sd","13:28:43",8685600
4550,-110,1100,"sd","13:28:43",8685400
4550,-110,13500,"sd","13:28:43",8684300
4550,-110,100,"sd","13:28:43",8670800
4550,-110,2000,"sd","13:28:43",8670700
4550,-110,100,"sd","13:28:43",8668700
4550,-110,300,"sd","13:28:43",8668600
4550,-110,2000,"sd","13:28:43",8668300
4550,-110,2000,"sd","13:28:43",8666300
4550,-110,2000,"sd","13:28:43",8664300
4550,-110,700,"sd","13:28:43",8662300
4550,-110,200,"sd","13:28:43",8661600
4550,-110,6500,"sd","13:28:40",8661400
4550,-110,100,"sd","13:28:40",8654900
4550,-110,100,"sd","13:28:40",8654800
4550,-110,1000,"sd","13:28:40",8654700
4550,-110,1000,"sd","13:28:40",8653700
4550,-110,400,"sd","13:28:40",8652700
4550,-110,900,"sd","13:28:40",8652300
4550,-110,100,"sd","13:28:37",8651400
4550,-110,100,"sd","13:28:37",8651300
4550,-110,1000,"sd","13:28:37",8651200
4550,-110,100,"sd","13:28:37",8650200
4550,-110,1800,"sd","13:28:37",8650100
4550,-110,200,"sd","13:28:37",8648300
4550,-110,1000,"sd","13:28:37",8648100
4550,-110,500,"sd","13:28:37",8647100
4550,-110,100,"sd","13:28:37",8646600
4550,-110,100,"sd","13:28:37",8646500
4550,-110,1700,"sd","13:28:37",8646400
4550,-110,1000,"sd","13:28:37",8644700
4550,-110,300,"sd","13:28:37",8643700
4550,-110,7000,"sd","13:28:37",8643400
4550,-110,3800,"sd","13:28:37",8636400
4550,-110,1900,"sd","13:28:33",8632600
4550,-110,500,"sd","13:28:30",8630700
4550,-110,400,"sd","13:28:18",8630200
4550,-110,5000,"sd","13:28:18",8629800
4550,-110,10000,"sd","13:28:15",8624800
4550,-110,10800,"sd","13:28:15",8614800
4550,-110,2000,"sd","13:28:13",8604000
4560,-100,500,"bu","13:28:11",8602000
4550,-110,2000,"sd","13:28:11",8601500
4550,-110,5000,"sd","13:28:05",8599500
4550,-110,1500,"sd","13:28:04",8594500
4550,-110,100,"sd","13:28:01",8593000
4550,-110,300,"sd","13:28:01",8592900
4550,-110,700,"sd","13:28:00",8592600
4550,-110,500,"sd","13:28:00",8591900
4550,-110,500,"sd","13:27:59",8591400
4550,-110,1000,"sd","13:27:58",8590900
4550,-110,100,"sd","13:27:58",8589900
4550,-110,500,"sd","13:27:58",8589800
4550,-110,2000,"sd","13:27:58",8589300
4550,-110,1000,"sd","13:27:58",8587300
4550,-110,2000,"sd","13:27:58",8586300
4550,-110,300,"sd","13:27:58",8584300
4550,-110,500,"sd","13:27:58",8584000
4550,-110,1000,"sd","13:27:58",8583500
4550,-110,1600,"sd","13:27:58",8582500
4550,-110,200,"sd","13:27:45",8580900
4550,-110,9800,"sd","13:27:45",8580700
4560,-100,1000,"bu","13:27:38",8570900
4560,-100,300,"bu","13:27:28",8569900
4550,-110,200,"sd","13:27:24",8569600
4550,-110,100,"sd","13:27:23",8569400
4550,-110,100,"sd","13:27:23",8569300
4550,-110,300,"sd","13:27:23",8569200
4550,-110,1500,"sd","13:27:23",8568900
4560,-100,1000,"bu","13:27:15",8567400
4550,-110,8000,"sd","13:27:11",8566400
4550,-110,500,"sd","13:27:11",8558400
4550,-110,100,"sd","13:27:11",8557900
4560,-100,500,"bu","13:27:10",8557800
4560,-100,2000,"bu","13:27:09",8557300
4560,-100,10000,"sd","13:27:08",8555300
4560,-100,200,"sd","13:27:08",8545300
4560,-100,100,"sd","13:27:08",8545100
4560,-100,2300,"sd","13:27:08",8545000
4560,-100,1100,"sd","13:27:04",8542700
4560,-100,1000,"sd","13:27:04",8541600
4560,-100,600,"sd","13:27:03",8540600
4560,-100,3000,"sd","13:27:03",8540000
4560,-100,100,"sd","13:27:03",8537000
4560,-100,1000,"sd","13:27:03",8536900
4560,-100,4000,"sd","13:27:03",8535900
4560,-100,100,"sd","13:27:03",8531900
4560,-100,300,"sd","13:27:03",8531800
4560,-100,5000,"sd","13:27:03",8531500
4560,-100,1000,"sd","13:27:03",8526500
4560,-100,3100,"sd","13:27:03",8525500
4560,-100,1900,"sd","13:27:03",8522400
4560,-100,200,"sd","13:27:03",8520500
4560,-100,1000,"sd","13:27:03",8520300
4560,-100,4000,"sd","13:27:02",8519300
4560,-100,100,"sd","13:27:02",8515300
4560,-100,100,"sd","13:27:02",8515200
4560,-100,200,"sd","13:27:02",8515100
4560,-100,2500,"sd","13:27:02",8514900
4560,-100,9500,"sd","13:26:58",8512400
4560,-100,600,"sd","13:26:58",8502900
4560,-100,5000,"sd","13:26:58",8502300
4560,-100,5000,"sd","13:26:58",8497300
4560,-100,1000,"sd","13:26:58",8492300
4560,-100,9000,"sd","13:26:58",8491300
4560,-100,100,"sd","13:26:58",8482300
4560,-100,800,"sd","13:26:58",8482200
4560,-100,200,"sd","13:26:58",8481400
4560,-100,3200,"sd","13:26:58",8481200
4560,-100,3200,"sd","13:26:54",8478000
4560,-100,3600,"sd","13:26:52",8474800
4560,-100,100,"sd","13:26:52",8471200
4560,-100,2100,"sd","13:26:52",8471100
4560,-100,1000,"sd","13:26:52",8469000
4560,-100,1000,"sd","13:26:52",8468000
4560,-100,10000,"sd","13:26:52",8467000
4560,-100,100,"sd","13:26:52",8457000
4560,-100,4000,"sd","13:26:52",8456900
4560,-100,7000,"sd","13:26:52",8452900
4560,-100,1900,"sd","13:26:52",8445900
4560,-100,2000,"sd","13:26:52",8444000
4560,-100,300,"sd","13:26:52",8442000
4560,-100,500,"sd","13:26:52",8441700
4560,-100,100,"sd","13:26:52",8441200
4560,-100,100,"sd","13:26:52",8441100
4560,-100,200,"sd","13:26:52",8441000
4560,-100,100,"sd","13:26:49",8440800
4560,-100,8000,"sd","13:26:49",8440700
4560,-100,100,"sd","13:26:49",8432700
4560,-100,100,"sd","13:26:49",8432600
4560,-100,1700,"sd","13:26:49",8432500
4560,-100,100,"sd","13:26:48",8430800
4560,-100,100,"sd","13:26:45",8430700
4560,-100,1500,"sd","13:26:43",8430600
4570,-90,100,"bu","13:26:42",8429100
4560,-100,600,"sd","13:26:38",8429000
4560,-100,4200,"sd","13:26:38",8428400
4560,-100,800,"sd","13:26:37",8424200
4560,-100,200,"sd","13:26:37",8423400
4560,-100,10000,"sd","13:26:33",8423200
4560,-100,1000,"sd","13:26:33",8413200
4560,-100,2000,"sd","13:26:33",8412200
4560,-100,100,"sd","13:26:33",8410200
4560,-100,5000,"sd","13:26:33",8410100
4560,-100,200,"sd","13:26:33",8405100
4560,-100,1000,"sd","13:26:33",8404900
4560,-100,100,"sd","13:26:33",8403900
4560,-100,600,"sd","13:26:33",8403800
4560,-100,400,"sd","13:26:28",8403200
4560,-100,100,"sd","13:26:28",8402800
4560,-100,400,"sd","13:26:28",8402700
4560,-100,1100,"sd","13:26:28",8402300
4560,-100,100,"sd","13:26:26",8401200
4570,-90,100,"bu","13:26:26",8401100
4560,-100,800,"sd","13:26:24",8401000
4560,-100,200,"sd","13:26:24",8400200
4560,-100,100,"sd","13:26:24",8400000
4560,-100,9900,"sd","13:26:24",8399900
4560,-100,100,"sd","13:26:19",8390000
4560,-100,1000,"sd","13:26:19",8389900
4560,-100,400,"sd","13:26:19",8388900
4560,-100,100,"sd","13:26:19",8388500
4560,-100,500,"sd","13:26:19",8388400
4560,-100,500,"sd","13:26:19",8387900
4560,-100,200,"sd","13:26:19",8387400
4560,-100,200,"sd","13:26:19",8387200
4560,-100,600,"sd","13:26:18",8387000
4560,-100,300,"sd","13:26:18",8386400
4560,-100,500,"sd","13:26:18",8386100
4560,-100,1000,"sd","13:26:18",8385600
4560,-100,3000,"sd","13:26:18",8384600
4560,-100,1000,"sd","13:26:18",8381600
4560,-100,300,"sd","13:26:18",8380600
4560,-100,1700,"sd","13:26:18",8380300
4560,-100,4000,"sd","13:26:18",8378600
4560,-100,7600,"sd","13:26:18",8374600
4560,-100,300,"sd","13:26:01",8367000
4570,-90,300,"bu","13:25:53",8366700
4560,-100,500,"sd","13:25:43",8366400
4560,-100,200,"sd","13:25:35",8365900
4560,-100,1000,"sd","13:25:35",8365700
4560,-100,1800,"sd","13:25:35",8364700
4570,-90,200,"bu","13:25:34",8362900
4570,-90,900,"bu","13:25:26",8362700
4570,-90,10000,"bu","13:25:26",8361800
4560,-100,200,"sd","13:25:16",8351800
4560,-100,200,"sd","13:25:16",8351600
4570,-90,1000,"bu","13:25:15",8351400
4570,-90,800,"bu","13:25:01",8350400
4570,-90,400,"bu","13:25:00",8349600
4570,-90,1500,"bu","13:24:43",8349200
4560,-100,100,"sd","13:24:42",8347700
4560,-100,200,"sd","13:24:42",8347600
4570,-90,1000,"bu","13:24:42",8347400
4570,-90,1000,"bu","13:24:39",8346400
4570,-90,15000,"bu","13:24:18",8345400
4570,-90,3000,"bu","13:24:14",8330400
4570,-90,5000,"bu","13:24:13",8327400
4560,-100,3000,"sd","13:24:04",8322400
4560,-100,700,"sd","13:24:04",8319400
4560,-100,300,"sd","13:24:04",8318700
4570,-90,2000,"bu","13:24:01",8318400
4560,-100,2300,"sd","13:24:01",8316400
4560,-100,4000,"sd","13:24:01",8314100
4560,-100,900,"sd","13:24:01",8310100
4560,-100,200,"sd","13:24:01",8309200
4560,-100,300,"sd","13:24:01",8309000
4560,-100,100,"sd","13:24:01",8308700
4560,-100,4300,"sd","13:24:01",8308600
4570,-90,300,"bu","13:23:57",8304300
4560,-100,700,"sd","13:23:53",8304000
4560,-100,200,"sd","13:23:53",8303300
4560,-100,100,"sd","13:23:53",8303100
4560,-100,4000,"sd","13:23:53",8303000
4570,-90,500,"bu","13:23:53",8299000
4570,-90,2000,"bu","13:23:43",8298500
4570,-90,500,"bu","13:23:38",8296500
4570,-90,300,"bu","13:23:29",8296000
4570,-90,100,"bu","13:23:20",8295700
4570,-90,1500,"bu","13:23:18",8295600
4570,-90,300,"bu","13:23:18",8294100
4570,-90,100,"bu","13:23:18",8293800
4570,-90,1000,"bu","13:23:18",8293700
4570,-90,100,"bu","13:23:18",8292700
4560,-100,22200,"sd","13:23:15",8292600
4570,-90,100,"bu","13:23:13",8270400
4570,-90,500,"bu","13:23:12",8270300
4570,-90,5000,"bu","13:23:09",8269800
4570,-90,10000,"bu","13:23:07",8264800
4570,-90,1000,"bu","13:23:06",8254800
4570,-90,200,"bu","13:23:03",8253800
4570,-90,100,"bu","13:23:01",8253600
4570,-90,5000,"bu","13:23:00",8253500
4570,-90,400,"bu","13:23:00",8248500
4570,-90,4600,"bu","13:23:00",8248100
4570,-90,300,"bu","13:22:54",8243500
4570,-90,100,"bu","13:22:54",8243200
4570,-90,1600,"bu","13:22:54",8243100
4570,-90,200,"bu","13:22:50",8241500
4570,-90,11700,"bu","13:22:43",8241300
4570,-90,5000,"bu","13:22:43",8229600
4570,-90,13300,"bu","13:22:43",8224600
4570,-90,3700,"bu","13:22:38",8211300
4560,-100,5000,"sd","13:22:34",8207600
4570,-90,100,"bu","13:22:29",8202600
4570,-90,100,"bu","13:22:26",8202500
4570,-90,200,"bu","13:22:23",8202400
4570,-90,2000,"bu","13:22:19",8202200
4560,-100,3000,"sd","13:22:17",8200200
4570,-90,100,"bu","13:22:16",8197200
4570,-90,500,"bu","13:22:13",8197100
4570,-90,9900,"bu","13:22:11",8196600
4570,-90,40100,"bu","13:22:11",8186700
4570,-90,1900,"bu","13:22:11",8146600
4570,-90,2000,"bu","13:22:11",8144700
4570,-90,300,"bu","13:22:11",8142700
4570,-90,5000,"bu","13:22:11",8142400
4570,-90,300,"bu","13:22:11",8137400
4570,-90,5000,"bu","13:22:11",8137100
4570,-90,10000,"bu","13:22:11",8132100
4570,-90,5000,"bu","13:22:11",8122100
4570,-90,3000,"bu","13:22:11",8117100
4570,-90,10000,"bu","13:22:11",8114100
4570,-90,500,"bu","13:22:11",8104100
4570,-90,7000,"bu","13:22:11",8103600
4570,-90,100,"bu","13:21:57",8096600
4560,-100,3000,"sd","13:21:52",8096500
4560,-100,300,"sd","13:21:50",8093500
4560,-100,1700,"sd","13:21:46",8093200
4560,-100,400,"sd","13:21:31",8091500
4560,-100,5000,"sd","13:21:26",8091100
4570,-90,100,"bu","13:21:26",8086100
4570,-90,2000,"bu","13:21:22",8086000
4560,-100,200,"sd","13:21:14",8084000
4570,-90,100,"bu","13:21:14",8083800
4560,-100,5200,"sd","13:21:12",8083700
4560,-100,200,"sd","13:21:12",8078500
4560,-100,1000,"sd","13:21:12",8078300
4560,-100,100,"sd","13:21:12",8077300
4560,-100,200,"sd","13:21:12",8077200
4560,-100,100,"sd","13:21:12",8077000
4560,-100,500,"sd","13:21:12",8076900
4560,-100,600,"sd","13:21:12",8076400
4560,-100,6400,"sd","13:21:12",8075800
4560,-100,1000,"sd","13:21:06",8069400
4560,-100,100,"sd","13:20:53",8068400
4560,-100,2000,"sd","13:20:48",8068300
4560,-100,500,"sd","13:20:41",8066300
4560,-100,1000,"sd","13:20:41",8065800
4560,-100,500,"sd","13:20:41",8064800
4560,-100,500,"sd","13:20:41",8064300
4560,-100,200,"sd","13:20:41",8063800
4560,-100,3000,"sd","13:20:35",8063600
4560,-100,5000,"sd","13:20:20",8060600
4560,-100,1800,"sd","13:20:11",8055600
4560,-100,100,"sd","13:20:11",8053800
4560,-100,200,"sd","13:20:11",8053700
4560,-100,3900,"sd","13:20:11",8053500
4560,-100,1000,"sd","13:19:59",8049600
4560,-100,100,"sd","13:19:37",8048600
4560,-100,300,"sd","13:19:37",8048500
4560,-100,100,"sd","13:19:37",8048200
4570,-90,700,"bu","13:19:34",8048100
4570,-90,300,"bu","13:19:34",8047400
4570,-90,200,"bu","13:19:16",8047100
4560,-100,5000,"sd","13:19:04",8046900
4560,-100,1500,"sd","13:18:56",8041900
4560,-100,1600,"sd","13:18:56",8040400
4570,-90,100,"bu","13:18:52",8038800
4560,-100,2100,"sd","13:18:39",8038700
4560,-100,1000,"sd","13:18:33",8036600
4560,-100,5000,"sd","13:18:10",8035600
4570,-90,500,"bu","13:18:07",8030600
4570,-90,100,"bu","13:17:59",8030100
4560,-100,500,"sd","13:17:53",8030000
4560,-100,5000,"sd","13:17:18",8029500
4560,-100,500,"sd","13:17:18",8024500
4560,-100,1000,"sd","13:17:18",8024000
4560,-100,5000,"sd","13:17:18",8023000
4560,-100,1000,"sd","13:17:18",8018000
4560,-100,3200,"sd","13:17:18",8017000
4560,-100,500,"sd","13:17:18",8013800
4560,-100,200,"sd","13:17:18",8013300
4560,-100,200,"sd","13:17:18",8013100
4560,-100,400,"sd","13:17:18",8012900
4560,-100,100,"sd","13:17:18",8012500
4560,-100,10000,"sd","13:17:18",8012400
4560,-100,20000,"sd","13:17:18",8002400
4560,-100,700,"sd","13:17:18",7982400
4560,-100,100,"sd","13:17:18",7981700
4560,-100,1000,"sd","13:17:18",7981600
4560,-100,100,"sd","13:17:18",7980600
4560,-100,5600,"sd","13:17:18",7980500
4560,-100,100,"sd","13:17:18",7974900
4560,-100,100,"sd","13:17:18",7974800
4560,-100,1000,"sd","13:17:18",7974700
4560,-100,500,"sd","13:17:18",7973700
4560,-100,1000,"sd","13:17:18",7973200
4560,-100,400,"sd","13:17:18",7972200
4560,-100,10000,"sd","13:17:18",7971800
4560,-100,600,"sd","13:17:18",7961800
4560,-100,2000,"sd","13:17:18",7961200
4560,-100,2000,"sd","13:17:18",7959200
4560,-100,100,"sd","13:17:18",7957200
4560,-100,200,"sd","13:17:18",7957100
4560,-100,1000,"sd","13:17:18",7956900
4560,-100,5000,"sd","13:17:18",7955900
4560,-100,2000,"sd","13:17:18",7950900
4560,-100,100,"sd","13:17:18",7948900
4560,-100,800,"sd","13:17:18",7948800
4560,-100,100,"sd","13:17:18",7948000
4560,-100,500,"sd","13:17:18",7947900
4560,-100,100,"sd","13:17:18",7947400
4560,-100,2000,"sd","13:17:18",7947300
4570,-90,100,"sd","13:17:18",7945300
4570,-90,100,"sd","13:17:18",7945200
4570,-90,500,"sd","13:17:18",7945100
4570,-90,5000,"sd","13:17:18",7944600
4570,-90,1000,"sd","13:17:18",7939600
4570,-90,400,"sd","13:17:18",7938600
4570,-90,5000,"sd","13:17:18",7938200
4570,-90,3000,"sd","13:17:18",7933200
4570,-90,700,"sd","13:17:18",7930200
4570,-90,100,"sd","13:16:57",7929500
4570,-90,200,"sd","13:16:49",7929400
4570,-90,1000,"sd","13:16:49",7929200
4570,-90,100,"sd","13:16:49",7928200
4570,-90,700,"sd","13:16:49",7928100
4570,-90,2000,"sd","13:16:48",7927400
4570,-90,100,"sd","13:16:42",7925400
4570,-90,2400,"sd","13:16:36",7925300
4570,-90,4800,"sd","13:16:32",7922900
4570,-90,1000,"sd","13:16:32",7918100
4570,-90,300,"sd","13:16:32",7917100
4570,-90,3900,"sd","13:16:32",7916800
4570,-90,300,"sd","13:16:30",7912900
4570,-90,800,"sd","13:16:29",7912600
4570,-90,1000,"sd","13:16:29",7911800
4570,-90,1000,"sd","13:16:29",7910800
4570,-90,100,"sd","13:16:29",7909800
4570,-90,300,"sd","13:16:29",7909700
4570,-90,100,"sd","13:16:29",7909400
4570,-90,500,"sd","13:16:29",7909300
4570,-90,9700,"sd","13:16:29",7908800
4570,-90,300,"sd","13:16:28",7899100
4570,-90,100,"sd","13:16:28",7898800
4570,-90,4600,"sd","13:16:28",7898700
4570,-90,3000,"sd","13:16:07",7894100
4570,-90,2400,"sd","13:16:05",7891100
4570,-90,1000,"sd","13:16:05",7888700
4570,-90,100,"sd","13:16:05",7887700
4570,-90,21500,"sd","13:16:05",7887600
4580,-80,1000,"bu","13:15:57",7866100
4570,-90,1800,"sd","13:15:52",7865100
4580,-80,4200,"bu","13:15:45",7863300
4580,-80,15800,"bu","13:15:45",7859100
4570,-90,1000,"sd","13:15:43",7843300
4580,-80,400,"bu","13:15:38",7842300
4580,-80,21300,"bu","13:15:33",7841900
4580,-80,1000,"bu","13:15:33",7820600
4580,-80,2000,"bu","13:15:33",7819600
4580,-80,500,"bu","13:15:33",7817600
4580,-80,5200,"bu","13:15:33",7817100
4570,-90,15000,"sd","13:15:33",7811900
4580,-80,100,"bu","13:15:30",7796900
4570,-90,10000,"sd","13:15:27",7796800
4570,-90,100,"sd","13:15:26",7786800
4580,-80,2000,"bu","13:15:25",7786700
4580,-80,2700,"bu","13:15:18",7784700
4580,-80,500,"bu","13:15:18",7782000
4580,-80,11800,"bu","13:15:18",7781500
4580,-80,100,"bu","13:15:08",7769700
4570,-90,600,"sd","13:14:44",7769600
4570,-90,500,"sd","13:14:44",7769000
4570,-90,900,"sd","13:14:44",7768500
4570,-90,200,"sd","13:14:31",7767600
4570,-90,500,"sd","13:14:31",7767400
4570,-90,300,"sd","13:14:31",7766900
4570,-90,600,"sd","13:14:28",7766600
4570,-90,100,"sd","13:14:27",7766000
4570,-90,100,"sd","13:14:27",7765900
4570,-90,200,"sd","13:14:27",7765800
4570,-90,100,"sd","13:14:26",7765600
4570,-90,100,"sd","13:14:23",7765500
4570,-90,6700,"sd","13:14:23",7765400
4570,-90,5000,"sd","13:14:23",7758700
4570,-90,3000,"sd","13:14:23",7753700
4570,-90,15200,"sd","13:14:23",7750700
4570,-90,300,"sd","13:14:21",7735500
4570,-90,3500,"sd","13:14:16",7735200
4570,-90,100,"sd","13:14:12",7731700
4570,-90,6000,"sd","13:14:12",7731600
4570,-90,2000,"sd","13:14:06",7725600
4570,-90,100,"sd","13:13:55",7723600
4580,-80,5000,"bu","13:13:46",7723500
4580,-80,3100,"bu","13:13:44",7718500
4580,-80,5900,"bu","13:13:44",7715400
4570,-90,11900,"sd","13:13:33",7709500
4570,-90,900,"sd","13:13:32",7697600
4570,-90,1000,"sd","13:13:32",7696700
4570,-90,100,"sd","13:13:32",7695700
4570,-90,3700,"sd","13:13:26",7695600
4570,-90,1300,"sd","13:13:23",7691900
4570,-90,100,"sd","13:13:23",7690600
4570,-90,100,"sd","13:13:23",7690500
4570,-90,200,"sd","13:13:23",7690400
4570,-90,200,"sd","13:13:23",7690200
4570,-90,100,"sd","13:13:23",7690000
4580,-80,500,"bu","13:13:00",7689900
4570,-90,1000,"sd","13:12:56",7689400
4580,-80,500,"bu","13:12:50",7688400
4570,-90,400,"sd","13:12:44",7687900
4580,-80,200,"bu","13:12:43",7687500
4580,-80,12900,"bu","13:12:40",7687300
4580,-80,800,"bu","13:12:40",7674400
4580,-80,1000,"bu","13:12:40",7673600
4580,-80,100,"bu","13:12:40",7672600
4580,-80,8200,"bu","13:12:40",7672500
4570,-90,500,"sd","13:12:27",7664300
4570,-90,200,"sd","13:12:27",7663800
4570,-90,100,"sd","13:12:27",7663600
4570,-90,100,"sd","13:12:27",7663500
4570,-90,400,"sd","13:12:27",7663400
4570,-90,100,"sd","13:12:25",7663000
4570,-90,100,"sd","13:12:25",7662900
4570,-90,100,"sd","13:12:25",7662800
4570,-90,1200,"sd","13:12:06",7662700
4570,-90,300,"sd","13:12:02",7661500
4570,-90,100,"sd","13:11:59",7661200
4570,-90,300,"sd","13:11:56",7661100
4580,-80,100,"bu","13:11:56",7660800
4570,-90,800,"sd","13:11:47",7660700
4570,-90,1000,"sd","13:11:47",7659900
4570,-90,3000,"sd","13:11:47",7658900
4570,-90,100,"sd","13:11:47",7655900
4570,-90,5000,"sd","13:11:47",7655800
4570,-90,200,"sd","13:11:47",7650800
4570,-90,4000,"sd","13:11:47",7650600
4570,-90,800,"sd","13:11:47",7646600
4570,-90,100,"sd","13:11:47",7645800
4570,-90,700,"sd","13:11:47",7645700
4570,-90,1000,"sd","13:11:47",7645000
4570,-90,3000,"sd","13:11:47",7644000
4570,-90,500,"sd","13:11:47",7641000
4570,-90,1000,"sd","13:11:40",7640500
4580,-80,2300,"bu","13:11:20",7639500
4580,-80,5000,"bu","13:11:03",7637200
4580,-80,2000,"bu","13:10:42",7632200
4580,-80,300,"bu","13:10:41",7630200
4580,-80,2000,"bu","13:10:39",7629900
4580,-80,100,"bu","13:10:31",7627900
4580,-80,100,"bu","13:10:31",7627800
4580,-80,1000,"bu","13:10:31",7627700
4580,-80,100,"bu","13:10:29",7626700
4570,-90,5000,"sd","13:10:29",7626600
4570,-90,200,"sd","13:10:28",7621600
4580,-80,400,"bu","13:10:26",7621400
4580,-80,3500,"bu","13:10:08",7621000
4580,-80,600,"bu","13:10:08",7617500
4580,-80,5000,"bu","13:10:08",7616900
4580,-80,600,"bu","13:10:08",7611900
4580,-80,300,"bu","13:10:08",7611300
4570,-90,1000,"sd","13:10:07",7611000
4570,-90,300,"sd","13:10:07",7610000
4570,-90,100,"sd","13:10:07",7609700
4570,-90,4600,"sd","13:10:07",7609600
4570,-90,100,"sd","13:10:02",7605000
4570,-90,300,"sd","13:09:48",7604900
4570,-90,3200,"sd","13:09:39",7604600
4570,-90,2400,"bu","13:09:38",7601400
4570,-90,5000,"bu","13:09:36",7599000
4570,-90,1000,"bu","13:09:34",7594000
4570,-90,1600,"bu","13:09:31",7593000
4570,-90,200,"bu","13:09:31",7591400
4570,-90,5000,"bu","13:09:31",7591200
4570,-90,100,"bu","13:09:31",7586200
4570,-90,500,"bu","13:09:31",7586100
4570,-90,2600,"bu","13:09:31",7585600
4570,-90,100,"bu","13:09:27",7583000
4570,-90,500,"bu","13:09:26",7582900
4570,-90,1800,"bu","13:09:23",7582400
4570,-90,5000,"bu","13:09:23",7580600
4570,-90,3000,"bu","13:09:23",7575600
4570,-90,200,"bu","13:09:23",7572600
4570,-90,100,"bu","13:09:15",7572400
4570,-90,200,"bu","13:09:09",7572300
4570,-90,800,"bu","13:09:09",7572100
4560,-100,200,"sd","13:09:06",7571300
4570,-90,2000,"bu","13:09:05",7571100
4570,-90,1000,"bu","13:08:49",7569100
4560,-100,2500,"sd","13:08:42",7568100
4560,-100,3000,"sd","13:08:42",7565600
4560,-100,2000,"sd","13:08:42",7562600
4560,-100,100,"sd","13:08:42",7560600
4560,-100,100,"sd","13:08:42",7560500
4560,-100,200,"sd","13:08:42",7560400
4560,-100,100,"sd","13:08:42",7560200
4560,-100,400,"sd","13:08:42",7560100
4560,-100,100,"sd","13:08:42",7559700
4560,-100,500,"sd","13:08:42",7559600
4560,-100,100,"sd","13:08:42",7559100
4560,-100,5000,"sd","13:08:42",7559000
4560,-100,5000,"sd","13:08:42",7554000
4560,-100,500,"sd","13:08:42",7549000
4560,-100,200,"sd","13:08:42",7548500
4560,-100,2000,"sd","13:08:42",7548300
4560,-100,8200,"sd","13:08:42",7546300
4560,-100,5000,"sd","13:08:38",7538100
4560,-100,13000,"sd","13:08:36",7533100
4560,-100,12200,"sd","13:08:34",7520100
4560,-100,200,"sd","13:08:24",7507900
4570,-90,1000,"bu","13:08:24",7507700
4560,-100,1000,"sd","13:08:15",7506700
4560,-100,10400,"sd","13:08:05",7505700
4560,-100,500,"sd","13:08:05",7495300
4560,-100,5000,"sd","13:08:05",7494800
4560,-100,5000,"sd","13:08:05",7489800
4560,-100,300,"sd","13:08:05",7484800
4560,-100,500,"sd","13:08:05",7484500
4560,-100,100,"sd","13:08:05",7484000
4560,-100,1000,"sd","13:08:05",7483900
4560,-100,1000,"sd","13:08:05",7482900
4560,-100,200,"sd","13:08:05",7481900
4560,-100,2000,"sd","13:08:05",7481700
4560,-100,1000,"sd","13:08:05",7479700
4560,-100,200,"sd","13:08:05",7478700
4560,-100,400,"sd","13:08:05",7478500
4560,-100,10000,"sd","13:08:05",7478100
4560,-100,4000,"sd","13:08:05",7468100
4560,-100,1000,"sd","13:08:05",7464100
4560,-100,17000,"sd","13:08:05",7463100
4560,-100,1000,"sd","13:08:05",7446100
4560,-100,1000,"sd","13:08:05",7445100
4560,-100,2000,"sd","13:08:05",7444100
4560,-100,7800,"sd","13:08:05",7442100
4560,-100,1000,"sd","13:08:05",7434300
4560,-100,100,"sd","13:08:05",7433300
4560,-100,400,"sd","13:08:05",7433200
4560,-100,10000,"sd","13:08:05",7432800
4560,-100,6000,"sd","13:08:05",7422800
4560,-100,500,"sd","13:08:05",7416800
4560,-100,100,"sd","13:08:05",7416300
4560,-100,100,"sd","13:08:05",7416200
4560,-100,200,"sd","13:08:05",7416100
4560,-100,500,"sd","13:08:05",7415900
4560,-100,300,"sd","13:08:05",7415400
4560,-100,100,"sd","13:08:05",7415100
4560,-100,3300,"sd","13:08:05",7415000
4570,-90,400,"bu","13:08:00",7411700
4570,-90,600,"bu","13:08:00",7411300
4570,-90,9400,"bu","13:07:57",7410700
4570,-90,6200,"bu","13:07:57",7401300
4570,-90,2000,"bu","13:07:57",7395100
4570,-90,2400,"bu","13:07:57",7393100
4560,-100,1200,"sd","13:07:55",7390700
4570,-90,200,"bu","13:07:50",7389500
4570,-90,200,"bu","13:07:38",7389300
4570,-90,200,"bu","13:07:38",7389100
4570,-90,2000,"bu","13:07:38",7388900
4570,-90,100,"bu","13:07:35",7386900
4570,-90,900,"bu","13:07:34",7386800
4570,-90,100,"bu","13:07:34",7385900
4570,-90,1000,"bu","13:07:30",7385800
4560,-100,5000,"sd","13:07:26",7384800
4570,-90,5000,"bu","13:07:19",7379800
4560,-100,1700,"sd","13:07:14",7374800
4560,-100,5000,"sd","13:07:14",7373100
4560,-100,10000,"sd","13:07:14",7368100
4560,-100,5000,"sd","13:07:14",7358100
4560,-100,500,"sd","13:07:14",7353100
4560,-100,2000,"sd","13:07:14",7352600
4560,-100,500,"sd","13:07:14",7350600
4560,-100,1000,"sd","13:07:14",7350100
4560,-100,1000,"sd","13:07:14",7349100
4560,-100,30000,"sd","13:07:14",7348100
4560,-100,200,"sd","13:07:14",7318100
4560,-100,1000,"sd","13:07:14",7317900
4560,-100,500,"sd","13:07:14",7316900
4560,-100,4300,"sd","13:07:14",7316400
4560,-100,5100,"sd","13:07:14",7312100
4560,-100,1000,"sd","13:07:14",7307000
4560,-100,1000,"sd","13:07:14",7306000
4560,-100,5100,"sd","13:07:14",7305000
4560,-100,10700,"sd","13:07:14",7299900
4560,-100,100,"sd","13:07:14",7289200
4560,-100,2100,"sd","13:07:14",7289100
4560,-100,3500,"sd","13:07:14",7287000
4560,-100,1200,"sd","13:07:14",7283500
4560,-100,100,"sd","13:07:14",7282300
4560,-100,10100,"sd","13:07:14",7282200
4560,-100,200,"sd","13:07:14",7272100
4560,-100,5000,"sd","13:07:14",7271900
4560,-100,500,"sd","13:07:14",7266900
4560,-100,500,"sd","13:07:14",7266400
4570,-90,2000,"sd","13:07:14",7265900
4560,-100,20500,"sd","13:07:14",7263900
4560,-100,3000,"sd","13:07:14",7243400
4570,-90,1000,"sd","13:07:14",7240400
4560,-100,12700,"sd","13:07:14",7239400
4560,-100,600,"sd","13:07:14",7226700
4570,-90,400,"sd","13:07:14",7226100
4570,-90,41000,"sd","13:07:14",7225700
4560,-100,1900,"sd","13:07:14",7184700
4560,-100,1200,"sd","13:07:14",7182800
4560,-100,1000,"sd","13:07:14",7181600
4560,-100,10100,"sd","13:07:14",7180600
4570,-90,5000,"sd","13:07:14",7170500
4560,-100,100,"sd","13:07:14",7165500
4560,-100,500,"sd","13:07:14",7165400
4570,-90,10100,"sd","13:07:14",7164900
4570,-90,100,"sd","13:07:14",7154800
4560,-100,600,"sd","13:07:14",7154700
4570,-90,500,"sd","13:07:14",7154100
4560,-100,10800,"sd","13:07:14",7153600
4570,-90,200,"sd","13:07:14",7142800
4560,-100,300,"sd","13:07:14",7142600
4570,-90,1500,"sd","13:07:14",7142300
4560,-100,5000,"sd","13:07:14",7140800
4570,-90,200,"sd","13:07:14",7135800
4570,-90,52000,"sd","13:07:14",7135600
4570,-90,100,"sd","13:07:14",7083600
4560,-100,5000,"sd","13:07:14",7083500
4570,-90,200,"sd","13:07:14",7078500
4560,-100,5000,"sd","13:07:14",7078300
4570,-90,100,"sd","13:07:14",7073300
4560,-100,2000,"sd","13:07:14",7073200
4570,-90,200,"sd","13:07:14",7071200
4570,-90,11000,"sd","13:07:14",7071000
4570,-90,300,"sd","13:07:14",7060000
4570,-90,5000,"sd","13:07:14",7059700
4560,-100,5000,"sd","13:07:14",7054700
4570,-90,10000,"sd","13:07:14",7049700
4570,-90,17000,"sd","13:07:14",7039700
4570,-90,500,"sd","13:07:14",7022700
4570,-90,9600,"sd","13:07:14",7022200
4570,-90,200,"sd","13:07:14",7012600
4570,-90,1500,"sd","13:07:14",7012400
4570,-90,200,"sd","13:07:14",7010900
4570,-90,500,"sd","13:07:14",7010700
4570,-90,700,"sd","13:07:14",7010200
4570,-90,100,"sd","13:07:14",7009500
4570,-90,1000,"sd","13:07:14",7009400
