"price","change","match_qtty","side","time","total_vol"
16800,-200,100,"bu","14:59:59",508600
16700,-300,27000,"sd","14:59:33",508500
16800,-200,100,"bu","14:59:00",481500
16700,-300,5000,"sd","14:57:32",481400
16700,-300,3000,"sd","14:57:21",476400
16700,-300,7000,"sd","14:57:10",473400
16700,-300,5000,"sd","14:56:54",466400
16700,-300,10000,"sd","14:56:28",461400
16700,-300,7800,"sd","14:55:08",451400
16700,-300,2000,"sd","14:55:02",443600
16800,-200,100,"bu","14:54:52",441600
16800,-200,500,"bu","14:54:13",441500
16700,-300,2000,"sd","14:53:32",441000
16700,-300,1000,"sd","14:50:39",439000
16700,-300,2000,"sd","14:46:52",438000
16800,-200,200,"bu","14:46:09",436000
16700,-300,10000,"sd","14:46:07",435800
16700,-300,5000,"sd","14:42:27",425800
16700,-300,700,"sd","14:39:18",420800
16800,-200,300,"bu","14:38:42",420100
16800,-200,100,"sd","14:38:29",419800
16800,-200,5000,"sd","14:36:52",419700
16800,-200,4500,"sd","14:33:50",414700
16800,-200,3100,"bu","14:33:30",410200
16800,-200,100,"bu","14:33:14",407100
16800,-200,300,"bu","14:32:17",407000
16800,-200,4000,"bu","14:30:42",406700
16700,-300,1700,"sd","14:28:32",402700
16700,-300,1000,"sd","14:28:08",401000
16700,-300,100,"sd","14:27:13",400000
16700,-300,100,"sd","14:27:01",399900
16700,-300,3000,"sd","14:26:57",399800
16800,-200,500,"bu","14:25:08",396800
16700,-300,3000,"sd","14:24:00",396300
16800,-200,2500,"sd","14:23:20",393300
16800,-200,4000,"sd","14:22:23",390800
16800,-200,1000,"sd","14:19:21",386800
16800,-200,1000,"sd","14:18:39",385800
16800,-200,1000,"sd","14:16:59",384800
16800,-200,1000,"sd","14:16:38",383800
16700,-300,100,"sd","14:11:45",382800
16800,-200,200,"bu","14:11:33",382700
16800,-200,200,"sd","14:11:24",382500
16800,-200,5000,"sd","14:11:23",382300
16800,-200,500,"bu","14:08:30",377300
16700,-300,4500,"sd","14:06:09",376800
16800,-200,700,"bu","14:04:06",372300
16800,-200,700,"bu","14:03:42",371600
16800,-200,2300,"bu","14:03:35",370900
16800,-200,200,"bu","14:01:10",368600
16800,-200,100,"bu","14:00:48",368400
16800,-200,300,"sd","14:00:25",368300
16800,-200,100,"sd","13:59:10",368000
16800,-200,1000,"sd","13:58:38",367900
16800,-200,2000,"sd","13:57:36",366900
16800,-200,1000,"sd","13:56:33",364900
16800,-200,800,"sd","13:54:46",363900
16800,-200,200,"bu","13:53:44",363100
16800,-200,800,"bu","13:51:44",362900
16800,-200,4200,"bu","13:50:35",362100
16800,-200,1000,"sd","13:50:19",357900
16800,-200,1400,"sd","13:49:42",356900
16800,-200,800,"bu","13:49:38",355500
16800,-200,500,"bu","13:47:01",354700
16800,-200,1800,"sd","13:46:01",354200
16800,-200,1000,"unknown","13:44:38",352400
16800,-200,200,"bu","13:44:09",351400
16800,-200,200,"bu","13:43:41",351200
16800,-200,300,"bu","13:42:53",351000
16800,-200,3300,"bu","13:42:47",350700
16800,-200,700,"bu","13:41:12",347400
16800,-200,11700,"unknown","13:39:24",346700
16800,-200,500,"bu","13:37:00",335000
16800,-200,1000,"bu","13:36:00",334500
16800,-200,200,"bu","13:35:32",333500
16700,-300,7100,"sd","13:35:06",333300
16800,-200,200,"bu","13:34:48",326200
16700,-300,500,"sd","13:34:23",326000
16800,-200,20000,"bu","13:33:40",325500
16700,-300,800,"sd","13:32:54",305500
16700,-300,17000,"sd","13:30:00",304700
16800,-200,11600,"sd","13:29:51",287700
16800,-200,5000,"sd","13:29:49",276100
16800,-200,3000,"sd","13:29:42",271100
16800,-200,19400,"sd","13:28:24",268100
16800,-200,1000,"sd","13:27:38",248700
16800,-200,4000,"sd","13:21:39",247700
16800,-200,700,"sd","13:20:09",243700
16800,-200,100,"sd","13:20:06",243000
16800,-200,11800,"sd","13:19:45",242900
16800,-200,2000,"sd","13:15:10",231100
16800,-200,500,"sd","13:12:38",229100
16900,-100,1000,"bu","13:10:19",228600
16900,-100,500,"bu","13:07:58",227600
16800,-200,10000,"sd","13:05:58",227100
16800,-200,1700,"sd","13:05:12",217100
16900,-100,100,"sd","13:04:10",215400
16900,-100,1900,"bu","13:02:13",215300
16800,-200,200,"sd","13:01:02",213400
16800,-200,100,"sd","13:00:49",213200
16800,-200,25000,"sd","13:00:16",213100
16900,-100,200,"bu","13:00:03",188100
16900,-100,500,"bu","13:00:02",187900
16900,-100,10000,"bu","11:29:06",187400
16900,-100,9600,"bu","11:28:44",177400
17000,0,300,"bu","11:26:59",167800
16900,-100,200,"sd","11:25:52",167500
16900,-100,500,"sd","11:20:58",167300
17000,0,100,"bu","11:20:49",166800
16900,-100,1600,"unknown","11:17:32",166700
16900,-100,2900,"sd","11:05:22",165100
16900,-100,5000,"sd","11:04:01",162200
16900,-100,5000,"sd","11:03:12",157200
16900,-100,400,"sd","11:03:04",152200
16900,-100,200,"sd","10:57:48",151800
16900,-100,500,"sd","10:56:45",151600
16900,-100,500,"sd","10:56:00",151100
16900,-100,300,"sd","10:54:12",150600
17000,0,100,"bu","10:53:58",150300
16900,-100,200,"sd","10:53:45",150200
16900,-100,500,"sd","10:53:15",150000
16900,-100,2000,"sd","10:52:40",149500
16900,-100,1000,"sd","10:52:27",147500
16900,-100,1000,"sd","10:52:06",146500
16900,-100,500,"sd","10:51:13",145500
16900,-100,5000,"bu","10:50:55",145000
16800,-200,2000,"sd","10:50:53",140000
16900,-100,200,"bu","10:46:48",138000
16900,-100,700,"bu","10:43:28",137800
16900,-100,100,"bu","10:42:26",137100
16900,-100,100,"bu","10:42:08",137000
16900,-100,100,"bu","10:37:44",136900
16900,-100,1000,"bu","10:37:42",136800
16900,-100,300,"bu","10:35:24",135800
16800,-200,1500,"sd","10:34:34",135500
16800,-200,1000,"sd","10:32:53",134000
16800,-200,100,"sd","10:32:45",133000
16800,-200,800,"bu","10:25:55",132900
16800,-200,500,"bu","10:25:19",132100
16700,-300,3000,"sd","10:24:35",131600
16800,-200,500,"bu","10:24:21",128600
16800,-200,900,"sd","10:23:10",128100
16800,-200,600,"sd","10:22:50",127200
16800,-200,200,"sd","10:21:25",126600
16800,-200,200,"sd","10:19:50",126400
16800,-200,100,"unknown","10:19:24",126200
16800,-200,1200,"bu","10:19:17",126100
16800,-200,1000,"bu","10:18:44",124900
16800,-200,3000,"bu","10:18:18",123900
16800,-200,100,"bu","10:17:14",120900
16800,-200,200,"bu","10:14:58",120800
16800,-200,2600,"bu","10:14:25",120600
16800,-200,200,"bu","10:13:39",118000
16800,-200,700,"bu","10:12:52",117800
16800,-200,100,"bu","10:12:46",117100
16800,-200,1000,"bu","10:12:43",117000
16800,-200,500,"bu","10:12:26",116000
16800,-200,200,"bu","10:11:13",115500
16800,-200,1000,"bu","10:10:57",115300
16800,-200,2000,"bu","10:08:44",114300
16800,-200,1000,"bu","10:07:45",112300
16800,-200,200,"bu","10:07:07",111300
16800,-200,1000,"bu","10:05:23",111100
16800,-200,100,"bu","09:59:08",110100
16800,-200,100,"bu","09:59:06",110000
16800,-200,3000,"bu","09:58:44",109900
16800,-200,100,"bu","09:58:07",106900
16700,-300,8900,"sd","09:58:05",106800
16800,-200,200,"bu","09:57:44",97900
16800,-200,100,"bu","09:56:47",97700
16800,-200,3000,"bu","09:55:46",97600
16800,-200,2600,"bu","09:53:41",94600
16800,-200,400,"sd","09:52:39",92000
16800,-200,10000,"sd","09:52:33",91600
16800,-200,800,"sd","09:52:00",81600
16800,-200,2000,"sd","09:49:14",80800
16900,-100,200,"bu","09:48:55",78800
16900,-100,3000,"bu","09:48:33",78600
16800,-200,1000,"sd","09:46:19",75600
16800,-200,100,"sd","09:46:02",74600
16800,-200,1000,"sd","09:43:14",74500
16800,-200,3600,"sd","09:42:12",73500
16900,-100,300,"bu","09:41:36",69900
16900,-100,3000,"bu","09:41:30",69600
16900,-100,1000,"bu","09:39:58",66600
16800,-200,800,"sd","09:39:46",65600
16900,-100,1000,"bu","09:38:29",64800
16800,-200,200,"sd","09:36:28",63800
16800,-200,800,"sd","09:36:21",63600
16800,-200,100,"bu","09:35:23",62800
16800,-200,10000,"bu","09:34:59",62700
16800,-200,200,"bu","09:34:37",52700
16800,-200,300,"bu","09:33:16",52500
16700,-300,300,"sd","09:32:24",52200
16800,-200,1000,"bu","09:31:49",51900
16800,-200,2000,"bu","09:31:01",50900
16800,-200,100,"bu","09:30:18",48900
16800,-200,200,"bu","09:29:57",48800
16800,-200,600,"bu","09:29:41",48600
16800,-200,500,"bu","09:29:34",48000
16800,-200,6400,"sd","09:28:54",47500
16800,-200,6000,"sd","09:28:40",41100
16800,-200,1500,"sd","09:28:37",35100
16800,-200,2000,"sd","09:27:35",33600
16800,-200,500,"sd","09:26:04",31600
16900,-100,600,"bu","09:25:11",31100
16900,-100,100,"bu","09:23:42",30500
16900,-100,700,"bu","09:22:16",30400
16900,-100,200,"bu","09:21:46",29700
16900,-100,100,"bu","09:21:39",29500
16800,-200,600,"sd","09:21:38",29400
16900,-100,2000,"bu","09:21:28",28800
16900,-100,500,"bu","09:20:44",26800
16900,-100,8200,"sd","09:19:26",26300
16900,-100,3000,"sd","09:18:44",18100
16900,-100,100,"sd","09:17:12",15100
16900,-100,7100,"bu","09:15:46",15000
16900,-100,5000,"bu","09:15:43",7900
16900,-100,1000,"bu","09:15:09",2900
16900,-100,1000,"bu","09:14:48",1900
16800,-200,100,"sd","09:05:06",900
16900,-100,200,"bu","09:04:09",800
16900,-100,100,"sd","09:02:05",600
16900,-100,500,"sd","09:00:20",500
