"price","change","match_qtty","side","time","total_vol"
8400,-30,66100,"sd","14:45:02",1102100
8400,-30,5000,"bu","14:29:44",1036000
8400,-30,400,"sd","14:29:36",1031000
8420,-10,1000,"sd","14:29:36",1030600
8400,-30,500,"sd","14:29:36",1029600
8400,-30,2000,"sd","14:29:36",1029100
8400,-30,1000,"sd","14:29:36",1027100
8400,-30,2000,"sd","14:29:36",1026100
8400,-30,1000,"sd","14:29:36",1024100
8400,-30,1000,"sd","14:29:36",1023100
8400,-30,100,"sd","14:29:36",1022100
8420,-10,2000,"sd","14:29:36",1022000
8430,0,200,"bu","14:28:40",1020000
8430,0,5000,"bu","14:28:27",1019800
8430,0,500,"sd","14:27:57",1014800
8430,0,1000,"sd","14:27:56",1014300
8430,0,5000,"sd","14:27:56",1013300
8430,0,2500,"sd","14:27:56",1008300
8430,0,3000,"sd","14:27:56",1005800
8430,0,3000,"sd","14:27:56",1002800
8440,10,100,"sd","14:27:56",999800
8440,10,500,"sd","14:27:56",999700
8440,10,100,"sd","14:27:56",999200
8440,10,500,"sd","14:27:56",999100
8440,10,1000,"sd","14:27:16",998600
8440,10,500,"sd","14:26:55",997600
8450,20,500,"sd","14:26:21",997100
8450,20,400,"sd","14:26:21",996600
8450,20,1000,"sd","14:26:21",996200
8450,20,400,"sd","14:26:21",995200
8450,20,600,"sd","14:26:18",994800
8450,20,500,"sd","14:26:18",994200
8450,20,1000,"sd","14:26:18",993700
8450,20,1900,"sd","14:26:18",992700
8450,20,100,"sd","14:26:11",990800
8450,20,8600,"sd","14:26:11",990700
8450,20,1400,"sd","14:26:00",982100
8450,20,1000,"sd","14:26:00",980700
8450,20,1000,"sd","14:26:00",979700
8450,20,2000,"sd","14:26:00",978700
8450,20,100,"sd","14:26:00",976700
8450,20,5200,"sd","14:26:00",976600
8460,30,3000,"sd","14:25:46",971400
8460,30,500,"sd","14:25:46",968400
8460,30,100,"sd","14:25:46",967900
8460,30,1500,"sd","14:25:46",967800
8470,40,200,"sd","14:25:46",966300
8470,40,5000,"sd","14:25:46",966100
8480,50,500,"sd","14:25:46",961100
8480,50,300,"sd","14:25:46",960600
8480,50,200,"sd","14:25:40",960300
8480,50,900,"sd","14:24:19",960100
8490,60,3000,"sd","14:23:29",959200
8500,70,5200,"bu","14:22:55",956200
8500,70,100,"bu","14:22:11",951000
8500,70,3200,"sd","14:22:07",950900
8510,80,100,"bu","14:21:27",947700
8500,70,900,"bu","14:20:44",947600
8500,70,100,"sd","14:20:24",946700
8500,70,400,"bu","14:20:02",946600
8500,70,1900,"bu","14:19:30",946200
8500,70,100,"bu","14:19:30",944300
8460,30,2500,"sd","14:17:14",944200
8470,40,1000,"sd","14:17:14",941700
8480,50,500,"sd","14:17:14",940700
8470,40,1100,"sd","14:17:14",940200
8480,50,500,"sd","14:17:14",939100
8470,40,3100,"sd","14:17:14",938600
8490,60,1000,"sd","14:17:14",935500
8480,50,200,"sd","14:17:14",934500
8490,60,100,"sd","14:17:14",934300
8500,70,1100,"sd","14:17:07",934200
8500,70,300,"bu","14:16:02",933100
8500,70,200,"bu","14:15:51",932800
8500,70,800,"bu","14:15:51",932600
8500,70,200,"bu","14:15:08",931800
8500,70,1000,"bu","14:15:08",931600
8500,70,300,"bu","14:15:08",930600
8500,70,1500,"bu","14:15:08",930300
8500,70,4500,"bu","14:14:37",928800
8500,70,500,"bu","14:14:37",924300
8490,60,100,"sd","14:11:57",923800
8490,60,1900,"sd","14:11:23",923700
8490,60,100,"sd","14:11:23",921800
8500,70,100,"bu","14:11:21",921700
8500,70,200,"sd","14:11:10",921600
8500,70,300,"bu","14:10:47",921400
8500,70,500,"bu","14:09:38",921100
8500,70,200,"bu","14:09:26",920600
8500,70,800,"bu","14:09:26",920400
8500,70,600,"bu","14:07:18",919600
8500,70,600,"bu","14:05:58",919000
8500,70,1000,"bu","14:05:58",918400
8500,70,400,"bu","14:05:58",917400
8500,70,1000,"bu","14:02:17",917000
8500,70,200,"bu","14:00:45",916000
8500,70,400,"bu","13:59:31",915800
8500,70,100,"bu","13:59:31",915400
8500,70,1000,"sd","13:59:00",915300
8500,70,900,"sd","13:59:00",914300
8510,80,300,"bu","13:57:08",913400
8510,80,200,"sd","13:54:18",913100
8510,80,1000,"sd","13:53:46",912900
8510,80,1000,"sd","13:53:35",911900
8510,80,100,"sd","13:53:01",910900
8520,90,200,"bu","13:51:16",910800
8510,80,200,"sd","13:50:53",910600
8500,70,2000,"sd","13:50:40",910400
8500,70,2000,"bu","13:50:00",908400
8500,70,100,"bu","13:50:00",906400
8470,40,1200,"sd","13:41:37",906300
8470,40,100,"sd","13:40:41",905100
8470,40,600,"sd","13:40:15",905000
8470,40,1400,"sd","13:40:15",904400
8470,40,1600,"bu","13:36:42",903000
8450,20,2600,"sd","13:36:39",901400
8460,30,500,"sd","13:36:39",898800
8460,30,1200,"sd","13:36:39",898300
8460,30,5700,"sd","13:36:39",897100
8470,40,2000,"bu","13:36:38",891400
8470,40,2000,"bu","13:36:34",889400
8460,30,1000,"sd","13:34:18",887400
8470,40,500,"bu","13:34:16",886400
8460,30,2000,"sd","13:33:47",885900
8460,30,300,"sd","13:33:31",883900
8460,30,1000,"sd","13:33:30",883600
8450,20,22200,"sd","13:33:11",882600
8450,20,1000,"sd","13:33:11",860400
8450,20,500,"sd","13:33:11",859400
8450,20,2000,"sd","13:33:11",858900
8450,20,100,"sd","13:33:11",856900
8460,30,500,"sd","13:33:11",856800
8460,30,1500,"sd","13:33:11",856300
8460,30,1000,"sd","13:33:11",854800
8460,30,10000,"sd","13:33:11",853800
8470,40,1000,"bu","13:33:11",843800
8470,40,900,"bu","13:33:03",842800
8470,40,1000,"bu","13:32:57",841900
8470,40,1000,"bu","13:32:55",840900
8470,40,100,"bu","13:32:37",839900
8470,40,900,"bu","13:32:12",839800
8470,40,1000,"bu","13:32:12",838900
8470,40,200,"bu","13:32:08",837900
8470,40,800,"bu","13:31:48",837700
8470,40,2200,"bu","13:31:48",836900
8470,40,900,"bu","13:31:35",834700
8470,40,1500,"sd","13:30:45",833800
8470,40,500,"sd","13:30:39",832300
8470,40,100,"sd","13:30:39",831800
8480,50,1000,"sd","13:30:03",831700
8490,60,200,"sd","13:29:18",830700
8500,70,100,"bu","13:28:59",830500
8490,60,300,"sd","13:28:56",830400
8500,70,1000,"sd","13:28:27",830100
8500,70,4900,"sd","13:28:27",829100
8500,70,5100,"sd","13:28:25",824200
8500,70,4900,"sd","13:28:25",819100
8500,70,5100,"sd","13:28:15",814200
8500,70,500,"sd","13:28:15",809100
8500,70,1000,"sd","13:28:15",808600
8500,70,1000,"sd","13:28:15",807600
8500,70,2000,"sd","13:28:15",806600
8500,70,400,"sd","13:28:15",804600
8500,70,600,"sd","13:28:02",804200
8500,70,100,"sd","13:28:02",803600
8500,70,500,"sd","13:28:02",803500
8500,70,8800,"sd","13:28:02",803000
8500,70,1200,"sd","13:27:14",794200
8500,70,200,"sd","13:27:14",793000
8500,70,100,"sd","13:26:58",792800
8500,70,700,"sd","13:26:20",792700
8500,70,2000,"sd","13:26:20",792000
8500,70,500,"sd","13:26:20",790000
8500,70,400,"sd","13:26:20",789500
8520,90,1800,"bu","13:26:02",789100
8520,90,2700,"bu","13:26:02",787300
8500,70,2600,"sd","13:24:57",784600
8500,70,1000,"sd","13:24:57",782000
8500,70,1700,"sd","13:24:57",781000
8510,80,500,"sd","13:24:57",779300
8510,80,4200,"sd","13:24:57",778800
8510,80,800,"sd","13:24:33",774600
8510,80,5000,"sd","13:24:33",773800
8510,80,400,"sd","13:24:33",768800
8510,80,2600,"sd","13:23:17",768400
8510,80,200,"sd","13:21:58",765800
8510,80,700,"sd","13:21:58",765600
8520,90,300,"sd","13:20:26",764900
8520,90,700,"sd","13:20:26",764600
8520,90,2600,"sd","13:20:26",763900
8520,90,3000,"sd","13:20:26",761300
8520,90,700,"sd","13:20:26",758300
8520,90,700,"sd","13:20:15",757600
8520,90,1000,"sd","13:18:04",756900
8520,90,1500,"sd","13:16:25",755900
8520,90,600,"sd","13:14:46",754400
8520,90,1300,"sd","13:14:20",753800
8520,90,1000,"bu","13:13:38",752500
8520,90,3200,"bu","13:13:38",751500
8520,90,500,"bu","13:12:16",748300
8520,90,2000,"bu","13:11:13",747800
8510,80,900,"sd","13:10:26",745800
8510,80,3400,"sd","13:09:17",744900
8510,80,500,"sd","13:09:17",741500
8510,80,1000,"sd","13:09:17",741000
8510,80,100,"sd","13:09:17",740000
8510,80,900,"sd","13:08:59",739900
8510,80,100,"sd","13:08:59",739000
8520,90,300,"sd","13:08:23",738900
8520,90,200,"sd","13:08:12",738600
8520,90,500,"sd","13:08:09",738400
8520,90,600,"sd","13:07:49",737900
8520,90,1400,"sd","13:07:49",737300
8520,90,5000,"sd","13:07:34",735900
8520,90,3000,"sd","13:07:14",730900
8520,90,600,"sd","13:06:01",727900
8520,90,100,"sd","13:06:01",727300
8520,90,200,"sd","13:06:01",727200
8530,100,5000,"sd","13:06:01",727000
8530,100,100,"sd","13:06:01",722000
8530,100,1900,"sd","13:04:51",721900
8530,100,100,"sd","13:04:51",720000
8530,100,500,"sd","13:03:36",719900
8530,100,400,"sd","13:03:30",719400
8530,100,800,"sd","13:02:38",719000
8530,100,1200,"sd","13:02:06",718200
8530,100,800,"sd","13:02:06",717000
8530,100,2000,"sd","13:01:47",716200
8530,100,300,"sd","13:01:36",714200
8530,100,1000,"sd","13:00:26",713900
8540,110,100,"bu","13:00:18",712900
8530,100,900,"sd","13:00:03",712800
8530,100,500,"sd","13:00:03",711900
8550,120,1000,"bu","11:28:03",711400
8550,120,1500,"sd","11:27:52",710400
8550,120,3500,"sd","11:27:52",708900
8550,120,20000,"sd","11:27:52",705400
8550,120,900,"sd","11:27:52",685400
8550,120,1400,"sd","11:22:09",684500
8550,120,500,"sd","11:21:58",683100
8550,120,200,"sd","11:17:56",682600
8550,120,700,"bu","11:17:02",682400
8530,100,2300,"bu","11:17:02",681700
8530,100,1000,"sd","11:16:40",679400
8530,100,2900,"sd","11:16:40",678400
8530,100,200,"sd","11:16:40",675500
8540,110,500,"sd","11:16:40",675300
8540,110,100,"sd","11:16:40",674800
8540,110,3000,"sd","11:16:40",674700
8550,120,300,"sd","11:12:55",671700
8550,120,2000,"sd","11:10:24",671400
8550,120,300,"sd","11:10:11",669400
8550,120,4800,"sd","11:09:06",669100
8550,120,2600,"sd","11:08:39",664300
8550,120,2400,"sd","11:08:39",661700
8550,120,500,"sd","11:08:29",659300
8560,130,500,"sd","11:07:40",658800
8560,130,6300,"sd","11:07:40",658300
8560,130,11800,"sd","11:07:40",652000
8560,130,200,"sd","11:07:34",640200
8560,130,1000,"sd","11:07:34",640000
8560,130,600,"sd","11:07:12",639000
8570,140,1000,"bu","11:05:32",638400
8560,130,7700,"sd","11:03:49",637400
8560,130,700,"sd","11:01:23",629700
8560,130,100,"sd","11:01:23",629000
8560,130,1000,"sd","11:01:23",628900
8560,130,100,"sd","11:01:23",627900
8560,130,100,"sd","11:01:23",627800
8560,130,500,"sd","11:01:23",627700
8560,130,3600,"sd","11:01:23",627200
8560,130,10000,"sd","10:58:53",623600
8570,140,1400,"bu","10:58:49",613600
8570,140,700,"bu","10:58:49",612200
8570,140,1400,"bu","10:58:25",611500
8570,140,3600,"bu","10:57:14",610100
8570,140,3300,"sd","10:56:58",606500
8570,140,1700,"sd","10:56:56",603200
8570,140,2000,"sd","10:56:56",601500
8570,140,1300,"sd","10:56:56",599500
8570,140,200,"sd","10:56:24",598200
8580,150,100,"bu","10:56:05",598000
8570,140,200,"sd","10:54:51",597900
8570,140,300,"sd","10:54:11",597700
8570,140,2700,"sd","10:54:11",597400
8570,140,200,"sd","10:54:09",594700
8570,140,1000,"sd","10:53:52",594500
8570,140,100,"sd","10:53:32",593500
8570,140,1000,"sd","10:52:16",593400
8570,140,3500,"sd","10:51:46",592400
8580,150,8500,"bu","10:51:33",588900
8580,150,300,"bu","10:51:33",580400
8580,150,500,"bu","10:51:33",580100
8580,150,10000,"bu","10:51:33",579600
8580,150,1000,"bu","10:51:33",569600
8580,150,2000,"bu","10:51:33",568600
8580,150,2700,"bu","10:51:33",566600
8570,140,1000,"sd","10:51:20",563900
8570,140,500,"bu","10:51:19",562900
8570,140,500,"bu","10:51:17",562400
8570,140,500,"bu","10:51:17",561900
8570,140,1000,"bu","10:51:17",561400
8570,140,3600,"bu","10:51:17",560400
8570,140,100,"bu","10:50:34",556800
8570,140,1300,"bu","10:49:25",556700
8570,140,8700,"bu","10:49:25",555400
8570,140,1300,"bu","10:49:21",546700
8570,140,1700,"bu","10:49:21",545400
8560,130,300,"bu","10:48:45",543700
8560,130,100,"bu","10:48:43",543400
8560,130,600,"sd","10:48:20",543300
8560,130,100,"bu","10:48:08",542700
8560,130,500,"bu","10:48:08",542600
8560,130,500,"bu","10:48:08",542100
8560,130,200,"bu","10:48:08",541600
8560,130,100,"bu","10:48:08",541400
8560,130,500,"bu","10:48:08",541300
8560,130,2000,"bu","10:48:08",540800
8560,130,1200,"bu","10:48:08",538800
8550,120,100,"sd","10:45:04",537600
8550,120,2000,"bu","10:44:32",537500
8550,120,100,"bu","10:43:07",535500
8550,120,100,"bu","10:43:07",535400
8550,120,500,"bu","10:43:07",535300
8550,120,500,"bu","10:43:07",534800
8540,110,1000,"sd","10:42:56",534300
8530,100,1400,"sd","10:37:12",533300
8530,100,600,"sd","10:37:12",531900
8530,100,1000,"sd","10:31:46",531300
8530,100,3000,"sd","10:30:46",530300
8530,100,400,"sd","10:30:28",527300
8530,100,400,"sd","10:30:28",526900
8530,100,500,"sd","10:27:55",526500
8530,100,100,"sd","10:27:55",526000
8530,100,7900,"sd","10:26:55",525900
8530,100,100,"sd","10:26:55",518000
8530,100,200,"sd","10:26:52",517900
8530,100,1000,"bu","10:25:21",517700
8530,100,700,"bu","10:25:21",516700
8520,90,4300,"bu","10:24:44",516000
8520,90,300,"sd","10:24:16",511700
8520,90,2000,"sd","10:24:16",511400
8520,90,300,"sd","10:24:16",509400
8520,90,200,"sd","10:24:16",509100
8530,100,700,"bu","10:24:09",508900
8530,100,300,"bu","10:24:09",508200
8530,100,500,"sd","10:23:25",507900
8530,100,6000,"sd","10:23:25",507400
8530,100,5000,"sd","10:23:25",501400
8530,100,700,"sd","10:23:25",496400
8540,110,5000,"sd","10:23:25",495700
8540,110,2500,"sd","10:23:25",490700
8550,120,500,"bu","10:23:21",488200
8540,110,1000,"sd","10:23:01",487700
8540,110,1500,"sd","10:22:36",486700
8540,110,2500,"sd","10:22:36",485200
8550,120,10000,"sd","10:21:33",482700
8550,120,2900,"sd","10:21:33",472700
8550,120,600,"sd","10:20:48",469800
8550,120,6300,"sd","10:20:34",469200
8550,120,200,"bu","10:20:11",462900
8550,120,4800,"bu","10:19:31",462700
8550,120,5400,"bu","10:19:31",457900
8550,120,500,"bu","10:18:51",452500
8550,120,500,"bu","10:18:13",452000
8550,120,800,"bu","10:17:39",451500
8550,120,800,"bu","10:17:30",450700
8550,120,3000,"bu","10:16:22",449900
8540,110,1000,"sd","10:15:46",446900
8550,120,500,"sd","10:14:05",445900
8550,120,100,"sd","10:13:37",445400
8550,120,2500,"bu","10:13:23",445300
8550,120,1900,"bu","10:13:23",442800
8550,120,3100,"bu","10:13:01",440900
8550,120,3900,"bu","10:13:01",437800
8540,110,600,"bu","10:12:29",433900
8540,110,100,"bu","10:12:29",433300
8540,110,800,"bu","10:12:29",433200
8530,100,400,"sd","10:12:25",432400
8530,100,1200,"sd","10:11:44",432000
8530,100,100,"sd","10:09:00",430800
8530,100,3000,"sd","10:08:30",430700
8530,100,5000,"sd","10:08:30",427700
8540,110,1000,"sd","10:07:40",422700
8540,110,1200,"sd","10:07:40",421700
8550,120,1100,"sd","10:07:06",420500
8550,120,200,"sd","10:07:06",419400
8550,120,4800,"sd","10:07:06",419200
8550,120,200,"bu","10:06:25",414400
8550,120,300,"bu","10:06:07",414200
8550,120,5000,"bu","10:06:07",413900
8550,120,2000,"bu","10:06:07",408900
8550,120,2700,"bu","10:06:07",406900
8550,120,300,"bu","10:06:06",404200
8550,120,100,"bu","10:01:26",403900
8550,120,500,"bu","10:00:28",403800
8550,120,1500,"bu","10:00:08",403300
8540,110,100,"sd","09:59:52",401800
8550,120,100,"bu","09:58:49",401700
8550,120,100,"bu","09:58:35",401600
8550,120,4500,"bu","09:57:35",401500
8540,110,1000,"bu","09:57:35",397000
8540,110,1500,"bu","09:57:35",396000
8540,110,500,"bu","09:57:20",394500
8540,110,500,"bu","09:57:20",394000
8540,110,700,"bu","09:56:18",393500
8540,110,300,"bu","09:54:28",392800
8530,100,2000,"sd","09:53:11",392500
8530,100,2000,"bu","09:52:59",390500
8520,90,700,"sd","09:51:54",388500
8520,90,2800,"sd","09:51:54",387800
8520,90,200,"sd","09:49:54",385000
8520,90,1800,"sd","09:48:31",384800
8530,100,100,"sd","09:48:31",383000
8540,110,100,"sd","09:48:31",382900
8550,120,200,"sd","09:48:20",382800
8550,120,200,"sd","09:48:14",382600
8550,120,9800,"sd","09:48:14",382400
8550,120,9700,"bu","09:47:32",372600
8550,120,100,"bu","09:47:32",362900
8550,120,1000,"sd","09:46:34",362800
8550,120,1000,"sd","09:46:34",361800
8550,120,1000,"sd","09:46:34",360800
8550,120,10000,"sd","09:46:34",359800
8550,120,10000,"sd","09:46:34",349800
8550,120,1900,"sd","09:46:34",339800
8560,130,500,"sd","09:46:16",337900
8560,130,300,"sd","09:46:16",337400
8560,130,10000,"sd","09:46:10",337100
8560,130,600,"sd","09:45:01",327100
8560,130,1000,"sd","09:45:01",326500
8560,130,400,"sd","09:45:01",325500
8560,130,2700,"sd","09:44:38",325100
8560,130,400,"sd","09:44:38",322400
8560,130,400,"sd","09:44:38",322000
8570,140,200,"bu","09:43:59",321600
8570,140,500,"bu","09:43:59",321400
8570,140,300,"bu","09:43:59",320900
8570,140,100,"bu","09:43:32",320600
8570,140,2500,"sd","09:43:16",320500
8570,140,2000,"sd","09:43:16",318000
8570,140,2100,"sd","09:43:16",316000
8570,140,500,"sd","09:43:05",313900
8580,150,2000,"bu","09:42:38",313400
8580,150,2700,"bu","09:42:16",311400
8570,140,2000,"sd","09:41:59",308700
8570,140,400,"sd","09:41:46",306700
8570,140,400,"sd","09:41:30",306300
8570,140,100,"bu","09:41:08",305900
8570,140,3000,"bu","09:41:08",305800
8570,140,1500,"bu","09:41:08",302800
8570,140,100,"bu","09:40:44",301300
8570,140,400,"bu","09:40:39",301200
8570,140,100,"bu","09:40:39",300800
8570,140,300,"bu","09:40:11",300700
8570,140,700,"bu","09:39:18",300400
8570,140,300,"bu","09:39:18",299700
8570,140,700,"bu","09:39:15",299400
8570,140,1000,"bu","09:39:15",298700
8570,140,300,"bu","09:39:15",297700
8570,140,4000,"bu","09:38:59",297400
8570,140,1000,"bu","09:38:34",293400
8570,140,4000,"bu","09:38:10",292400
8560,130,500,"sd","09:37:09",288400
8560,130,14500,"sd","09:37:09",287900
8560,130,3000,"sd","09:37:06",273400
8560,130,300,"sd","09:36:49",270400
8560,130,10400,"sd","09:36:46",270100
8560,130,2800,"sd","09:35:56",259700
8560,130,5000,"sd","09:35:56",256900
8560,130,2600,"sd","09:35:56",251900
8560,130,1000,"sd","09:35:56",249300
8560,130,8600,"sd","09:35:56",248300
8560,130,900,"sd","09:35:51",239700
8560,130,200,"sd","09:35:33",238800
8560,130,300,"sd","09:35:32",238600
8560,130,400,"sd","09:35:32",238300
8560,130,500,"sd","09:35:31",237900
8560,130,600,"sd","09:35:31",237400
8560,130,700,"sd","09:35:30",236800
8560,130,900,"sd","09:35:29",236100
8560,130,700,"sd","09:35:04",235200
8570,140,5000,"bu","09:34:56",234500
8560,130,4900,"sd","09:34:33",229500
8560,130,1300,"sd","09:34:25",224600
8570,140,100,"bu","09:32:47",223300
8570,140,2000,"sd","09:32:38",223200
8570,140,1600,"sd","09:32:38",221200
8570,140,500,"sd","09:32:08",219600
8570,140,400,"sd","09:32:03",219100
8570,140,1000,"sd","09:31:55",218700
8570,140,200,"sd","09:31:17",217700
8570,140,3000,"sd","09:31:07",217500
8570,140,3000,"sd","09:30:33",214500
8570,140,100,"sd","09:30:29",211500
8570,140,200,"sd","09:30:15",211400
8570,140,8700,"sd","09:30:15",211200
8570,140,300,"sd","09:30:15",202500
8570,140,1000,"sd","09:29:52",202200
8580,150,200,"sd","09:29:32",201200
8580,150,8000,"sd","09:29:21",201000
8580,150,1800,"bu","09:29:06",193000
8580,150,200,"sd","09:29:03",191200
8580,150,800,"sd","09:28:20",191000
8580,150,4200,"sd","09:28:20",190200
8580,150,900,"sd","09:28:15",186000
8580,150,2000,"sd","09:28:02",185100
8580,150,900,"sd","09:27:51",183100
8580,150,2000,"sd","09:27:45",182200
8580,150,48000,"sd","09:27:45",180200
8590,160,2000,"bu","09:27:38",132200
8590,160,1000,"bu","09:27:38",130200
8580,150,2000,"sd","09:27:15",129200
8590,160,9000,"sd","09:25:15",127200
8590,160,1000,"sd","09:25:02",118200
8580,150,200,"sd","09:24:07",117200
8580,150,1500,"sd","09:24:07",117000
8590,160,1100,"sd","09:24:07",115500
8590,160,200,"sd","09:23:14",114400
8590,160,8700,"sd","09:23:00",114200
8590,160,4000,"bu","09:22:53",105500
8590,160,1000,"bu","09:22:48",101500
8590,160,15000,"sd","09:22:39",100500
8590,160,500,"sd","09:22:39",85500
8590,160,800,"sd","09:22:39",85000
8590,160,200,"sd","09:22:34",84200
8590,160,800,"sd","09:22:34",84000
8590,160,200,"sd","09:22:19",83200
8590,160,2000,"sd","09:22:12",83000
8600,170,1400,"bu","09:22:11",81000
8600,170,100,"bu","09:22:11",79600
8600,170,500,"bu","09:22:11",79500
8590,160,300,"unknown","09:22:08",79000
8590,160,200,"unknown","09:22:08",78700
8590,160,1000,"unknown","09:22:08",78500
8590,160,1000,"unknown","09:22:08",77500
8590,160,500,"unknown","09:22:08",76500
8590,160,300,"bu","09:21:55",76000
8590,160,2500,"bu","09:21:55",75700
8580,150,200,"sd","09:21:28",73200
8580,150,2000,"sd","09:20:34",73000
8590,160,1400,"bu","09:20:02",71000
8590,160,1100,"bu","09:19:52",69600
8590,160,400,"bu","09:19:52",68500
8580,150,5000,"sd","09:19:26",68100
8580,150,600,"sd","09:19:06",63100
8580,150,500,"sd","09:18:53",62500
8580,150,800,"sd","09:18:44",62000
8580,150,200,"sd","09:18:43",61200
8580,150,100,"sd","09:18:21",61000
8590,160,100,"bu","09:18:20",60900
8590,160,1000,"bu","09:18:20",60800
8590,160,500,"bu","09:18:20",59800
8590,160,1000,"bu","09:18:20",59300
8590,160,100,"bu","09:18:20",58300
8580,150,200,"sd","09:18:18",58200
8590,160,900,"bu","09:18:15",58000
8590,160,1000,"bu","09:18:15",57100
8590,160,100,"bu","09:18:15",56100
8580,150,300,"sd","09:18:12",56000
8580,150,600,"sd","09:18:00",55700
8580,150,400,"sd","09:18:00",55100
8590,160,2000,"bu","09:17:08",54700
8580,150,100,"sd","09:16:57",52700
8580,150,500,"bu","09:16:54",52600
8580,150,100,"bu","09:16:54",52100
8580,150,1000,"bu","09:16:54",52000
8580,150,2900,"bu","09:16:54",51000
8580,150,500,"bu","09:16:54",48100
8560,130,1500,"bu","09:16:54",47600
8550,120,100,"sd","09:16:51",46100
8550,120,500,"sd","09:16:51",46000
8560,130,300,"bu","09:16:51",45500
8560,130,200,"bu","09:16:13",45200
8560,130,9800,"bu","09:16:13",45000
8560,130,9500,"sd","09:15:49",35200
8560,130,500,"bu","09:15:42",25700
8550,120,1000,"sd","09:15:08",25200
8550,120,500,"sd","09:15:08",24200
8580,150,23700,"bu","09:15:01",23700
