"price","change","match_qtty","side","time","total_vol"
44200,500,2300,"unknown","14:59:59",1072600
44200,500,4000,"bu","14:59:50",1070300
44200,500,100,"bu","14:59:49",1066300
44200,500,2800,"bu","14:59:48",1066200
44300,600,2000,"bu","14:59:38",1063400
44300,600,1100,"bu","14:59:31",1061400
44200,500,900,"bu","14:59:30",1060300
44200,500,300,"bu","14:59:27",1059400
44200,500,800,"sd","14:59:09",1059100
44400,700,2000,"bu","14:58:55",1058300
44200,500,11000,"sd","14:58:47",1056300
44300,600,300,"sd","14:58:43",1045300
44300,600,500,"sd","14:58:36",1045000
44200,500,5000,"sd","14:57:24",1044500
44100,400,3600,"sd","14:57:06",1039500
44200,500,400,"unknown","14:56:56",1035900
44100,400,5000,"sd","14:56:14",1035500
44200,500,800,"unknown","14:55:58",1030500
44200,500,10000,"sd","14:55:46",1029700
44300,600,3000,"bu","14:55:11",1019700
44400,700,2000,"unknown","14:54:55",1016700
44300,600,3000,"sd","14:54:44",1014700
44300,600,3000,"sd","14:54:14",1011700
44300,600,500,"sd","14:52:23",1008700
44300,600,500,"sd","14:52:19",1008200
44300,600,1000,"sd","14:51:26",1007700
44300,600,40800,"sd","14:50:47",1006700
44500,800,2500,"bu","14:50:31",965900
44500,800,400,"sd","14:50:16",963400
44500,800,9500,"sd","14:49:31",963000
44500,800,2000,"bu","14:49:23",953500
44500,800,300,"bu","14:49:15",951500
44500,800,100,"bu","14:48:12",951200
44500,800,1000,"bu","14:47:16",951100
44500,800,2100,"bu","14:46:39",950100
44500,800,200,"unknown","14:45:50",948000
44500,800,200,"bu","14:45:22",947800
44500,800,1500,"bu","14:44:14",947600
44500,800,1000,"bu","14:43:18",946100
44500,800,2100,"bu","14:42:51",945100
44800,1100,6000,"bu","14:41:29",943000
44500,800,900,"sd","14:40:54",937000
44500,800,2000,"bu","14:39:45",936100
44500,800,2300,"bu","14:38:54",934100
44500,800,2500,"sd","14:38:38",931800
44500,800,100,"sd","14:38:32",929300
44500,800,100,"sd","14:37:58",929200
44500,800,5000,"bu","14:37:50",929100
44400,700,200,"sd","14:37:16",924100
44500,800,100,"bu","14:36:48",923900
44500,800,3600,"bu","14:35:10",923800
44500,800,1400,"bu","14:34:51",920200
44500,800,1600,"bu","14:34:00",918800
44500,800,400,"bu","14:33:37",917200
44500,800,200,"bu","14:32:37",916800
44500,800,1000,"bu","14:32:03",916600
44500,800,1800,"sd","14:30:36",915600
44500,800,1200,"bu","14:30:30",913800
44400,700,15000,"sd","14:29:06",912600
44400,700,1600,"sd","14:28:50",897600
44400,700,500,"sd","14:28:24",896000
44400,700,100,"sd","14:28:16",895500
44400,700,500,"sd","14:27:59",895400
44400,700,300,"sd","14:27:56",894900
44400,700,3300,"sd","14:27:53",894600
44400,700,15000,"sd","14:26:46",891300
44400,700,1000,"sd","14:26:35",876300
44400,700,1000,"sd","14:26:29",875300
44400,700,2000,"sd","14:26:28",874300
44400,700,1000,"sd","14:26:20",872300
44500,800,5000,"sd","14:26:01",871300
44500,800,500,"sd","14:25:27",866300
44500,800,5000,"sd","14:25:19",865800
44500,800,1200,"sd","14:25:13",860800
44500,800,500,"sd","14:25:02",859600
44600,900,3200,"bu","14:24:38",859100
44600,900,1000,"sd","14:24:05",855900
44700,1000,1800,"sd","14:20:35",854900
44700,1000,200,"sd","14:20:23",853100
44700,1000,3000,"bu","14:19:50",852900
44600,900,1100,"sd","14:19:44",849900
44700,1000,1000,"bu","14:19:41",848800
44600,900,2000,"sd","14:17:34",847800
44700,1000,500,"bu","14:16:30",845800
44600,900,500,"sd","14:15:42",845300
44600,900,500,"sd","14:15:24",844800
44600,900,600,"sd","14:13:17",844300
44700,1000,1800,"bu","14:12:06",843700
44800,1100,2000,"bu","14:11:40",841900
44700,1000,100,"sd","14:11:35",839900
44700,1000,200,"sd","14:11:13",839800
44700,1000,2400,"sd","14:11:06",839600
44700,1000,300,"bu","14:10:52",837200
44700,1000,500,"bu","14:10:27",836900
44600,900,100,"sd","14:09:49",836400
44600,900,3400,"sd","14:08:41",836300
44600,900,100,"bu","14:06:33",832900
44600,900,1500,"bu","14:06:26",832800
44700,1000,1000,"bu","14:05:33",831300
44600,900,2200,"sd","14:05:04",830300
44600,900,1400,"bu","14:04:44",828100
44600,900,100,"bu","14:04:32",826700
44600,900,200,"bu","14:03:21",826600
44600,900,200,"bu","14:02:55",826400
44600,900,300,"bu","14:02:32",826200
44600,900,500,"bu","14:02:23",825900
44600,900,200,"bu","14:01:49",825400
44600,900,100,"bu","14:01:37",825200
44500,800,1000,"sd","14:00:52",825100
44500,800,2500,"bu","14:00:14",824100
44500,800,300,"bu","13:59:37",821600
44500,800,2200,"sd","13:59:36",821300
44500,800,1500,"bu","13:57:41",819100
44500,800,100,"bu","13:57:39",817600
44500,800,1000,"bu","13:57:34",817500
44400,700,600,"sd","13:56:54",816500
44400,700,200,"sd","13:56:10",815900
44400,700,15000,"sd","13:53:30",815700
44500,800,400,"bu","13:53:27",800700
44500,800,2000,"sd","13:52:43",800300
44500,800,5100,"bu","13:51:41",798300
44500,800,4900,"sd","13:50:33",793200
44600,900,100,"bu","13:50:32",788300
44600,900,300,"bu","13:50:03",788200
44600,900,100,"bu","13:48:28",787900
44600,900,1700,"bu","13:47:48",787800
44500,800,100,"sd","13:47:19",786100
44500,800,500,"unknown","13:46:32",786000
44400,700,500,"sd","13:45:45",785500
44500,800,2000,"bu","13:45:21",785000
44500,800,3000,"bu","13:44:10",783000
44600,900,400,"sd","13:43:18",780000
44600,900,500,"sd","13:43:11",779600
44700,1000,100,"bu","13:38:18",779100
44600,900,500,"sd","13:37:18",779000
44600,900,200,"bu","13:36:51",778500
44600,900,1800,"sd","13:36:21",778300
44600,900,1500,"bu","13:36:01",776500
44600,900,800,"sd","13:35:28",775000
44600,900,200,"sd","13:33:44",774200
44600,900,4500,"sd","13:33:31",774000
44500,800,300,"bu","13:32:40",769500
44500,800,1100,"sd","13:32:39",769200
44500,800,5000,"sd","13:32:23",768100
44500,800,1000,"sd","13:32:22",763100
44500,800,2500,"sd","13:31:59",762100
44500,800,1000,"sd","13:31:13",759600
44500,800,1400,"sd","13:30:39",758600
44500,800,800,"sd","13:30:32",757200
44500,800,2000,"sd","13:30:23",756400
44500,800,3500,"sd","13:29:26",754400
44700,1000,9800,"sd","13:29:25",750900
44500,800,500,"unknown","13:27:28",741100
44400,700,600,"sd","13:24:40",740600
44400,700,100,"sd","13:23:57",740000
44400,700,400,"sd","13:23:26",739900
44500,800,4500,"sd","13:23:09",739500
44500,800,400,"sd","13:22:46",735000
44500,800,400,"bu","13:22:08",734600
44500,800,100,"sd","13:22:07",734200
44500,800,400,"bu","13:21:19",734100
44500,800,200,"bu","13:21:10",733700
44500,800,3900,"sd","13:20:15",733500
44500,800,18200,"sd","13:19:55",729600
44600,900,200,"bu","13:19:42",711400
44600,900,100,"bu","13:19:22",711200
44600,900,200,"sd","13:18:57",711100
44600,900,5000,"sd","13:18:53",710900
44600,900,400,"sd","13:17:17",705900
44600,900,100,"sd","13:15:46",705500
44600,900,1100,"sd","13:15:03",705400
44600,900,200,"sd","13:14:30",704300
44700,1000,200,"bu","13:10:46",704100
44700,1000,7300,"bu","13:10:33",703900
44800,1100,1400,"bu","13:10:24",696600
44800,1100,600,"sd","13:08:47",695200
44900,1200,1000,"bu","13:07:53",694600
44800,1100,400,"sd","13:07:40",693600
44800,1100,200,"bu","13:07:17",693200
44800,1100,500,"bu","13:07:04",693000
44800,1100,700,"bu","13:06:08",692500
44800,1100,200,"bu","13:06:03",691800
44800,1100,400,"bu","13:05:41",691600
44600,900,2000,"sd","13:05:35",691200
44800,1100,1000,"bu","13:04:47",689200
44800,1100,200,"sd","13:03:51",688200
44800,1100,300,"sd","13:03:24",688000
44800,1100,500,"sd","13:02:37",687700
44600,900,500,"sd","13:01:23",687200
44600,900,4000,"bu","13:00:48",686700
44600,900,1400,"bu","13:00:10",682700
44600,900,900,"sd","13:00:03",681300
44900,1200,100,"bu","13:00:02",680400
44900,1200,100,"bu","11:28:36",680300
45000,1300,1000,"bu","11:25:54",680200
44900,1200,4000,"bu","11:25:36",679200
44500,800,700,"sd","11:25:27",675200
44500,800,1000,"bu","11:25:17",674500
44500,800,500,"bu","11:24:44",673500
44500,800,200,"bu","11:23:18",673000
44500,800,3000,"bu","11:22:23",672800
44500,800,200,"bu","11:18:47",669800
44500,800,1000,"bu","11:14:41",669600
44500,800,1000,"bu","11:14:26",668600
44500,800,600,"bu","11:13:13",667600
44500,800,4600,"bu","11:12:39",667000
44400,700,600,"sd","11:11:58",662400
44400,700,100,"sd","11:11:01",661800
44500,800,100,"bu","11:09:57",661700
44500,800,200,"bu","11:09:35",661600
44500,800,100,"sd","11:08:42",661400
44500,800,1000,"sd","11:08:05",661300
44500,800,5000,"sd","11:07:48",660300
44500,800,5000,"sd","11:07:28",655300
44600,900,1000,"bu","11:07:01",650300
44500,800,200,"sd","11:06:37",649300
44500,800,2500,"sd","11:05:39",649100
44600,900,200,"bu","11:05:22",646600
44600,900,200,"bu","11:05:13",646400
44600,900,300,"bu","11:04:33",646200
44600,900,200,"bu","11:04:32",645900
44600,900,200,"bu","11:04:09",645700
44600,900,2000,"sd","11:02:39",645500
44600,900,100,"bu","10:58:38",643500
44600,900,300,"bu","10:58:33",643400
44600,900,200,"bu","10:58:29",643100
44600,900,100,"bu","10:58:28",642900
44600,900,1000,"bu","10:58:26",642800
44600,900,200,"bu","10:58:23",641800
44600,900,100,"bu","10:58:13",641600
44600,900,200,"bu","10:57:42",641500
44600,900,1300,"sd","10:57:24",641300
44500,800,3100,"bu","10:56:09",640000
44500,800,500,"bu","10:55:48",636900
44500,800,200,"bu","10:55:31",636400
44500,800,400,"bu","10:54:55",636200
44500,800,200,"bu","10:54:29",635800
44500,800,500,"bu","10:54:06",635600
44400,700,500,"sd","10:54:05",635100
44500,800,3500,"bu","10:53:50",634600
44500,800,2000,"bu","10:53:23",631100
44500,800,200,"bu","10:52:28",629100
44500,800,100,"bu","10:52:27",628900
44500,800,100,"bu","10:51:40",628800
44500,800,2000,"bu","10:51:38",628700
44500,800,4900,"sd","10:50:42",626700
44500,800,5900,"bu","10:50:20",621800
44500,800,100,"bu","10:49:45",615900
44500,800,4000,"bu","10:49:13",615800
44500,800,1000,"bu","10:48:32",611800
44500,800,100,"bu","10:48:29",610800
44500,800,200,"bu","10:48:28",610700
44500,800,5000,"bu","10:47:46",610500
44500,800,600,"bu","10:47:13",605500
44500,800,1000,"bu","10:46:54",604900
44500,800,1000,"bu","10:46:49",603900
44500,800,1600,"bu","10:46:36",602900
44500,800,7800,"sd","10:46:11",601300
44500,800,1700,"bu","10:46:10",593500
44500,800,100,"bu","10:45:46",591800
44500,800,100,"bu","10:45:44",591700
44500,800,500,"bu","10:45:22",591600
44500,800,100,"bu","10:45:09",591100
44500,800,1000,"bu","10:44:46",591000
44500,800,100,"bu","10:44:44",590000
44400,700,2500,"sd","10:44:03",589900
44500,800,200,"bu","10:43:55",587400
44500,800,2500,"bu","10:43:33",587200
44500,800,4300,"sd","10:43:09",584700
44500,800,100,"sd","10:42:27",580400
44500,800,500,"bu","10:42:25",580300
44500,800,1000,"bu","10:41:57",579800
44500,800,3000,"bu","10:41:43",578800
44500,800,1000,"bu","10:41:37",575800
44500,800,3000,"bu","10:41:35",574800
44500,800,2000,"bu","10:41:34",571800
44500,800,200,"bu","10:41:30",569800
44500,800,300,"bu","10:40:52",569600
44500,800,3000,"bu","10:40:37",569300
44500,800,5900,"sd","10:40:29",566300
44500,800,30000,"sd","10:40:13",560400
44600,900,23000,"sd","10:39:57",530400
44800,1100,200,"bu","10:38:26",507400
44800,1100,200,"bu","10:36:24",507200
44800,1100,200,"bu","10:34:23",507000
44800,1100,100,"bu","10:33:38",506800
44800,1100,100,"bu","10:33:16",506700
44800,1100,100,"bu","10:32:21",506600
44700,1000,1000,"sd","10:31:44",506500
44700,1000,1800,"sd","10:31:13",505500
44700,1000,100,"sd","10:31:06",503700
44700,1000,1500,"sd","10:30:37",503600
44700,1000,200,"sd","10:29:30",502100
44700,1000,800,"sd","10:29:08",501900
44700,1000,3000,"sd","10:27:38",501100
44700,1000,200,"sd","10:27:10",498100
44700,1000,100,"sd","10:26:39",497900
44800,1100,200,"bu","10:26:21",497800
44800,1100,100,"bu","10:26:04",497600
44800,1100,100,"bu","10:25:49",497500
44800,1100,500,"bu","10:24:50",497400
44800,1100,3900,"bu","10:24:32",496900
44900,1200,200,"bu","10:24:22",493000
44800,1100,5700,"sd","10:24:21",492800
44900,1200,100,"bu","10:23:56",487100
44900,1200,200,"bu","10:22:20",487000
44900,1200,200,"bu","10:20:20",486800
44900,1200,2200,"bu","10:18:20",486600
44900,1200,100,"bu","10:17:35",484400
44900,1200,300,"bu","10:16:50",484300
44900,1200,200,"bu","10:16:20",484000
44900,1200,200,"bu","10:14:19",483800
44900,1200,2000,"bu","10:14:05",483600
44900,1200,5500,"bu","10:13:38",481600
44900,1200,500,"bu","10:12:24",476100
44900,1200,200,"bu","10:12:18",475600
44900,1200,100,"bu","10:12:01",475400
44900,1200,1000,"bu","10:11:42",475300
44900,1200,300,"bu","10:11:35",474300
44900,1200,200,"bu","10:10:17",474000
44900,1200,200,"bu","10:09:47",473800
44900,1200,400,"bu","10:09:31",473600
44900,1200,100,"bu","10:09:15",473200
44800,1100,5000,"sd","10:09:12",473100
44900,1200,1000,"bu","10:08:26",468100
44900,1200,200,"bu","10:08:16",467100
44900,1200,100,"bu","10:07:30",466900
44900,1200,100,"bu","10:07:23",466800
44900,1200,200,"bu","10:06:16",466700
44900,1200,100,"bu","10:05:55",466500
44800,1100,500,"sd","10:05:23",466400
44900,1200,2800,"sd","10:04:44",465900
44900,1200,2200,"sd","10:04:16",463100
44900,1200,200,"bu","10:04:15",460900
44900,1200,200,"bu","10:04:03",460700
44900,1200,100,"bu","10:03:09",460500
44900,1200,200,"sd","10:02:15",460400
44900,1200,1700,"bu","10:00:42",460200
44900,1200,200,"bu","10:00:14",458500
44900,1200,800,"bu","09:58:16",458300
44900,1200,200,"bu","09:58:15",457500
44900,1200,1000,"bu","09:58:02",457300
44900,1200,1100,"sd","09:57:48",456300
44900,1200,1000,"sd","09:57:16",455200
44900,1200,700,"sd","09:55:24",454200
44900,1200,400,"sd","09:54:51",453500
44900,1200,400,"sd","09:54:36",453100
44900,1200,800,"unknown","09:50:55",452700
44900,1200,200,"sd","09:50:38",451900
45000,1300,6100,"unknown","09:50:27",451700
44900,1200,800,"unknown","09:49:55",445600
44900,1200,2200,"bu","09:49:38",444800
45000,1300,1000,"bu","09:49:27",442600
45000,1300,100,"bu","09:49:13",441600
45000,1300,1300,"bu","09:48:41",441500
44900,1200,1000,"sd","09:48:31",440200
45000,1300,200,"bu","09:48:30",439200
44900,1200,100,"sd","09:48:18",439000
44900,1200,200,"unknown","09:47:32",438900
44900,1200,300,"bu","09:47:08",438700
44800,1100,2000,"sd","09:47:02",438400
44800,1100,100,"bu","09:46:10",436400
44800,1100,800,"bu","09:46:08",436300
44800,1100,1200,"bu","09:45:55",435500
44800,1100,200,"bu","09:45:44",434300
44800,1100,500,"bu","09:45:40",434100
44800,1100,100,"bu","09:45:32",433600
44800,1100,100,"bu","09:45:28",433500
44800,1100,100,"bu","09:45:21",433400
44800,1100,12700,"sd","09:44:28",433300
45000,1300,5000,"bu","09:44:25",420600
44900,1200,1600,"sd","09:44:19",415600
45000,1300,200,"bu","09:44:10",414000
45000,1300,6600,"sd","09:43:42",413800
45000,1300,500,"sd","09:43:28",407200
45000,1300,10300,"sd","09:43:13",406700
45000,1300,200,"sd","09:42:53",396400
45000,1300,300,"sd","09:42:52",396200
45000,1300,14800,"sd","09:42:49",395900
45000,1300,1800,"sd","09:42:46",381100
45000,1300,4000,"sd","09:42:29",379300
45000,1300,40000,"sd","09:42:01",375300
45200,1500,400,"bu","09:41:55",335300
45100,1400,1000,"sd","09:41:39",334900
45100,1400,1000,"sd","09:41:16",333900
45100,1400,400,"sd","09:40:29",332900
45100,1400,1600,"sd","09:39:57",332500
45100,1400,100,"sd","09:39:28",330900
45200,1500,2100,"sd","09:39:24",330800
45200,1500,1500,"sd","09:39:16",328700
45300,1600,1000,"bu","09:38:24",327200
45300,1600,200,"bu","09:38:09",326200
45300,1600,500,"bu","09:37:32",326000
45200,1500,1000,"sd","09:37:19",325500
45300,1600,100,"bu","09:36:48",324500
45300,1600,200,"bu","09:36:34",324400
45300,1600,200,"bu","09:36:25",324200
45300,1600,500,"bu","09:36:19",324000
45300,1600,600,"bu","09:36:14",323500
45300,1600,500,"bu","09:36:10",322900
45300,1600,200,"bu","09:36:08",322400
45300,1600,100,"bu","09:36:04",322200
45300,1600,2100,"bu","09:35:02",322100
45300,1600,1500,"sd","09:34:56",320000
45300,1600,500,"sd","09:34:48",318500
45300,1600,4000,"sd","09:34:27",318000
45300,1600,100,"bu","09:34:15",314000
45300,1600,700,"bu","09:34:12",313900
45400,1700,500,"bu","09:34:10",313200
45400,1700,200,"bu","09:34:07",312700
45400,1700,9400,"sd","09:33:49",312500
45500,1800,500,"bu","09:32:41",303100
45500,1800,100,"bu","09:32:39",302600
45500,1800,200,"bu","09:32:21",302500
45500,1800,1000,"bu","09:32:12",302300
45500,1800,200,"bu","09:32:06",301300
45500,1800,200,"bu","09:31:47",301100
45500,1800,200,"bu","09:31:42",300900
45600,1900,5000,"bu","09:31:21",300700
45400,1700,900,"sd","09:30:32",295700
45400,1700,100,"sd","09:30:18",294800
45400,1700,600,"sd","09:30:05",294700
45400,1700,4500,"sd","09:29:55",294100
45400,1700,500,"bu","09:29:28",289600
45400,1700,2000,"bu","09:29:19",289100
45200,1500,100,"sd","09:29:06",287100
45200,1500,2000,"sd","09:28:58",287000
45200,1500,1000,"sd","09:28:47",285000
45400,1700,400,"bu","09:28:22",284000
45400,1700,400,"sd","09:28:20",283600
45500,1800,200,"bu","09:28:07",283200
45500,1800,200,"bu","09:28:05",283000
45500,1800,3100,"bu","09:28:01",282800
45600,1900,200,"bu","09:27:52",279700
45600,1900,1900,"sd","09:27:43",279500
45600,1900,10000,"sd","09:27:27",277600
45600,1900,100,"sd","09:27:22",267600
45700,2000,200,"bu","09:26:05",267500
45700,2000,1000,"bu","09:24:31",267300
45600,1900,300,"sd","09:24:22",266300
45600,1900,400,"sd","09:23:40",266000
45700,2000,100,"bu","09:23:17",265600
45700,2000,1000,"bu","09:22:42",265500
45700,2000,2100,"bu","09:22:29",264500
45700,2000,1400,"bu","09:22:14",262400
45700,2000,100,"sd","09:22:08",261000
45700,2000,2000,"sd","09:22:07",260900
45700,2000,20000,"sd","09:22:04",258900
45700,2000,300,"sd","09:22:02",238900
45700,2000,400,"sd","09:21:38",238600
45800,2100,500,"bu","09:21:37",238200
45700,2000,2000,"sd","09:21:07",237700
45700,2000,500,"sd","09:20:59",235700
45800,2100,1000,"bu","09:20:39",235200
45800,2100,2000,"bu","09:20:25",234200
45800,2100,300,"bu","09:20:14",232200
45800,2100,1700,"sd","09:20:05",231900
45800,2100,100,"sd","09:20:02",230200
45800,2100,2000,"sd","09:19:51",230100
45800,2100,100,"sd","09:19:31",228100
45800,2100,7300,"bu","09:19:13",228000
45700,2000,500,"sd","09:19:08",220700
45800,2100,1000,"bu","09:19:04",220200
45700,2000,400,"sd","09:18:53",219200
45700,2000,900,"sd","09:18:23",218800
45800,2100,500,"bu","09:18:18",217900
45800,2100,5000,"sd","09:18:17",217400
45800,2100,200,"sd","09:18:15",212400
45800,2100,5000,"sd","09:18:05",212200
45800,2100,1000,"sd","09:18:01",207200
45800,2100,200,"sd","09:17:55",206200
45800,2100,700,"sd","09:17:52",206000
45800,2100,600,"bu","09:17:40",205300
45800,2100,200,"bu","09:17:31",204700
45900,2200,100,"sd","09:17:13",204500
45900,2200,5000,"sd","09:17:07",204400
45900,2200,600,"sd","09:17:01",199400
45900,2200,1100,"sd","09:17:00",198800
45900,2200,2200,"bu","09:16:58",197700
45900,2200,1500,"sd","09:16:27",195500
46000,2300,2900,"bu","09:16:26",194000
45900,2200,1000,"sd","09:16:21",191100
45900,2200,1500,"sd","09:16:17",190100
45900,2200,200,"sd","09:16:15",188600
45900,2200,5000,"sd","09:16:02",188400
45900,2200,3000,"sd","09:16:01",183400
45900,2200,1500,"sd","09:15:56",180400
45900,2200,5000,"sd","09:15:50",178900
45900,2200,200,"sd","09:15:49",173900
45900,2200,700,"sd","09:15:41",173700
45900,2200,1000,"sd","09:15:38",173000
45900,2200,3000,"sd","09:15:25",172000
45900,2200,2000,"sd","09:15:04",169000
45900,2200,5000,"sd","09:15:03",167000
45900,2200,100,"sd","09:14:53",162000
45900,2200,1000,"sd","09:14:42",161900
45900,2200,1600,"bu","09:14:27",160900
45900,2200,500,"bu","09:14:24",159300
45900,2200,100,"bu","09:14:20",158800
45900,2200,2200,"bu","09:14:13",158700
45900,2200,100,"bu","09:14:11",156500
45900,2200,500,"bu","09:14:04",156400
46000,2300,2400,"bu","09:14:03",155900
46000,2300,2600,"sd","09:13:58",153500
45900,2200,7900,"sd","09:13:53",150900
45900,2200,1200,"sd","09:13:42",143000
46000,2300,20000,"bu","09:13:41",141800
46000,2300,3500,"bu","09:13:39",121800
45900,2200,200,"sd","09:13:33",118300
46000,2300,2000,"bu","09:13:32",118100
46000,2300,1000,"bu","09:13:24",116100
45900,2200,1000,"sd","09:13:23",115100
46000,2300,500,"bu","09:13:18",114100
45900,2200,4700,"sd","09:13:15",113600
45900,2200,300,"bu","09:13:13",108900
46000,2300,3100,"bu","09:11:50",108600
46000,2300,30000,"bu","09:11:41",105500
45800,2100,300,"bu","09:11:36",75500
45800,2100,10000,"bu","09:11:16",75200
45600,1900,500,"bu","09:10:58",65200
45500,1800,3000,"sd","09:10:54",64700
45600,1900,700,"bu","09:10:49",61700
45600,1900,100,"sd","09:10:37",61000
45600,1900,1900,"bu","09:10:35",60900
45600,1900,1000,"bu","09:10:27",59000
45600,1900,1000,"bu","09:10:21",58000
45500,1800,100,"sd","09:10:20",57000
45600,1900,200,"bu","09:10:07",56900
45600,1900,700,"bu","09:09:56",56700
45500,1800,700,"sd","09:09:48",56000
45500,1800,200,"bu","09:09:43",55300
45500,1800,5000,"bu","09:09:31",55100
45500,1800,1200,"bu","09:09:17",50100
45600,1900,500,"bu","09:08:58",48900
45500,1800,8800,"sd","09:08:38",48400
45200,1500,3300,"sd","09:08:16",39600
45100,1400,100,"sd","09:08:10",36300
45100,1400,3000,"sd","09:08:09",36200
45100,1400,1300,"bu","09:08:08",33200
45000,1300,200,"sd","09:07:59",31900
45000,1300,1000,"sd","09:07:57",31700
45000,1300,300,"sd","09:07:20",30700
45000,1300,400,"sd","09:06:10",30400
45000,1300,600,"bu","09:05:57",30000
45000,1300,400,"bu","09:05:55",29400
45000,1300,200,"sd","09:05:49",29000
45000,1300,2000,"sd","09:05:43",28800
45000,1300,2000,"sd","09:05:40",26800
45000,1300,1000,"sd","09:05:23",24800
45000,1300,500,"sd","09:05:22",23800
45000,1300,1000,"sd","09:05:21",23300
45000,1300,200,"sd","09:05:15",22300
45000,1300,1000,"sd","09:04:52",22100
45000,1300,7100,"bu","09:02:46",21100
45000,1300,1000,"bu","09:02:35",14000
45000,1300,1000,"bu","09:02:27",13000
45000,1300,200,"bu","09:02:17",12000
45000,1300,6000,"bu","09:02:15",11800
45000,1300,1100,"bu","09:00:47",5800
44800,1100,600,"bu","09:00:35",4700
45000,1300,500,"bu","09:00:23",4100
45000,1300,2000,"bu","09:00:16",3600
45000,1300,1600,"bu","09:00:11",1600
