"price","change","match_qtty","side","time","total_vol"
16600,400,1000,"bu","15:00:01",10064500
16600,400,1100,"bu","14:59:58",10063500
16600,400,15000,"bu","14:59:53",10062400
16600,400,2000,"bu","14:59:44",10047400
16600,400,5700,"bu","14:59:32",10045400
16600,400,500,"bu","14:59:19",10039700
16500,300,300,"sd","14:59:18",10039200
16600,400,300,"bu","14:58:52",10038900
16600,400,2000,"bu","14:58:47",10038600
16600,400,200,"bu","14:58:39",10036600
16500,300,300,"sd","14:58:26",10036400
16600,400,3000,"bu","14:58:07",10036100
16600,400,46600,"bu","14:57:49",10033100
16600,400,1000,"sd","14:57:31",9986500
16600,400,3000,"sd","14:57:27",9985500
16600,400,1000,"sd","14:57:26",9982500
16600,400,300,"sd","14:57:24",9981500
16600,400,100,"sd","14:57:06",9981200
16600,400,1000,"sd","14:56:51",9981100
16600,400,500,"sd","14:56:41",9980100
16600,400,1000,"sd","14:56:21",9979600
16600,400,2000,"sd","14:56:17",9978600
16600,400,2000,"sd","14:56:16",9976600
16600,400,20000,"sd","14:56:06",9974600
16600,400,1300,"sd","14:56:05",9954600
16600,400,500,"sd","14:56:03",9953300
16600,400,5000,"sd","14:56:02",9952800
16600,400,2000,"sd","14:56:01",9947800
16600,400,2000,"sd","14:55:59",9945800
16600,400,3000,"sd","14:55:51",9943800
16600,400,1000,"sd","14:55:42",9940800
16600,400,5000,"sd","14:55:30",9939800
16600,400,1000,"sd","14:55:27",9934800
16600,400,30000,"sd","14:55:17",9933800
16600,400,2000,"sd","14:55:14",9903800
16600,400,3500,"sd","14:55:11",9901800
16600,400,100,"sd","14:55:01",9898300
16600,400,300,"sd","14:55:00",9898200
16600,400,3000,"sd","14:54:54",9897900
16600,400,1000,"sd","14:54:51",9894900
16600,400,4000,"sd","14:54:49",9893900
16600,400,2000,"sd","14:54:42",9889900
16600,400,3000,"sd","14:54:37",9887900
16600,400,500,"sd","14:54:36",9884900
16600,400,5000,"sd","14:54:25",9884400
16600,400,100,"sd","14:54:22",9879400
16600,400,5000,"sd","14:54:15",9879300
16600,400,100,"sd","14:54:11",9874300
16600,400,1000,"sd","14:54:03",9874200
16700,500,100,"bu","14:53:54",9873200
16600,400,500,"sd","14:53:52",9873100
16600,400,60000,"sd","14:53:48",9872600
16600,400,3000,"sd","14:53:46",9812600
16600,400,10000,"sd","14:53:32",9809600
16600,400,200,"sd","14:53:28",9799600
16700,500,1000,"bu","14:53:26",9799400
16700,500,100,"bu","14:53:24",9798400
16600,400,1000,"sd","14:53:11",9798300
16600,400,3000,"sd","14:53:02",9797300
16700,500,100,"bu","14:52:52",9794300
16600,400,2000,"sd","14:52:51",9794200
16600,400,2000,"sd","14:52:35",9792200
16600,400,20000,"sd","14:52:31",9790200
16700,500,100,"bu","14:52:27",9770200
16600,400,100,"sd","14:52:23",9770100
16600,400,500,"sd","14:52:10",9770000
16600,400,100,"sd","14:52:03",9769500
16600,400,25200,"bu","14:51:54",9769400
16600,400,1100,"bu","14:51:43",9744200
16600,400,1000,"bu","14:51:38",9743100
16600,400,500,"bu","14:51:16",9742100
16600,400,500,"sd","14:51:15",9741600
16600,400,40000,"sd","14:51:14",9741100
16600,400,100,"sd","14:50:55",9701100
16600,400,1000,"sd","14:50:36",9701000
16600,400,100,"sd","14:50:21",9700000
16600,400,1000,"sd","14:50:16",9699900
16600,400,2600,"sd","14:50:11",9698900
16600,400,7900,"sd","14:50:03",9696300
16600,400,2600,"sd","14:50:01",9688400
16600,400,500,"bu","14:49:49",9685800
16600,400,1700,"bu","14:49:44",9685300
16600,400,10000,"bu","14:49:42",9683600
16600,400,30000,"bu","14:49:39",9673600
16600,400,1400,"bu","14:49:36",9643600
16600,400,500,"bu","14:49:33",9642200
16600,400,1000,"bu","14:49:30",9641700
16600,400,2000,"bu","14:49:29",9640700
16600,400,1300,"bu","14:49:23",9638700
16600,400,800,"bu","14:49:21",9637400
16600,400,6900,"bu","14:49:19",9636600
16600,400,5000,"bu","14:49:17",9629700
16600,400,500,"bu","14:49:16",9624700
16600,400,25000,"bu","14:49:15",9624200
16600,400,7000,"bu","14:49:12",9599200
16600,400,20000,"bu","14:49:11",9592200
16600,400,32000,"bu","14:49:08",9572200
16600,400,5000,"bu","14:49:02",9540200
16600,400,1000,"bu","14:48:59",9535200
16600,400,32600,"bu","14:48:56",9534200
16600,400,9400,"bu","14:48:55",9501600
16600,400,3000,"bu","14:48:52",9492200
16600,400,6600,"bu","14:48:46",9489200
16600,400,20000,"bu","14:48:40",9482600
16600,400,200100,"bu","14:48:36",9462600
16600,400,5800,"bu","14:48:34",9262500
16600,400,20000,"bu","14:48:32",9256700
16500,300,81500,"sd","14:48:30",9236700
16600,400,30000,"bu","14:48:29",9155200
16600,400,10000,"bu","14:48:17",9125200
16600,400,2000,"bu","14:48:16",9115200
16600,400,20000,"bu","14:48:14",9113200
16600,400,3700,"bu","14:47:56",9093200
16500,300,1000,"sd","14:47:48",9089500
16600,400,1000,"bu","14:47:46",9088500
16500,300,100,"sd","14:47:22",9087500
16600,400,100,"bu","14:47:20",9087400
16600,400,5000,"bu","14:46:35",9087300
16600,400,100,"bu","14:46:12",9082300
16600,400,20000,"bu","14:46:08",9082200
16600,400,30000,"bu","14:46:07",9062200
16600,400,20000,"bu","14:45:54",9032200
16500,300,200,"sd","14:45:25",9012200
16500,300,1500,"sd","14:44:53",9012000
16500,300,12600,"sd","14:44:51",9010500
16500,300,100,"sd","14:44:15",8997900
16500,300,900,"sd","14:44:11",8997800
16500,300,100,"sd","14:44:10",8996900
16500,300,400,"sd","14:44:00",8996800
16500,300,300,"sd","14:43:25",8996400
16600,400,400,"bu","14:43:11",8996100
16500,300,300,"sd","14:43:01",8995700
16500,300,500,"sd","14:42:45",8995400
16600,400,1000,"bu","14:42:35",8994900
16500,300,2000,"sd","14:41:44",8993900
16500,300,300,"sd","14:41:39",8991900
16500,300,1300,"sd","14:41:26",8991600
16500,300,1000,"sd","14:41:17",8990300
16500,300,1000,"sd","14:41:16",8989300
16500,300,1000,"sd","14:40:38",8988300
16500,300,500,"sd","14:40:20",8987300
16500,300,200,"sd","14:40:14",8986800
16500,300,300,"sd","14:38:53",8986600
16500,300,30000,"sd","14:38:35",8986300
16500,300,200,"sd","14:38:18",8956300
16500,300,100,"sd","14:38:14",8956100
16500,300,1600,"sd","14:38:09",8956000
16500,300,1000,"sd","14:37:54",8954400
16500,300,4000,"sd","14:37:49",8953400
16500,300,2000,"sd","14:36:34",8949400
16500,300,500,"sd","14:36:29",8947400
16500,300,200,"sd","14:36:00",8946900
16600,400,300,"bu","14:35:19",8946700
16500,300,200,"sd","14:35:01",8946400
16600,400,1000,"bu","14:34:57",8946200
16500,300,200,"sd","14:34:53",8945200
16500,300,200,"sd","14:34:17",8945000
16500,300,700,"sd","14:34:11",8944800
16500,300,600,"sd","14:34:10",8944100
16500,300,100,"bu","14:34:04",8943500
16500,300,500,"bu","14:33:54",8943400
16500,300,8800,"bu","14:33:28",8942900
16500,300,1000,"sd","14:33:21",8934100
16500,300,300,"sd","14:33:08",8933100
16500,300,5000,"sd","14:33:02",8932800
16500,300,9700,"sd","14:32:57",8927800
16500,300,500,"sd","14:32:47",8918100
16500,300,4000,"sd","14:32:37",8917600
16500,300,500,"sd","14:32:34",8913600
16500,300,600,"sd","14:32:29",8913100
16500,300,3500,"sd","14:32:14",8912500
16600,400,100,"bu","14:32:08",8909000
16500,300,300,"sd","14:32:05",8908900
16500,300,100100,"sd","14:31:49",8908600
16500,300,100,"sd","14:31:43",8808500
16500,300,500,"sd","14:31:40",8808400
16500,300,100,"sd","14:31:21",8807900
16500,300,500,"sd","14:31:04",8807800
16600,400,2000,"bu","14:30:44",8807300
16500,300,500,"sd","14:30:43",8805300
16500,300,1000,"sd","14:30:36",8804800
16500,300,400,"sd","14:30:31",8803800
16500,300,2100,"sd","14:29:54",8803400
16500,300,2000,"sd","14:29:51",8801300
16500,300,2000,"sd","14:29:34",8799300
16500,300,1000,"sd","14:29:28",8797300
16500,300,1000,"sd","14:29:06",8796300
16600,400,300,"bu","14:28:54",8795300
16600,400,1600,"bu","14:28:45",8795000
16600,400,3000,"bu","14:28:33",8793400
16600,400,500,"bu","14:28:24",8790400
16600,400,3000,"bu","14:28:02",8789900
16600,400,1000,"bu","14:27:59",8786900
16600,400,100,"bu","14:27:19",8785900
16500,300,400,"sd","14:27:18",8785800
16500,300,20000,"sd","14:26:10",8785400
16500,300,100,"sd","14:25:29",8765400
16500,300,1000,"sd","14:25:25",8765300
16500,300,100,"sd","14:24:46",8764300
16500,300,1000,"sd","14:24:39",8764200
16500,300,100,"sd","14:24:36",8763200
16500,300,5000,"sd","14:24:33",8763100
16500,300,200,"sd","14:24:26",8758100
16500,300,2000,"sd","14:24:03",8757900
16500,300,20000,"sd","14:23:55",8755900
16500,300,6900,"sd","14:23:21",8735900
16500,300,500,"sd","14:23:14",8729000
16500,300,1500,"sd","14:23:06",8728500
16500,300,1000,"sd","14:23:05",8727000
16500,300,80800,"sd","14:22:58",8726000
16500,300,200,"bu","14:22:57",8645200
16500,300,200,"bu","14:22:51",8645000
16500,300,1000,"bu","14:22:49",8644800
16500,300,100,"bu","14:22:46",8643800
16500,300,500,"bu","14:22:41",8643700
16500,300,10000,"bu","14:22:38",8643200
16500,300,300,"bu","14:22:37",8633200
16500,300,1000,"bu","14:22:36",8632900
16500,300,20000,"bu","14:22:32",8631900
16500,300,5000,"bu","14:22:18",8611900
16500,300,100,"bu","14:21:56",8606900
16500,300,1800,"bu","14:21:51",8606800
16500,300,100,"bu","14:21:50",8605000
16500,300,1100,"bu","14:21:47",8604900
16500,300,10000,"bu","14:21:31",8603800
16500,300,100,"bu","14:21:17",8593800
16500,300,1000,"bu","14:21:16",8593700
16500,300,6400,"sd","14:20:59",8592700
16500,300,7500,"sd","14:20:52",8586300
16500,300,100,"sd","14:20:47",8578800
16500,300,800,"sd","14:20:26",8578700
16500,300,1500,"sd","14:20:16",8577900
16500,300,200,"sd","14:20:10",8576400
16500,300,5000,"sd","14:20:08",8576200
16500,300,1700,"sd","14:20:07",8571200
16500,300,1000,"sd","14:19:59",8569500
16500,300,5100,"sd","14:19:49",8568500
16500,300,16100,"sd","14:19:41",8563400
16500,300,2000,"sd","14:19:40",8547300
16500,300,500,"sd","14:19:36",8545300
16500,300,200,"sd","14:19:24",8544800
16500,300,1000,"sd","14:19:21",8544600
16500,300,1500,"sd","14:19:00",8543600
16500,300,700,"bu","14:18:59",8542100
16500,300,3600,"bu","14:18:51",8541400
16500,300,5000,"sd","14:18:44",8537800
16500,300,500,"sd","14:18:29",8532800
16500,300,1500,"sd","14:18:28",8532300
16500,300,2900,"bu","14:18:27",8530800
16500,300,300,"bu","14:18:21",8527900
16500,300,100,"bu","14:18:19",8527600
16500,300,300,"bu","14:18:16",8527500
16500,300,1000,"bu","14:18:13",8527200
16500,300,5000,"bu","14:18:09",8526200
16500,300,1000,"bu","14:18:08",8521200
16500,300,500,"bu","14:18:06",8520200
16500,300,1400,"bu","14:18:04",8519700
16400,200,10000,"sd","14:18:01",8518300
16500,300,7700,"bu","14:17:59",8508300
16500,300,1800,"bu","14:17:57",8500600
16500,300,300,"bu","14:17:44",8498800
16500,300,200,"bu","14:17:40",8498500
16500,300,1000,"bu","14:17:33",8498300
16500,300,2000,"bu","14:17:30",8497300
16500,300,500,"bu","14:17:29",8495300
16500,300,500,"bu","14:17:27",8494800
16500,300,200,"bu","14:17:21",8494300
16500,300,400,"bu","14:17:17",8494100
16500,300,100,"bu","14:17:15",8493700
16500,300,700,"bu","14:17:14",8493600
16500,300,600,"bu","14:17:11",8492900
16500,300,400,"bu","14:17:06",8492300
16500,300,5000,"bu","14:17:01",8491900
16500,300,2400,"bu","14:16:57",8486900
16500,300,20000,"bu","14:16:52",8484500
16500,300,200,"bu","14:16:44",8464500
16500,300,2000,"bu","14:16:41",8464300
16500,300,3600,"bu","14:16:40",8462300
16500,300,3300,"bu","14:16:38",8458700
16500,300,2000,"bu","14:16:22",8455400
16500,300,20000,"bu","14:16:20",8453400
16500,300,2200,"bu","14:16:19",8433400
16500,300,5000,"bu","14:16:11",8431200
16500,300,300,"bu","14:16:08",8426200
16500,300,100,"bu","14:16:07",8425900
16500,300,100,"bu","14:16:05",8425800
16500,300,13000,"bu","14:16:03",8425700
16500,300,300,"bu","14:16:00",8412700
16500,300,1000,"bu","14:15:56",8412400
16500,300,50000,"bu","14:15:49",8411400
16400,200,100,"sd","14:15:47",8361400
16500,300,10000,"bu","14:15:44",8361300
16500,300,1000,"bu","14:15:38",8351300
16500,300,1000,"bu","14:15:29",8350300
16500,300,5000,"bu","14:15:26",8349300
16500,300,2000,"bu","14:15:22",8344300
16500,300,300,"bu","14:15:20",8342300
16500,300,10000,"bu","14:15:14",8342000
16500,300,2700,"bu","14:15:11",8332000
16500,300,3800,"bu","14:15:04",8329300
16500,300,700,"bu","14:14:45",8325500
16500,300,13000,"bu","14:14:37",8324800
16500,300,100,"bu","14:14:17",8311800
16500,300,100,"bu","14:14:03",8311700
16500,300,2000,"bu","14:13:11",8311600
16500,300,2000,"bu","14:12:36",8309600
16400,200,500,"sd","14:12:31",8307600
16400,200,900,"sd","14:11:10",8307100
16400,200,2000,"sd","14:11:04",8306200
16500,300,2400,"bu","14:11:03",8304200
16400,200,300,"sd","14:10:46",8301800
16400,200,100,"sd","14:10:37",8301500
16500,300,500,"bu","14:10:35",8301400
16500,300,700,"bu","14:10:32",8300900
16500,300,500,"bu","14:10:24",8300200
16500,300,1100,"bu","14:10:03",8299700
16400,200,500,"sd","14:09:50",8298600
16400,200,10000,"sd","14:09:49",8298100
16400,200,5000,"sd","14:09:33",8288100
16400,200,100,"sd","14:09:20",8283100
16400,200,2000,"sd","14:09:16",8283000
16400,200,200,"sd","14:09:11",8281000
16400,200,3000,"sd","14:08:54",8280800
16400,200,1000,"sd","14:08:46",8277800
16400,200,1000,"sd","14:08:36",8276800
16400,200,400,"sd","14:08:21",8275800
16400,200,2000,"sd","14:08:19",8275400
16500,300,1000,"bu","14:08:11",8273400
16500,300,300,"bu","14:08:08",8272400
16500,300,1000,"bu","14:07:55",8272100
16500,300,200,"bu","14:07:49",8271100
16500,300,200,"bu","14:07:35",8270900
16400,200,3000,"sd","14:07:31",8270700
16400,200,1500,"sd","14:07:29",8267700
16400,200,1800,"sd","14:07:21",8266200
16400,200,200,"sd","14:06:58",8264400
16400,200,100,"sd","14:06:47",8264200
16500,300,1000,"bu","14:06:32",8264100
16400,200,200,"sd","14:06:30",8263100
16400,200,500,"sd","14:06:07",8262900
16400,200,2300,"sd","14:05:54",8262400
16400,200,200,"sd","14:05:51",8260100
16400,200,7000,"sd","14:05:34",8259900
16400,200,300,"sd","14:05:20",8252900
16500,300,200,"bu","14:05:14",8252600
16500,300,10000,"bu","14:05:12",8252400
16400,200,3000,"sd","14:04:54",8242400
16400,200,1000,"sd","14:04:43",8239400
16400,200,200,"sd","14:04:39",8238400
16400,200,400,"sd","14:04:33",8238200
16400,200,500,"sd","14:04:32",8237800
16400,200,10000,"sd","14:04:28",8237300
16400,200,1200,"sd","14:04:24",8227300
16400,200,500,"sd","14:03:55",8226100
16400,200,10000,"sd","14:03:50",8225600
16400,200,4000,"sd","14:03:49",8215600
16400,200,500,"sd","14:03:43",8211600
16400,200,300,"sd","14:03:31",8211100
16400,200,1000,"sd","14:03:30",8210800
16400,200,8100,"sd","14:03:23",8209800
16400,200,300,"sd","14:03:13",8201700
16400,200,100,"sd","14:03:12",8201400
16400,200,500,"sd","14:02:54",8201300
16400,200,500,"sd","14:02:53",8200800
16400,200,6300,"sd","14:02:51",8200300
16400,200,1900,"sd","14:02:50",8194000
16400,200,1100,"sd","14:02:49",8192100
16400,200,200,"sd","14:02:38",8191000
16400,200,100,"sd","14:02:31",8190800
16400,200,15000,"sd","14:02:16",8190700
16400,200,1000,"sd","14:02:13",8175700
16400,200,5000,"sd","14:02:12",8174700
16400,200,6500,"sd","14:02:10",8169700
16400,200,21100,"sd","14:02:06",8163200
16400,200,1000,"sd","14:02:03",8142100
16400,200,1000,"sd","14:01:57",8141100
16400,200,100,"sd","14:01:44",8140100
16500,300,16000,"bu","14:01:28",8140000
16400,200,800,"sd","14:01:17",8124000
16400,200,30000,"sd","14:01:10",8123200
16400,200,100,"sd","14:01:02",8093200
16400,200,500,"sd","14:00:58",8093100
16400,200,500,"sd","14:00:52",8092600
16500,300,200,"bu","14:00:09",8092100
16500,300,1000,"bu","14:00:03",8091900
16500,300,200,"bu","13:58:38",8090900
16500,300,200,"bu","13:58:35",8090700
16500,300,112900,"bu","13:58:34",8090500
16500,300,8000,"sd","13:58:32",7977600
16500,300,1900,"sd","13:58:29",7969600
16500,300,600,"sd","13:58:27",7967700
16500,300,1000,"sd","13:58:25",7967100
16500,300,30000,"sd","13:58:24",7966100
16500,300,2000,"sd","13:58:14",7936100
16500,300,2000,"sd","13:58:12",7934100
16500,300,1900,"sd","13:58:10",7932100
16500,300,2000,"sd","13:58:09",7930200
16500,300,2100,"sd","13:58:08",7928200
16500,300,500,"sd","13:57:59",7926100
16500,300,5000,"sd","13:57:57",7925600
16500,300,500,"sd","13:57:42",7920600
16500,300,16800,"sd","13:57:41",7920100
16500,300,1000,"sd","13:57:30",7903300
16500,300,200,"sd","13:57:29",7902300
16500,300,5000,"sd","13:57:26",7902100
16600,400,200,"bu","13:57:23",7897100
16500,300,3200,"sd","13:57:21",7896900
16500,300,5200,"sd","13:57:15",7893700
16500,300,1000,"sd","13:57:12",7888500
16500,300,200,"sd","13:56:58",7887500
16500,300,1000,"sd","13:56:54",7887300
16500,300,500,"sd","13:56:48",7886300
16500,300,10000,"sd","13:56:47",7885800
16500,300,3000,"sd","13:56:32",7875800
16500,300,1000,"sd","13:56:30",7872800
16500,300,1000,"sd","13:56:28",7871800
16500,300,200,"sd","13:56:21",7870800
16500,300,100,"sd","13:56:20",7870600
16500,300,13600,"sd","13:56:14",7870500
16500,300,1000,"sd","13:56:09",7856900
16500,300,500,"sd","13:55:55",7855900
16500,300,500,"sd","13:55:40",7855400
16500,300,500,"sd","13:55:24",7854900
16600,400,100,"bu","13:55:18",7854400
16500,300,1000,"sd","13:55:09",7854300
16600,400,100,"bu","13:55:07",7853300
16500,300,7000,"sd","13:55:04",7853200
16500,300,500,"sd","13:55:03",7846200
16500,300,3000,"sd","13:54:58",7845700
16500,300,5000,"sd","13:54:54",7842700
16500,300,500,"sd","13:54:50",7837700
16500,300,1000,"sd","13:54:46",7837200
16500,300,9700,"sd","13:54:39",7836200
16500,300,5300,"sd","13:54:33",7826500
16500,300,100,"sd","13:54:09",7821200
16500,300,2800,"sd","13:54:08",7821100
16500,300,2000,"sd","13:54:06",7818300
16500,300,25300,"sd","13:54:00",7816300
16500,300,8300,"sd","13:53:39",7791000
16500,300,10000,"sd","13:53:34",7782700
16500,300,5400,"sd","13:53:27",7772700
16500,300,500,"sd","13:53:10",7767300
16500,300,10000,"sd","13:53:09",7766800
16500,300,1000,"sd","13:52:58",7756800
16500,300,3800,"sd","13:52:56",7755800
16500,300,1000,"sd","13:52:52",7752000
16500,300,20000,"sd","13:52:51",7751000
16500,300,200,"sd","13:52:49",7731000
16500,300,4000,"sd","13:52:45",7730800
16500,300,5000,"sd","13:52:43",7726800
16500,300,700,"sd","13:52:42",7721800
16500,300,100,"sd","13:52:39",7721100
16500,300,10000,"sd","13:52:33",7721000
16500,300,7200,"sd","13:52:30",7711000
16500,300,300,"sd","13:52:28",7703800
16500,300,100,"sd","13:52:11",7703500
16500,300,10000,"sd","13:52:08",7703400
16500,300,2000,"sd","13:51:55",7693400
16500,300,1000,"sd","13:51:52",7691400
16500,300,4800,"sd","13:51:33",7690400
16500,300,4800,"sd","13:51:17",7685600
16500,300,1000,"sd","13:51:16",7680800
16500,300,100,"sd","13:50:54",7679800
16500,300,1000,"sd","13:50:42",7679700
16500,300,1500,"sd","13:50:40",7678700
16500,300,18600,"sd","13:50:38",7677200
16500,300,200,"sd","13:50:31",7658600
16500,300,100,"sd","13:50:23",7658400
16500,300,100,"sd","13:50:16",7658300
16500,300,1300,"sd","13:49:44",7658200
16500,300,6000,"sd","13:49:13",7656900
16500,300,5000,"sd","13:49:10",7650900
16500,300,200,"sd","13:49:08",7645900
16500,300,5000,"sd","13:48:48",7645700
16500,300,10000,"sd","13:48:46",7640700
16500,300,100,"sd","13:48:39",7630700
16500,300,100,"sd","13:48:33",7630600
16500,300,4200,"sd","13:48:17",7630500
16500,300,3000,"sd","13:48:07",7626300
16500,300,5000,"sd","13:47:52",7623300
16500,300,6200,"sd","13:47:51",7618300
16500,300,500,"sd","13:47:48",7612100
16500,300,500,"sd","13:47:40",7611600
16500,300,100,"sd","13:47:12",7611100
16500,300,200,"sd","13:47:07",7611000
16500,300,5000,"sd","13:46:49",7610800
16500,300,1900,"sd","13:46:46",7605800
16500,300,500,"sd","13:46:37",7603900
16500,300,300,"sd","13:46:35",7603400
16500,300,700,"sd","13:46:34",7603100
16500,300,1400,"sd","13:46:20",7602400
16500,300,500,"sd","13:46:15",7601000
16500,300,2000,"sd","13:45:51",7600500
16500,300,3500,"sd","13:45:42",7598500
16500,300,2000,"sd","13:45:36",7595000
16500,300,2000,"sd","13:45:10",7593000
16500,300,400,"sd","13:44:26",7591000
16500,300,300,"sd","13:43:51",7590600
16500,300,10300,"sd","13:43:29",7590300
16500,300,15000,"sd","13:43:12",7580000
16500,300,13600,"sd","13:42:46",7565000
16500,300,8000,"sd","13:42:39",7551400
16500,300,6500,"sd","13:42:32",7543400
16500,300,100,"sd","13:42:30",7536900
16500,300,500,"sd","13:41:17",7536800
16500,300,2500,"sd","13:41:16",7536300
16500,300,12000,"sd","13:41:08",7533800
16500,300,5000,"sd","13:40:40",7521800
16500,300,200,"sd","13:40:26",7516800
16500,300,2000,"sd","13:40:08",7516600
16500,300,1000,"sd","13:39:50",7514600
16500,300,2000,"sd","13:39:07",7513600
16500,300,1000,"sd","13:38:50",7511600
16600,400,300,"bu","13:38:17",7510600
16600,400,4000,"bu","13:38:16",7510300
16500,300,500,"sd","13:38:10",7506300
16500,300,100,"sd","13:38:04",7505800
16500,300,1000,"sd","13:37:16",7505700
16500,300,1000,"sd","13:36:21",7504700
16600,400,400,"bu","13:36:10",7503700
16500,300,3000,"sd","13:36:06",7503300
16500,300,200,"sd","13:35:45",7500300
16600,400,500,"bu","13:35:35",7500100
16600,400,100,"bu","13:35:25",7499600
16600,400,200,"bu","13:34:22",7499500
16600,400,500,"bu","13:34:10",7499300
16600,400,10000,"bu","13:34:05",7498800
16600,400,100,"bu","13:33:56",7488800
16600,400,500,"bu","13:33:44",7488700
16600,400,2000,"bu","13:33:22",7488200
16600,400,50000,"bu","13:32:51",7486200
16500,300,1000,"sd","13:32:50",7436200
16500,300,10000,"sd","13:31:19",7435200
16600,400,300,"bu","13:31:00",7425200
16500,300,1000,"sd","13:30:39",7424900
16600,400,100,"bu","13:30:28",7423900
16500,300,1000,"sd","13:30:02",7423800
16600,400,400,"bu","13:29:47",7422800
16500,300,200,"sd","13:29:23",7422400
16600,400,100,"bu","13:29:18",7422200
16500,300,400,"sd","13:29:06",7422100
16600,400,1600,"bu","13:28:58",7421700
16600,400,100,"bu","13:28:28",7420100
16600,400,500,"bu","13:28:11",7420000
16600,400,1500,"bu","13:27:51",7419500
16600,400,100,"bu","13:27:26",7418000
16600,400,500,"bu","13:27:23",7417900
16600,400,3000,"bu","13:27:12",7417400
16600,400,2000,"bu","13:26:54",7414400
16600,400,1300,"bu","13:26:53",7412400
16600,400,200,"bu","13:26:36",7411100
16600,400,200,"bu","13:26:23",7410900
16600,400,10000,"bu","13:25:57",7410700
16600,400,1400,"bu","13:25:54",7400700
16600,400,18400,"bu","13:24:59",7399300
16600,400,1000,"sd","13:24:58",7380900
16600,400,500,"sd","13:24:55",7379900
16600,400,20000,"sd","13:24:54",7379400
16600,400,2500,"sd","13:24:53",7359400
16600,400,200,"sd","13:24:45",7356900
16600,400,100,"sd","13:24:39",7356700
16600,400,500,"sd","13:24:37",7356600
16600,400,300,"sd","13:24:33",7356100
16600,400,1000,"sd","13:24:31",7355800
16600,400,4000,"sd","13:24:30",7354800
16600,400,50000,"sd","13:24:25",7350800
16600,400,700,"sd","13:24:22",7300800
16600,400,700,"sd","13:24:10",7300100
16600,400,1000,"sd","13:24:03",7299400
16600,400,1100,"sd","13:24:02",7298400
16600,400,6000,"sd","13:23:58",7297300
16600,400,1000,"sd","13:23:51",7291300
16600,400,1200,"sd","13:23:42",7290300
16600,400,3400,"sd","13:23:36",7289100
16600,400,300,"sd","13:23:35",7285700
16600,400,210200,"sd","13:23:34",7285400
16600,400,1000,"bu","13:23:24",7075200
16600,400,1000,"bu","13:23:20",7074200
16600,400,4000,"bu","13:23:04",7073200
16500,300,900,"sd","13:22:44",7069200
16600,400,10000,"bu","13:22:12",7068300
16600,400,1700,"bu","13:22:03",7058300
16600,400,3000,"bu","13:21:47",7056600
16600,400,100,"bu","13:21:41",7053600
16600,400,500,"bu","13:21:37",7053500
16600,400,1000,"bu","13:21:28",7053000
16600,400,16600,"bu","13:20:53",7052000
16600,400,5000,"bu","13:20:23",7035400
16600,400,16000,"bu","13:20:12",7030400
16500,300,5800,"sd","13:19:57",7014400
16600,400,1000,"bu","13:19:50",7008600
16500,300,3000,"sd","13:19:44",7007600
16500,300,1500,"sd","13:18:56",7004600
16600,400,300,"bu","13:18:50",7003100
16600,400,500,"bu","13:18:25",7002800
16500,300,200,"sd","13:18:16",7002300
16600,400,2000,"bu","13:17:29",7002100
16600,400,1000,"bu","13:17:28",7000100
16600,400,100,"bu","13:17:15",6999100
16600,400,2000,"bu","13:16:04",6999000
16500,300,200,"sd","13:15:59",6997000
16600,400,500,"bu","13:15:37",6996800
16600,400,700,"bu","13:15:17",6996300
16600,400,100,"bu","13:15:01",6995600
16500,300,100,"sd","13:14:45",6995500
16600,400,16000,"bu","13:14:32",6995400
16600,400,800,"bu","13:14:30",6979400
16600,400,100,"bu","13:14:26",6978600
16600,400,1400,"bu","13:14:17",6978500
16600,400,200,"bu","13:13:41",6977100
16600,400,5000,"bu","13:13:08",6976900
16600,400,900,"bu","13:13:02",6971900
16600,400,10000,"bu","13:12:57",6971000
16500,300,500,"sd","13:12:35",6961000
16600,400,1000,"bu","13:12:34",6960500
16600,400,2000,"bu","13:12:19",6959500
16600,400,100,"bu","13:12:01",6957500
16600,400,1400,"bu","13:11:23",6957400
16600,400,1000,"bu","13:11:16",6956000
16600,400,1000,"bu","13:10:32",6955000
16500,300,1000,"sd","13:10:15",6954000
16600,400,1000,"bu","13:10:14",6953000
16600,400,30500,"bu","13:10:07",6952000
16600,400,4000,"bu","13:10:06",6921500
16600,400,1000,"bu","13:10:01",6917500
16600,400,1600,"bu","13:09:53",6916500
16600,400,1000,"bu","13:09:49",6914900
16600,400,7000,"bu","13:09:44",6913900
16600,400,20000,"bu","13:09:29",6906900
16600,400,8100,"bu","13:09:21",6886900
16600,400,8100,"bu","13:09:20",6878800
16600,400,40000,"bu","13:09:13",6870700
16600,400,500,"bu","13:09:05",6830700
16600,400,1200,"bu","13:09:00",6830200
16600,400,27100,"bu","13:08:56",6829000
16600,400,300,"bu","13:08:36",6801900
16500,300,500,"sd","13:08:15",6801600
16500,300,100,"sd","13:07:50",6801100
16500,300,500,"sd","13:07:38",6801000
16600,400,1000,"bu","13:06:41",6800500
16600,400,100,"bu","13:06:40",6799500
16600,400,100,"bu","13:06:19",6799400
16600,400,100,"bu","13:06:14",6799300
16600,400,1000,"bu","13:06:12",6799200
16600,400,1100,"bu","13:06:02",6798200
16600,400,100,"bu","13:05:22",6797100
16600,400,200,"bu","13:05:17",6797000
16600,400,3500,"bu","13:05:04",6796800
16600,400,1800,"bu","13:04:50",6793300
16600,400,700,"bu","13:04:32",6791500
16500,300,2500,"sd","13:04:27",6790800
16600,400,5000,"bu","13:04:13",6788300
16600,400,1300,"bu","13:04:04",6783300
16600,400,22500,"sd","13:04:03",6782000
16600,400,1200,"sd","13:04:02",6759500
16600,400,1000,"sd","13:04:01",6758300
16600,400,1100,"sd","13:03:58",6757300
16600,400,14200,"sd","13:03:57",6756200
16600,400,100,"sd","13:03:56",6742000
16600,400,1600,"sd","13:03:54",6741900
16600,400,100,"sd","13:03:52",6740300
16600,400,5100,"sd","13:03:50",6740200
16600,400,200,"sd","13:03:48",6735100
16600,400,15000,"sd","13:03:46",6734900
16600,400,3000,"sd","13:03:42",6719900
16600,400,10000,"sd","13:03:39",6716900
16600,400,5000,"sd","13:03:38",6706900
16600,400,100,"sd","13:03:35",6701900
16600,400,500,"sd","13:03:34",6701800
16600,400,2100,"sd","13:03:32",6701300
16600,400,98900,"bu","13:03:27",6699200
16600,400,20000,"sd","13:03:26",6600300
16600,400,200,"sd","13:03:22",6580300
16600,400,1000,"sd","13:03:21",6580100
16600,400,20000,"sd","13:03:16",6579100
16600,400,6300,"sd","13:03:12",6559100
16600,400,1600,"sd","13:03:11",6552800
16600,400,1000,"sd","13:03:09",6551200
16600,400,200,"sd","13:03:08",6550200
16600,400,6000,"sd","13:03:05",6550000
16600,400,200,"sd","13:03:02",6544000
16600,400,500,"sd","13:02:57",6543800
16600,400,5000,"sd","13:02:56",6543300
16600,400,1000,"sd","13:02:46",6538300
16600,400,200,"sd","13:02:43",6537300
16600,400,1000,"sd","13:02:42",6537100
16600,400,4000,"sd","13:02:39",6536100
16600,400,1000,"sd","13:02:31",6532100
16600,400,10300,"sd","13:02:30",6531100
16600,400,2000,"sd","13:02:29",6520800
16600,400,700,"sd","13:02:27",6518800
16600,400,600,"sd","13:02:26",6518100
16600,400,5000,"sd","13:02:25",6517500
16600,400,25000,"sd","13:02:23",6512500
16600,400,600,"sd","13:02:22",6487500
16600,400,1600,"sd","13:02:20",6486900
16600,400,100,"sd","13:02:14",6485300
16600,400,500,"sd","13:02:08",6485200
16600,400,400,"sd","13:02:05",6484700
16600,400,3000,"sd","13:02:04",6484300
16600,400,500,"sd","13:02:03",6481300
16600,400,500,"sd","13:01:58",6480800
16600,400,1000,"sd","13:01:57",6480300
16600,400,4000,"sd","13:01:56",6479300
16600,400,1000,"sd","13:01:52",6475300
16600,400,10000,"sd","13:01:42",6474300
16600,400,500,"sd","13:01:41",6464300
16600,400,500,"sd","13:01:39",6463800
16600,400,500,"sd","13:01:38",6463300
16600,400,1000,"sd","13:01:29",6462800
16600,400,1000,"sd","13:01:23",6461800
16600,400,600,"sd","13:01:18",6460800
16600,400,1000,"sd","13:01:13",6460200
16600,400,10000,"sd","13:01:08",6459200
16600,400,2000,"sd","13:00:48",6449200
16600,400,1000,"sd","13:00:34",6447200
16600,400,1100,"sd","13:00:28",6446200
16600,400,1500,"sd","13:00:23",6445100
16600,400,100,"sd","13:00:22",6443600
16600,400,13000,"sd","13:00:18",6443500
16700,500,200,"bu","13:00:17",6430500
16700,500,100,"bu","13:00:16",6430300
16600,400,14000,"sd","13:00:14",6430200
16600,400,200,"sd","13:00:13",6416200
16700,500,300,"bu","13:00:09",6416000
16600,400,1000,"sd","13:00:08",6415700
16700,500,2200,"bu","13:00:07",6414700
16600,400,11400,"sd","13:00:06",6412500
16600,400,38300,"sd","13:00:05",6401100
16600,400,25600,"sd","13:00:04",6362800
16600,400,500,"sd","13:00:03",6337200
16600,400,2000,"sd","11:29:59",6336700
16600,400,400,"sd","11:29:48",6334700
16600,400,400,"sd","11:29:42",6334300
16600,400,300,"sd","11:29:37",6333900
16600,400,800,"sd","11:28:35",6333600
16700,500,200,"bu","11:28:08",6332800
16600,400,400,"sd","11:28:06",6332600
16700,500,1600,"bu","11:27:58",6332200
16600,400,1000,"sd","11:27:56",6330600
16700,500,100,"bu","11:27:48",6329600
16600,400,700,"sd","11:27:47",6329500
16700,500,900,"bu","11:27:38",6328800
16600,400,3000,"sd","11:27:36",6327900
16700,500,6000,"bu","11:27:31",6324900
16700,500,100,"bu","11:27:18",6318900
16700,500,1500,"bu","11:27:08",6318800
16600,400,15000,"sd","11:27:06",6317300
16700,500,200,"bu","11:26:48",6302300
16600,400,2000,"sd","11:26:47",6302100
16600,400,700,"sd","11:26:44",6300100
16700,500,100,"bu","11:26:38",6299400
16700,500,1000,"bu","11:26:36",6299300
16600,400,100,"sd","11:26:31",6298300
16600,400,500,"sd","11:26:27",6298200
16700,500,200,"bu","11:26:18",6297700
16600,400,500,"sd","11:26:14",6297500
16600,400,1000,"sd","11:26:11",6297000
16600,400,1300,"sd","11:26:10",6296000
16600,400,200,"sd","11:25:52",6294700
16700,500,100,"bu","11:25:38",6294500
16600,400,1000,"sd","11:25:35",6294400
16700,500,300,"bu","11:25:07",6293400
16700,500,100,"bu","11:24:48",6293100
16600,400,1000,"sd","11:24:47",6293000
16700,500,200,"bu","11:24:38",6292000
16700,500,2600,"bu","11:24:28",6291800
16700,500,26300,"bu","11:24:18",6289200
16600,400,9000,"sd","11:24:17",6262900
16600,400,400,"sd","11:23:53",6253900
16700,500,500,"bu","11:23:38",6253500
16600,400,5000,"sd","11:23:35",6253000
16700,500,500,"bu","11:23:18",6248000
16700,500,5000,"bu","11:23:12",6247500
16600,400,300,"sd","11:23:05",6242500
16700,500,100,"bu","11:22:28",6242200
16600,400,1000,"sd","11:22:23",6242100
16700,500,200,"bu","11:21:58",6241100
16600,400,2000,"sd","11:21:49",6240900
16700,500,500,"bu","11:21:44",6238900
16700,500,100,"bu","11:21:38",6238400
16600,400,1500,"sd","11:21:37",6238300
16700,500,100,"bu","11:21:19",6236800
16600,400,1000,"sd","11:21:08",6236700
16600,400,500,"sd","11:21:04",6235700
16700,500,200,"bu","11:20:39",6235200
16600,400,2000,"sd","11:20:32",6235000
16700,500,500,"bu","11:20:28",6233000
16700,500,5100,"bu","11:20:18",6232500
16700,500,1000,"bu","11:20:08",6227400
16600,400,10000,"sd","11:20:00",6226400
16700,500,600,"bu","11:19:58",6216400
16600,400,6000,"sd","11:19:55",6215800
16700,500,100,"bu","11:19:48",6209800
16700,500,600,"bu","11:19:44",6209700
16700,500,100,"bu","11:19:39",6209100
16700,500,1000,"bu","11:19:38",6209000
16700,500,200,"bu","11:19:29",6208000
16600,400,1700,"sd","11:19:28",6207800
16700,500,2000,"bu","11:19:27",6206100
16700,500,100,"bu","11:19:18",6204100
16600,400,500,"sd","11:19:10",6204000
16700,500,500,"bu","11:19:08",6203500
16600,400,5000,"sd","11:19:05",6203000
16700,500,100,"bu","11:18:57",6198000
16700,500,100,"bu","11:18:39",6197900
16700,500,1000,"bu","11:18:36",6197800
16700,500,700,"bu","11:18:29",6196800
16700,500,2000,"bu","11:18:18",6196100
16700,500,700,"bu","11:17:39",6194100
16600,400,7500,"sd","11:17:34",6193400
16700,500,300,"bu","11:17:19",6185900
16700,500,200,"bu","11:16:49",6185600
16700,500,2000,"bu","11:16:44",6185400
16700,500,300,"bu","11:16:29",6183400
16600,400,3000,"sd","11:16:18",6183100
16700,500,100,"bu","11:15:59",6180100
16700,500,1500,"bu","11:15:52",6180000
16700,500,100,"bu","11:15:29",6178500
16700,500,1000,"bu","11:15:19",6178400
16600,400,300,"sd","11:15:12",6177400
16700,500,100,"bu","11:14:19",6177100
16700,500,500,"bu","11:14:09",6177000
16700,500,5100,"bu","11:13:59",6176500
16700,500,500,"bu","11:13:58",6171400
16600,400,50000,"sd","11:13:53",6170900
16700,500,100,"bu","11:13:50",6120900
16700,500,500,"bu","11:13:49",6120800
16700,500,1000,"bu","11:13:48",6120300
16700,500,100,"bu","11:13:29",6119300
16700,500,500,"bu","11:13:27",6119200
16700,500,1000,"bu","11:13:19",6118700
16700,500,10000,"bu","11:13:08",6117700
16600,400,100,"sd","11:12:49",6107700
16700,500,500,"bu","11:12:39",6107600
16700,500,500,"bu","11:12:09",6107100
16700,500,200,"bu","11:12:04",6106600
16700,500,5000,"bu","11:12:03",6106400
16700,500,300,"bu","11:11:49",6101400
16700,500,3000,"bu","11:11:45",6101100
16700,500,700,"bu","11:11:19",6098100
16600,400,1000,"sd","11:11:17",6097400
16700,500,500,"bu","11:11:16",6096400
16700,500,500,"bu","11:11:15",6095900
16700,500,5500,"bu","11:11:09",6095400
16700,500,500,"bu","11:11:07",6089900
16700,500,53000,"bu","11:11:06",6089400
16600,400,2000,"sd","11:11:05",6036400
16700,500,300,"bu","11:10:59",6034400
16700,500,3400,"bu","11:10:56",6034100
16700,500,100,"bu","11:10:55",6030700
16700,500,200,"bu","11:10:49",6030600
16600,400,1000,"sd","11:10:44",6030400
16700,500,1000,"bu","11:10:42",6029400
16700,500,800,"bu","11:10:38",6028400
16700,500,100,"bu","11:10:29",6027600
16700,500,1000,"bu","11:10:18",6027500
16700,500,200,"bu","11:10:16",6026500
16700,500,100,"bu","11:10:13",6026300
16700,500,100,"bu","11:09:55",6026200
16700,500,300,"bu","11:09:48",6026100
16700,500,300,"bu","11:09:42",6025800
16700,500,600,"bu","11:09:28",6025500
16600,400,6000,"sd","11:09:23",6024900
16700,500,200,"bu","11:08:48",6018900
16700,500,1000,"bu","11:08:40",6018700
16700,500,1000,"bu","11:08:38",6017700
16700,500,200,"bu","11:08:28",6016700
16700,500,2400,"bu","11:08:21",6016500
16700,500,500,"bu","11:08:17",6014100
16600,400,100,"sd","11:08:14",6013600
16700,500,100,"bu","11:07:58",6013500
16700,500,1400,"bu","11:07:48",6013400
16700,500,7000,"bu","11:07:40",6012000
16700,500,500,"bu","11:07:23",6005000
16700,500,200,"bu","11:07:18",6004500
16700,500,2000,"bu","11:07:14",6004300
16700,500,200,"bu","11:07:10",6002300
16700,500,300,"bu","11:06:50",6002100
16700,500,100,"bu","11:06:38",6001800
16700,500,1000,"bu","11:06:28",6001700
16700,500,500,"bu","11:06:22",6000700
16700,500,10000,"bu","11:06:21",6000200
16700,500,100,"bu","11:06:04",5990200
16700,500,300,"bu","11:06:03",5990100
16700,500,200,"bu","11:05:20",5989800
16700,500,200,"bu","11:05:08",5989600
16700,500,2000,"bu","11:05:05",5989400
16700,500,700,"bu","11:04:58",5987400
16700,500,1000,"bu","11:04:54",5986700
16600,400,3400,"sd","11:04:53",5985700
16700,500,200,"bu","11:04:52",5982300
16700,500,3000,"bu","11:04:49",5982100
16700,500,300,"bu","11:04:48",5979100
16700,500,2800,"bu","11:04:44",5978800
16700,500,1000,"bu","11:04:38",5976000
16700,500,5000,"bu","11:04:36",5975000
16700,500,5600,"bu","11:04:32",5970000
16700,500,100,"bu","11:04:20",5964400
16700,500,300,"bu","11:04:08",5964300
16700,500,300,"bu","11:04:01",5964000
16700,500,3000,"bu","11:04:00",5963700
16700,500,100,"bu","11:03:58",5960700
16700,500,1500,"bu","11:03:57",5960600
16700,500,300,"bu","11:03:48",5959100
16700,500,3000,"bu","11:03:43",5958800
16700,500,300,"bu","11:03:23",5955800
16700,500,400,"bu","11:03:18",5955500
16700,500,500,"bu","11:03:12",5955100
16700,500,4000,"bu","11:03:07",5954600
16700,500,500,"bu","11:02:48",5950600
16600,400,100,"sd","11:02:12",5950100
16700,500,200,"bu","11:01:50",5950000
16700,500,400,"bu","11:01:28",5949800
16700,500,1000,"bu","11:01:20",5949400
16700,500,100,"bu","11:01:18",5948400
16700,500,500,"bu","11:01:14",5948300
16700,500,1000,"bu","11:01:08",5947800
16700,500,100,"bu","11:00:58",5946800
16700,500,1000,"bu","11:00:56",5946700
16700,500,200,"bu","11:00:48",5945700
16700,500,2000,"bu","11:00:44",5945500
16700,500,100,"bu","11:00:28",5943500
16700,500,1000,"bu","11:00:24",5943400
16700,500,200,"bu","11:00:18",5942400
16600,400,100,"sd","11:00:16",5942200
16700,500,900,"bu","11:00:08",5942100
16700,500,500,"bu","11:00:03",5941200
16700,500,100,"bu","11:00:00",5940700
16700,500,1000,"bu","10:59:59",5940600
16700,500,8100,"bu","10:59:58",5939600
16700,500,1600,"bu","10:59:57",5931500
16700,500,200,"bu","10:59:55",5929900
16700,500,200,"bu","10:59:53",5929700
16700,500,200,"bu","10:59:51",5929500
16700,500,1000,"bu","10:59:50",5929300
16700,500,78600,"bu","10:59:48",5928300
16700,500,1000,"sd","10:59:45",5849700
16700,500,7500,"sd","10:59:44",5848700
16700,500,400,"sd","10:59:43",5841200
16700,500,500,"sd","10:59:42",5840800
16700,500,7500,"sd","10:59:40",5840300
16700,500,20500,"sd","10:59:36",5832800
16700,500,3000,"sd","10:59:35",5812300
16700,500,1000,"sd","10:59:34",5809300
16700,500,100000,"sd","10:59:29",5808300
16700,500,200,"sd","10:59:23",5708300
16700,500,500,"sd","10:59:20",5708100
16700,500,500,"sd","10:59:17",5707600
16700,500,500,"sd","10:59:09",5707100
16700,500,1300,"sd","10:59:02",5706600
16700,500,200,"sd","10:59:01",5705300
16700,500,2000,"sd","10:59:00",5705100
16700,500,1500,"sd","10:58:50",5703100
16700,500,3000,"sd","10:58:48",5701600
16800,600,100,"bu","10:58:45",5698600
16700,500,100,"sd","10:58:42",5698500
16700,500,100,"sd","10:58:40",5698400
16700,500,1000,"sd","10:58:26",5698300
16800,600,6000,"bu","10:58:24",5697300
16700,500,1000,"sd","10:58:13",5691300
16700,500,1000,"sd","10:57:59",5690300
16700,500,5100,"sd","10:57:57",5689300
16700,500,1000,"sd","10:57:56",5684200
16700,500,1000,"sd","10:57:55",5683200
16700,500,1000,"sd","10:57:51",5682200
16700,500,200,"sd","10:57:36",5681200
16700,500,1000,"sd","10:57:34",5681000
16800,600,5200,"bu","10:57:32",5680000
16700,500,5300,"sd","10:57:30",5674800
16700,500,400,"sd","10:57:27",5669500
16800,600,100,"bu","10:57:26",5669100
16700,500,400,"sd","10:57:24",5669000
16700,500,100,"sd","10:57:22",5668600
16700,500,5000,"sd","10:57:12",5668500
16700,500,1000,"sd","10:57:11",5663500
16700,500,5000,"sd","10:57:09",5662500
16700,500,100,"sd","10:57:03",5657500
16800,600,100,"bu","10:56:58",5657400
16800,600,100,"bu","10:56:48",5657300
16700,500,10300,"sd","10:56:34",5657200
16700,500,18900,"sd","10:56:28",5646900
16700,500,50000,"bu","10:56:27",5628000
16700,500,5700,"bu","10:56:26",5578000
16700,500,800,"bu","10:56:23",5572300
16700,500,2000,"bu","10:56:22",5571500
16700,500,600,"bu","10:56:21",5569500
16700,500,1400,"bu","10:56:20",5568900
16700,500,5000,"bu","10:56:19",5567500
16700,500,22300,"bu","10:56:18",5562500
16700,500,37600,"bu","10:56:17",5540200
16700,500,15200,"bu","10:56:16",5502600
16700,500,100000,"bu","10:56:15",5487400
16700,500,4000,"bu","10:56:13",5387400
16700,500,5500,"bu","10:56:11",5383400
16700,500,11100,"bu","10:56:08",5377900
16700,500,600,"bu","10:56:07",5366800
16700,500,1000,"bu","10:56:06",5366200
16700,500,1000,"bu","10:56:05",5365200
16700,500,7400,"bu","10:56:04",5364200
16600,400,1400,"sd","10:56:03",5356800
16700,500,4300,"bu","10:56:02",5355400
16700,500,51000,"bu","10:56:01",5351100
16700,500,7100,"bu","10:56:00",5300100
16700,500,10900,"bu","10:55:59",5293000
16700,500,26700,"bu","10:55:58",5282100
16700,500,20000,"bu","10:55:57",5255400
16700,500,1000,"bu","10:55:55",5235400
16700,500,200700,"bu","10:55:53",5234400
16700,500,1000,"bu","10:55:49",5033700
16700,500,1500,"bu","10:55:48",5032700
16700,500,5000,"bu","10:55:46",5031200
16700,500,6000,"bu","10:55:43",5026200
16700,500,4000,"bu","10:55:41",5020200
16700,500,100,"bu","10:55:40",5016200
16700,500,400,"bu","10:55:39",5016100
16700,500,500,"bu","10:55:33",5015700
16700,500,2000,"bu","10:55:31",5015200
16700,500,2300,"bu","10:55:28",5013200
16700,500,3000,"bu","10:55:27",5010900
16700,500,1000,"bu","10:55:25",5007900
16700,500,19100,"bu","10:55:18",5006900
16700,500,90000,"bu","10:55:16",4987800
16700,500,100000,"bu","10:55:15",4897800
16700,500,1400,"bu","10:55:13",4797800
16600,400,300,"sd","10:55:09",4796400
16700,500,600,"bu","10:54:58",4796100
16700,500,1000,"bu","10:54:53",4795500
16700,500,5000,"bu","10:54:51",4794500
16700,500,100,"bu","10:54:38",4789500
16700,500,100,"bu","10:54:35",4789400
16700,500,100,"bu","10:54:09",4789300
16600,400,1000,"sd","10:54:05",4789200
16700,500,900,"bu","10:53:46",4788200
16700,500,200,"bu","10:53:18",4787300
16700,500,200,"bu","10:53:15",4787100
16600,400,1000,"sd","10:53:13",4786900
16700,500,1000,"bu","10:53:10",4785900
16700,500,5000,"bu","10:53:04",4784900
16700,500,17800,"bu","10:52:52",4779900
16700,500,1000,"bu","10:52:43",4762100
16700,500,3000,"bu","10:52:29",4761100
16700,500,100,"bu","10:52:26",4758100
16700,500,48000,"bu","10:52:22",4758000
16700,500,1000,"bu","10:52:17",4710000
16700,500,200,"bu","10:51:51",4709000
16700,500,3000,"bu","10:51:45",4708800
16700,500,500,"bu","10:51:31",4705800
16700,500,1000,"bu","10:51:30",4705300
16700,500,12600,"bu","10:51:19",4704300
16700,500,100,"bu","10:50:47",4691700
16600,400,200,"sd","10:50:45",4691600
16600,400,2000,"sd","10:50:40",4691400
16600,400,200,"sd","10:50:19",4689400
16600,400,1000,"sd","10:49:47",4689200
16700,500,100,"bu","10:49:41",4688200
16700,500,200,"bu","10:49:29",4688100
16700,500,1100,"bu","10:49:15",4687900
16700,500,600,"bu","10:49:04",4686800
16600,400,500,"sd","10:49:00",4686200
16600,400,700,"sd","10:48:51",4685700
16700,500,200,"bu","10:48:49",4685000
16600,400,100,"sd","10:48:40",4684800
16600,400,1000,"sd","10:48:38",4684700
16600,400,8000,"sd","10:48:29",4683700
16600,400,1000,"sd","10:48:28",4675700
16600,400,2000,"sd","10:48:23",4674700
16600,400,5000,"sd","10:48:12",4672700
16600,400,5000,"sd","10:47:57",4667700
16600,400,100,"sd","10:47:56",4662700
16600,400,4000,"sd","10:47:38",4662600
16600,400,500,"sd","10:47:32",4658600
16600,400,5000,"sd","10:47:26",4658100
16600,400,1000,"sd","10:47:23",4653100
16600,400,100,"sd","10:47:02",4652100
16600,400,100,"sd","10:46:56",4652000
16600,400,500,"sd","10:46:55",4651900
16600,400,1200,"sd","10:46:45",4651400
16600,400,2500,"sd","10:46:42",4650200
16600,400,100,"sd","10:46:23",4647700
16600,400,1000,"sd","10:46:14",4647600
16600,400,3000,"sd","10:46:10",4646600
16600,400,100,"sd","10:46:02",4643600
16700,500,700,"bu","10:46:00",4643500
16600,400,100000,"sd","10:45:56",4642800
16600,400,900,"sd","10:45:47",4542800
16600,400,2000,"sd","10:45:44",4541900
16600,400,100,"sd","10:45:35",4539900
16600,400,100,"sd","10:45:09",4539800
16600,400,1000,"sd","10:45:00",4539700
16600,400,100,"sd","10:44:57",4538700
16700,500,300,"bu","10:44:51",4538600
16600,400,1000,"sd","10:44:36",4538300
16600,400,800,"sd","10:44:23",4537300
16600,400,700,"sd","10:44:22",4536500
16600,400,48300,"bu","10:44:21",4535800
16600,400,11500,"bu","10:44:18",4487500
16600,400,7000,"bu","10:44:17",4476000
16600,400,18000,"bu","10:44:15",4469000
16600,400,5500,"bu","10:44:14",4451000
16600,400,38000,"bu","10:44:13",4445500
16600,400,8000,"bu","10:44:12",4407500
16600,400,13900,"bu","10:44:11",4399500
16600,400,355000,"bu","10:44:09",4385600
16600,400,10000,"bu","10:44:08",4030600
16600,400,700,"bu","10:44:07",4020600
16600,400,102000,"bu","10:44:06",4019900
16600,400,100,"bu","10:44:04",3917900
16600,400,128100,"bu","10:44:03",3917800
16600,400,1000,"bu","10:44:01",3789700
16600,400,1100,"bu","10:43:58",3788700
16600,400,13000,"bu","10:43:53",3787600
16600,400,24000,"bu","10:43:52",3774600
16600,400,10000,"bu","10:43:50",3750600
16600,400,3400,"bu","10:43:46",3740600
16600,400,1000,"bu","10:43:39",3737200
16600,400,5000,"bu","10:43:38",3736200
16600,400,20000,"bu","10:43:19",3731200
16600,400,1000,"bu","10:43:12",3711200
16600,400,1000,"bu","10:43:09",3710200
16600,400,1000,"bu","10:43:04",3709200
16600,400,1000,"bu","10:42:57",3708200
16600,400,100,"bu","10:42:51",3707200
16600,400,5000,"bu","10:42:50",3707100
16600,400,200,"bu","10:42:49",3702100
16600,400,2000,"bu","10:42:46",3701900
16600,400,6000,"bu","10:42:44",3699900
16600,400,3000,"bu","10:42:42",3693900
16600,400,200,"bu","10:42:35",3690900
16600,400,1000,"bu","10:42:32",3690700
16600,400,1000,"bu","10:42:27",3689700
16500,300,9000,"sd","10:42:25",3688700
16600,400,3000,"bu","10:42:20",3679700
16600,400,100,"bu","10:42:15",3676700
16600,400,3000,"bu","10:42:11",3676600
16600,400,5000,"bu","10:42:05",3673600
16600,400,1000,"bu","10:41:55",3668600
16600,400,5000,"bu","10:41:54",3667600
16500,300,3000,"sd","10:41:52",3662600
16600,400,1000,"bu","10:41:28",3659600
16500,300,100,"sd","10:41:26",3658600
16600,400,500,"bu","10:41:11",3658500
16500,300,1000,"sd","10:40:58",3658000
16500,300,100,"sd","10:40:52",3657000
16500,300,300,"sd","10:40:42",3656900
16500,300,500,"sd","10:40:40",3656600
16500,300,5000,"sd","10:40:38",3656100
16500,300,2200,"sd","10:40:29",3651100
16500,300,500,"sd","10:40:27",3648900
16500,300,300,"sd","10:40:18",3648400
16500,300,1000,"sd","10:40:15",3648100
16500,300,3000,"sd","10:40:09",3647100
16500,300,1500,"sd","10:39:51",3644100
16500,300,500,"sd","10:39:17",3642600
16500,300,4100,"sd","10:39:12",3642100
16500,300,6900,"sd","10:39:00",3638000
16500,300,700,"bu","10:38:55",3631100
16500,300,9000,"bu","10:38:51",3630400
16500,300,500,"bu","10:38:42",3621400
16500,300,800,"bu","10:38:37",3620900
16500,300,7000,"bu","10:38:35",3620100
16500,300,3000,"bu","10:38:31",3613100
16500,300,400,"bu","10:38:23",3610100
16500,300,100,"bu","10:38:21",3609700
16500,300,500,"bu","10:38:11",3609600
16500,300,4000,"bu","10:38:09",3609100
16500,300,8200,"bu","10:38:03",3605100
16500,300,1000,"bu","10:38:02",3596900
16500,300,100,"bu","10:37:54",3595900
16500,300,500,"bu","10:37:50",3595800
16500,300,1800,"bu","10:37:46",3595300
16500,300,500,"bu","10:37:37",3593500
16500,300,1000,"bu","10:37:31",3593000
16500,300,1000,"bu","10:37:16",3592000
16500,300,12100,"bu","10:37:01",3591000
16500,300,20500,"sd","10:36:54",3578900
16500,300,2000,"sd","10:36:53",3558400
16500,300,1000,"sd","10:36:49",3556400
16500,300,2800,"sd","10:36:48",3555400
16500,300,500,"sd","10:36:42",3552600
16500,300,2000,"sd","10:36:39",3552100
16500,300,500,"sd","10:36:38",3550100
16500,300,5000,"sd","10:36:35",3549600
16500,300,500,"sd","10:36:34",3544600
16500,300,1000,"sd","10:36:22",3544100
16500,300,200,"sd","10:36:20",3543100
16500,300,800,"sd","10:36:19",3542900
16500,300,900,"sd","10:36:14",3542100
16500,300,5000,"sd","10:36:07",3541200
16500,300,1000,"sd","10:36:01",3536200
16500,300,100,"sd","10:35:57",3535200
16500,300,2000,"sd","10:35:50",3535100
16500,300,100,"sd","10:35:46",3533100
16500,300,4000,"sd","10:35:43",3533000
16500,300,4500,"sd","10:35:40",3529000
16500,300,5000,"bu","10:35:36",3524500
16500,300,22500,"sd","10:35:35",3519500
16500,300,5000,"sd","10:35:30",3497000
16500,300,1600,"sd","10:35:26",3492000
16500,300,14200,"sd","10:35:19",3490400
16500,300,1000,"sd","10:35:13",3476200
16500,300,10000,"sd","10:35:07",3475200
16500,300,800,"sd","10:35:04",3465200
16500,300,6000,"sd","10:35:03",3464400
16500,300,33300,"bu","10:34:53",3458400
16500,300,1000,"bu","10:34:50",3425100
16500,300,50000,"bu","10:34:44",3424100
16500,300,123800,"bu","10:34:26",3374100
16500,300,4000,"sd","10:34:23",3250300
16500,300,1000,"sd","10:34:21",3246300
16500,300,1000,"sd","10:34:18",3245300
16600,400,5000,"bu","10:34:09",3244300
16500,300,200000,"sd","10:34:08",3239300
16500,300,10000,"sd","10:34:06",3039300
16500,300,2600,"sd","10:33:46",3029300
16500,300,50000,"sd","10:33:34",3026700
16500,300,500,"sd","10:33:31",2976700
16500,300,300,"sd","10:33:29",2976200
16500,300,1000,"sd","10:33:13",2975900
16600,400,1500,"bu","10:33:03",2974900
16500,300,20000,"sd","10:32:47",2973400
16500,300,200,"sd","10:32:20",2953400
16600,400,1000,"bu","10:31:44",2953200
16600,400,300,"bu","10:31:19",2952200
16500,300,300,"sd","10:31:03",2951900
16600,400,200,"bu","10:30:38",2951600
16500,300,700,"sd","10:30:18",2951400
16500,300,300,"sd","10:30:17",2950700
16500,300,8600,"sd","10:30:09",2950400
16500,300,5000,"sd","10:29:40",2941800
16500,300,400,"sd","10:29:28",2936800
16500,300,600,"sd","10:28:58",2936400
16600,400,100,"bu","10:28:31",2935800
16500,300,300,"sd","10:27:35",2935700
16600,400,1000,"bu","10:27:30",2935400
16600,400,200,"bu","10:26:58",2934400
16500,300,100,"sd","10:26:53",2934200
16600,400,5000,"bu","10:26:20",2934100
16600,400,600,"bu","10:26:04",2929100
16600,400,100,"bu","10:25:16",2928500
16500,300,29000,"sd","10:25:15",2928400
16600,400,16000,"bu","10:24:59",2899400
16600,400,200,"bu","10:24:54",2883400
16600,400,3500,"bu","10:24:35",2883200
16600,400,700,"bu","10:24:10",2879700
16600,400,1000,"bu","10:23:48",2879000
16600,400,3900,"bu","10:23:28",2878000
16600,400,500,"bu","10:23:20",2874100
16600,400,200,"bu","10:23:12",2873600
16600,400,5600,"bu","10:22:54",2873400
16500,300,2000,"sd","10:22:34",2867800
16500,300,5000,"sd","10:22:24",2865800
16500,300,2000,"sd","10:21:55",2860800
16500,300,300,"sd","10:21:48",2858800
16500,300,1000,"sd","10:21:34",2858500
16500,300,1000,"sd","10:21:15",2857500
16500,300,600,"sd","10:21:05",2856500
16500,300,1000,"sd","10:20:55",2855900
16500,300,1000,"sd","10:20:52",2854900
16500,300,35000,"sd","10:20:44",2853900
16500,300,100,"sd","10:20:43",2818900
16500,300,4200,"sd","10:20:24",2818800
16500,300,2000,"sd","10:20:17",2814600
16500,300,2000,"sd","10:19:52",2812600
16500,300,20000,"sd","10:19:50",2810600
16600,400,100,"bu","10:19:37",2790600
16600,400,700,"bu","10:19:16",2790500
16600,400,500,"bu","10:18:55",2789800
16600,400,2000,"bu","10:18:53",2789300
16600,400,5000,"bu","10:18:36",2787300
16500,300,1000,"sd","10:18:27",2782300
16500,300,100,"sd","10:17:34",2781300
16500,300,800,"sd","10:17:28",2781200
16500,300,5800,"sd","10:17:04",2780400
16500,300,200,"sd","10:16:24",2774600
16600,400,4900,"bu","10:16:20",2774400
16600,400,500,"bu","10:15:42",2769500
16500,300,100,"sd","10:14:43",2769000
16500,300,20000,"sd","10:14:29",2768900
16500,300,400,"sd","10:14:24",2748900
16500,300,300,"sd","10:14:19",2748500
16500,300,1000,"sd","10:14:06",2748200
16500,300,100,"sd","10:14:04",2747200
16600,400,100,"bu","10:14:02",2747100
16600,400,500,"bu","10:13:36",2747000
16500,300,100,"sd","10:13:35",2746500
16600,400,9000,"bu","10:13:28",2746400
16500,300,400,"sd","10:12:51",2737400
16500,300,100,"sd","10:12:25",2737000
16500,300,1000,"sd","10:11:52",2736900
16500,300,5000,"sd","10:11:49",2735900
16500,300,200,"sd","10:11:37",2730900
16500,300,600,"sd","10:11:33",2730700
16500,300,500,"sd","10:11:01",2730100
16600,400,2100,"bu","10:10:45",2729600
16500,300,1000,"sd","10:10:08",2727500
16500,300,15000,"sd","10:09:57",2726500
16500,300,100,"sd","10:09:16",2711500
16500,300,1000,"sd","10:09:09",2711400
16500,300,4000,"sd","10:08:36",2710400
16500,300,8000,"sd","10:07:45",2706400
16500,300,5000,"sd","10:07:35",2698400
16500,300,100,"sd","10:07:27",2693400
16600,400,100,"bu","10:07:21",2693300
16500,300,100,"sd","10:07:12",2693200
16500,300,400,"sd","10:06:52",2693100
16500,300,4500,"sd","10:06:39",2692700
16500,300,500,"sd","10:05:59",2688200
16500,300,300,"sd","10:05:40",2687700
16500,300,5000,"sd","10:04:52",2687400
16500,300,400,"sd","10:04:17",2682400
16600,400,200,"bu","10:04:13",2682000
16500,300,2600,"sd","10:04:08",2681800
16500,300,5600,"sd","10:03:31",2679200
16500,300,3000,"sd","10:03:29",2673600
16500,300,100,"sd","10:02:49",2670600
16600,400,200,"bu","10:02:44",2670500
16500,300,100,"sd","10:02:34",2670300
16500,300,1000,"sd","10:02:17",2670200
16500,300,1100,"sd","10:01:55",2669200
16500,300,2000,"sd","10:01:40",2668100
16500,300,5000,"sd","10:01:37",2666100
16500,300,300,"sd","10:01:30",2661100
16500,300,1000,"sd","10:01:25",2660800
16500,300,1500,"sd","10:01:07",2659800
16500,300,1000,"sd","10:00:54",2658300
16500,300,300,"sd","10:00:37",2657300
16500,300,5000,"sd","10:00:09",2657000
16500,300,1000,"sd","10:00:08",2652000
16500,300,4200,"sd","09:59:18",2651000
16500,300,500,"sd","09:58:52",2646800
16500,300,10000,"sd","09:58:38",2646300
16500,300,200,"sd","09:58:36",2636300
16500,300,2700,"sd","09:58:35",2636100
16500,300,2500,"sd","09:58:15",2633400
16500,300,300,"sd","09:58:12",2630900
16500,300,1000,"sd","09:57:51",2630600
16500,300,200,"sd","09:57:50",2629600
16500,300,1000,"sd","09:57:37",2629400
16500,300,5000,"sd","09:57:23",2628400
16500,300,1100,"sd","09:56:52",2623400
16500,300,2000,"sd","09:56:45",2622300
16500,300,200,"sd","09:56:27",2620300
16500,300,1000,"sd","09:56:25",2620100
16500,300,300,"sd","09:56:23",2619100
16500,300,16000,"sd","09:56:02",2618800
16500,300,200,"sd","09:56:01",2602800
16500,300,100,"sd","09:55:45",2602600
16500,300,100,"sd","09:55:30",2602500
16500,300,1000,"sd","09:55:16",2602400
16500,300,6000,"sd","09:54:18",2601400
16500,300,300,"sd","09:54:13",2595400
16500,300,1000,"sd","09:54:09",2595100
16500,300,500,"sd","09:53:55",2594100
16500,300,400,"sd","09:53:45",2593600
16500,300,5000,"bu","09:53:40",2593200
16500,300,2600,"bu","09:53:31",2588200
16500,300,5000,"sd","09:53:23",2585600
16500,300,2400,"sd","09:53:21",2580600
16500,300,100,"bu","09:53:15",2578200
16500,300,400,"bu","09:53:09",2578100
16500,300,3100,"bu","09:52:59",2577700
16500,300,5400,"sd","09:52:48",2574600
16500,300,20000,"sd","09:52:31",2569200
16500,300,100,"sd","09:52:27",2549200
16500,300,500,"sd","09:52:10",2549100
16500,300,17300,"bu","09:51:52",2548600
16500,300,5000,"bu","09:51:48",2531300
16500,300,2000,"bu","09:51:43",2526300
16500,300,5000,"bu","09:51:36",2524300
16500,300,3000,"bu","09:51:35",2519300
16500,300,3500,"bu","09:51:18",2516300
16500,300,1000,"bu","09:51:17",2512800
16500,300,10000,"bu","09:51:03",2511800
16500,300,1500,"bu","09:50:50",2501800
16500,300,2000,"bu","09:50:32",2500300
16500,300,1000,"bu","09:50:24",2498300
16500,300,5000,"bu","09:50:21",2497300
16500,300,10000,"bu","09:50:13",2492300
16500,300,2500,"bu","09:50:10",2482300
16500,300,12000,"bu","09:50:07",2479800
16500,300,63700,"sd","09:50:05",2467800
16500,300,2000,"sd","09:50:03",2404100
16500,300,300,"sd","09:50:00",2402100
16500,300,1500,"sd","09:49:50",2401800
16500,300,200,"sd","09:49:45",2400300
16500,300,1500,"sd","09:49:37",2400100
16500,300,600,"sd","09:49:26",2398600
16500,300,5000,"sd","09:49:11",2398000
16500,300,5000,"sd","09:49:07",2393000
16500,300,10000,"sd","09:49:05",2388000
16600,400,200,"bu","09:48:47",2378000
16500,300,5000,"sd","09:48:46",2377800
16500,300,2000,"sd","09:48:45",2372800
16500,300,32000,"sd","09:48:34",2370800
16500,300,500,"sd","09:48:30",2338800
16500,300,10000,"sd","09:48:25",2338300
16500,300,2000,"sd","09:48:24",2328300
16500,300,10100,"sd","09:48:22",2326300
16500,300,20000,"sd","09:48:13",2316200
16500,300,1000,"sd","09:48:11",2296200
16500,300,12500,"sd","09:48:09",2295200
16500,300,3000,"sd","09:48:06",2282700
16500,300,1600,"sd","09:47:54",2279700
16500,300,15000,"sd","09:47:48",2278100
16500,300,9000,"sd","09:47:46",2263100
16500,300,800,"sd","09:47:43",2254100
16500,300,800,"sd","09:47:41",2253300
16500,300,500,"sd","09:47:39",2252500
16500,300,1000,"sd","09:47:34",2252000
16500,300,100,"sd","09:47:31",2251000
16500,300,100,"sd","09:47:29",2250900
16500,300,50000,"sd","09:47:26",2250800
16500,300,3700,"sd","09:47:25",2200800
16500,300,1000,"sd","09:47:23",2197100
16500,300,1500,"sd","09:47:18",2196100
16500,300,6700,"sd","09:47:14",2194600
16500,300,1500,"sd","09:47:13",2187900
16500,300,20500,"sd","09:47:09",2186400
16500,300,4500,"sd","09:47:07",2165900
16500,300,4000,"sd","09:47:04",2161400
16500,300,200,"sd","09:47:02",2157400
16500,300,9000,"sd","09:47:01",2157200
16500,300,74500,"sd","09:46:59",2148200
16500,300,1000,"sd","09:46:58",2073700
16500,300,5000,"sd","09:46:56",2072700
16500,300,300,"sd","09:46:53",2067700
16500,300,1000,"sd","09:46:49",2067400
16500,300,3000,"sd","09:46:46",2066400
16500,300,10000,"sd","09:46:45",2063400
16500,300,5000,"sd","09:46:44",2053400
16500,300,15000,"sd","09:46:39",2048400
16500,300,30000,"sd","09:46:38",2033400
16500,300,600,"sd","09:46:37",2003400
16500,300,5000,"sd","09:46:32",2002800
16500,300,31400,"sd","09:46:28",1997800
16500,300,1000,"sd","09:46:25",1966400
16500,300,110000,"sd","09:46:16",1965400
16500,300,4600,"sd","09:46:13",1855400
16500,300,300,"sd","09:46:08",1850800
16500,300,200,"sd","09:46:02",1850500
16500,300,500,"sd","09:45:43",1850300
16500,300,400,"sd","09:45:32",1849800
16500,300,2200,"sd","09:45:30",1849400
16500,300,2000,"sd","09:45:21",1847200
16500,300,100,"sd","09:45:19",1845200
16500,300,200,"sd","09:45:18",1845100
16500,300,400,"sd","09:45:10",1844900
16500,300,1000,"sd","09:45:05",1844500
16500,300,500,"sd","09:44:59",1843500
16500,300,200,"sd","09:44:54",1843000
16500,300,100,"sd","09:44:52",1842800
16500,300,1000,"sd","09:44:44",1842700
16500,300,1000,"sd","09:44:34",1841700
16500,300,100,"sd","09:44:17",1840700
16500,300,500,"sd","09:44:06",1840600
16500,300,4000,"sd","09:44:05",1840100
16500,300,300,"sd","09:43:56",1836100
16500,300,200,"sd","09:43:54",1835800
16500,300,2000,"sd","09:43:50",1835600
16500,300,200,"sd","09:43:28",1833600
16500,300,100,"sd","09:43:24",1833400
16500,300,500,"sd","09:43:00",1833300
16500,300,500,"sd","09:42:58",1832800
16500,300,1000,"sd","09:42:50",1832300
16500,300,5000,"sd","09:42:49",1831300
16500,300,100,"sd","09:42:33",1826300
16500,300,10000,"sd","09:42:28",1826200
16500,300,5000,"sd","09:42:11",1816200
16600,400,100,"bu","09:42:04",1811200
16500,300,2000,"sd","09:42:01",1811100
16500,300,900,"sd","09:41:39",1809100
16600,400,1000,"bu","09:41:18",1808200
16600,400,10000,"bu","09:41:10",1807200
16600,400,3000,"bu","09:41:02",1797200
16600,400,6000,"bu","09:41:01",1794200
16500,300,500,"sd","09:40:55",1788200
16500,300,500,"sd","09:40:48",1787700
16500,300,500,"sd","09:40:43",1787200
16500,300,2000,"sd","09:40:25",1786700
16500,300,5000,"sd","09:39:39",1784700
16600,400,500,"bu","09:39:35",1779700
16600,400,300,"bu","09:39:29",1779200
16600,400,1100,"bu","09:39:23",1778900
16600,400,100,"bu","09:39:09",1777800
16500,300,5000,"sd","09:39:00",1777700
16600,400,6500,"bu","09:38:54",1772700
16600,400,1000,"bu","09:38:48",1766200
16600,400,900,"bu","09:38:41",1765200
16600,400,500,"bu","09:38:35",1764300
16600,400,500,"bu","09:38:27",1763800
16600,400,600,"bu","09:38:26",1763300
16600,400,1000,"bu","09:38:25",1762700
16600,400,100,"bu","09:38:22",1761700
16600,400,2500,"bu","09:38:19",1761600
16600,400,10200,"bu","09:38:16",1759100
16600,400,300,"bu","09:38:11",1748900
16600,400,1100,"bu","09:38:09",1748600
16600,400,1400,"bu","09:38:05",1747500
16600,400,100,"bu","09:37:59",1746100
16600,400,1400,"bu","09:37:57",1746000
16600,400,500,"bu","09:37:54",1744600
16600,400,2000,"bu","09:37:53",1744100
16600,400,2400,"bu","09:37:51",1742100
16600,400,1000,"bu","09:37:50",1739700
16600,400,1200,"bu","09:37:44",1738700
16600,400,3400,"bu","09:37:41",1737500
16600,400,500,"bu","09:37:39",1734100
16600,400,2100,"bu","09:37:35",1733600
16600,400,300,"bu","09:37:21",1731500
16600,400,200,"bu","09:37:20",1731200
16600,400,6000,"bu","09:37:06",1731000
16500,300,300,"sd","09:36:51",1725000
16600,400,4000,"bu","09:36:48",1724700
16600,400,700,"bu","09:36:45",1720700
16600,400,100,"bu","09:36:41",1720000
16600,400,100,"bu","09:36:40",1719900
16600,400,100,"bu","09:36:38",1719800
16600,400,2000,"bu","09:36:35",1719700
16600,400,3300,"bu","09:36:31",1717700
16600,400,200,"bu","09:36:28",1714400
16600,400,400,"bu","09:36:24",1714200
16600,400,100,"bu","09:36:22",1713800
16600,400,100,"bu","09:36:09",1713700
16600,400,1000,"bu","09:36:02",1713600
16600,400,7000,"bu","09:35:53",1712600
16600,400,200,"bu","09:35:43",1705600
16500,300,100,"sd","09:35:40",1705400
16600,400,300,"bu","09:35:39",1705300
16600,400,2000,"bu","09:35:35",1705000
16600,400,700,"bu","09:35:33",1703000
16600,400,9400,"bu","09:35:27",1702300
16600,400,7000,"bu","09:35:26",1692900
16600,400,700,"bu","09:35:23",1685900
16600,400,500,"bu","09:35:16",1685200
16600,400,500,"bu","09:35:10",1684700
16600,400,200,"bu","09:35:09",1684200
16600,400,200,"bu","09:35:05",1684000
16600,400,9000,"bu","09:34:55",1683800
16600,400,2000,"bu","09:34:45",1674800
16500,300,700,"sd","09:34:41",1672800
16500,300,100,"sd","09:34:28",1672100
16500,300,1300,"sd","09:34:21",1672000
16500,300,300,"sd","09:34:07",1670700
16500,300,100,"sd","09:34:04",1670400
16500,300,2000,"sd","09:33:49",1670300
16500,300,176700,"bu","09:33:47",1668300
16500,300,400,"bu","09:33:46",1491600
16500,300,100,"bu","09:33:45",1491200
16500,300,7900,"bu","09:33:42",1491100
16500,300,1000,"bu","09:33:33",1483200
16500,300,1000,"bu","09:33:25",1482200
16400,200,200,"sd","09:33:09",1481200
16500,300,2000,"bu","09:32:37",1481000
16500,300,5000,"bu","09:32:36",1479000
16500,300,2000,"bu","09:32:29",1474000
16500,300,100,"bu","09:32:27",1472000
16500,300,600,"bu","09:32:09",1471900
16400,200,100,"sd","09:31:53",1471300
16500,300,5000,"bu","09:31:49",1471200
16500,300,2000,"bu","09:31:41",1466200
16500,300,200,"bu","09:31:38",1464200
16500,300,200,"bu","09:31:32",1464000
16500,300,2000,"bu","09:30:51",1463800
16500,300,5400,"bu","09:30:40",1461800
16500,300,1900,"bu","09:30:33",1456400
16500,300,2000,"bu","09:30:31",1454500
16500,300,2000,"bu","09:30:28",1452500
16500,300,400,"bu","09:30:22",1450500
16500,300,500,"bu","09:30:21",1450100
16500,300,20000,"bu","09:30:16",1449600
16500,300,1700,"bu","09:30:08",1429600
16500,300,5000,"bu","09:30:07",1427900
16500,300,1000,"bu","09:30:02",1422900
16500,300,5000,"bu","09:29:53",1421900
16500,300,500,"bu","09:29:52",1416900
16500,300,3000,"sd","09:29:51",1416400
16500,300,3000,"sd","09:29:48",1413400
16500,300,3600,"sd","09:29:46",1410400
16500,300,2400,"bu","09:29:25",1406800
16500,300,500,"bu","09:29:21",1404400
16500,300,5100,"bu","09:29:19",1403900
16500,300,200,"bu","09:29:01",1398800
16500,300,500,"sd","09:28:56",1398600
16500,300,200,"sd","09:28:54",1398100
16500,300,100,"sd","09:28:53",1397900
16500,300,500,"sd","09:28:52",1397800
16500,300,5000,"sd","09:28:51",1397300
16500,300,3000,"sd","09:28:49",1392300
16500,300,1000,"sd","09:28:48",1389300
16500,300,1000,"sd","09:28:46",1388300
16500,300,2000,"sd","09:28:45",1387300
16500,300,10000,"sd","09:28:37",1385300
16500,300,2000,"sd","09:28:36",1375300
16500,300,1000,"sd","09:28:30",1373300
16500,300,400,"sd","09:28:18",1372300
16500,300,1000,"sd","09:28:13",1371900
16500,300,1000,"sd","09:28:09",1370900
16500,300,500,"sd","09:28:08",1369900
16500,300,500,"sd","09:27:57",1369400
16500,300,300,"sd","09:27:48",1368900
16500,300,500,"sd","09:27:47",1368600
16500,300,1000,"sd","09:27:44",1368100
16500,300,1000,"sd","09:27:41",1367100
16500,300,1000,"sd","09:27:39",1366100
16500,300,200,"sd","09:27:38",1365100
16500,300,300,"sd","09:27:35",1364900
16500,300,7600,"sd","09:27:33",1364600
16500,300,200,"sd","09:27:32",1357000
16500,300,30000,"sd","09:27:24",1356800
16500,300,5000,"sd","09:27:15",1326800
16500,300,500,"sd","09:27:12",1321800
16600,400,1000,"bu","09:27:06",1321300
16500,300,200,"sd","09:27:01",1320300
16500,300,500,"sd","09:26:58",1320100
16500,300,21000,"sd","09:26:52",1319600
16500,300,20000,"sd","09:26:46",1298600
16500,300,30000,"sd","09:26:43",1278600
16500,300,5000,"sd","09:26:36",1248600
16600,400,2000,"bu","09:26:28",1243600
16500,300,500,"sd","09:26:26",1241600
16500,300,200,"sd","09:26:16",1241100
16600,400,6000,"bu","09:26:14",1240900
16500,300,1500,"sd","09:26:01",1234900
16500,300,1000,"sd","09:25:55",1233400
16500,300,200,"sd","09:25:54",1232400
16500,300,1000,"sd","09:25:53",1232200
16500,300,1000,"sd","09:25:49",1231200
16500,300,300,"sd","09:25:48",1230200
16500,300,9000,"sd","09:25:46",1229900
16500,300,200,"sd","09:25:43",1220900
16500,300,100,"sd","09:25:33",1220700
16500,300,1000,"sd","09:25:31",1220600
16500,300,100,"sd","09:25:27",1219600
16500,300,50000,"sd","09:25:26",1219500
16500,300,24600,"sd","09:25:11",1169500
16500,300,1000,"sd","09:25:04",1144900
16500,300,100,"sd","09:24:54",1143900
16500,300,10000,"sd","09:24:46",1143800
16500,300,5000,"sd","09:24:45",1133800
16600,400,2000,"bu","09:24:39",1128800
16500,300,3000,"sd","09:24:37",1126800
16500,300,500,"sd","09:24:33",1123800
16500,300,1000,"sd","09:24:31",1123300
16600,400,1000,"bu","09:24:26",1122300
16500,300,600,"sd","09:24:22",1121300
16500,300,300,"sd","09:24:21",1120700
16500,300,100,"sd","09:24:19",1120400
16500,300,3800,"sd","09:24:11",1120300
16500,300,100,"sd","09:24:05",1116500
16500,300,5000,"sd","09:24:04",1116400
16500,300,5000,"sd","09:24:02",1111400
16500,300,10000,"sd","09:23:52",1106400
16500,300,70000,"sd","09:23:49",1096400
16600,400,500,"bu","09:23:45",1026400
16500,300,200,"sd","09:23:40",1025900
16500,300,10000,"sd","09:23:28",1025700
16500,300,600,"sd","09:23:27",1015700
16500,300,400,"sd","09:23:26",1015100
16500,300,100,"sd","09:23:18",1014700
16500,300,100,"sd","09:23:07",1014600
16500,300,2000,"sd","09:23:06",1014500
16500,300,5000,"sd","09:23:05",1012500
16500,300,5000,"sd","09:23:03",1007500
16500,300,100,"sd","09:22:59",1002500
16500,300,2000,"sd","09:22:56",1002400
16500,300,1000,"sd","09:22:48",1000400
16500,300,137800,"bu","09:22:43",999400
16400,200,1000,"sd","09:22:33",861600
16500,300,200,"bu","09:22:31",860600
16500,300,600,"bu","09:22:28",860400
16500,300,500,"bu","09:22:24",859800
16500,300,10000,"bu","09:22:10",859300
16500,300,1000,"bu","09:22:05",849300
16500,300,1000,"bu","09:21:58",848300
16500,300,300,"bu","09:21:57",847300
16500,300,1000,"bu","09:21:52",847000
16500,300,1000,"bu","09:21:50",846000
16500,300,6100,"sd","09:21:48",845000
16500,300,2000,"sd","09:21:46",838900
16500,300,2000,"sd","09:21:45",836900
16500,300,6000,"sd","09:21:44",834900
16500,300,11000,"sd","09:21:43",828900
16500,300,15000,"sd","09:21:42",817900
16500,300,2000,"sd","09:21:41",802900
16500,300,100,"sd","09:21:37",800900
16500,300,10000,"sd","09:21:32",800800
16500,300,1000,"sd","09:21:30",790800
16500,300,100,"sd","09:21:25",789800
16500,300,2000,"sd","09:21:21",789700
16500,300,5000,"sd","09:21:20",787700
16500,300,500,"sd","09:21:19",782700
16500,300,500,"sd","09:21:17",782200
16500,300,200,"sd","09:21:15",781700
16500,300,100,"sd","09:21:14",781500
16500,300,9000,"sd","09:21:05",781400
16500,300,3000,"sd","09:21:04",772400
16500,300,3000,"sd","09:21:03",769400
16500,300,9600,"sd","09:21:00",766400
16500,300,10000,"sd","09:20:58",756800
16500,300,1300,"sd","09:20:54",746800
16500,300,5100,"sd","09:20:51",745500
16500,300,300,"sd","09:20:48",740400
16500,300,10000,"sd","09:20:47",740100
16500,300,1000,"sd","09:20:46",730100
16500,300,7000,"sd","09:20:41",729100
16500,300,100,"sd","09:20:38",722100
16500,300,100,"sd","09:20:34",722000
16500,300,3500,"sd","09:20:28",721900
16500,300,500,"sd","09:20:27",718400
16500,300,5000,"sd","09:20:23",717900
16500,300,200,"sd","09:20:22",712900
16500,300,300,"sd","09:20:11",712700
16500,300,1000,"bu","09:20:09",712400
16500,300,4000,"bu","09:20:08",711400
16500,300,5200,"bu","09:20:07",707400
16500,300,11300,"bu","09:20:06",702200
16500,300,1800,"bu","09:20:05",690900
16500,300,10600,"bu","09:20:04",689100
16500,300,20000,"bu","09:20:03",678500
16500,300,9500,"bu","09:20:00",658500
16500,300,25000,"bu","09:19:59",649000
16500,300,8500,"bu","09:19:58",624000
16500,300,19000,"bu","09:19:57",615500
16500,300,2000,"bu","09:19:56",596500
16500,300,25400,"bu","09:19:55",594500
16500,300,5000,"bu","09:19:54",569100
16500,300,15000,"bu","09:19:53",564100
16500,300,12000,"bu","09:19:52",549100
16500,300,3900,"bu","09:19:51",537100
16500,300,26000,"bu","09:19:50",533200
16500,300,2000,"bu","09:19:49",507200
16500,300,3000,"bu","09:19:48",505200
16500,300,11300,"bu","09:19:47",502200
16500,300,5000,"bu","09:19:46",490900
16500,300,3500,"bu","09:19:43",485900
16500,300,9300,"bu","09:19:42",482400
16500,300,2500,"bu","09:19:40",473100
16500,300,200,"bu","09:19:39",470600
16500,300,2000,"bu","09:19:38",470400
16500,300,52100,"bu","09:19:37",468400
16500,300,15000,"bu","09:19:29",416300
16500,300,2000,"bu","09:19:22",401300
16500,300,1700,"bu","09:19:19",399300
16500,300,500,"bu","09:19:18",397600
16400,200,1600,"sd","09:19:15",397100
16500,300,5000,"bu","09:19:13",395500
16500,300,7200,"bu","09:19:10",390500
16500,300,100,"bu","09:19:07",383300
16500,300,2000,"bu","09:19:06",383200
16500,300,1000,"bu","09:19:04",381200
16500,300,20000,"bu","09:19:03",380200
16500,300,500,"bu","09:19:02",360200
16500,300,2000,"bu","09:19:00",359700
16400,200,1000,"sd","09:18:59",357700
16500,300,5000,"bu","09:18:58",356700
16500,300,12000,"bu","09:18:53",351700
16500,300,2000,"bu","09:18:51",339700
16500,300,3000,"bu","09:18:49",337700
16500,300,300,"bu","09:18:41",334700
16400,200,1000,"sd","09:18:40",334400
16500,300,500,"bu","09:18:38",333400
16500,300,500,"bu","09:18:31",332900
16500,300,500,"bu","09:18:20",332400
16400,200,1000,"sd","09:18:14",331900
16400,200,5000,"sd","09:18:06",330900
16400,200,900,"sd","09:17:52",325900
16400,200,1000,"sd","09:17:36",325000
16400,200,132400,"sd","09:17:34",324000
16400,200,21000,"bu","09:17:30",191600
16400,200,2000,"bu","09:17:24",170600
16400,200,5000,"bu","09:17:22",168600
16400,200,4700,"bu","09:17:20",163600
16400,200,5000,"bu","09:17:17",158900
16400,200,100,"bu","09:17:14",153900
16300,100,5000,"sd","09:17:02",153800
16300,100,1000,"sd","09:16:42",148800
16400,200,700,"bu","09:16:40",147800
16400,200,200,"bu","09:16:27",147100
16400,200,600,"bu","09:16:15",146900
16400,200,1000,"bu","09:16:14",146300
16400,200,1100,"bu","09:15:59",145300
16300,100,2600,"sd","09:15:42",144200
16300,100,100,"sd","09:15:04",141600
16300,100,700,"sd","09:14:59",141500
16300,100,500,"sd","09:14:25",140800
16300,100,100,"sd","09:13:44",140300
16400,200,3000,"bu","09:13:22",140200
16400,200,1000,"bu","09:13:04",137200
16400,200,400,"bu","09:12:05",136200
16400,200,100,"bu","09:11:24",135800
16400,200,2000,"bu","09:11:21",135700
16400,200,2000,"bu","09:11:15",133700
16400,200,200,"bu","09:10:51",131700
16400,200,8200,"bu","09:10:29",131500
16300,100,50000,"sd","09:10:28",123300
16400,200,100,"bu","09:10:15",73300
16300,100,1000,"sd","09:09:29",73200
16300,100,1000,"sd","09:09:09",72200
16300,100,10000,"sd","09:09:06",71200
16300,100,1000,"sd","09:08:58",61200
16300,100,5000,"sd","09:08:12",60200
16300,100,1000,"sd","09:06:42",55200
16300,100,300,"sd","09:06:29",54200
16300,100,200,"sd","09:06:03",53900
16300,100,10000,"sd","09:05:48",53700
16400,200,2000,"bu","09:05:21",43700
16300,100,100,"sd","09:05:20",41700
16400,200,500,"bu","09:05:16",41600
16400,200,300,"bu","09:05:09",41100
16400,200,3400,"bu","09:05:03",40800
16400,200,4200,"bu","09:04:05",37400
16300,100,20000,"sd","09:03:47",33200
16300,100,100,"sd","09:03:38",13200
16300,100,300,"sd","09:02:17",13100
16300,100,2000,"sd","09:02:13",12800
16300,100,1000,"sd","09:00:56",10800
16300,100,100,"sd","09:00:54",9800
16300,100,500,"sd","09:00:45",9700
16300,100,1000,"sd","09:00:24",9200
16300,100,2900,"sd","09:00:22",8200
16300,100,100,"sd","09:00:19",5300
16300,100,100,"sd","09:00:15",5200
16300,100,1800,"bu","09:00:14",5100
16300,100,3000,"sd","09:00:12",3300
16300,100,200,"sd","09:00:11",300
16300,100,100,"sd","09:00:06",100
