"price","change","match_qtty","side","time","total_vol"
5500,-20,538200,"unknown","14:45:01",7922200
5470,-50,2000,"bu","14:29:57",7384000
5460,-60,500,"bu","14:29:53",7382000
5450,-70,1000,"sd","14:29:49",7381500
5470,-50,600,"bu","14:29:43",7380500
5470,-50,11000,"bu","14:29:43",7379900
5470,-50,100,"bu","14:29:43",7368900
5470,-50,4000,"bu","14:29:43",7368800
5470,-50,4300,"bu","14:29:43",7364800
5450,-70,10000,"sd","14:29:43",7360500
5450,-70,2000,"sd","14:29:39",7350500
5450,-70,6800,"bu","14:29:38",7348500
5450,-70,400,"sd","14:29:38",7341700
5450,-70,1000,"sd","14:29:38",7341300
5450,-70,7500,"sd","14:29:38",7340300
5450,-70,2000,"sd","14:29:36",7332800
5450,-70,300,"sd","14:29:34",7330800
5470,-50,1200,"bu","14:29:31",7330500
5460,-60,500,"bu","14:29:31",7329300
5460,-60,7700,"bu","14:29:31",7328800
5460,-60,1000,"bu","14:29:31",7321100
5460,-60,3000,"bu","14:29:31",7320100
5460,-60,500,"bu","14:29:31",7317100
5460,-60,4000,"bu","14:29:31",7316600
5460,-60,2100,"bu","14:29:31",7312600
5450,-70,200,"sd","14:29:31",7310500
5450,-70,39800,"sd","14:29:31",7310300
5450,-70,400,"sd","14:29:30",7270500
5450,-70,800,"bu","14:29:25",7270100
5450,-70,100,"bu","14:29:25",7269300
5450,-70,1000,"bu","14:29:25",7269200
5450,-70,1000,"bu","14:29:25",7268200
5450,-70,200,"bu","14:29:25",7267200
5450,-70,500,"bu","14:29:25",7267000
5450,-70,2000,"bu","14:29:25",7266500
5450,-70,1000,"bu","14:29:25",7264500
5450,-70,3200,"bu","14:29:25",7263500
5450,-70,3000,"bu","14:29:24",7260300
5450,-70,2200,"bu","14:29:18",7257300
5440,-80,1300,"sd","14:29:17",7255100
5450,-70,5000,"bu","14:29:17",7253800
5450,-70,10000,"bu","14:29:11",7248800
5440,-80,7500,"bu","14:29:04",7238800
5440,-80,5000,"bu","14:28:58",7231300
5440,-80,2000,"sd","14:28:55",7226300
5450,-70,3500,"bu","14:28:38",7224300
5440,-80,1000,"bu","14:28:38",7220800
5440,-80,500,"bu","14:28:38",7219800
5440,-80,3000,"bu","14:28:33",7219300
5440,-80,1500,"bu","14:28:29",7216300
5440,-80,1000,"bu","14:28:29",7214800
5440,-80,500,"bu","14:28:29",7213800
5450,-70,3100,"bu","14:28:22",7213300
5450,-70,1400,"bu","14:28:22",7210200
5440,-80,500,"bu","14:28:22",7208800
5440,-80,3000,"sd","14:28:20",7208300
5430,-90,3800,"sd","14:28:16",7205300
5430,-90,2000,"sd","14:28:16",7201500
5430,-90,10000,"sd","14:28:16",7199500
5430,-90,100,"sd","14:28:16",7189500
5430,-90,1600,"sd","14:28:16",7189400
5440,-80,2500,"sd","14:28:16",7187800
5440,-80,700,"bu","14:28:07",7185300
5440,-80,1000,"bu","14:28:07",7184600
5440,-80,800,"bu","14:28:07",7183600
5440,-80,600,"bu","14:28:00",7182800
5440,-80,2000,"bu","14:28:00",7182200
5440,-80,400,"bu","14:28:00",7180200
5440,-80,4600,"bu","14:27:54",7179800
5440,-80,400,"bu","14:27:54",7175200
5430,-90,1200,"bu","14:27:47",7174800
5430,-90,1000,"bu","14:27:47",7173600
5430,-90,6200,"bu","14:27:47",7172600
5430,-90,1000,"bu","14:27:34",7166400
5430,-90,500,"bu","14:27:30",7165400
5420,-100,1600,"sd","14:27:29",7164900
5420,-100,2000,"sd","14:27:29",7163300
5420,-100,1000,"sd","14:27:29",7161300
5420,-100,400,"sd","14:27:29",7160300
5420,-100,100,"sd","14:27:27",7159900
5430,-90,100,"bu","14:27:09",7159800
5430,-90,200,"sd","14:26:56",7159700
5430,-90,5000,"sd","14:26:48",7159500
5440,-80,2600,"bu","14:26:47",7154500
5440,-80,1400,"bu","14:26:47",7151900
5430,-90,300,"bu","14:26:42",7150500
5430,-90,4700,"bu","14:26:42",7150200
5430,-90,300,"bu","14:26:29",7145500
5430,-90,200,"bu","14:26:29",7145200
5430,-90,4800,"sd","14:26:26",7145000
5440,-80,3600,"bu","14:26:16",7140200
5440,-80,1400,"bu","14:26:16",7136600
5430,-90,100,"sd","14:26:16",7135200
5430,-90,100,"sd","14:26:11",7135100
5440,-80,1100,"bu","14:25:54",7135000
5440,-80,900,"bu","14:25:54",7133900
5430,-90,100,"sd","14:25:45",7133000
5430,-90,300,"sd","14:25:36",7132900
5430,-90,600,"bu","14:25:28",7132600
5430,-90,1600,"sd","14:25:24",7132000
5430,-90,800,"sd","14:25:23",7130400
5430,-90,2000,"sd","14:25:23",7129600
5430,-90,3500,"sd","14:25:22",7127600
5430,-90,3300,"sd","14:25:22",7124100
5430,-90,1000,"sd","14:25:22",7120800
5430,-90,700,"sd","14:25:22",7119800
5440,-80,1600,"bu","14:25:21",7119100
5440,-80,3400,"bu","14:25:21",7117500
5430,-90,500,"sd","14:25:17",7114100
5430,-90,1000,"sd","14:24:44",7113600
5430,-90,400,"bu","14:24:35",7112600
5430,-90,300,"bu","14:24:35",7112200
5430,-90,100,"bu","14:24:35",7111900
5430,-90,2000,"bu","14:24:35",7111800
5430,-90,5000,"bu","14:24:35",7109800
5430,-90,1000,"bu","14:24:35",7104800
5430,-90,4000,"bu","14:24:35",7103800
5430,-90,1000,"bu","14:24:34",7099800
5420,-100,100,"sd","14:24:33",7098800
5420,-100,100,"sd","14:24:26",7098700
5420,-100,3000,"sd","14:24:10",7098600
5420,-100,2000,"sd","14:24:10",7095600
5430,-90,2000,"bu","14:24:01",7093600
5430,-90,300,"bu","14:23:52",7091600
5430,-90,100,"bu","14:23:52",7091300
5430,-90,4600,"bu","14:23:52",7091200
5430,-90,100,"bu","14:23:47",7086600
5420,-100,100,"sd","14:23:39",7086500
5420,-100,500,"sd","14:23:31",7086400
5420,-100,400,"bu","14:23:29",7085900
5410,-110,4000,"sd","14:23:22",7085500
5410,-110,1000,"sd","14:23:22",7081500
5420,-100,800,"bu","14:23:15",7080500
5420,-100,200,"bu","14:23:15",7079700
5410,-110,5000,"bu","14:23:03",7079500
5410,-110,300,"sd","14:22:53",7074500
5410,-110,1000,"bu","14:22:49",7074200
5410,-110,2000,"bu","14:22:49",7073200
5410,-110,1700,"bu","14:22:49",7071200
5410,-110,100,"bu","14:22:41",7069500
5410,-110,100,"bu","14:22:36",7069400
5410,-110,1900,"bu","14:22:36",7069300
5400,-120,100,"sd","14:22:34",7067400
5400,-120,5300,"sd","14:22:31",7067300
5400,-120,2000,"sd","14:22:31",7062000
5400,-120,12700,"sd","14:22:31",7060000
5410,-110,100,"bu","14:22:25",7047300
5410,-110,3000,"bu","14:22:10",7047200
5410,-110,1100,"bu","14:22:06",7044200
5410,-110,1000,"bu","14:22:05",7043100
5400,-120,20000,"sd","14:21:56",7042100
5410,-110,2400,"sd","14:21:39",7022100
5410,-110,1900,"sd","14:21:39",7019700
5410,-110,100,"sd","14:21:39",7017800
5410,-110,500,"sd","14:21:39",7017700
5410,-110,3000,"sd","14:21:39",7017200
5420,-100,100,"bu","14:21:35",7014200
5420,-100,100,"bu","14:21:18",7014100
5420,-100,100,"sd","14:21:18",7014000
5430,-90,2000,"bu","14:21:04",7013900
5430,-90,500,"bu","14:20:59",7011900
5430,-90,2800,"bu","14:20:50",7011400
5430,-90,15700,"bu","14:20:50",7008600
5430,-90,4300,"sd","14:20:45",6992900
5430,-90,700,"sd","14:20:45",6988600
5430,-90,9000,"sd","14:20:45",6987900
5430,-90,300,"sd","14:20:45",6978900
5440,-80,2000,"bu","14:20:43",6978600
5440,-80,700,"bu","14:20:42",6976600
5440,-80,2000,"bu","14:20:27",6975900
5440,-80,400,"bu","14:20:23",6973900
5440,-80,5000,"bu","14:20:19",6973500
5440,-80,1500,"bu","14:20:12",6968500
5440,-80,500,"bu","14:20:12",6967000
5430,-90,4700,"bu","14:20:06",6966500
5430,-90,300,"bu","14:19:59",6961800
5430,-90,500,"bu","14:19:59",6961500
5430,-90,500,"bu","14:19:59",6961000
5430,-90,700,"bu","14:19:59",6960500
5420,-100,100,"bu","14:19:56",6959800
5420,-100,3000,"bu","14:19:54",6959700
5420,-100,1900,"sd","14:19:53",6956700
5430,-90,300,"bu","14:19:49",6954800
5430,-90,500,"bu","14:19:49",6954500
5430,-90,1000,"bu","14:19:49",6954000
5430,-90,200,"bu","14:19:49",6953000
5420,-100,1100,"bu","14:19:36",6952800
5420,-100,5900,"bu","14:19:31",6951700
5420,-100,1500,"bu","14:19:26",6945800
5420,-100,1500,"bu","14:19:18",6944300
5420,-100,500,"bu","14:19:18",6942800
5420,-100,5000,"bu","14:19:18",6942300
5420,-100,200,"bu","14:19:18",6937300
5420,-100,2800,"bu","14:19:18",6937100
5410,-110,2000,"bu","14:19:03",6934300
5410,-110,100,"bu","14:18:57",6932300
5410,-110,2000,"sd","14:18:54",6932200
5420,-100,2200,"bu","14:18:43",6930200
5420,-100,400,"bu","14:18:43",6928000
5420,-100,400,"bu","14:18:43",6927600
5410,-110,100,"bu","14:18:33",6927200
5410,-110,3000,"bu","14:18:31",6927100
5410,-110,600,"bu","14:18:29",6924100
5410,-110,500,"bu","14:18:29",6923500
5410,-110,200,"bu","14:18:29",6923000
5410,-110,700,"bu","14:18:29",6922800
5400,-120,1000,"bu","14:18:05",6922100
5400,-120,1300,"bu","14:18:05",6921100
5400,-120,5000,"bu","14:18:05",6919800
5400,-120,4500,"bu","14:18:03",6914800
5400,-120,2000,"bu","14:18:03",6910300
5400,-120,4000,"bu","14:17:59",6908300
5390,-130,200,"sd","14:17:58",6904300
5400,-120,5000,"bu","14:17:48",6904100
5400,-120,2000,"bu","14:17:45",6899100
5400,-120,2000,"bu","14:17:41",6897100
5400,-120,1900,"bu","14:17:39",6895100
5400,-120,1200,"bu","14:17:38",6893200
5400,-120,2000,"bu","14:17:37",6892000
5400,-120,2000,"bu","14:17:35",6890000
5400,-120,1000,"bu","14:17:32",6888000
5400,-120,2000,"bu","14:17:32",6887000
5400,-120,3000,"bu","14:17:29",6885000
5400,-120,50000,"bu","14:17:12",6882000
5390,-130,3000,"sd","14:17:10",6832000
5390,-130,4700,"bu","14:17:07",6829000
5390,-130,200,"bu","14:17:04",6824300
5390,-130,100,"bu","14:16:58",6824100
5390,-130,2500,"bu","14:16:57",6824000
5390,-130,7500,"bu","14:16:57",6821500
5390,-130,200,"bu","14:16:55",6814000
5390,-130,10000,"bu","14:16:53",6813800
5390,-130,400,"bu","14:16:46",6803800
5390,-130,3600,"bu","14:16:40",6803400
5390,-130,14000,"bu","14:16:34",6799800
5390,-130,2000,"bu","14:16:20",6785800
5380,-140,3300,"sd","14:16:01",6783800
5380,-140,100,"bu","14:15:59",6780500
5380,-140,1900,"bu","14:15:50",6780400
5380,-140,1100,"bu","14:15:50",6778500
5380,-140,100,"bu","14:15:50",6777400
5380,-140,5000,"bu","14:15:40",6777300
5380,-140,400,"bu","14:15:36",6772300
5380,-140,9600,"bu","14:15:29",6771900
5380,-140,400,"bu","14:15:29",6762300
5380,-140,200,"bu","14:15:28",6761900
5380,-140,300,"bu","14:15:28",6761700
5380,-140,400,"bu","14:15:13",6761400
5380,-140,400,"bu","14:15:05",6761000
5380,-140,2000,"bu","14:14:51",6760600
5380,-140,900,"sd","14:14:51",6758600
5380,-140,5000,"sd","14:14:43",6757700
5380,-140,100,"bu","14:14:42",6752700
5370,-150,3800,"sd","14:14:05",6752600
5370,-150,500,"bu","14:13:33",6748800
5360,-160,15500,"sd","14:13:31",6748300
5360,-160,1000,"sd","14:13:31",6732800
5360,-160,2000,"sd","14:13:31",6731800
5360,-160,1000,"sd","14:13:31",6729800
5360,-160,500,"sd","14:13:31",6728800
5370,-150,100,"sd","14:13:27",6728300
5370,-150,400,"sd","14:13:27",6728200
5380,-140,500,"bu","14:13:14",6727800
5370,-150,400,"bu","14:13:12",6727300
5370,-150,500,"bu","14:13:12",6726900
5370,-150,700,"bu","14:13:12",6726400
5370,-150,100,"sd","14:13:07",6725700
5370,-150,100,"sd","14:13:07",6725600
5370,-150,100,"sd","14:13:07",6725500
5380,-140,100,"bu","14:12:51",6725400
5380,-140,600,"bu","14:12:43",6725300
5380,-140,2200,"bu","14:12:43",6724700
5380,-140,1000,"bu","14:12:41",6722500
5380,-140,500,"sd","14:12:26",6721500
5380,-140,6300,"sd","14:12:26",6721000
5390,-130,1000,"bu","14:12:17",6714700
5380,-140,4000,"sd","14:12:06",6713700
5380,-140,3000,"sd","14:12:00",6709700
5390,-130,12700,"sd","14:11:50",6706700
5390,-130,2300,"sd","14:11:40",6694000
5390,-130,500,"sd","14:11:40",6691700
5400,-120,200,"sd","14:11:25",6691200
5400,-120,500,"sd","14:11:25",6691000
5400,-120,20000,"sd","14:11:25",6690500
5400,-120,6000,"sd","14:11:25",6670500
5400,-120,200,"sd","14:11:23",6664500
5400,-120,6000,"sd","14:11:21",6664300
5400,-120,4400,"sd","14:11:13",6658300
5410,-110,300,"bu","14:10:56",6653900
5410,-110,1000,"bu","14:10:56",6653600
5410,-110,8700,"bu","14:10:56",6652600
5410,-110,600,"sd","14:10:43",6643900
5410,-110,5700,"sd","14:10:43",6643300
5410,-110,3000,"bu","14:10:37",6637600
5410,-110,1300,"bu","14:10:37",6634600
5410,-110,100,"bu","14:10:35",6633300
5410,-110,200,"bu","14:10:29",6633200
5410,-110,1000,"sd","14:10:29",6633000
5410,-110,300,"sd","14:10:29",6632000
5410,-110,2100,"sd","14:10:29",6631700
5410,-110,500,"sd","14:10:28",6629600
5420,-100,500,"bu","14:10:24",6629100
5420,-100,100,"bu","14:10:20",6628600
5410,-110,1000,"sd","14:10:01",6628500
5410,-110,200,"bu","14:09:48",6627500
5410,-110,1000,"bu","14:09:48",6627300
5410,-110,200,"bu","14:09:48",6626300
5400,-120,5500,"bu","14:09:38",6626100
5400,-120,5000,"bu","14:09:38",6620600
5400,-120,10000,"bu","14:09:38",6615600
5400,-120,5000,"bu","14:09:38",6605600
5400,-120,400,"bu","14:09:38",6600600
5400,-120,200,"bu","14:09:38",6600200
5390,-130,10000,"bu","14:09:38",6600000
5390,-130,5000,"bu","14:09:38",6590000
5390,-130,42300,"bu","14:09:38",6585000
5380,-140,1000,"bu","14:09:27",6542700
5380,-140,10000,"bu","14:09:27",6541700
5380,-140,10000,"bu","14:09:27",6531700
5380,-140,5700,"bu","14:09:27",6521700
5380,-140,100,"bu","14:09:27",6516000
5380,-140,2000,"bu","14:09:22",6515900
5380,-140,2200,"bu","14:09:21",6513900
5380,-140,2800,"bu","14:09:21",6511700
5380,-140,100,"bu","14:09:19",6508900
5380,-140,5500,"bu","14:09:18",6508800
5380,-140,11300,"bu","14:09:13",6503300
5380,-140,3700,"bu","14:09:13",6492000
5380,-140,1200,"bu","14:08:41",6488300
5380,-140,100,"bu","14:08:30",6487100
5360,-160,5000,"sd","14:08:25",6487000
5350,-170,13100,"sd","14:07:56",6482000
5350,-170,200,"sd","14:07:56",6468900
5350,-170,500,"sd","14:07:56",6468700
5350,-170,100,"sd","14:07:56",6468200
5350,-170,400,"sd","14:07:56",6468100
5350,-170,53000,"sd","14:07:56",6467700
5360,-160,1000,"sd","14:07:56",6414700
5360,-160,5000,"sd","14:07:56",6413700
5360,-160,600,"sd","14:07:56",6408700
5360,-160,300,"sd","14:07:56",6408100
5360,-160,1000,"sd","14:07:56",6407800
5360,-160,10000,"sd","14:07:56",6406800
5360,-160,300,"sd","14:07:56",6396800
5360,-160,1200,"sd","14:07:56",6396500
5360,-160,100,"sd","14:07:56",6395300
5360,-160,1000,"sd","14:07:56",6395200
5360,-160,5000,"sd","14:07:56",6394200
5360,-160,200,"sd","14:07:56",6389200
5360,-160,2000,"sd","14:07:56",6389000
5380,-140,5000,"sd","14:07:56",6387000
5380,-140,5000,"sd","14:07:52",6382000
5390,-130,2200,"bu","14:07:46",6377000
5350,-170,36000,"sd","14:07:18",6374800
5370,-150,34000,"sd","14:07:18",6338800
5370,-150,4600,"sd","14:07:17",6304800
5360,-160,11400,"bu","14:07:17",6300200
5360,-160,1000,"bu","14:07:16",6288800
5360,-160,200,"bu","14:07:13",6287800
5360,-160,100,"sd","14:07:09",6287600
5360,-160,5000,"sd","14:07:09",6287500
5360,-160,2300,"sd","14:07:09",6282500
5360,-160,7700,"sd","14:07:09",6280200
5360,-160,2300,"sd","14:07:08",6272500
5360,-160,200,"sd","14:07:08",6270200
5350,-170,11000,"sd","14:06:59",6270000
5350,-170,100,"sd","14:06:59",6259000
5350,-170,100,"sd","14:06:59",6258900
5350,-170,10000,"sd","14:06:59",6258800
5350,-170,300,"sd","14:06:59",6248800
5350,-170,100,"sd","14:06:59",6248500
5350,-170,2400,"sd","14:06:59",6248400
5350,-170,5000,"sd","14:06:59",6246000
5350,-170,1000,"sd","14:06:59",6241000
5350,-170,4000,"sd","14:06:59",6240000
5350,-170,600,"sd","14:06:59",6236000
5350,-170,1000,"sd","14:06:59",6235400
5350,-170,7100,"sd","14:06:59",6234400
5360,-160,100,"sd","14:06:59",6227300
5360,-160,4000,"sd","14:06:59",6227200
5360,-160,3000,"sd","14:06:59",6223200
5360,-160,200,"sd","14:06:59",6220200
5380,-140,40000,"bu","14:06:54",6220000
5370,-150,1000,"bu","14:06:54",6180000
5370,-150,3000,"bu","14:06:54",6179000
5370,-150,2000,"bu","14:06:54",6176000
5370,-150,200,"bu","14:06:54",6174000
5370,-150,2400,"bu","14:06:54",6173800
5370,-150,1400,"bu","14:06:54",6171400
5370,-150,1000,"bu","14:06:44",6170000
5350,-170,2800,"sd","14:06:35",6169000
5360,-160,2300,"sd","14:06:35",6166200
5350,-170,200,"sd","14:06:29",6163900
5350,-170,1000,"sd","14:06:29",6163700
5350,-170,18800,"sd","14:06:29",6162700
5350,-170,1200,"sd","14:06:29",6143900
5350,-170,1000,"sd","14:06:29",6142700
5350,-170,200,"sd","14:06:29",6141700
5350,-170,100,"sd","14:06:29",6141500
5350,-170,500,"sd","14:06:29",6141400
5350,-170,3300,"sd","14:06:29",6140900
5360,-160,700,"sd","14:06:29",6137600
5360,-160,2300,"bu","14:06:28",6136900
5350,-170,300,"sd","14:06:23",6134600
5350,-170,6400,"sd","14:06:18",6134300
5350,-170,13600,"sd","14:06:18",6127900
5360,-160,100,"bu","14:06:16",6114300
5360,-160,1000,"bu","14:06:15",6114200
5360,-160,500,"bu","14:06:12",6113200
5360,-160,100,"bu","14:06:07",6112700
5350,-170,86400,"sd","14:06:05",6112600
5350,-170,2000,"sd","14:06:05",6026200
5350,-170,1000,"sd","14:06:05",6024200
5350,-170,400,"sd","14:06:05",6023200
5350,-170,500,"sd","14:06:05",6022800
5350,-170,200,"sd","14:06:05",6022300
5350,-170,400,"sd","14:06:05",6022100
5350,-170,200,"sd","14:06:05",6021700
5350,-170,500,"sd","14:06:05",6021500
5350,-170,300,"sd","14:06:05",6021000
5350,-170,2600,"sd","14:06:05",6020700
5350,-170,1000,"sd","14:06:05",6018100
5350,-170,1000,"sd","14:06:05",6017100
5350,-170,1000,"sd","14:06:05",6016100
5350,-170,100,"sd","14:06:05",6015100
5350,-170,700,"sd","14:06:05",6015000
5350,-170,1000,"sd","14:06:05",6014300
5350,-170,700,"sd","14:06:05",6013300
5360,-160,1000,"sd","14:06:00",6012600
5370,-150,100,"bu","14:05:57",6011600
5350,-170,800,"sd","14:05:53",6011500
5350,-170,1500,"bu","14:05:21",6010700
5350,-170,500,"bu","14:05:19",6009200
5350,-170,100,"bu","14:05:13",6008700
5340,-180,1000,"sd","14:05:08",6008600
5350,-170,1000,"sd","14:05:08",6007600
5350,-170,1000,"sd","14:05:08",6006600
5340,-180,2600,"sd","14:04:58",6005600
5340,-180,200,"sd","14:04:58",6003000
5350,-170,5000,"sd","14:04:58",6002800
5350,-170,2200,"sd","14:04:58",5997800
5350,-170,600,"sd","14:04:55",5995600
5350,-170,3000,"sd","14:04:51",5995000
5350,-170,7000,"sd","14:04:51",5992000
5350,-170,1000,"bu","14:04:48",5985000
5350,-170,2000,"bu","14:04:48",5984000
5350,-170,3000,"bu","14:04:46",5982000
5340,-180,4800,"sd","14:04:45",5979000
5340,-180,25400,"sd","14:04:45",5974200
5350,-170,20000,"sd","14:04:45",5948800
5350,-170,100,"sd","14:04:45",5928800
5350,-170,100,"sd","14:04:45",5928700
5350,-170,1000,"sd","14:04:45",5928600
5350,-170,4000,"sd","14:04:45",5927600
5350,-170,100,"sd","14:04:45",5923600
5350,-170,2000,"sd","14:04:45",5923500
5350,-170,1000,"sd","14:04:45",5921500
5350,-170,1500,"sd","14:04:45",5920500
5350,-170,1000,"sd","14:04:35",5919000
5350,-170,7000,"sd","14:04:22",5918000
5340,-180,4600,"sd","14:04:15",5911000
5350,-170,2000,"sd","14:04:15",5906400
5350,-170,1000,"sd","14:04:15",5904400
5370,-150,1000,"bu","14:04:06",5903400
5340,-180,16500,"sd","14:04:05",5902400
5350,-170,400,"sd","14:04:05",5885900
5360,-160,3200,"sd","14:04:05",5885500
5360,-160,200,"sd","14:04:02",5882300
5360,-160,1000,"sd","14:03:58",5882100
5360,-160,500,"sd","14:03:58",5881100
5360,-160,300,"bu","14:03:55",5880600
5360,-160,3000,"bu","14:03:55",5880300
5360,-160,10500,"bu","14:03:55",5877300
5350,-170,2000,"bu","14:03:55",5866800
5350,-170,2900,"bu","14:03:55",5864800
5350,-170,10000,"bu","14:03:55",5861900
5350,-170,15500,"bu","14:03:55",5851900
5350,-170,900,"bu","14:03:55",5836400
5340,-180,500,"sd","14:03:52",5835500
5340,-180,3000,"sd","14:03:44",5835000
5340,-180,2000,"sd","14:03:44",5832000
5340,-180,100,"sd","14:03:44",5830000
5340,-180,900,"bu","14:03:42",5829900
5330,-190,60000,"sd","14:03:41",5829000
5340,-180,6000,"bu","14:03:40",5769000
5330,-190,5800,"sd","14:03:39",5763000
5330,-190,1200,"sd","14:03:39",5757200
5330,-190,100,"sd","14:03:39",5756000
5330,-190,100,"sd","14:03:39",5755900
5330,-190,2800,"sd","14:03:39",5755800
5340,-180,300,"bu","14:03:39",5753000
5330,-190,100,"sd","14:03:37",5752700
5330,-190,2100,"sd","14:03:36",5752600
5330,-190,200,"sd","14:03:36",5750500
5330,-190,500,"sd","14:03:36",5750300
5340,-180,500,"bu","14:03:31",5749800
5340,-180,500,"bu","14:03:29",5749300
5340,-180,100,"bu","14:03:28",5748800
5340,-180,1000,"bu","14:03:28",5748700
5340,-180,300,"bu","14:03:28",5747700
5340,-180,1000,"bu","14:03:28",5747400
5340,-180,1000,"bu","14:03:28",5746400
5340,-180,1100,"unknown","14:03:28",5745400
5340,-180,400,"sd","14:03:28",5744300
5340,-180,200,"sd","14:03:28",5743900
5340,-180,100,"sd","14:03:28",5743700
5340,-180,1000,"sd","14:03:28",5743600
5340,-180,200,"sd","14:03:28",5742600
5340,-180,2000,"sd","14:03:28",5742400
5350,-170,100,"bu","14:03:20",5740400
5350,-170,8600,"sd","14:03:16",5740300
5350,-170,1400,"sd","14:03:16",5731700
5350,-170,100,"sd","14:03:16",5730300
5350,-170,1000,"sd","14:03:16",5730200
5350,-170,300,"sd","14:03:16",5729200
5350,-170,500,"sd","14:03:16",5728900
5350,-170,1100,"sd","14:03:16",5728400
5350,-170,600,"sd","14:03:16",5727300
5350,-170,1400,"sd","14:03:15",5726700
5350,-170,8600,"sd","14:03:15",5725300
5350,-170,17900,"sd","14:03:11",5716700
5350,-170,400,"sd","14:03:11",5698800
5350,-170,5000,"sd","14:03:11",5698400
5350,-170,5000,"sd","14:03:11",5693400
5350,-170,3000,"sd","14:03:11",5688400
5350,-170,1000,"sd","14:03:11",5685400
5350,-170,1000,"sd","14:03:11",5684400
5350,-170,1000,"sd","14:03:11",5683400
5350,-170,1000,"sd","14:03:11",5682400
5350,-170,1000,"sd","14:03:11",5681400
5350,-170,10000,"sd","14:03:11",5680400
5350,-170,500,"sd","14:03:11",5670400
5350,-170,100,"sd","14:03:11",5669900
5350,-170,300,"sd","14:03:11",5669800
5350,-170,400,"sd","14:03:11",5669500
5350,-170,5000,"sd","14:03:11",5669100
5350,-170,200,"sd","14:03:11",5664100
5350,-170,1000,"sd","14:03:11",5663900
5350,-170,3000,"sd","14:03:11",5662900
5350,-170,5000,"sd","14:03:11",5659900
5350,-170,5000,"sd","14:03:11",5654900
5350,-170,100,"sd","14:03:11",5649900
5350,-170,1000,"sd","14:03:11",5649800
5350,-170,200,"sd","14:03:11",5648800
5350,-170,400,"sd","14:03:11",5648600
5350,-170,1000,"sd","14:03:11",5648200
5350,-170,1000,"sd","14:03:11",5647200
5350,-170,5000,"sd","14:03:11",5646200
5350,-170,500,"sd","14:03:11",5641200
5350,-170,5000,"sd","14:03:11",5640700
5360,-160,200,"bu","14:03:09",5635700
5360,-160,100,"bu","14:03:09",5635500
5350,-170,500,"sd","14:03:02",5635400
5350,-170,200,"sd","14:03:02",5634900
5350,-170,1000,"sd","14:03:02",5634700
5350,-170,5000,"sd","14:03:02",5633700
5350,-170,2000,"sd","14:03:02",5628700
5350,-170,2000,"sd","14:03:02",5626700
5350,-170,1000,"sd","14:03:02",5624700
5350,-170,2000,"sd","14:03:02",5623700
5350,-170,1000,"sd","14:03:02",5621700
5350,-170,100,"sd","14:03:02",5620700
5350,-170,3000,"sd","14:03:02",5620600
5350,-170,100,"sd","14:03:02",5617600
5350,-170,2000,"sd","14:03:02",5617500
5350,-170,100,"sd","14:03:02",5615500
5360,-160,1000,"bu","14:02:56",5615400
5350,-170,500,"sd","14:02:53",5614400
5350,-170,1500,"sd","14:02:53",5613900
5350,-170,1500,"sd","14:02:51",5612400
5350,-170,500,"sd","14:02:51",5610900
5350,-170,400,"sd","14:02:51",5610400
5350,-170,4000,"sd","14:02:51",5610000
5350,-170,3600,"sd","14:02:51",5606000
5350,-170,500,"sd","14:02:40",5602400
5350,-170,500,"sd","14:02:40",5601900
5350,-170,200,"sd","14:02:40",5601400
5350,-170,2000,"sd","14:02:40",5601200
5350,-170,1000,"sd","14:02:40",5599200
5350,-170,5800,"sd","14:02:40",5598200
5350,-170,200,"sd","14:02:40",5592400
5350,-170,500,"sd","14:02:40",5592200
5350,-170,500,"sd","14:02:40",5591700
5360,-160,1000,"sd","14:02:37",5591200
5360,-160,4200,"sd","14:02:37",5590200
5360,-160,800,"sd","14:02:34",5586000
5360,-160,1100,"sd","14:02:34",5585200
5360,-160,200,"sd","14:02:34",5584100
5360,-160,100,"sd","14:02:34",5583900
5360,-160,100,"sd","14:02:34",5583800
5360,-160,5700,"sd","14:02:34",5583700
5360,-160,4300,"sd","14:02:31",5578000
5360,-160,1000,"sd","14:02:31",5573700
5360,-160,20000,"sd","14:02:31",5572700
5360,-160,400,"sd","14:02:31",5552700
5360,-160,500,"sd","14:02:31",5552300
5360,-160,100,"sd","14:02:31",5551800
5360,-160,100,"sd","14:02:31",5551700
5360,-160,100,"sd","14:02:31",5551600
5360,-160,4900,"sd","14:02:31",5551500
5360,-160,300,"sd","14:02:31",5546600
5360,-160,5000,"sd","14:02:31",5546300
5360,-160,100,"sd","14:02:31",5541300
5360,-160,500,"sd","14:02:31",5541200
5360,-160,1000,"sd","14:02:31",5540700
5360,-160,100,"sd","14:02:31",5539700
5360,-160,2000,"sd","14:02:31",5539600
5360,-160,300,"sd","14:02:31",5537600
5360,-160,2000,"sd","14:02:31",5537300
5360,-160,2000,"sd","14:02:31",5535300
5360,-160,10000,"sd","14:02:31",5533300
5360,-160,200,"sd","14:02:31",5523300
5360,-160,2000,"sd","14:02:31",5523100
5360,-160,12300,"sd","14:02:31",5521100
5370,-150,2800,"sd","14:02:29",5508800
5370,-150,200,"bu","14:02:26",5506000
5360,-160,37700,"sd","14:02:22",5505800
5360,-160,1000,"sd","14:02:22",5468100
5360,-160,1000,"sd","14:02:22",5467100
5360,-160,1000,"sd","14:02:22",5466100
5360,-160,3500,"sd","14:02:22",5465100
5360,-160,2000,"sd","14:02:21",5461600
5370,-150,1800,"bu","14:02:20",5459600
5370,-150,1200,"bu","14:02:20",5457800
5360,-160,4500,"sd","14:02:15",5456600
5360,-160,500,"sd","14:02:15",5452100
5360,-160,1000,"sd","14:02:15",5451600
5360,-160,100,"sd","14:02:15",5450600
5360,-160,400,"sd","14:02:15",5450500
5360,-160,300,"sd","14:02:15",5450100
5360,-160,5000,"sd","14:02:15",5449800
5360,-160,100,"sd","14:02:15",5444800
5360,-160,100,"sd","14:02:15",5444700
5360,-160,4700,"sd","14:02:15",5444600
5370,-150,300,"sd","14:02:15",5439900
5370,-150,200,"sd","14:02:15",5439600
5370,-150,500,"sd","14:02:15",5439400
5370,-150,2300,"sd","14:02:15",5438900
5370,-150,4500,"sd","14:02:12",5436600
5370,-150,1300,"sd","14:02:12",5432100
5370,-150,2200,"sd","14:02:12",5430800
5370,-150,2000,"sd","14:02:08",5428600
5370,-150,200,"sd","14:02:08",5426600
5370,-150,100,"sd","14:02:08",5426400
5370,-150,2700,"sd","14:02:08",5426300
5370,-150,700,"sd","14:02:07",5423600
5370,-150,5800,"sd","14:02:05",5422900
5370,-150,1000,"sd","14:02:05",5417100
5370,-150,500,"sd","14:02:05",5416100
5370,-150,100,"sd","14:02:05",5415600
5370,-150,200,"sd","14:02:05",5415500
5370,-150,4400,"sd","14:02:05",5415300
5370,-150,600,"sd","14:02:04",5410900
5370,-150,4400,"sd","14:02:04",5410300
5370,-150,500,"sd","14:02:00",5405900
5370,-150,100,"sd","14:01:59",5405400
5370,-150,7400,"sd","14:01:59",5405300
5380,-140,600,"bu","14:01:57",5397900
5370,-150,5600,"sd","14:01:57",5397300
5370,-150,300,"sd","14:01:57",5391700
5370,-150,2700,"sd","14:01:57",5391400
5370,-150,1400,"sd","14:01:57",5388700
5370,-150,600,"sd","14:01:56",5387300
5370,-150,2000,"sd","14:01:56",5386700
5370,-150,100,"sd","14:01:56",5384700
5370,-150,500,"sd","14:01:56",5384600
5370,-150,1000,"sd","14:01:56",5384100
5370,-150,1800,"sd","14:01:56",5383100
5370,-150,200,"sd","14:01:54",5381300
5370,-150,200,"sd","14:01:54",5381100
5380,-140,2000,"bu","14:01:54",5380900
5370,-150,800,"sd","14:01:53",5378900
5370,-150,500,"sd","14:01:53",5378100
5370,-150,200,"sd","14:01:53",5377600
5370,-150,800,"sd","14:01:44",5377400
5370,-150,200,"sd","14:01:44",5376600
5380,-140,10000,"bu","14:01:36",5376400
5370,-150,4400,"sd","14:01:24",5366400
5370,-150,400,"sd","14:01:24",5362000
5370,-150,500,"sd","14:01:24",5361600
5370,-150,1000,"sd","14:01:24",5361100
5370,-150,300,"sd","14:01:24",5360100
5370,-150,200,"sd","14:01:24",5359800
5380,-140,500,"bu","14:01:18",5359600
5380,-140,100,"bu","14:01:16",5359100
5380,-140,200,"bu","14:01:15",5359000
5380,-140,1000,"bu","14:01:09",5358800
5380,-140,700,"sd","14:01:07",5357800
5380,-140,100,"sd","14:01:07",5357100
5380,-140,1000,"sd","14:01:07",5357000
5380,-140,84000,"sd","14:01:07",5356000
5380,-140,6000,"sd","14:01:07",5272000
5380,-140,50000,"sd","14:01:07",5266000
5380,-140,5700,"sd","14:01:07",5216000
5400,-120,100,"bu","14:01:02",5210300
5400,-120,700,"bu","14:00:58",5210200
5400,-120,200,"bu","14:00:58",5209500
5400,-120,1900,"bu","14:00:58",5209300
5380,-140,2300,"sd","14:00:43",5207400
5380,-140,1700,"sd","14:00:43",5205100
5390,-130,1000,"sd","14:00:43",5203400
5400,-120,800,"bu","14:00:41",5202400
5380,-140,8300,"sd","14:00:39",5201600
5390,-130,200,"sd","14:00:39",5193300
5390,-130,1500,"sd","14:00:39",5193100
5400,-120,200,"bu","14:00:32",5191600
5400,-120,300,"bu","14:00:32",5191400
5400,-120,5000,"bu","14:00:27",5191100
5400,-120,5100,"bu","14:00:25",5186100
5400,-120,4900,"bu","14:00:25",5181000
5400,-120,100,"bu","14:00:25",5176100
5380,-140,10000,"sd","14:00:22",5176000
5400,-120,3100,"bu","13:59:45",5166000
5390,-130,2700,"bu","13:59:45",5162900
5390,-130,5000,"bu","13:59:45",5160200
5390,-130,2000,"bu","13:59:45",5155200
5390,-130,7200,"bu","13:59:44",5153200
5380,-140,2000,"bu","13:59:42",5146000
5380,-140,100,"bu","13:59:42",5144000
5380,-140,900,"bu","13:59:42",5143900
5380,-140,100,"bu","13:59:37",5143000
5380,-140,3000,"bu","13:59:33",5142900
5380,-140,900,"bu","13:59:30",5139900
5380,-140,4500,"bu","13:59:26",5139000
5380,-140,400,"bu","13:59:22",5134500
5380,-140,1700,"bu","13:59:20",5134100
5380,-140,4300,"bu","13:59:20",5132400
5380,-140,5000,"bu","13:59:15",5128100
5380,-140,4000,"bu","13:59:11",5123100
5380,-140,100,"bu","13:58:57",5119100
5370,-150,1000,"sd","13:58:55",5119000
5380,-140,2000,"bu","13:58:54",5118000
5380,-140,500,"bu","13:58:52",5116000
5380,-140,8000,"sd","13:58:36",5115500
5380,-140,3000,"sd","13:58:36",5107500
5380,-140,300,"sd","13:58:36",5104500
5380,-140,200,"sd","13:58:36",5104200
5380,-140,100,"sd","13:58:36",5104000
5380,-140,100,"sd","13:58:36",5103900
5380,-140,22400,"sd","13:58:36",5103800
5380,-140,22000,"sd","13:58:28",5081400
5380,-140,5000,"sd","13:58:21",5059400
5390,-130,300,"bu","13:58:07",5054400
5380,-140,600,"sd","13:57:59",5054100
5380,-140,1000,"sd","13:57:59",5053500
5380,-140,100,"sd","13:57:59",5052500
5380,-140,500,"sd","13:57:59",5052400
5380,-140,1000,"sd","13:57:59",5051900
5380,-140,6600,"sd","13:57:59",5050900
5390,-130,1500,"bu","13:57:57",5044300
5390,-130,1100,"bu","13:57:57",5042800
5390,-130,2900,"bu","13:57:57",5041700
5390,-130,1100,"bu","13:57:57",5038800
5380,-140,400,"sd","13:57:35",5037700
5380,-140,100,"sd","13:57:35",5037300
5390,-130,7300,"bu","13:57:28",5037200
5390,-130,400,"bu","13:57:25",5029900
5380,-140,1000,"sd","13:57:13",5029500
5380,-140,1000,"sd","13:57:03",5028500
5370,-150,4000,"sd","13:56:54",5027500
5390,-130,300,"bu","13:56:47",5023500
5390,-130,200,"bu","13:56:47",5023200
5370,-150,4800,"sd","13:56:33",5023000
5370,-150,100,"sd","13:56:33",5018200
5370,-150,1000,"sd","13:56:33",5018100
5370,-150,100,"sd","13:56:33",5017100
5370,-150,6000,"sd","13:56:33",5017000
5370,-150,1000,"sd","13:56:33",5011000
5370,-150,4000,"sd","13:56:33",5010000
5370,-150,2000,"sd","13:56:33",5006000
5370,-150,3000,"sd","13:56:33",5004000
5370,-150,1000,"sd","13:56:33",5001000
5370,-150,1000,"sd","13:56:33",5000000
5370,-150,10000,"sd","13:56:33",4999000
5370,-150,200,"sd","13:56:33",4989000
5370,-150,500,"sd","13:56:33",4988800
5370,-150,15000,"sd","13:56:33",4988300
5370,-150,500,"sd","13:56:33",4973300
5370,-150,5000,"sd","13:56:33",4972800
5370,-150,500,"sd","13:56:33",4967800
5370,-150,19800,"sd","13:56:33",4967300
5380,-140,600,"sd","13:56:33",4947500
5380,-140,4000,"sd","13:56:33",4946900
5380,-140,300,"sd","13:56:33",4942900
5380,-140,600,"sd","13:56:33",4942600
5380,-140,100,"sd","13:56:33",4942000
5380,-140,5000,"sd","13:56:33",4941900
5380,-140,3900,"sd","13:56:33",4936900
5380,-140,1100,"sd","13:56:12",4933000
5380,-140,400,"sd","13:56:12",4931900
5380,-140,500,"sd","13:55:36",4931500
5380,-140,3900,"sd","13:55:36",4931000
5390,-130,400,"bu","13:55:20",4927100
5380,-140,200,"sd","13:55:19",4926700
5380,-140,900,"sd","13:55:14",4926500
5380,-140,10000,"sd","13:55:14",4925600
5380,-140,1000,"sd","13:55:14",4915600
5380,-140,1000,"sd","13:55:14",4914600
5380,-140,500,"sd","13:55:14",4913600
5380,-140,500,"sd","13:55:14",4913100
5380,-140,100,"sd","13:55:14",4912600
5380,-140,2000,"sd","13:55:14",4912500
5380,-140,1000,"sd","13:55:14",4910500
5380,-140,2000,"sd","13:55:14",4909500
5380,-140,1000,"sd","13:55:14",4907500
5380,-140,8000,"sd","13:55:03",4906500
5380,-140,1000,"sd","13:54:59",4898500
5380,-140,700,"sd","13:54:59",4897500
5390,-130,100,"bu","13:54:43",4896800
5380,-140,100,"sd","13:54:41",4896700
5380,-140,4200,"bu","13:54:37",4896600
5380,-140,500,"bu","13:54:35",4892400
5380,-140,300,"bu","13:54:34",4891900
5380,-140,200,"bu","13:54:34",4891600
5380,-140,200,"bu","13:54:15",4891400
5370,-150,8900,"sd","13:54:14",4891200
5380,-140,5800,"bu","13:54:07",4882300
5380,-140,1000,"bu","13:54:07",4876500
5380,-140,2000,"bu","13:54:07",4875500
5380,-140,1200,"bu","13:54:07",4873500
5380,-140,1400,"bu","13:54:07",4872300
5380,-140,200,"bu","13:54:04",4870900
5380,-140,100,"bu","13:54:03",4870700
5380,-140,900,"bu","13:54:03",4870600
5370,-150,4000,"sd","13:53:55",4869700
5380,-140,500,"bu","13:53:50",4865700
5380,-140,8600,"bu","13:53:48",4865200
5380,-140,1400,"bu","13:53:48",4856600
5370,-150,2300,"sd","13:53:43",4855200
5380,-140,100,"bu","13:53:38",4852900
5380,-140,1000,"bu","13:53:35",4852800
5370,-150,5000,"bu","13:53:31",4851800
5370,-150,400,"bu","13:53:31",4846800
5370,-150,1000,"sd","13:53:30",4846400
5370,-150,1000,"sd","13:53:30",4845400
5370,-150,100,"sd","13:53:30",4844400
5370,-150,500,"sd","13:53:30",4844300
5380,-140,17500,"bu","13:53:26",4843800
5380,-140,500,"bu","13:53:26",4826300
5380,-140,2000,"bu","13:53:26",4825800
5370,-150,2000,"bu","13:53:23",4823800
5380,-140,2400,"bu","13:53:20",4821800
5370,-150,2600,"bu","13:53:20",4819400
5370,-150,30000,"sd","13:53:17",4816800
5370,-150,3800,"sd","13:53:17",4786800
5370,-150,1000,"sd","13:53:16",4783000
5370,-150,5000,"sd","13:53:16",4782000
5370,-150,3000,"sd","13:53:16",4777000
5370,-150,500,"sd","13:53:16",4774000
5370,-150,500,"sd","13:53:16",4773500
5370,-150,1000,"sd","13:53:16",4773000
5370,-150,500,"sd","13:53:16",4772000
5370,-150,1000,"sd","13:53:16",4771500
5370,-150,1000,"sd","13:53:16",4770500
5370,-150,100,"sd","13:53:16",4769500
5380,-140,100,"bu","13:53:08",4769400
5370,-150,100,"bu","13:52:41",4769300
5360,-160,3000,"sd","13:52:29",4769200
5370,-150,1000,"sd","13:52:29",4766200
5370,-150,1000,"sd","13:52:29",4765200
5360,-160,2300,"sd","13:52:25",4764200
5360,-160,100,"sd","13:52:25",4761900
5360,-160,10000,"sd","13:52:25",4761800
5360,-160,500,"sd","13:52:25",4751800
5360,-160,200,"sd","13:52:25",4751300
5360,-160,1000,"sd","13:52:25",4751100
5360,-160,2000,"sd","13:52:25",4750100
5360,-160,6600,"sd","13:52:25",4748100
5370,-150,1000,"sd","13:52:25",4741500
5370,-150,200,"sd","13:52:25",4740500
5370,-150,5000,"sd","13:52:25",4740300
5370,-150,1000,"sd","13:52:25",4735300
5370,-150,13100,"sd","13:52:25",4734300
5370,-150,8200,"sd","13:52:24",4721200
5370,-150,3700,"bu","13:52:16",4713000
5370,-150,1900,"bu","13:52:14",4709300
5370,-150,300,"bu","13:52:14",4707400
5370,-150,1000,"bu","13:52:14",4707100
5370,-150,2000,"bu","13:52:11",4706100
5370,-150,3600,"bu","13:52:09",4704100
5370,-150,200,"bu","13:52:08",4700500
5370,-150,2000,"sd","13:52:08",4700300
5370,-150,3100,"sd","13:52:08",4698300
5370,-150,900,"sd","13:52:04",4695200
5370,-150,5000,"sd","13:52:04",4694300
5370,-150,2200,"sd","13:52:04",4689300
5370,-150,2000,"sd","13:52:04",4687100
5370,-150,2400,"sd","13:52:04",4685100
5370,-150,100,"sd","13:52:04",4682700
5370,-150,200,"sd","13:52:04",4682600
5370,-150,2000,"sd","13:52:04",4682400
5370,-150,100,"sd","13:52:04",4680400
5370,-150,300,"sd","13:52:04",4680300
5370,-150,100,"sd","13:52:04",4680000
5370,-150,1000,"sd","13:52:04",4679900
5370,-150,2400,"sd","13:52:04",4678900
5370,-150,3000,"sd","13:51:53",4676500
5370,-150,1000,"sd","13:51:50",4673500
5370,-150,100,"sd","13:51:48",4672500
5380,-140,200,"bu","13:51:36",4672400
5370,-150,3500,"sd","13:51:32",4672200
5370,-150,100,"sd","13:51:32",4668700
5370,-150,2000,"sd","13:51:32",4668600
5370,-150,600,"sd","13:51:32",4666600
5370,-150,500,"sd","13:51:32",4666000
5370,-150,2000,"sd","13:51:32",4665500
5370,-150,2000,"sd","13:51:32",4663500
5370,-150,4300,"sd","13:51:32",4661500
5370,-150,700,"sd","13:51:32",4657200
5370,-150,5000,"bu","13:51:12",4656500
5380,-140,100,"bu","13:51:11",4651500
5380,-140,100,"bu","13:51:08",4651400
5380,-140,1000,"bu","13:51:08",4651300
5380,-140,1000,"sd","13:51:07",4650300
5360,-160,9000,"sd","13:51:01",4649300
5380,-140,1000,"sd","13:51:01",4640300
5360,-160,4400,"sd","13:51:00",4639300
5370,-150,3000,"sd","13:51:00",4634900
5370,-150,100,"sd","13:51:00",4631900
5370,-150,500,"sd","13:51:00",4631800
5370,-150,4500,"sd","13:51:00",4631300
5370,-150,1500,"sd","13:51:00",4626800
5370,-150,38500,"sd","13:51:00",4625300
5370,-150,200,"sd","13:51:00",4586800
5370,-150,1000,"sd","13:51:00",4586600
5370,-150,2000,"sd","13:51:00",4585600
5370,-150,100,"sd","13:51:00",4583600
5370,-150,100,"sd","13:51:00",4583500
5370,-150,100,"sd","13:51:00",4583400
5370,-150,100,"sd","13:51:00",4583300
5370,-150,200,"sd","13:51:00",4583200
5370,-150,1000,"sd","13:51:00",4583000
5370,-150,100,"sd","13:51:00",4582000
5370,-150,100,"sd","13:51:00",4581900
5370,-150,2000,"sd","13:51:00",4581800
5370,-150,200,"sd","13:51:00",4579800
5370,-150,1000,"sd","13:51:00",4579600
5370,-150,1000,"sd","13:51:00",4578600
5380,-140,100,"sd","13:51:00",4577600
5380,-140,300,"sd","13:51:00",4577500
5380,-140,1900,"sd","13:51:00",4577200
5380,-140,100,"bu","13:50:59",4575300
5380,-140,600,"bu","13:50:55",4575200
5380,-140,1000,"bu","13:50:55",4574600
5380,-140,1000,"bu","13:50:55",4573600
5380,-140,500,"bu","13:50:53",4572600
5380,-140,2100,"bu","13:50:52",4572100
5380,-140,1000,"bu","13:50:52",4570000
5380,-140,1000,"bu","13:50:51",4569000
5380,-140,1000,"bu","13:50:48",4568000
5380,-140,200,"bu","13:50:48",4567000
5380,-140,500,"bu","13:50:46",4566800
5380,-140,5000,"bu","13:50:45",4566300
5380,-140,500,"bu","13:50:40",4561300
5380,-140,900,"bu","13:50:39",4560800
5380,-140,200,"bu","13:50:39",4559900
5380,-140,3000,"bu","13:50:39",4559700
5380,-140,900,"bu","13:50:39",4556700
5380,-140,1000,"bu","13:50:37",4555800
5380,-140,1000,"bu","13:50:34",4554800
5380,-140,1000,"bu","13:50:31",4553800
5380,-140,100,"bu","13:50:28",4552800
5380,-140,1000,"bu","13:50:21",4552700
5380,-140,1000,"bu","13:50:13",4551700
5380,-140,300,"bu","13:50:08",4550700
5380,-140,1000,"bu","13:50:03",4550400
5380,-140,500,"bu","13:50:02",4549400
5380,-140,400,"bu","13:49:58",4548900
5380,-140,500,"bu","13:49:58",4548500
5380,-140,100,"bu","13:49:57",4548000
5380,-140,100,"bu","13:49:56",4547900
5380,-140,500,"bu","13:49:56",4547800
5380,-140,100,"bu","13:49:55",4547300
5380,-140,300,"bu","13:49:55",4547200
5380,-140,200,"bu","13:49:54",4546900
5380,-140,1000,"bu","13:49:43",4546700
5380,-140,100,"sd","13:49:41",4545700
5380,-140,100,"sd","13:49:41",4545600
5380,-140,5100,"sd","13:49:41",4545500
5380,-140,1000,"sd","13:49:39",4540400
5380,-140,100,"sd","13:49:35",4539400
5380,-140,3800,"bu","13:49:33",4539300
5380,-140,1000,"sd","13:49:32",4535500
5380,-140,100,"sd","13:49:32",4534500
5380,-140,1000,"sd","13:49:32",4534400
5380,-140,1300,"sd","13:49:32",4533400
5380,-140,3700,"sd","13:49:27",4532100
5380,-140,100,"sd","13:49:27",4528400
5380,-140,1200,"sd","13:49:27",4528300
5380,-140,800,"sd","13:49:25",4527100
5380,-140,200,"sd","13:49:25",4526300
5380,-140,5000,"sd","13:49:25",4526100
5380,-140,100,"sd","13:49:25",4521100
5380,-140,700,"sd","13:49:25",4521000
5380,-140,500,"sd","13:49:25",4520300
5380,-140,2700,"sd","13:49:25",4519800
5380,-140,300,"sd","13:49:22",4517100
5380,-140,100,"sd","13:49:22",4516800
5380,-140,100,"sd","13:49:22",4516700
5380,-140,500,"sd","13:49:22",4516600
5380,-140,1000,"sd","13:49:22",4516100
5380,-140,800,"sd","13:49:22",4515100
5380,-140,200,"sd","13:49:13",4514300
5380,-140,5000,"sd","13:49:13",4514100
5380,-140,200,"sd","13:49:13",4509100
5380,-140,3000,"sd","13:49:13",4508900
5380,-140,500,"sd","13:49:13",4505900
5380,-140,500,"sd","13:49:13",4505400
5380,-140,500,"sd","13:49:13",4504900
5380,-140,100,"sd","13:49:13",4504400
5390,-130,200,"sd","13:49:13",4504300
5390,-130,1000,"sd","13:49:13",4504100
5390,-130,2000,"sd","13:49:13",4503100
5390,-130,6000,"sd","13:49:13",4501100
5390,-130,10000,"sd","13:49:13",4495100
5390,-130,5000,"sd","13:49:13",4485100
5390,-130,20000,"sd","13:49:13",4480100
5390,-130,500,"sd","13:49:13",4460100
5390,-130,2000,"sd","13:49:13",4459600
5390,-130,13900,"sd","13:49:13",4457600
5390,-130,100,"sd","13:49:13",4443700
5390,-130,500,"sd","13:49:13",4443600
5390,-130,500,"sd","13:49:13",4443100
5390,-130,100,"sd","13:49:13",4442600
5390,-130,100,"sd","13:49:13",4442500
5390,-130,100,"sd","13:49:13",4442400
5390,-130,5000,"sd","13:49:13",4442300
5390,-130,4000,"sd","13:49:13",4437300
5390,-130,5000,"sd","13:49:12",4433300
5390,-130,500,"sd","13:49:12",4428300
5390,-130,1000,"sd","13:49:12",4427800
5390,-130,3000,"sd","13:49:12",4426800
5390,-130,200,"sd","13:49:12",4423800
5390,-130,100,"sd","13:49:12",4423600
5390,-130,500,"sd","13:49:12",4423500
5400,-120,9000,"bu","13:49:11",4423000
5400,-120,300,"sd","13:48:55",4414000
5400,-120,10000,"sd","13:48:55",4413700
5400,-120,200,"sd","13:48:55",4403700
5400,-120,1000,"sd","13:48:55",4403500
5400,-120,3000,"sd","13:48:55",4402500
5400,-120,500,"sd","13:48:55",4399500
5400,-120,300,"sd","13:48:55",4399000
5400,-120,1000,"sd","13:48:55",4398700
5400,-120,10000,"sd","13:48:55",4397700
5400,-120,100,"sd","13:48:55",4387700
5400,-120,100,"sd","13:48:55",4387600
5400,-120,600,"sd","13:48:55",4387500
5400,-120,4000,"sd","13:48:55",4386900
5400,-120,1000,"sd","13:48:55",4382900
5400,-120,2000,"sd","13:48:55",4381900
5400,-120,1000,"sd","13:48:52",4379900
5400,-120,1000,"sd","13:48:52",4378900
5400,-120,1800,"sd","13:48:52",4377900
5400,-120,1000,"sd","13:48:52",4376100
5400,-120,3000,"sd","13:48:52",4375100
5400,-120,35000,"sd","13:48:52",4372100
5400,-120,50000,"sd","13:48:52",4337100
5400,-120,100,"sd","13:48:52",4287100
5400,-120,20000,"sd","13:48:52",4287000
5400,-120,2500,"sd","13:48:52",4267000
5400,-120,500,"sd","13:48:52",4264500
5400,-120,1000,"sd","13:48:52",4264000
5400,-120,3100,"sd","13:48:52",4263000
5400,-120,6900,"sd","13:48:52",4259900
5400,-120,300,"sd","13:48:52",4253000
5400,-120,1000,"sd","13:48:52",4252700
5400,-120,1200,"sd","13:48:52",4251700
5400,-120,900,"sd","13:48:52",4250500
5400,-120,100,"sd","13:48:52",4249600
5400,-120,100,"sd","13:48:52",4249500
5400,-120,2900,"sd","13:48:52",4249400
5400,-120,1000,"sd","13:48:52",4246500
5400,-120,1000,"sd","13:48:52",4245500
5400,-120,2000,"sd","13:48:52",4244500
5400,-120,1000,"sd","13:48:52",4242500
5400,-120,2000,"sd","13:48:52",4241500
5400,-120,100,"sd","13:48:52",4239500
5400,-120,2000,"sd","13:48:52",4239400
5400,-120,4000,"sd","13:48:52",4237400
5400,-120,200,"sd","13:48:52",4233400
5400,-120,2000,"sd","13:48:52",4233200
5400,-120,100,"sd","13:48:52",4231200
5400,-120,100,"sd","13:48:52",4231100
5400,-120,10000,"sd","13:48:52",4231000
5400,-120,1000,"sd","13:48:52",4221000
5400,-120,100,"sd","13:48:52",4220000
5400,-120,2000,"sd","13:48:52",4219900
5400,-120,2000,"sd","13:48:52",4217900
5400,-120,100,"sd","13:48:52",4215900
5400,-120,6800,"sd","13:48:52",4215800
5400,-120,200,"sd","13:48:52",4209000
5400,-120,3000,"sd","13:48:52",4208800
5400,-120,1700,"sd","13:48:52",4205800
5400,-120,300,"sd","13:48:52",4204100
5400,-120,500,"sd","13:48:52",4203800
5400,-120,2000,"sd","13:48:52",4203300
5400,-120,5000,"sd","13:48:52",4201300
5400,-120,600,"sd","13:48:52",4196300
5400,-120,1000,"sd","13:48:52",4195700
5400,-120,1000,"sd","13:48:52",4194700
5400,-120,4900,"sd","13:48:52",4193700
5400,-120,3000,"sd","13:48:52",4188800
5400,-120,900,"sd","13:48:52",4185800
5400,-120,5000,"sd","13:48:52",4184900
5400,-120,1000,"sd","13:48:51",4179900
5400,-120,5000,"sd","13:48:51",4178900
5400,-120,100,"sd","13:48:51",4173900
5400,-120,1000,"sd","13:48:51",4173800
5400,-120,2400,"sd","13:48:51",4172800
5400,-120,1300,"sd","13:48:51",4170400
5400,-120,200,"sd","13:48:51",4169100
5400,-120,3700,"sd","13:48:32",4168900
5400,-120,100,"sd","13:48:32",4165200
5400,-120,500,"sd","13:48:32",4165100
5400,-120,10000,"sd","13:48:32",4164600
5400,-120,100,"sd","13:48:32",4154600
5400,-120,500,"sd","13:48:32",4154500
5400,-120,5000,"sd","13:48:32",4154000
5400,-120,10000,"sd","13:48:32",4149000
5400,-120,200,"sd","13:48:32",4139000
5400,-120,5100,"sd","13:48:32",4138800
5400,-120,500,"sd","13:48:32",4133700
5400,-120,4300,"sd","13:48:32",4133200
5400,-120,700,"sd","13:48:15",4128900
5400,-120,1200,"sd","13:48:15",4128200
5400,-120,800,"sd","13:48:15",4127000
5400,-120,400,"sd","13:48:15",4126200
5400,-120,1000,"sd","13:48:15",4125800
5400,-120,100,"sd","13:48:15",4124800
5400,-120,300,"sd","13:48:15",4124700
5400,-120,2500,"sd","13:48:15",4124400
5400,-120,500,"sd","13:48:12",4121900
5400,-120,500,"sd","13:48:12",4121400
5400,-120,500,"sd","13:48:12",4120900
5400,-120,200,"sd","13:48:12",4120400
5400,-120,2000,"sd","13:48:12",4120200
5400,-120,100,"sd","13:48:12",4118200
5400,-120,1000,"sd","13:48:12",4118100
5400,-120,500,"sd","13:48:12",4117100
5400,-120,1000,"sd","13:48:12",4116600
5400,-120,500,"sd","13:48:12",4115600
5400,-120,500,"sd","13:48:12",4115100
5400,-120,200,"sd","13:48:12",4114600
5400,-120,4000,"sd","13:48:12",4114400
5400,-120,10000,"sd","13:48:12",4110400
5400,-120,5000,"sd","13:48:12",4100400
5400,-120,900,"sd","13:48:12",4095400
5400,-120,1000,"sd","13:48:12",4094500
5400,-120,500,"sd","13:48:12",4093500
5400,-120,200,"sd","13:48:12",4093000
5400,-120,5000,"sd","13:48:12",4092800
5400,-120,3000,"sd","13:48:12",4087800
5400,-120,1000,"sd","13:48:12",4084800
5400,-120,500,"sd","13:48:12",4083800
5400,-120,2000,"sd","13:48:12",4083300
5400,-120,500,"sd","13:48:12",4081300
5400,-120,400,"sd","13:48:12",4080800
5400,-120,20000,"sd","13:48:12",4080400
5400,-120,100,"sd","13:48:12",4060400
5400,-120,1000,"sd","13:48:12",4060300
5400,-120,500,"sd","13:48:12",4059300
5400,-120,6000,"sd","13:48:12",4058800
5400,-120,1000,"sd","13:48:12",4052800
5400,-120,100,"sd","13:48:12",4051800
5410,-110,2500,"bu","13:48:09",4051700
5410,-110,100,"bu","13:48:09",4049200
5410,-110,100,"sd","13:48:00",4049100
5410,-110,1000,"sd","13:48:00",4049000
5410,-110,100,"sd","13:48:00",4048000
5410,-110,100,"sd","13:48:00",4047900
5410,-110,5000,"sd","13:48:00",4047800
5410,-110,100,"sd","13:48:00",4042800
5410,-110,500,"sd","13:48:00",4042700
5410,-110,300,"sd","13:48:00",4042200
5410,-110,500,"sd","13:48:00",4041900
5410,-110,200,"sd","13:48:00",4041400
5410,-110,1000,"sd","13:48:00",4041200
5410,-110,1400,"sd","13:48:00",4040200
5410,-110,10000,"sd","13:48:00",4038800
5410,-110,400,"sd","13:48:00",4028800
5410,-110,500,"sd","13:48:00",4028400
5410,-110,500,"sd","13:48:00",4027900
5410,-110,100,"sd","13:48:00",4027400
5410,-110,2000,"sd","13:48:00",4027300
5410,-110,100,"sd","13:48:00",4025300
5410,-110,20000,"sd","13:48:00",4025200
5410,-110,100,"sd","13:48:00",4005200
5410,-110,100,"sd","13:48:00",4005100
5410,-110,3000,"sd","13:48:00",4005000
5410,-110,100,"sd","13:48:00",4002000
5410,-110,5000,"sd","13:48:00",4001900
5410,-110,10000,"sd","13:48:00",3996900
5410,-110,3400,"sd","13:48:00",3986900
5410,-110,100,"sd","13:47:57",3983500
5420,-100,100,"bu","13:47:45",3983400
5410,-110,1000,"sd","13:47:35",3983300
5420,-100,2900,"bu","13:47:21",3982300
5420,-100,1100,"bu","13:47:21",3979400
5420,-100,1000,"bu","13:47:05",3978300
5420,-100,300,"bu","13:46:49",3977300
5420,-100,500,"bu","13:46:40",3977000
5420,-100,1000,"bu","13:46:34",3976500
5410,-110,500,"sd","13:46:23",3975500
5410,-110,500,"sd","13:46:23",3975000
5420,-100,200,"bu","13:46:13",3974500
5420,-100,100,"bu","13:46:05",3974300
5420,-100,500,"bu","13:45:36",3974200
5420,-100,200,"sd","13:45:34",3973700
5420,-100,500,"sd","13:45:34",3973500
5420,-100,2200,"sd","13:45:34",3973000
5420,-100,100,"sd","13:45:34",3970800
5420,-100,100,"sd","13:45:34",3970700
5420,-100,500,"sd","13:45:34",3970600
5420,-100,1000,"sd","13:45:34",3970100
5420,-100,10700,"sd","13:45:34",3969100
5420,-100,4300,"sd","13:45:01",3958400
5420,-100,700,"sd","13:45:01",3954100
5420,-100,1500,"sd","13:44:49",3953400
5420,-100,1800,"bu","13:44:23",3951900
5420,-100,100,"bu","13:44:16",3950100
5420,-100,100,"bu","13:44:11",3950000
5420,-100,200,"bu","13:44:04",3949900
5420,-100,2000,"bu","13:44:04",3949700
5420,-100,5800,"bu","13:43:59",3947700
5420,-100,4200,"bu","13:43:59",3941900
5410,-110,400,"sd","13:43:58",3937700
5410,-110,100,"sd","13:43:58",3937300
5410,-110,200,"sd","13:43:58",3937200
5410,-110,3000,"sd","13:43:58",3937000
5410,-110,500,"sd","13:43:58",3934000
5410,-110,5800,"sd","13:43:58",3933500
5420,-100,100,"bu","13:43:54",3927700
5420,-100,700,"bu","13:43:51",3927600
5420,-100,7300,"bu","13:43:51",3926900
5420,-100,200,"bu","13:43:29",3919600
5420,-100,2000,"bu","13:43:21",3919400
5420,-100,500,"bu","13:43:03",3917400
5420,-100,1400,"bu","13:43:03",3916900
5420,-100,1000,"bu","13:43:03",3915500
5420,-100,1000,"bu","13:43:03",3914500
5420,-100,2000,"bu","13:43:03",3913500
5420,-100,100,"bu","13:43:03",3911500
5410,-110,1000,"sd","13:42:23",3911400
5410,-110,1200,"sd","13:42:21",3910400
5410,-110,700,"sd","13:42:21",3909200
5420,-100,1500,"bu","13:42:18",3908500
5410,-110,300,"sd","13:42:05",3907000
5410,-110,300,"sd","13:42:05",3906700
5410,-110,5000,"sd","13:42:05",3906400
5410,-110,100,"sd","13:42:05",3901400
5410,-110,100,"sd","13:42:05",3901300
5410,-110,2000,"sd","13:42:05",3901200
5410,-110,100,"sd","13:42:05",3899200
5410,-110,2000,"sd","13:42:05",3899100
5410,-110,100,"sd","13:42:05",3897100
5410,-110,1900,"sd","13:41:57",3897000
5410,-110,5000,"sd","13:41:57",3895100
5410,-110,5000,"sd","13:41:57",3890100
5410,-110,100,"sd","13:41:57",3885100
5410,-110,9000,"sd","13:41:57",3885000
5410,-110,100,"sd","13:41:57",3876000
5410,-110,10000,"sd","13:41:57",3875900
5410,-110,5100,"sd","13:41:57",3865900
5410,-110,100,"sd","13:41:52",3860800
5410,-110,2000,"sd","13:41:40",3860700
5410,-110,200,"sd","13:41:39",3858700
5410,-110,3000,"sd","13:41:36",3858500
5410,-110,2000,"sd","13:40:55",3855500
5410,-110,7600,"sd","13:40:55",3853500
5410,-110,100,"sd","13:40:55",3845900
5410,-110,2200,"sd","13:40:55",3845800
5410,-110,1000,"sd","13:40:52",3843600
5420,-100,500,"bu","13:40:50",3842600
5420,-100,200,"bu","13:40:43",3842100
5420,-100,100,"bu","13:40:40",3841900
5410,-110,2000,"sd","13:40:33",3841800
5420,-100,100,"bu","13:40:28",3839800
5420,-100,2700,"bu","13:40:06",3839700
5420,-100,1000,"bu","13:39:44",3837000
5420,-100,3800,"bu","13:39:27",3836000
5420,-100,1000,"bu","13:39:27",3832200
5420,-100,200,"bu","13:39:27",3831200
5410,-110,600,"sd","13:39:24",3831000
5420,-100,1000,"bu","13:39:21",3830400
5420,-100,1700,"bu","13:39:12",3829400
5420,-100,1000,"bu","13:39:12",3827700
5420,-100,1000,"bu","13:39:12",3826700
5420,-100,1300,"bu","13:39:12",3825700
5410,-110,4200,"sd","13:39:04",3824400
5410,-110,10000,"sd","13:39:04",3820200
5410,-110,3000,"sd","13:39:04",3810200
5410,-110,5000,"sd","13:39:04",3807200
5410,-110,2000,"sd","13:39:04",3802200
5410,-110,500,"sd","13:39:04",3800200
5410,-110,1000,"sd","13:39:04",3799700
5410,-110,300,"sd","13:39:04",3798700
5410,-110,200,"sd","13:39:04",3798400
5410,-110,100,"sd","13:39:04",3798200
5410,-110,3700,"sd","13:39:04",3798100
5420,-100,8800,"bu","13:39:02",3794400
5420,-100,800,"bu","13:39:02",3785600
5410,-110,2000,"sd","13:38:39",3784800
5420,-100,1000,"bu","13:38:38",3782800
5420,-100,2000,"bu","13:38:33",3781800
5410,-110,4300,"sd","13:38:30",3779800
5410,-110,100,"sd","13:38:30",3775500
5410,-110,5600,"sd","13:38:30",3775400
5420,-100,1000,"bu","13:38:25",3769800
5420,-100,1000,"bu","13:38:04",3768800
5420,-100,3000,"bu","13:38:03",3767800
5420,-100,10000,"bu","13:38:02",3764800
5420,-100,10000,"bu","13:37:50",3754800
5420,-100,1000,"bu","13:37:29",3744800
5420,-100,1000,"bu","13:37:25",3743800
5420,-100,2000,"bu","13:37:19",3742800
5410,-110,4400,"sd","13:37:19",3740800
5410,-110,200,"sd","13:37:19",3736400
5410,-110,500,"sd","13:37:19",3736200
5410,-110,5000,"sd","13:37:19",3735700
5410,-110,500,"sd","13:37:19",3730700
5410,-110,2000,"sd","13:37:19",3730200
5410,-110,5000,"sd","13:37:19",3728200
5410,-110,700,"sd","13:37:18",3723200
5410,-110,500,"sd","13:37:18",3722500
5410,-110,1000,"sd","13:37:18",3722000
5410,-110,100,"sd","13:37:18",3721000
5410,-110,5000,"sd","13:37:18",3720900
5410,-110,300,"sd","13:37:18",3715900
5410,-110,4000,"sd","13:37:18",3715600
5410,-110,800,"sd","13:37:18",3711600
5420,-100,7100,"sd","13:36:55",3710800
5420,-100,1000,"bu","13:36:52",3703700
5420,-100,1000,"bu","13:36:52",3702700
5420,-100,4000,"bu","13:36:31",3701700
5410,-110,200,"sd","13:36:10",3697700
5410,-110,200,"sd","13:35:33",3697500
5410,-110,300,"sd","13:35:33",3697300
5410,-110,100,"sd","13:35:16",3697000
5410,-110,900,"sd","13:35:05",3696900
5410,-110,100,"sd","13:35:05",3696000
5420,-100,5000,"sd","13:35:05",3695900
5420,-100,200,"sd","13:35:05",3690900
5420,-100,2100,"sd","13:35:05",3690700
5420,-100,3900,"sd","13:34:42",3688600
5420,-100,100,"bu","13:34:27",3684700
5420,-100,900,"bu","13:34:27",3684600
5420,-100,5000,"bu","13:34:02",3683700
5420,-100,1000,"bu","13:33:43",3678700
5410,-110,100,"sd","13:33:13",3677700
5410,-110,500,"sd","13:33:13",3677600
5410,-110,300,"sd","13:33:13",3677100
5410,-110,100,"sd","13:33:13",3676800
5410,-110,300,"sd","13:33:13",3676700
5410,-110,100,"sd","13:33:13",3676400
5410,-110,100,"sd","13:33:13",3676300
5410,-110,100,"sd","13:33:13",3676200
5410,-110,1400,"sd","13:33:13",3676100
5410,-110,100,"sd","13:33:07",3674700
5410,-110,300,"sd","13:33:07",3674600
5430,-90,100,"bu","13:32:37",3674300
5410,-110,900,"sd","13:32:34",3674200
5410,-110,200,"sd","13:32:34",3673300
5410,-110,4000,"sd","13:32:34",3673100
5410,-110,100,"sd","13:32:34",3669100
5410,-110,3700,"sd","13:32:34",3669000
5410,-110,500,"sd","13:32:34",3665300
5410,-110,1500,"sd","13:32:34",3664800
5410,-110,1000,"sd","13:32:34",3663300
5410,-110,5000,"sd","13:32:34",3662300
5410,-110,500,"sd","13:32:34",3657300
5410,-110,300,"sd","13:32:34",3656800
5410,-110,1000,"sd","13:32:34",3656500
5410,-110,2500,"sd","13:32:34",3655500
5410,-110,100,"sd","13:32:34",3653000
5410,-110,100,"sd","13:32:34",3652900
5410,-110,1000,"sd","13:32:34",3652800
5410,-110,200,"sd","13:32:34",3651800
5410,-110,7000,"sd","13:32:34",3651600
5410,-110,5000,"sd","13:32:34",3644600
5410,-110,500,"sd","13:32:34",3639600
5410,-110,100,"sd","13:32:34",3639100
5410,-110,15200,"sd","13:32:34",3639000
5420,-100,500,"sd","13:32:34",3623800
5420,-100,2000,"sd","13:32:34",3623300
5420,-100,2000,"sd","13:32:34",3621300
5420,-100,1000,"sd","13:32:34",3619300
5420,-100,2700,"sd","13:32:34",3618300
5420,-100,500,"sd","13:32:34",3615600
5420,-100,1000,"sd","13:32:34",3615100
5420,-100,1000,"sd","13:32:34",3614100
5420,-100,1000,"sd","13:32:34",3613100
5420,-100,100,"sd","13:32:34",3612100
5420,-100,100,"sd","13:32:34",3612000
5420,-100,500,"sd","13:32:34",3611900
5420,-100,2000,"sd","13:32:34",3611400
5420,-100,1600,"sd","13:32:34",3609400
5430,-90,1000,"bu","13:32:12",3607800
5430,-90,600,"sd","13:32:07",3606800
5430,-90,1000,"bu","13:31:55",3606200
5430,-90,8400,"bu","13:31:55",3605200
5430,-90,2000,"bu","13:31:46",3596800
5430,-90,1000,"bu","13:31:41",3594800
5430,-90,1100,"bu","13:31:14",3593800
5420,-100,2400,"sd","13:30:58",3592700
5420,-100,3700,"sd","13:30:57",3590300
5430,-90,1000,"bu","13:30:57",3586600
5430,-90,1000,"sd","13:30:41",3585600
5430,-90,500,"sd","13:30:41",3584600
5430,-90,500,"bu","13:30:21",3584100
5430,-90,9000,"bu","13:30:21",3583600
5430,-90,100,"bu","13:30:19",3574600
5430,-90,100,"bu","13:30:07",3574500
5430,-90,100,"bu","13:29:36",3574400
5430,-90,100,"sd","13:29:32",3574300
5430,-90,100,"sd","13:29:32",3574200
5430,-90,500,"sd","13:29:32",3574100
5430,-90,2700,"sd","13:29:08",3573600
5430,-90,1300,"bu","13:28:59",3570900
5430,-90,100,"sd","13:28:59",3569600
5430,-90,300,"sd","13:28:59",3569500
5430,-90,8000,"sd","13:28:59",3569200
5430,-90,300,"sd","13:28:59",3561200
5430,-90,1000,"sd","13:28:50",3560900
5430,-90,400,"bu","13:28:37",3559900
5430,-90,500,"bu","13:28:37",3559500
5430,-90,1400,"bu","13:28:37",3559000
5430,-90,400,"bu","13:28:37",3557600
5430,-90,100,"bu","13:28:33",3557200
5430,-90,500,"bu","13:28:25",3557100
5420,-100,800,"sd","13:28:05",3556600
5420,-100,19200,"sd","13:28:05",3555800
5420,-100,800,"sd","13:28:01",3536600
5420,-100,800,"sd","13:28:01",3535800
5420,-100,5000,"sd","13:27:17",3535000
5430,-90,400,"sd","13:27:15",3530000
5430,-90,200,"bu","13:27:02",3529600
5420,-100,1000,"sd","13:26:43",3529400
5430,-90,2000,"bu","13:26:41",3528400
5420,-100,3000,"sd","13:26:35",3526400
5420,-100,200,"sd","13:26:11",3523400
5420,-100,800,"sd","13:26:11",3523200
5420,-100,200,"sd","13:26:02",3522400
5430,-90,200,"bu","13:26:01",3522200
5420,-100,500,"sd","13:25:50",3522000
5420,-100,500,"sd","13:25:50",3521500
5420,-100,5000,"sd","13:25:50",3521000
5420,-100,1000,"sd","13:25:50",3516000
5420,-100,500,"sd","13:25:50",3515000
5420,-100,2500,"sd","13:25:50",3514500
5430,-90,1000,"sd","13:25:50",3512000
5430,-90,100,"sd","13:25:50",3511000
5430,-90,100,"sd","13:25:44",3510900
5430,-90,1000,"sd","13:25:30",3510800
5430,-90,1800,"sd","13:25:12",3509800
5430,-90,1200,"sd","13:25:12",3508000
5430,-90,3800,"bu","13:24:51",3506800
5430,-90,200,"bu","13:24:43",3503000
5430,-90,2000,"bu","13:24:41",3502800
5430,-90,500,"bu","13:24:40",3500800
5430,-90,200,"bu","13:24:30",3500300
5430,-90,200,"bu","13:24:24",3500100
5430,-90,100,"bu","13:24:19",3499900
5430,-90,500,"sd","13:23:52",3499800
5430,-90,500,"sd","13:23:52",3499300
5430,-90,10000,"sd","13:23:52",3498800
5430,-90,100,"sd","13:23:52",3488800
5430,-90,200,"sd","13:23:52",3488700
5430,-90,1000,"sd","13:23:52",3488500
5430,-90,700,"sd","13:23:52",3487500
5440,-80,200,"bu","13:23:22",3486800
5440,-80,100,"sd","13:23:16",3486600
5440,-80,100,"sd","13:22:38",3486500
5430,-90,4300,"sd","13:22:25",3486400
5430,-90,400,"sd","13:22:25",3482100
5430,-90,100,"sd","13:22:25",3481700
5430,-90,1000,"sd","13:22:25",3481600
5430,-90,7600,"sd","13:22:25",3480600
5440,-80,1600,"sd","13:22:25",3473000
5440,-80,8400,"bu","13:22:22",3471400
5440,-80,4600,"bu","13:22:16",3463000
5440,-80,10000,"bu","13:22:16",3458400
5440,-80,100,"bu","13:22:16",3448400
5440,-80,5000,"bu","13:22:16",3448300
5440,-80,300,"bu","13:22:16",3443300
5430,-90,7000,"sd","13:22:15",3443000
5430,-90,5000,"sd","13:22:10",3436000
5430,-90,3300,"sd","13:22:09",3431000
5430,-90,20800,"sd","13:22:05",3427700
5440,-80,500,"bu","13:22:04",3406900
5430,-90,1000,"sd","13:21:46",3406400
5430,-90,1000,"sd","13:21:24",3405400
5440,-80,100,"bu","13:21:13",3404400
5440,-80,5000,"bu","13:21:08",3404300
5440,-80,100,"sd","13:20:57",3399300
5440,-80,200,"sd","13:20:57",3399200
5440,-80,200,"sd","13:20:57",3399000
5440,-80,1000,"sd","13:20:48",3398800
5440,-80,800,"sd","13:20:48",3397800
5440,-80,2000,"sd","13:20:48",3397000
5440,-80,200,"sd","13:20:48",3395000
5440,-80,100,"sd","13:20:41",3394800
5440,-80,6800,"sd","13:20:41",3394700
5440,-80,2000,"sd","13:20:35",3387900
5440,-80,1200,"bu","13:20:24",3385900
5440,-80,800,"sd","13:20:20",3384700
5440,-80,400,"bu","13:20:13",3383900
5440,-80,500,"bu","13:20:12",3383500
5440,-80,100,"bu","13:20:05",3383000
5440,-80,500,"bu","13:20:05",3382900
5440,-80,400,"bu","13:20:05",3382400
5440,-80,1000,"bu","13:19:49",3382000
5440,-80,1000,"bu","13:19:41",3381000
5440,-80,500,"bu","13:19:34",3380000
5440,-80,100,"bu","13:19:26",3379500
5440,-80,100,"bu","13:19:21",3379400
5440,-80,2000,"bu","13:19:15",3379300
5440,-80,400,"bu","13:19:15",3377300
5440,-80,2500,"bu","13:19:15",3376900
5440,-80,100,"bu","13:19:15",3374400
5440,-80,2800,"bu","13:19:15",3374300
5440,-80,1000,"bu","13:19:15",3371500
5440,-80,1000,"bu","13:19:15",3370500
5440,-80,100,"bu","13:19:04",3369500
5440,-80,500,"bu","13:19:03",3369400
5440,-80,10000,"bu","13:19:00",3368900
5440,-80,500,"bu","13:18:57",3358900
5440,-80,100,"bu","13:18:48",3358400
5440,-80,1000,"bu","13:18:45",3358300
5430,-90,2800,"sd","13:18:40",3357300
5440,-80,10000,"bu","13:18:29",3354500
5440,-80,100,"bu","13:18:21",3344500
5430,-90,100,"sd","13:18:20",3344400
5440,-80,100,"bu","13:18:02",3344300
5440,-80,10000,"bu","13:17:58",3344200
5440,-80,15500,"bu","13:17:36",3334200
5440,-80,1100,"bu","13:17:30",3318700
5440,-80,2000,"bu","13:17:30",3317600
5440,-80,400,"bu","13:17:30",3315600
5440,-80,500,"bu","13:17:22",3315200
5430,-90,100,"sd","13:17:19",3314700
5430,-90,1000,"bu","13:17:12",3314600
5430,-90,200,"bu","13:17:12",3313600
5430,-90,1100,"bu","13:17:12",3313400
5420,-100,4000,"sd","13:17:11",3312300
5430,-90,100,"bu","13:16:59",3308300
5430,-90,2800,"bu","13:16:55",3308200
5430,-90,5000,"bu","13:16:55",3305400
5430,-90,5000,"bu","13:16:55",3300400
5430,-90,1200,"bu","13:16:55",3295400
5420,-100,3500,"bu","13:16:48",3294200
5420,-100,1000,"bu","13:16:46",3290700
5420,-100,1200,"bu","13:16:45",3289700
5420,-100,1600,"bu","13:16:43",3288500
5420,-100,500,"sd","13:16:38",3286900
5420,-100,200,"sd","13:16:38",3286400
5420,-100,100,"sd","13:16:38",3286200
5420,-100,1900,"sd","13:16:38",3286100
5420,-100,3100,"bu","13:16:20",3284200
5420,-100,1000,"bu","13:16:20",3281100
5420,-100,600,"sd","13:16:16",3280100
5420,-100,300,"sd","13:16:16",3279500
5420,-100,200,"bu","13:16:11",3279200
5420,-100,2000,"bu","13:16:07",3279000
5420,-100,900,"bu","13:16:06",3277000
5420,-100,1000,"bu","13:16:06",3276100
5420,-100,100,"bu","13:16:06",3275100
5420,-100,900,"bu","13:16:00",3275000
5420,-100,14100,"bu","13:16:00",3274100
5420,-100,5900,"bu","13:15:57",3260000
5420,-100,1000,"bu","13:15:57",3254100
5420,-100,100,"bu","13:15:57",3253100
5420,-100,2500,"bu","13:15:57",3253000
5420,-100,200,"bu","13:15:57",3250500
5420,-100,2500,"bu","13:15:57",3250300
5420,-100,800,"bu","13:15:57",3247800
5420,-100,200,"bu","13:15:47",3247000
5420,-100,1500,"bu","13:15:27",3246800
5410,-110,10000,"sd","13:15:26",3245300
5410,-110,1000,"sd","13:15:24",3235300
5410,-110,200,"sd","13:15:17",3234300
5420,-100,200,"bu","13:15:12",3234100
5420,-100,100,"bu","13:15:07",3233900
5420,-100,1000,"bu","13:14:51",3233800
5410,-110,6500,"sd","13:14:49",3232800
5420,-100,100,"bu","13:14:20",3226300
5410,-110,100,"sd","13:14:08",3226200
5420,-100,400,"bu","13:13:56",3226100
5420,-100,200,"bu","13:13:41",3225700
5420,-100,5500,"bu","13:13:30",3225500
5420,-100,500,"bu","13:13:30",3220000
5420,-100,10000,"bu","13:13:30",3219500
5420,-100,300,"bu","13:13:12",3209500
5420,-100,500,"bu","13:13:11",3209200
5420,-100,500,"bu","13:13:11",3208700
5420,-100,100,"bu","13:12:43",3208200
5420,-100,1000,"bu","13:12:40",3208100
5420,-100,1000,"bu","13:12:26",3207100
5410,-110,1000,"sd","13:12:19",3206100
5420,-100,300,"bu","13:12:13",3205100
5420,-100,100,"bu","13:12:03",3204800
5420,-100,400,"bu","13:11:49",3204700
5410,-110,700,"sd","13:11:24",3204300
5410,-110,5300,"sd","13:11:04",3203600
5410,-110,2900,"sd","13:11:04",3198300
5410,-110,1800,"sd","13:11:04",3195400
5410,-110,18200,"sd","13:11:02",3193600
5410,-110,1800,"sd","13:11:02",3175400
5420,-100,100,"bu","13:11:02",3173600
5410,-110,3200,"sd","13:10:53",3173500
5410,-110,1800,"sd","13:10:53",3170300
5410,-110,100,"sd","13:10:52",3168500
5410,-110,300,"sd","13:10:52",3168400
5410,-110,1000,"sd","13:10:52",3168100
5410,-110,500,"sd","13:10:51",3167100
5410,-110,500,"sd","13:10:51",3166600
5410,-110,2000,"sd","13:10:51",3166100
5410,-110,400,"sd","13:10:51",3164100
5410,-110,300,"sd","13:10:51",3163700
5410,-110,200,"sd","13:10:40",3163400
5410,-110,1100,"sd","13:10:40",3163200
5410,-110,1700,"sd","13:10:39",3162100
5410,-110,1000,"sd","13:10:39",3160400
5410,-110,3000,"sd","13:10:39",3159400
5410,-110,4300,"sd","13:10:39",3156400
5410,-110,5700,"sd","13:10:07",3152100
5410,-110,2000,"sd","13:10:07",3146400
5410,-110,100,"sd","13:10:07",3144400
5410,-110,100,"sd","13:10:07",3144300
5410,-110,400,"sd","13:10:07",3144200
5410,-110,1000,"sd","13:10:07",3143800
5410,-110,500,"sd","13:10:07",3142800
5410,-110,2000,"sd","13:10:07",3142300
5410,-110,200,"sd","13:10:07",3140300
5410,-110,20000,"sd","13:10:06",3140100
5410,-110,1900,"sd","13:10:06",3120100
5410,-110,10000,"sd","13:10:06",3118200
5410,-110,2000,"sd","13:10:06",3108200
5410,-110,500,"sd","13:10:06",3106200
5410,-110,5000,"sd","13:10:06",3105700
5410,-110,300,"sd","13:10:06",3100700
5410,-110,5000,"sd","13:10:06",3100400
5410,-110,300,"sd","13:10:06",3095400
5420,-100,200,"bu","13:10:03",3095100
5420,-100,2000,"bu","13:10:01",3094900
5420,-100,2000,"bu","13:09:53",3092900
5420,-100,100,"bu","13:09:42",3090900
5410,-110,1000,"sd","13:09:42",3090800
5420,-100,200,"bu","13:09:35",3089800
5410,-110,2500,"sd","13:09:30",3089600
5420,-100,300,"bu","13:09:30",3087100
5410,-110,1000,"sd","13:09:24",3086800
5420,-100,100,"bu","13:09:20",3085800
5410,-110,200,"sd","13:08:49",3085700
5410,-110,200,"sd","13:08:49",3085500
5410,-110,500,"sd","13:08:49",3085300
5410,-110,2100,"sd","13:08:49",3084800
5420,-100,300,"bu","13:08:24",3082700
5420,-100,1700,"bu","13:08:24",3082400
5420,-100,2000,"bu","13:08:20",3080700
5400,-120,4900,"sd","13:08:18",3078700
5400,-120,1000,"sd","13:08:18",3073800
5400,-120,300,"sd","13:08:18",3072800
5400,-120,5000,"sd","13:08:18",3072500
5400,-120,1300,"sd","13:08:18",3067500
5400,-120,3700,"sd","13:08:18",3066200
5400,-120,100,"sd","13:08:18",3062500
5400,-120,600,"sd","13:08:18",3062400
5410,-110,500,"sd","13:08:18",3061800
5410,-110,100,"sd","13:08:18",3061300
5410,-110,2000,"sd","13:08:18",3061200
5410,-110,4500,"sd","13:08:18",3059200
5410,-110,1000,"sd","13:08:18",3054700
5410,-110,200,"sd","13:08:18",3053700
5410,-110,1000,"sd","13:08:18",3053500
5410,-110,500,"sd","13:08:18",3052500
5410,-110,500,"sd","13:08:18",3052000
5410,-110,300,"sd","13:08:18",3051500
5410,-110,200,"sd","13:08:18",3051200
5410,-110,1000,"sd","13:08:18",3051000
5410,-110,10000,"sd","13:08:18",3050000
5410,-110,200,"sd","13:08:18",3040000
5410,-110,100,"sd","13:08:18",3039800
5410,-110,100,"sd","13:08:18",3039700
5410,-110,3600,"sd","13:08:18",3039600
5410,-110,1000,"sd","13:08:18",3036000
5410,-110,700,"sd","13:08:18",3035000
5410,-110,400,"sd","13:08:18",3034300
5410,-110,2000,"sd","13:08:18",3033900
5410,-110,1000,"sd","13:08:10",3031900
5420,-100,500,"bu","13:08:08",3030900
5410,-110,2000,"sd","13:07:58",3030400
5420,-100,500,"bu","13:07:52",3028400
5410,-110,2000,"sd","13:07:41",3027900
5410,-110,900,"sd","13:07:40",3025900
5410,-110,400,"sd","13:07:40",3025000
5410,-110,500,"sd","13:07:35",3024600
5410,-110,1000,"sd","13:07:34",3024100
5410,-110,3000,"sd","13:07:09",3023100
5410,-110,1200,"sd","13:07:06",3020100
5410,-110,200,"sd","13:07:03",3018900
5410,-110,3700,"sd","13:07:02",3018700
5410,-110,200,"sd","13:07:02",3015000
5410,-110,1100,"sd","13:07:02",3014800
5410,-110,3900,"bu","13:06:48",3013700
5410,-110,200,"sd","13:06:48",3009800
5410,-110,500,"sd","13:06:48",3009600
5410,-110,400,"sd","13:06:48",3009100
5410,-110,100,"sd","13:06:41",3008700
5410,-110,100,"sd","13:06:41",3008600
5410,-110,400,"sd","13:06:41",3008500
5410,-110,300,"sd","13:06:41",3008100
5410,-110,700,"bu","13:06:36",3007800
5410,-110,100,"bu","13:06:35",3007100
5410,-110,200,"bu","13:06:30",3007000
5410,-110,4000,"bu","13:06:29",3006800
5400,-120,1400,"sd","13:06:27",3002800
5400,-120,5000,"sd","13:06:27",3001400
5400,-120,3600,"sd","13:06:27",2996400
5410,-110,100,"bu","13:06:26",2992800
5410,-110,1000,"bu","13:06:26",2992700
5410,-110,100,"bu","13:06:26",2991700
5410,-110,500,"bu","13:06:26",2991600
5410,-110,1100,"bu","13:06:24",2991100
5410,-110,200,"bu","13:06:21",2990000
5410,-110,100,"bu","13:06:21",2989800
5410,-110,100,"bu","13:06:15",2989700
5410,-110,500,"bu","13:06:15",2989600
5410,-110,2000,"bu","13:06:12",2989100
5410,-110,2300,"bu","13:06:10",2987100
5410,-110,2100,"bu","13:06:10",2984800
5400,-120,3400,"sd","13:06:02",2982700
5400,-120,500,"sd","13:06:02",2979300
5400,-120,500,"sd","13:06:02",2978800
5400,-120,100,"sd","13:06:02",2978300
5400,-120,2000,"sd","13:06:02",2978200
5400,-120,3000,"sd","13:06:02",2976200
5400,-120,1000,"sd","13:06:02",2973200
5400,-120,200,"sd","13:06:02",2972200
5400,-120,100,"sd","13:06:02",2972000
5410,-110,2000,"sd","13:06:01",2971900
5410,-110,200,"sd","13:06:01",2969900
5410,-110,300,"sd","13:06:01",2969700
5410,-110,3700,"sd","13:06:01",2969400
5410,-110,1000,"sd","13:05:58",2965700
5410,-110,300,"sd","13:05:54",2964700
5410,-110,1000,"sd","13:05:54",2964400
5410,-110,700,"sd","13:05:54",2963400
5410,-110,1300,"sd","13:05:50",2962700
5410,-110,2000,"sd","13:05:50",2961400
5410,-110,500,"sd","13:05:50",2959400
5410,-110,1100,"sd","13:05:50",2958900
5410,-110,100,"sd","13:05:50",2957800
5410,-110,400,"sd","13:05:50",2957700
5410,-110,1000,"sd","13:05:50",2957300
5410,-110,1600,"sd","13:05:50",2956300
5410,-110,3400,"sd","13:05:44",2954700
5410,-110,300,"sd","13:05:44",2951300
5410,-110,100,"sd","13:05:44",2951000
5410,-110,200,"sd","13:05:44",2950900
5410,-110,1800,"sd","13:05:41",2950700
5410,-110,3200,"sd","13:05:41",2948900
5410,-110,1800,"sd","13:05:37",2945700
5410,-110,1000,"sd","13:05:37",2943900
5410,-110,20000,"sd","13:05:37",2942900
5410,-110,1000,"sd","13:05:37",2922900
5410,-110,1300,"sd","13:05:37",2921900
5410,-110,2000,"sd","13:05:37",2920600
5410,-110,7900,"sd","13:05:37",2918600
5410,-110,2100,"sd","13:05:27",2910700
5410,-110,10000,"sd","13:05:27",2908600
5410,-110,1000,"sd","13:05:27",2898600
5410,-110,10500,"sd","13:05:27",2897600
5410,-110,200,"sd","13:05:27",2887100
5410,-110,200,"sd","13:05:27",2886900
5410,-110,500,"sd","13:05:27",2886700
5410,-110,1000,"sd","13:05:27",2886200
5410,-110,1500,"sd","13:05:27",2885200
5410,-110,1000,"sd","13:05:27",2883700
5410,-110,600,"sd","13:05:27",2882700
5410,-110,200,"sd","13:05:27",2882100
5410,-110,1200,"sd","13:05:27",2881900
5410,-110,3800,"sd","13:05:21",2880700
5410,-110,1200,"sd","13:05:21",2876900
5410,-110,5000,"sd","13:05:16",2875700
5410,-110,3000,"sd","13:05:11",2870700
5410,-110,1100,"sd","13:05:07",2867700
5420,-100,2000,"bu","13:05:04",2866600
5410,-110,7000,"sd","13:05:01",2864600
5410,-110,20600,"sd","13:05:00",2857600
5410,-110,3000,"sd","13:05:00",2837000
5410,-110,100,"sd","13:05:00",2834000
5410,-110,2000,"sd","13:05:00",2833900
5410,-110,4300,"sd","13:05:00",2831900
5420,-100,2000,"bu","13:04:58",2827600
5410,-110,3800,"sd","13:04:57",2825600
5410,-110,1300,"sd","13:04:53",2821800
5420,-100,4000,"bu","13:04:50",2820500
5410,-110,100,"sd","13:04:33",2816500
5420,-100,1000,"bu","13:04:11",2816400
5420,-100,5000,"sd","13:04:09",2815400
5420,-100,500,"sd","13:04:09",2810400
5420,-100,800,"sd","13:04:09",2809900
5420,-100,200,"sd","13:04:08",2809100
5420,-100,200,"sd","13:04:08",2808900
5420,-100,6600,"sd","13:04:08",2808700
5420,-100,3400,"sd","13:04:04",2802100
5420,-100,500,"sd","13:04:04",2798700
5420,-100,300,"sd","13:04:04",2798200
5420,-100,300,"sd","13:04:04",2797900
5420,-100,1000,"sd","13:03:54",2797600
5420,-100,2000,"sd","13:03:53",2796600
5420,-100,3600,"sd","13:03:38",2794600
5420,-100,1000,"sd","13:03:38",2791000
5420,-100,3700,"sd","13:03:38",2790000
5420,-100,1300,"sd","13:03:38",2786300
5410,-110,500,"sd","13:03:35",2785000
5410,-110,300,"sd","13:03:35",2784500
5410,-110,1000,"sd","13:03:35",2784200
5410,-110,1000,"sd","13:03:35",2783200
5410,-110,500,"sd","13:03:35",2782200
5410,-110,500,"sd","13:03:35",2781700
5410,-110,2000,"sd","13:03:35",2781200
5410,-110,500,"sd","13:03:35",2779200
5410,-110,100,"sd","13:03:35",2778700
5410,-110,5000,"sd","13:03:35",2778600
5410,-110,1000,"sd","13:03:35",2773600
5410,-110,100,"sd","13:03:35",2772600
5410,-110,1000,"sd","13:03:35",2772500
5410,-110,300,"sd","13:03:35",2771500
5410,-110,10000,"sd","13:03:35",2771200
5410,-110,1000,"sd","13:03:35",2761200
5420,-100,1000,"sd","13:03:35",2760200
5420,-100,4200,"sd","13:03:35",2759200
5420,-100,800,"bu","13:03:31",2755000
5420,-100,500,"bu","13:03:28",2754200
5420,-100,100,"bu","13:03:28",2753700
5420,-100,500,"bu","13:03:26",2753600
5420,-100,2000,"bu","13:03:24",2753100
5420,-100,100,"bu","13:03:24",2751100
5420,-100,200,"bu","13:03:24",2751000
5420,-100,100,"bu","13:03:24",2750800
5420,-100,100,"bu","13:03:24",2750700
5420,-100,1000,"bu","13:03:24",2750600
5420,-100,1000,"bu","13:03:24",2749600
5420,-100,500,"bu","13:03:24",2748600
5420,-100,200,"bu","13:03:24",2748100
5420,-100,100,"bu","13:03:24",2747900
5420,-100,14500,"unknown","13:03:24",2747800
5420,-100,100,"sd","13:03:24",2733300
5420,-100,500,"sd","13:03:24",2733200
5420,-100,1000,"sd","13:03:24",2732700
5420,-100,100,"sd","13:03:24",2731700
5420,-100,5000,"sd","13:03:24",2731600
5420,-100,3000,"sd","13:03:24",2726600
5420,-100,2000,"sd","13:03:24",2723600
5420,-100,300,"sd","13:03:24",2721600
5420,-100,15000,"sd","13:03:24",2721300
5420,-100,100,"sd","13:03:24",2706300
5420,-100,1000,"sd","13:03:24",2706200
5420,-100,200,"sd","13:03:24",2705200
5430,-90,800,"bu","13:03:15",2705000
5430,-90,4200,"bu","13:03:15",2704200
5420,-100,200,"sd","13:03:03",2700000
5430,-90,800,"sd","13:02:55",2699800
5430,-90,100,"sd","13:02:51",2699000
5430,-90,500,"sd","13:02:51",2698900
5430,-90,400,"sd","13:02:51",2698400
5430,-90,200,"sd","13:02:46",2698000
5430,-90,200,"sd","13:02:27",2697800
5430,-90,200,"bu","13:02:16",2697600
5430,-90,200,"bu","13:02:15",2697400
5430,-90,100,"bu","13:02:10",2697200
5430,-90,400,"sd","13:02:09",2697100
5430,-90,100,"bu","13:02:08",2696700
5430,-90,100,"bu","13:02:08",2696600
5430,-90,200,"bu","13:02:08",2696500
5420,-100,100,"sd","13:02:05",2696300
5430,-90,2000,"sd","13:01:56",2696200
5430,-90,1000,"sd","13:01:56",2694200
5430,-90,9900,"sd","13:01:56",2693200
5430,-90,1000,"sd","13:01:56",2683300
5430,-90,500,"sd","13:01:56",2682300
5430,-90,500,"sd","13:01:56",2681800
5430,-90,5000,"sd","13:01:56",2681300
5430,-90,200,"sd","13:01:56",2676300
5430,-90,100,"sd","13:01:56",2676100
5430,-90,1000,"sd","13:01:56",2676000
5430,-90,500,"sd","13:01:56",2675000
5430,-90,1500,"sd","13:01:49",2674500
5430,-90,100,"sd","13:01:49",2673000
5430,-90,400,"sd","13:01:49",2672900
5430,-90,600,"sd","13:01:45",2672500
5430,-90,1000,"sd","13:01:45",2671900
5430,-90,1000,"sd","13:01:45",2670900
5430,-90,1000,"sd","13:01:45",2669900
5430,-90,1000,"sd","13:01:45",2668900
5430,-90,5000,"sd","13:01:45",2667900
5430,-90,400,"sd","13:01:45",2662900
5430,-90,1600,"sd","13:01:40",2662500
5430,-90,3400,"sd","13:01:40",2660900
5440,-80,500,"bu","13:01:38",2657500
5440,-80,600,"bu","13:01:36",2657000
5440,-80,400,"bu","13:01:36",2656400
5430,-90,1000,"sd","13:01:30",2656000
5440,-80,1000,"bu","13:01:25",2655000
5440,-80,5000,"bu","13:01:23",2654000
5440,-80,500,"sd","13:01:07",2649000
5430,-90,1000,"sd","13:01:05",2648500
5430,-90,4600,"sd","13:00:53",2647500
5430,-90,2000,"sd","13:00:53",2642900
5430,-90,5000,"sd","13:00:53",2640900
5430,-90,100,"sd","13:00:53",2635900
5430,-90,5000,"sd","13:00:53",2635800
5430,-90,500,"sd","13:00:53",2630800
5440,-80,100,"sd","13:00:53",2630300
5440,-80,2500,"bu","13:00:48",2630200
5440,-80,600,"bu","13:00:48",2627700
5440,-80,100,"bu","13:00:43",2627100
5440,-80,5000,"bu","13:00:35",2627000
5440,-80,4300,"bu","13:00:31",2622000
5440,-80,1000,"bu","13:00:31",2617700
5440,-80,700,"bu","13:00:31",2616700
5440,-80,300,"bu","13:00:23",2616000
5450,-70,4000,"bu","13:00:15",2615700
5450,-70,2000,"bu","13:00:13",2611700
5450,-70,300,"bu","13:00:12",2609700
5440,-80,300,"bu","13:00:12",2609400
5440,-80,18000,"bu","13:00:12",2609100
5440,-80,8900,"bu","13:00:12",2591100
5440,-80,500,"bu","13:00:12",2582200
5440,-80,100,"bu","13:00:10",2581700
5440,-80,1000,"sd","13:00:06",2581600
5440,-80,500,"sd","13:00:06",2580600
5440,-80,10000,"sd","13:00:06",2580100
5440,-80,200,"sd","13:00:06",2570100
5440,-80,500,"sd","13:00:06",2569900
5440,-80,2000,"sd","13:00:06",2569400
5440,-80,100,"sd","13:00:06",2567400
5440,-80,500,"sd","13:00:06",2567300
5440,-80,100,"sd","13:00:06",2566800
5440,-80,900,"sd","13:00:06",2566700
5440,-80,100,"sd","13:00:06",2565800
5440,-80,300,"sd","13:00:06",2565700
5440,-80,200,"sd","13:00:06",2565400
5440,-80,4000,"sd","13:00:06",2565200
5440,-80,1800,"sd","13:00:06",2561200
5440,-80,12700,"sd","13:00:06",2559400
5440,-80,7300,"sd","13:00:05",2546700
5440,-80,100,"sd","13:00:05",2539400
5440,-80,500,"sd","13:00:05",2539300
5440,-80,100,"sd","13:00:05",2538800
5440,-80,3000,"sd","13:00:05",2538700
5440,-80,1000,"sd","13:00:05",2535700
5440,-80,200,"sd","13:00:05",2534700
5440,-80,3000,"sd","13:00:05",2534500
5440,-80,1000,"sd","13:00:05",2531500
5440,-80,100,"sd","13:00:05",2530500
5440,-80,2000,"sd","13:00:05",2530400
5440,-80,1000,"sd","13:00:05",2528400
5440,-80,2000,"sd","13:00:05",2527400
5440,-80,200,"sd","13:00:05",2525400
5440,-80,100,"sd","13:00:05",2525200
5440,-80,200,"sd","13:00:05",2525100
5440,-80,400,"sd","13:00:05",2524900
5440,-80,500,"sd","13:00:05",2524500
5440,-80,200,"sd","13:00:05",2524000
5440,-80,100,"sd","13:00:05",2523800
5440,-80,5000,"sd","13:00:05",2523700
5440,-80,500,"sd","13:00:05",2518700
5440,-80,1000,"sd","13:00:05",2518200
5440,-80,500,"sd","13:00:05",2517200
5450,-70,600,"sd","13:00:04",2516700
5450,-70,1300,"sd","13:00:04",2516100
5450,-70,1700,"sd","13:00:02",2514800
5450,-70,1800,"sd","13:00:02",2513100
5450,-70,300,"sd","13:00:01",2511300
5450,-70,200,"sd","13:00:01",2511000
5450,-70,1000,"sd","13:00:01",2510800
5450,-70,1000,"sd","13:00:01",2509800
5450,-70,100,"sd","13:00:01",2508800
5450,-70,1000,"sd","13:00:01",2508700
5450,-70,3400,"sd","13:00:01",2507700
5450,-70,6600,"sd","13:00:01",2504300
5450,-70,2000,"sd","13:00:01",2497700
5450,-70,1000,"sd","13:00:01",2495700
5450,-70,400,"sd","13:00:01",2494700
5460,-60,200,"bu","13:00:00",2494300
5460,-60,800,"bu","13:00:00",2494100
5450,-70,4600,"sd","13:00:00",2493300
5450,-70,1000,"sd","13:00:00",2488700
5450,-70,2400,"sd","13:00:00",2487700
5460,-60,100,"bu","13:00:00",2485300
5460,-60,900,"bu","13:00:00",2485200
5450,-70,1300,"sd","12:59:59",2484300
5460,-60,100,"bu","12:59:59",2483000
5460,-60,5000,"bu","12:59:59",2482900
5460,-60,2000,"bu","12:59:59",2477900
5460,-60,900,"bu","12:59:59",2475900
5460,-60,100,"bu","11:29:47",2475000
5450,-70,300,"sd","11:28:41",2474900
5460,-60,500,"bu","11:28:40",2474600
5450,-70,500,"sd","11:28:03",2474100
5460,-60,1500,"bu","11:27:28",2473600
5450,-70,100,"sd","11:27:10",2472100
5460,-60,300,"sd","11:26:33",2472000
5470,-50,3600,"bu","11:25:57",2471700
5450,-70,1800,"sd","11:24:30",2468100
5450,-70,30000,"sd","11:24:30",2466300
5450,-70,1000,"sd","11:24:30",2436300
5450,-70,2000,"sd","11:24:30",2435300
5450,-70,300,"sd","11:24:30",2433300
5450,-70,20000,"sd","11:24:30",2433000
5450,-70,5000,"sd","11:24:30",2413000
5450,-70,200,"sd","11:24:30",2408000
5450,-70,1000,"sd","11:24:30",2407800
5450,-70,500,"sd","11:24:30",2406800
5450,-70,700,"sd","11:24:30",2406300
5450,-70,500,"sd","11:24:30",2405600
5450,-70,2000,"sd","11:24:30",2405100
5450,-70,1000,"sd","11:24:30",2403100
5450,-70,2000,"sd","11:24:30",2402100
5450,-70,500,"sd","11:24:30",2400100
5450,-70,1000,"sd","11:24:30",2399600
5450,-70,500,"sd","11:24:30",2398600
5450,-70,1000,"sd","11:24:30",2398100
5460,-60,5000,"sd","11:24:30",2397100
5460,-60,1000,"sd","11:24:30",2392100
5460,-60,2000,"sd","11:24:30",2391100
5460,-60,2000,"sd","11:24:30",2389100
5460,-60,5000,"sd","11:24:30",2387100
5460,-60,4000,"sd","11:24:30",2382100
5460,-60,1000,"sd","11:24:30",2378100
5460,-60,9000,"sd","11:24:30",2377100
5470,-50,2000,"bu","11:24:28",2368100
5460,-60,500,"sd","11:24:18",2366100
5470,-50,1000,"sd","11:23:54",2365600
5470,-50,2900,"sd","11:23:54",2364600
5470,-50,100,"sd","11:23:46",2361700
5470,-50,7000,"bu","11:22:39",2361600
5470,-50,500,"bu","11:21:37",2354600
5470,-50,2100,"bu","11:20:51",2354100
5470,-50,8300,"bu","11:20:51",2352000
5460,-60,500,"sd","11:20:13",2343700
5470,-50,1000,"bu","11:18:58",2343200
5450,-70,100,"sd","11:18:05",2342200
5450,-70,300,"sd","11:18:05",2342100
5450,-70,200,"sd","11:18:05",2341800
5450,-70,400,"sd","11:18:05",2341600
5450,-70,600,"sd","11:16:10",2341200
5450,-70,1000,"sd","11:16:10",2340600
5450,-70,1000,"sd","11:16:10",2339600
5450,-70,2400,"sd","11:16:10",2338600
5450,-70,600,"sd","11:15:41",2336200
5450,-70,500,"sd","11:15:41",2335600
5450,-70,500,"sd","11:15:41",2335100
5450,-70,300,"sd","11:15:41",2334600
5450,-70,1000,"sd","11:15:41",2334300
5450,-70,500,"sd","11:15:41",2333300
5450,-70,200,"sd","11:15:41",2332800
5450,-70,500,"sd","11:15:41",2332600
5450,-70,500,"sd","11:15:41",2332100
5450,-70,2000,"sd","11:15:41",2331600
5450,-70,300,"sd","11:15:41",2329600
5450,-70,500,"sd","11:15:41",2329300
5450,-70,5000,"sd","11:15:41",2328800
5450,-70,2000,"sd","11:15:41",2323800
5450,-70,20000,"sd","11:15:41",2321800
5450,-70,1000,"sd","11:15:41",2301800
5450,-70,100,"sd","11:15:41",2300800
5450,-70,1000,"sd","11:15:41",2300700
5450,-70,500,"sd","11:15:41",2299700
5450,-70,1000,"sd","11:15:41",2299200
5450,-70,500,"sd","11:15:41",2298200
5450,-70,1000,"sd","11:15:41",2297700
5450,-70,100,"sd","11:15:41",2296700
5450,-70,100,"sd","11:15:41",2296600
5450,-70,200,"sd","11:15:41",2296500
5450,-70,500,"sd","11:15:41",2296300
5450,-70,100,"sd","11:15:41",2295800
5450,-70,400,"sd","11:15:41",2295700
5450,-70,1000,"sd","11:15:41",2295300
5450,-70,2000,"sd","11:15:41",2294300
5450,-70,2000,"sd","11:15:41",2292300
5450,-70,500,"sd","11:15:41",2290300
5450,-70,2000,"sd","11:15:41",2289800
5450,-70,1600,"sd","11:15:41",2287800
5460,-60,100,"bu","11:15:01",2286200
5460,-60,1800,"bu","11:14:57",2286100
5460,-60,6800,"bu","11:14:57",2284300
5460,-60,2000,"bu","11:14:57",2277500
5460,-60,400,"bu","11:14:57",2275500
5460,-60,2000,"bu","11:14:55",2275100
5460,-60,1000,"bu","11:14:34",2273100
5460,-60,1000,"bu","11:14:29",2272100
5460,-60,2000,"bu","11:14:24",2271100
5460,-60,2200,"bu","11:14:20",2269100
5460,-60,200,"bu","11:14:20",2266900
5460,-60,500,"bu","11:13:35",2266700
5460,-60,1000,"bu","11:13:29",2266200
5460,-60,100,"bu","11:13:28",2265200
5460,-60,1000,"bu","11:13:27",2265100
5460,-60,2000,"bu","11:13:22",2264100
5460,-60,1500,"bu","11:13:15",2262100
5460,-60,3000,"bu","11:13:13",2260600
5460,-60,2500,"bu","11:13:11",2257600
5460,-60,2600,"bu","11:13:02",2255100
5460,-60,20000,"bu","11:12:33",2252500
5450,-70,400,"sd","11:12:19",2232500
5450,-70,1600,"sd","11:12:19",2232100
5460,-60,1100,"bu","11:11:53",2230500
5460,-60,1000,"bu","11:11:39",2229400
5460,-60,2000,"bu","11:11:27",2228400
5460,-60,4000,"bu","11:11:26",2226400
5460,-60,15900,"sd","11:11:26",2222400
5460,-60,1100,"bu","11:11:11",2206500
5460,-60,400,"sd","11:10:54",2205400
5460,-60,9600,"sd","11:10:38",2205000
5460,-60,10000,"sd","11:10:38",2195400
5460,-60,1000,"sd","11:10:38",2185400
5460,-60,3000,"sd","11:10:38",2184400
5460,-60,2000,"sd","11:10:38",2181400
5460,-60,11000,"sd","11:10:38",2179400
5460,-60,1000,"sd","11:10:38",2168400
5460,-60,800,"sd","11:10:38",2167400
5460,-60,8900,"sd","11:10:38",2166600
5460,-60,9700,"sd","11:10:38",2157700
5460,-60,300,"sd","11:09:16",2148000
5460,-60,1000,"sd","11:09:16",2147700
5460,-60,1700,"sd","11:09:16",2146700
5460,-60,300,"sd","11:08:51",2145000
5470,-50,500,"bu","11:08:27",2144700
5470,-50,100,"bu","11:07:39",2144200
5470,-50,100,"bu","11:06:40",2144100
5460,-60,800,"sd","11:05:33",2144000
5460,-60,5000,"sd","11:05:08",2143200
5460,-60,400,"sd","11:05:00",2138200
5460,-60,1800,"bu","11:04:23",2137800
5460,-60,5000,"bu","11:04:20",2136000
5460,-60,2600,"sd","11:04:20",2131000
5460,-60,100,"sd","11:04:20",2128400
5460,-60,500,"sd","11:04:20",2128300
5460,-60,8800,"sd","11:02:28",2127800
5460,-60,200,"sd","11:02:28",2119000
5450,-70,200,"sd","11:00:28",2118800
5450,-70,400,"sd","11:00:28",2118600
5450,-70,200,"sd","11:00:28",2118200
5460,-60,500,"sd","11:00:28",2118000
5460,-60,500,"sd","11:00:28",2117500
5450,-70,10000,"sd","10:59:39",2117000
5450,-70,10000,"sd","10:59:39",2107000
5450,-70,100,"sd","10:59:39",2097000
5450,-70,100,"sd","10:59:39",2096900
5450,-70,10000,"sd","10:59:39",2096800
5450,-70,2000,"sd","10:59:39",2086800
5450,-70,2000,"sd","10:59:39",2084800
5450,-70,5000,"sd","10:59:39",2082800
5450,-70,10000,"sd","10:59:39",2077800
5450,-70,1000,"sd","10:59:39",2067800
5450,-70,500,"sd","10:59:39",2066800
5450,-70,10000,"sd","10:59:39",2066300
5450,-70,500,"sd","10:59:39",2056300
5450,-70,300,"sd","10:59:39",2055800
5450,-70,200,"sd","10:59:39",2055500
5450,-70,400,"sd","10:59:39",2055300
5450,-70,1000,"sd","10:59:39",2054900
5450,-70,100,"sd","10:59:39",2053900
5450,-70,2800,"sd","10:59:39",2053800
5450,-70,200,"sd","10:59:39",2051000
5450,-70,1000,"sd","10:59:39",2050800
5450,-70,1000,"sd","10:59:39",2049800
5450,-70,500,"sd","10:59:39",2048800
5450,-70,300,"sd","10:59:39",2048300
5450,-70,1000,"sd","10:59:39",2048000
5450,-70,2200,"sd","10:59:39",2047000
5450,-70,2000,"sd","10:59:39",2044800
5450,-70,5000,"sd","10:59:39",2042800
5450,-70,100,"sd","10:59:39",2037800
5450,-70,2000,"sd","10:59:39",2037700
5450,-70,1300,"sd","10:59:39",2035700
5450,-70,600,"sd","10:59:39",2034400
5450,-70,100,"sd","10:59:39",2033800
5450,-70,20000,"sd","10:59:39",2033700
5450,-70,500,"sd","10:59:39",2013700
5450,-70,500,"sd","10:59:39",2013200
5450,-70,100,"sd","10:59:39",2012700
5460,-60,6500,"sd","10:59:39",2012600
5460,-60,12100,"sd","10:59:39",2006100
5460,-60,30000,"sd","10:59:39",1994000
5450,-70,2000,"sd","10:59:39",1964000
5450,-70,200,"sd","10:59:39",1962000
5460,-60,1000,"sd","10:59:39",1961800
5450,-70,1000,"sd","10:59:39",1960800
5460,-60,100,"sd","10:59:39",1959800
5450,-70,500,"sd","10:59:39",1959700
5460,-60,200,"sd","10:59:39",1959200
5450,-70,300,"sd","10:59:39",1959000
5460,-60,1000,"sd","10:59:39",1958700
5450,-70,2000,"sd","10:59:39",1957700
5460,-60,2000,"sd","10:59:39",1955700
5450,-70,1900,"sd","10:59:39",1953700
5460,-60,5000,"sd","10:59:39",1951800
5460,-60,300,"sd","10:59:39",1946800
5460,-60,1500,"sd","10:59:39",1946500
5460,-60,4100,"sd","10:59:39",1945000
5460,-60,6000,"sd","10:59:39",1940900
5460,-60,2000,"sd","10:59:39",1934900
5460,-60,800,"sd","10:59:39",1932900
5460,-60,200,"sd","10:59:39",1932100
5460,-60,1000,"sd","10:59:39",1931900
5460,-60,500,"sd","10:59:39",1930900
5460,-60,2000,"sd","10:59:39",1930400
5460,-60,2700,"sd","10:59:39",1928400
5460,-60,700,"sd","10:59:39",1925700
5460,-60,100,"sd","10:59:39",1925000
5460,-60,2000,"sd","10:59:39",1924900
5460,-60,400,"sd","10:59:39",1922900
5470,-50,4000,"sd","10:59:39",1922500
5470,-50,300,"sd","10:59:39",1918500
5470,-50,1000,"sd","10:59:39",1918200
5470,-50,300,"sd","10:59:39",1917200
5470,-50,3400,"sd","10:59:39",1916900
5480,-40,500,"sd","10:59:04",1913500
5480,-40,400,"sd","10:58:57",1913000
5480,-40,1000,"sd","10:58:57",1912600
5480,-40,100,"sd","10:58:13",1911600
5470,-50,6600,"sd","10:57:30",1911500
5470,-50,500,"sd","10:57:30",1904900
5480,-40,100,"sd","10:57:30",1904400
5480,-40,2000,"sd","10:57:30",1904300
5480,-40,800,"sd","10:57:30",1902300
5480,-40,700,"bu","10:57:21",1901500
5480,-40,1000,"bu","10:57:18",1900800
5480,-40,300,"bu","10:57:13",1899800
5480,-40,1700,"bu","10:57:13",1899500
5480,-40,100,"bu","10:57:07",1897800
5480,-40,400,"bu","10:56:51",1897700
5470,-50,1000,"sd","10:56:36",1897300
5480,-40,2000,"bu","10:56:14",1896300
5480,-40,500,"sd","10:55:52",1894300
5480,-40,1200,"sd","10:55:52",1893800
5480,-40,4100,"sd","10:55:52",1892600
5480,-40,200,"sd","10:55:10",1888500
5480,-40,200,"bu","10:54:45",1888300
5480,-40,2500,"bu","10:54:45",1888100
5480,-40,100,"bu","10:54:40",1885600
5480,-40,100,"bu","10:53:55",1885500
5470,-50,3000,"sd","10:53:55",1885400
5480,-40,200,"bu","10:53:52",1882400
5480,-40,100,"bu","10:53:46",1882200
5470,-50,500,"sd","10:53:43",1882100
5470,-50,1000,"sd","10:53:43",1881600
5470,-50,1000,"sd","10:53:43",1880600
5470,-50,2500,"sd","10:53:43",1879600
5480,-40,1000,"sd","10:53:18",1877100
5480,-40,5500,"sd","10:53:18",1876100
5480,-40,500,"sd","10:53:18",1870600
5480,-40,2500,"bu","10:52:01",1870100
5480,-40,4000,"bu","10:52:01",1867600
5480,-40,1000,"bu","10:51:55",1863600
5480,-40,500,"bu","10:51:52",1862600
5480,-40,2000,"bu","10:51:43",1862100
5470,-50,400,"sd","10:51:07",1860100
5470,-50,5300,"sd","10:50:44",1859700
5470,-50,2000,"sd","10:50:44",1854400
5470,-50,5000,"sd","10:50:44",1852400
5470,-50,2700,"sd","10:50:44",1847400
5470,-50,7200,"sd","10:49:42",1844700
5470,-50,1200,"bu","10:48:50",1837500
5470,-50,2000,"bu","10:48:50",1836300
5470,-50,1900,"bu","10:48:50",1834300
5470,-50,1100,"bu","10:48:50",1832400
5470,-50,900,"bu","10:48:50",1831300
5470,-50,100,"sd","10:48:19",1830400
5470,-50,200,"sd","10:48:19",1830300
5470,-50,9000,"sd","10:48:19",1830100
5470,-50,3000,"sd","10:48:19",1821100
5470,-50,1000,"sd","10:48:19",1818100
5470,-50,100,"sd","10:48:19",1817100
5480,-40,600,"sd","10:48:19",1817000
5480,-40,100,"sd","10:48:19",1816400
5490,-30,700,"sd","10:47:31",1816300
5490,-30,500,"sd","10:47:26",1815600
5490,-30,10000,"bu","10:46:57",1815100
5490,-30,1000,"bu","10:46:57",1805100
5490,-30,200,"bu","10:46:57",1804100
5480,-40,200,"bu","10:46:57",1803900
5480,-40,1000,"bu","10:46:57",1803700
5480,-40,1400,"bu","10:46:57",1802700
5480,-40,100,"bu","10:46:29",1801300
5480,-40,1000,"bu","10:46:04",1801200
5480,-40,200,"bu","10:45:54",1800200
5480,-40,100,"bu","10:44:50",1800000
5480,-40,1000,"bu","10:43:24",1799900
5480,-40,1000,"bu","10:43:07",1798900
5480,-40,100,"bu","10:43:02",1797900
5480,-40,4000,"bu","10:42:48",1797800
5470,-50,2900,"bu","10:42:17",1793800
5470,-50,100,"bu","10:42:03",1790900
5470,-50,100,"bu","10:41:50",1790800
5470,-50,900,"bu","10:41:50",1790700
5470,-50,1000,"sd","10:41:21",1789800
5470,-50,1000,"sd","10:41:21",1788800
5470,-50,1000,"sd","10:41:21",1787800
5470,-50,1000,"sd","10:41:21",1786800
5470,-50,100,"sd","10:41:21",1785800
5470,-50,900,"sd","10:41:04",1785700
5470,-50,300,"sd","10:41:04",1784800
5470,-50,1700,"sd","10:40:54",1784500
5470,-50,8800,"sd","10:40:54",1782800
5480,-40,100,"bu","10:40:20",1774000
5470,-50,11200,"bu","10:40:10",1773900
5460,-60,4500,"sd","10:39:44",1762700
5470,-50,2000,"bu","10:39:39",1758200
5460,-60,100,"sd","10:39:03",1756200
5460,-60,1000,"sd","10:39:03",1756100
5460,-60,200,"sd","10:39:03",1755100
5460,-60,7000,"sd","10:39:03",1754900
5460,-60,700,"sd","10:39:03",1747900
5470,-50,100,"bu","10:38:59",1747200
5470,-50,5000,"bu","10:38:29",1747100
5470,-50,5000,"sd","10:38:13",1742100
5470,-50,2000,"sd","10:38:13",1737100
5470,-50,1000,"sd","10:38:13",1735100
5470,-50,100,"sd","10:38:13",1734100
5470,-50,1200,"sd","10:38:13",1734000
5470,-50,400,"sd","10:38:13",1732800
5470,-50,4000,"sd","10:38:13",1732400
5480,-40,300,"bu","10:37:37",1728400
5480,-40,200,"bu","10:37:36",1728100
5480,-40,200,"bu","10:37:31",1727900
5470,-50,1000,"sd","10:37:29",1727700
5480,-40,300,"bu","10:37:07",1726700
5480,-40,1700,"bu","10:37:07",1726400
5480,-40,500,"bu","10:37:00",1724700
5480,-40,200,"sd","10:36:59",1724200
5480,-40,7600,"sd","10:36:59",1724000
5480,-40,400,"sd","10:36:54",1716400
5480,-40,2000,"bu","10:36:26",1716000
5480,-40,1000,"sd","10:35:49",1714000
5480,-40,700,"sd","10:35:49",1713000
5480,-40,200,"sd","10:35:49",1712300
5480,-40,2000,"sd","10:35:49",1712100
5480,-40,200,"sd","10:35:49",1710100
5480,-40,100,"sd","10:34:51",1709900
5480,-40,900,"sd","10:34:51",1709800
5480,-40,100,"sd","10:33:41",1708900
5480,-40,900,"sd","10:33:41",1708800
5480,-40,1100,"bu","10:33:13",1707900
5480,-40,300,"sd","10:33:05",1706800
5480,-40,100,"sd","10:33:05",1706500
5480,-40,2000,"sd","10:33:05",1706400
5480,-40,100,"sd","10:33:05",1704400
5480,-40,5000,"sd","10:33:05",1704300
5480,-40,3000,"sd","10:33:05",1699300
5480,-40,400,"sd","10:33:05",1696300
5480,-40,100,"sd","10:33:04",1695900
5480,-40,100,"sd","10:33:04",1695800
5490,-30,800,"sd","10:33:04",1695700
5490,-30,1700,"bu","10:33:02",1694900
5490,-30,500,"bu","10:33:02",1693200
5490,-30,2000,"bu","10:32:50",1692700
5490,-30,600,"bu","10:32:24",1690700
5480,-40,100,"sd","10:31:02",1690100
5490,-30,100,"sd","10:30:24",1690000
5490,-30,1400,"sd","10:30:24",1689900
5490,-30,100,"sd","10:30:02",1688500
5490,-30,900,"sd","10:28:23",1688400
5500,-20,100,"bu","10:27:46",1687500
5500,-20,2000,"bu","10:27:11",1687400
5500,-20,600,"sd","10:25:35",1685400
5510,-10,2500,"sd","10:25:31",1684800
5510,-10,7500,"bu","10:25:29",1682300
5510,-10,2500,"bu","10:25:18",1674800
5510,-10,500,"bu","10:25:18",1672300
5510,-10,1000,"bu","10:25:13",1671800
5510,-10,1000,"bu","10:25:13",1670800
5500,-20,2000,"bu","10:25:10",1669800
5500,-20,400,"bu","10:25:10",1667800
5500,-20,100,"bu","10:25:10",1667400
5500,-20,100,"bu","10:24:41",1667300
5500,-20,3800,"sd","10:23:42",1667200
5500,-20,500,"sd","10:23:39",1663400
5510,-10,100,"bu","10:23:39",1662900
5500,-20,200,"bu","10:23:33",1662800
5500,-20,500,"bu","10:23:33",1662600
5500,-20,100,"sd","10:23:08",1662100
5500,-20,400,"bu","10:22:40",1662000
5500,-20,5000,"sd","10:22:40",1661600
5500,-20,100,"sd","10:22:40",1656600
5500,-20,4500,"sd","10:22:40",1656500
5510,-10,800,"sd","10:22:32",1652000
5510,-10,1500,"sd","10:22:32",1651200
5510,-10,500,"sd","10:22:02",1649700
5520,0,3500,"bu","10:21:55",1649200
5520,0,1300,"bu","10:21:55",1645700
5520,0,100,"bu","10:21:55",1644400
5520,0,5000,"bu","10:21:55",1644300
5520,0,100,"bu","10:21:55",1639300
5510,-10,1000,"bu","10:21:48",1639200
5510,-10,5000,"bu","10:21:44",1638200
5500,-20,500,"bu","10:21:37",1633200
5490,-30,600,"bu","10:21:32",1632700
5460,-60,9300,"sd","10:21:24",1632100
5460,-60,1000,"sd","10:21:24",1622800
5460,-60,10000,"sd","10:21:24",1621800
5460,-60,2000,"sd","10:21:24",1611800
5460,-60,500,"sd","10:21:24",1609800
5460,-60,1500,"sd","10:21:24",1609300
5460,-60,5000,"sd","10:21:24",1607800
5460,-60,10000,"sd","10:21:24",1602800
5460,-60,5000,"sd","10:21:24",1592800
5460,-60,5000,"sd","10:21:24",1587800
5470,-50,700,"sd","10:21:24",1582800
5470,-50,300,"bu","10:21:23",1582100
5470,-50,1000,"bu","10:21:22",1581800
5470,-50,600,"bu","10:21:15",1580800
5470,-50,300,"sd","10:21:14",1580200
5470,-50,5000,"sd","10:21:14",1579900
5470,-50,100,"sd","10:21:14",1574900
5470,-50,1000,"sd","10:21:14",1574800
5470,-50,1700,"sd","10:21:14",1573800
5470,-50,1300,"sd","10:21:04",1572100
5470,-50,400,"sd","10:21:04",1570800
5470,-50,20000,"sd","10:21:04",1570400
5470,-50,2000,"sd","10:21:04",1550400
5470,-50,200,"sd","10:21:04",1548400
5470,-50,1600,"sd","10:21:04",1548200
5480,-40,200,"sd","10:21:04",1546600
5480,-40,300,"sd","10:21:04",1546400
5480,-40,4000,"sd","10:21:04",1546100
5480,-40,2000,"sd","10:20:28",1542100
5480,-40,1000,"sd","10:20:24",1540100
5480,-40,1000,"sd","10:20:24",1539100
5480,-40,5000,"sd","10:20:24",1538100
5480,-40,500,"sd","10:20:24",1533100
5480,-40,1900,"sd","10:20:24",1532600
5480,-40,600,"sd","10:20:24",1530700
5490,-30,1000,"bu","10:20:15",1530100
5490,-30,1000,"sd","10:20:15",1529100
5490,-30,5000,"sd","10:20:15",1528100
5490,-30,100,"sd","10:20:15",1523100
5490,-30,2000,"sd","10:20:15",1523000
5490,-30,100,"sd","10:20:15",1521000
5490,-30,100,"sd","10:20:15",1520900
5490,-30,100,"sd","10:20:15",1520800
5500,-20,1000,"bu","10:20:04",1520700
5500,-20,3000,"bu","10:19:59",1519700
5490,-30,100,"sd","10:19:50",1516700
5490,-30,100,"sd","10:19:48",1516600
5490,-30,100,"sd","10:19:48",1516500
5490,-30,2600,"sd","10:19:48",1516400
5500,-20,10000,"bu","10:19:44",1513800
5490,-30,1400,"sd","10:19:16",1503800
5490,-30,200,"sd","10:19:16",1502400
5500,-20,2000,"sd","10:18:48",1502200
5500,-20,4800,"sd","10:18:48",1500200
5500,-20,1000,"sd","10:18:45",1495400
5500,-20,2000,"bu","10:18:32",1494400
5500,-20,2200,"bu","10:18:32",1492400
5500,-20,2000,"bu","10:18:32",1490200
5500,-20,100,"bu","10:17:44",1488200
5500,-20,100,"bu","10:17:44",1488100
5500,-20,500,"bu","10:17:38",1488000
5500,-20,100,"bu","10:17:34",1487500
5500,-20,2000,"bu","10:17:14",1487400
5490,-30,800,"sd","10:15:46",1485400
5490,-30,200,"sd","10:15:46",1484600
5490,-30,200,"bu","10:15:10",1484400
5480,-40,200,"sd","10:15:07",1484200
5490,-30,1000,"bu","10:14:59",1484000
5490,-30,700,"bu","10:14:54",1483000
5490,-30,1300,"bu","10:14:54",1482300
5480,-40,200,"sd","10:14:13",1481000
5480,-40,1700,"sd","10:14:13",1480800
5490,-30,700,"bu","10:13:39",1479100
5480,-40,3300,"sd","10:13:32",1478400
5480,-40,200,"sd","10:13:32",1475100
5480,-40,5000,"sd","10:13:32",1474900
5480,-40,500,"sd","10:13:32",1469900
5480,-40,1000,"sd","10:13:32",1469400
5490,-30,500,"sd","10:13:16",1468400
5490,-30,100,"sd","10:13:16",1467900
5490,-30,100,"sd","10:13:16",1467800
5490,-30,100,"sd","10:13:16",1467700
5490,-30,300,"sd","10:13:16",1467600
5490,-30,800,"sd","10:13:16",1467300
5490,-30,1000,"sd","10:13:16",1466500
5500,-20,100,"bu","10:12:51",1465500
5500,-20,5000,"sd","10:12:44",1465400
5510,-10,1500,"bu","10:12:25",1460400
5500,-20,8500,"bu","10:12:25",1458900
5500,-20,500,"bu","10:12:06",1450400
5500,-20,7000,"bu","10:11:51",1449900
5500,-20,100,"bu","10:11:39",1442900
5500,-20,20000,"sd","10:11:38",1442800
5500,-20,500,"sd","10:11:38",1422800
5500,-20,1200,"sd","10:11:38",1422300
5500,-20,2000,"sd","10:11:38",1421100
5500,-20,200,"sd","10:11:38",1419100
5500,-20,600,"sd","10:11:38",1418900
5500,-20,9400,"sd","10:11:38",1418300
5510,-10,900,"bu","10:11:32",1408900
5510,-10,100,"bu","10:10:52",1408000
5510,-10,900,"bu","10:10:21",1407900
5510,-10,100,"bu","10:10:21",1407000
5510,-10,1900,"sd","10:10:05",1406900
5520,0,300,"bu","10:10:04",1405000
5520,0,500,"bu","10:10:04",1404700
5520,0,200,"bu","10:10:04",1404200
5520,0,800,"bu","10:09:46",1404000
5520,0,2200,"bu","10:09:46",1403200
5510,-10,100,"bu","10:09:39",1401000
5500,-20,600,"bu","10:09:30",1400900
5500,-20,9400,"bu","10:09:21",1400300
5500,-20,800,"bu","10:09:21",1390900
5500,-20,6000,"bu","10:09:21",1390100
5500,-20,1000,"bu","10:09:21",1384100
5500,-20,5500,"bu","10:09:21",1383100
5500,-20,1500,"bu","10:09:21",1377600
5500,-20,1000,"bu","10:09:21",1376100
5500,-20,5000,"bu","10:09:21",1375100
5500,-20,400,"bu","10:09:21",1370100
5500,-20,1000,"bu","10:09:21",1369700
5500,-20,1000,"bu","10:09:21",1368700
5500,-20,1000,"bu","10:09:21",1367700
5500,-20,5000,"bu","10:09:21",1366700
5500,-20,8400,"bu","10:09:21",1361700
5490,-30,3000,"bu","10:09:21",1353300
5500,-20,30000,"bu","10:09:03",1350300
5500,-20,11600,"bu","10:08:54",1320300
5500,-20,8400,"bu","10:08:54",1308700
5480,-40,100,"sd","10:08:19",1300300
5490,-30,500,"sd","10:08:16",1300200
5490,-30,3000,"sd","10:07:57",1299700
5500,-20,500,"bu","10:07:46",1296700
5500,-20,500,"bu","10:07:21",1296200
5500,-20,2000,"bu","10:06:53",1295700
5490,-30,1000,"bu","10:06:47",1293700
5490,-30,500,"bu","10:06:47",1292700
5490,-30,500,"bu","10:06:47",1292200
5480,-40,100,"bu","10:06:30",1291700
5480,-40,200,"bu","10:06:22",1291600
5480,-40,900,"bu","10:06:13",1291400
5480,-40,1100,"bu","10:06:13",1290500
5480,-40,200,"bu","10:06:10",1289400
5480,-40,1000,"bu","10:05:47",1289200
5480,-40,500,"sd","10:05:26",1288200
5480,-40,500,"sd","10:05:26",1287700
5480,-40,1600,"sd","10:05:26",1287200
5480,-40,2500,"sd","10:05:26",1285600
5480,-40,100,"sd","10:05:26",1283100
5480,-40,100,"sd","10:05:26",1283000
5480,-40,2400,"sd","10:05:26",1282900
5490,-30,100,"bu","10:05:20",1280500
5490,-30,700,"sd","10:04:46",1280400
5490,-30,1200,"sd","10:04:46",1279700
5490,-30,500,"sd","10:04:41",1278500
5490,-30,100,"sd","10:04:29",1278000
5500,-20,1000,"bu","10:03:46",1277900
5500,-20,2000,"bu","10:03:42",1276900
5500,-20,3000,"bu","10:03:26",1274900
5500,-20,2000,"bu","10:03:20",1271900
5490,-30,200,"bu","10:03:14",1269900
5490,-30,5000,"bu","10:03:14",1269700
5490,-30,500,"bu","10:03:14",1264700
5490,-30,500,"bu","10:03:10",1264200
5480,-40,600,"bu","10:03:04",1263700
5480,-40,2000,"bu","10:03:00",1263100
5480,-40,1000,"bu","10:02:51",1261100
5480,-40,1000,"bu","10:02:30",1260100
5480,-40,1400,"bu","10:02:25",1259100
5480,-40,600,"bu","10:02:25",1257700
5480,-40,1000,"bu","10:02:21",1257100
5480,-40,100,"bu","10:02:20",1256100
5480,-40,2000,"bu","10:02:17",1256000
5480,-40,2000,"bu","10:01:25",1254000
5480,-40,5000,"bu","10:01:15",1252000
5470,-50,400,"bu","10:00:52",1247000
5470,-50,500,"bu","10:00:36",1246600
5470,-50,300,"bu","10:00:34",1246100
5470,-50,3000,"bu","10:00:33",1245800
5470,-50,800,"bu","10:00:28",1242800
5470,-50,2200,"bu","10:00:28",1242000
5470,-50,1400,"bu","10:00:28",1239800
5470,-50,200,"bu","10:00:26",1238400
5470,-50,200,"bu","10:00:16",1238200
5470,-50,5000,"bu","10:00:13",1238000
5470,-50,200,"bu","10:00:01",1233000
5470,-50,400,"bu","09:59:57",1232800
5470,-50,300,"bu","09:59:52",1232400
5470,-50,100,"bu","09:59:52",1232100
5470,-50,5000,"bu","09:59:51",1232000
5470,-50,100,"bu","09:59:49",1227000
5470,-50,100,"bu","09:59:45",1226900
5470,-50,8000,"bu","09:59:26",1226800
5470,-50,700,"bu","09:59:14",1218800
5470,-50,26100,"bu","09:59:07",1218100
5470,-50,200,"bu","09:59:07",1192000
5470,-50,100,"bu","09:59:07",1191800
5470,-50,3600,"bu","09:59:07",1191700
5460,-60,100,"sd","09:58:58",1188100
5470,-50,1200,"bu","09:58:26",1188000
5460,-60,100,"sd","09:58:18",1186800
5460,-60,100,"bu","09:58:16",1186700
5460,-60,1000,"bu","09:58:11",1186600
5460,-60,400,"bu","09:58:07",1185600
5460,-60,800,"bu","09:58:01",1185200
5460,-60,2700,"bu","09:57:47",1184400
5460,-60,7300,"bu","09:57:47",1181700
5450,-70,100,"sd","09:57:46",1174400
5460,-60,1800,"bu","09:57:43",1174300
5460,-60,3200,"bu","09:57:43",1172500
5460,-60,1800,"bu","09:57:33",1169300
5460,-60,3200,"bu","09:57:33",1167500
5450,-70,300,"sd","09:57:19",1164300
