"price","change","match_qtty","side","time","total_vol"
38200,-200,8300,"sd","14:45:00",322300
38450,50,100,"sd","14:16:33",314000
38500,100,200,"sd","13:58:37",313900
38500,100,300,"sd","13:58:37",313700
38500,100,100,"sd","13:58:23",313400
38500,100,1100,"sd","13:58:23",313300
38500,100,800,"sd","13:58:23",312200
38500,100,700,"sd","13:32:15",311400
38500,100,100,"sd","13:32:15",310700
38500,100,900,"sd","13:32:15",310600
38500,100,300,"sd","13:32:15",309700
38500,100,800,"sd","13:32:10",309400
38500,100,600,"sd","13:32:10",308600
38500,100,900,"sd","13:32:10",308000
38500,100,700,"sd","13:32:10",307100
38500,100,300,"bu","13:32:07",306400
38500,100,900,"sd","13:32:06",306100
38500,100,500,"sd","13:32:06",305200
38500,100,1000,"sd","13:32:06",304700
38500,100,300,"sd","13:32:06",303700
38500,100,700,"sd","13:32:01",303400
38500,100,500,"sd","13:32:01",302700
38500,100,400,"sd","13:32:01",302200
38500,100,1500,"sd","13:32:01",301800
38500,100,100,"sd","13:32:01",300300
38500,100,900,"sd","13:31:55",300200
38500,100,700,"sd","13:31:55",299300
38500,100,200,"sd","13:31:55",298600
38500,100,600,"sd","13:31:55",298400
38500,100,500,"sd","13:31:50",297800
38500,100,800,"sd","13:31:50",297300
38500,100,700,"sd","13:31:50",296500
38500,100,700,"sd","13:31:50",295800
38500,100,300,"sd","13:31:43",295100
38500,100,900,"sd","13:31:43",294800
38500,100,500,"sd","13:31:43",293900
38500,100,600,"sd","13:31:43",293400
38500,100,700,"sd","13:31:43",292800
38500,100,300,"sd","13:31:39",292100
38500,100,900,"sd","13:31:39",291800
38500,100,200,"sd","13:31:39",290900
38500,100,900,"sd","13:31:39",290700
38500,100,700,"sd","13:31:39",289800
38500,100,800,"sd","13:31:34",289100
38500,100,500,"sd","13:31:34",288300
38500,100,700,"sd","13:31:34",287800
38500,100,200,"sd","13:31:28",287100
38500,100,1100,"sd","13:31:28",286900
38500,100,500,"sd","13:31:28",285800
38500,100,200,"sd","13:31:28",285300
38500,100,700,"sd","13:31:18",285100
38500,100,1000,"sd","13:31:18",284400
38500,100,100,"sd","13:31:18",283400
38500,100,500,"sd","13:31:18",283300
38500,100,800,"sd","13:31:18",282800
38500,100,300,"sd","13:31:18",282000
38500,100,1300,"sd","13:31:18",281700
38500,100,200,"sd","13:31:13",280400
38500,100,500,"sd","13:31:13",280200
38500,100,1000,"sd","13:31:13",279700
38500,100,500,"sd","13:31:13",278700
38500,100,500,"sd","13:31:13",278200
38500,100,300,"sd","13:31:13",277700
38500,100,700,"sd","13:31:13",277400
38500,100,500,"sd","13:31:13",276700
38500,100,200,"sd","13:31:13",276200
38500,100,800,"sd","13:31:03",276000
38500,100,900,"sd","13:31:03",275200
38500,100,300,"sd","13:31:03",274300
38500,100,1200,"sd","13:30:57",274000
38500,100,200,"sd","13:30:57",272800
38500,100,300,"sd","13:30:57",272600
38500,100,1000,"sd","13:30:57",272300
38500,100,300,"sd","13:30:57",271300
38500,100,800,"sd","13:30:51",271000
38500,100,900,"sd","13:30:51",270200
38500,100,600,"sd","13:30:51",269300
38500,100,500,"sd","13:30:51",268700
38500,100,200,"sd","13:30:51",268200
38500,100,800,"sd","13:30:43",268000
38500,100,800,"sd","13:30:43",267200
38500,100,300,"sd","13:30:43",266400
38500,100,500,"sd","13:30:43",266100
38500,100,1000,"sd","13:30:43",265600
38500,100,200,"sd","13:30:43",264600
38500,100,700,"sd","13:30:32",264400
38500,100,1000,"sd","13:30:32",263700
38500,100,100,"sd","13:30:32",262700
38500,100,500,"sd","13:30:32",262600
38500,100,700,"sd","13:30:32",262100
38500,100,400,"sd","13:30:32",261400
38500,100,500,"sd","13:30:32",261000
38500,100,500,"sd","13:30:32",260500
38500,100,1000,"sd","13:30:26",260000
38500,100,300,"sd","13:30:26",259000
38500,100,200,"sd","13:30:26",258700
38500,100,1100,"sd","13:30:26",258500
38500,100,100,"sd","13:30:26",257400
38500,100,1400,"sd","13:30:26",257300
38500,100,200,"sd","13:30:26",255900
38500,100,300,"sd","13:25:13",255700
38500,100,900,"sd","13:25:13",255400
38500,100,100,"sd","13:25:13",254500
38500,100,1300,"sd","13:25:00",254400
38500,100,100,"sd","13:25:00",253100
38500,100,500,"sd","13:25:00",253000
38500,100,200,"sd","13:25:00",252500
38500,100,1200,"sd","13:25:00",252300
38500,100,100,"sd","13:24:50",251100
38500,100,500,"sd","13:24:50",251000
38500,100,900,"sd","13:24:50",250500
38500,100,200,"sd","13:24:50",249600
38500,100,1300,"sd","13:24:50",249400
38500,100,100,"sd","13:24:50",248100
38500,100,400,"sd","13:24:41",248000
38500,100,1100,"sd","13:24:41",247600
38500,100,200,"sd","13:24:41",246500
38500,100,300,"sd","13:24:41",246300
38500,100,1100,"sd","13:24:41",246000
38500,100,400,"sd","13:24:41",244900
38500,100,400,"sd","13:24:41",244500
38500,100,600,"sd","13:24:41",244100
38500,100,600,"sd","13:24:41",243500
38500,100,900,"sd","13:24:28",242900
38500,100,500,"sd","13:24:28",242000
38500,100,1100,"sd","13:24:28",241500
38500,100,500,"sd","13:24:28",240400
38500,100,1000,"sd","13:24:19",239900
38500,100,200,"sd","13:24:19",238900
38500,100,700,"sd","13:24:19",238700
38500,100,1100,"sd","13:24:19",238000
38450,50,2000,"sd","11:12:42",236900
38450,50,300,"sd","11:12:09",234900
38450,50,400,"sd","11:12:09",234600
38450,50,1200,"sd","11:12:09",234200
38450,50,900,"sd","11:11:57",233000
38450,50,400,"sd","11:11:57",232100
38450,50,700,"sd","11:11:57",231700
38450,50,700,"sd","11:11:51",231000
38450,50,1200,"sd","11:11:50",230300
38450,50,500,"sd","11:11:46",229100
38450,50,800,"sd","11:11:46",228600
38450,50,1000,"sd","11:11:42",227800
38450,50,700,"sd","11:11:38",226800
38450,50,100,"sd","11:11:38",226100
38450,50,1200,"sd","11:11:33",226000
38450,50,700,"sd","11:11:29",224800
38450,50,500,"sd","11:11:23",224100
38450,50,800,"sd","11:11:23",223600
38450,50,1000,"sd","11:11:13",222800
38450,50,400,"sd","11:11:08",221800
38450,50,800,"sd","11:11:08",221400
38450,50,700,"sd","11:10:57",220600
38450,50,100,"sd","11:10:54",219900
38450,50,1100,"sd","11:10:54",219800
38450,50,800,"sd","11:10:50",218700
38450,50,500,"sd","11:10:50",217900
38450,50,1000,"sd","11:10:46",217400
38450,50,800,"sd","11:10:41",216400
38450,50,200,"sd","11:10:38",215600
38450,50,1000,"sd","11:10:38",215400
38450,50,1100,"sd","11:10:29",214400
38450,50,100,"sd","11:10:29",213300
38450,50,800,"sd","11:10:29",213200
38450,50,1100,"sd","11:10:21",212400
38450,50,200,"sd","11:10:21",211300
38450,50,700,"sd","11:10:21",211100
38450,50,700,"sd","11:10:09",210400
38450,50,300,"sd","11:10:09",209700
38450,50,500,"sd","11:10:09",209400
38450,50,1200,"sd","11:10:02",208900
38450,50,300,"sd","11:10:02",207700
38450,50,700,"sd","11:10:02",207400
38450,50,700,"sd","11:09:52",206700
38450,50,400,"sd","11:09:52",206000
38450,50,400,"sd","11:09:52",205600
38450,50,1300,"sd","11:09:40",205200
38450,50,300,"sd","11:09:40",203900
38450,50,900,"sd","11:09:40",203600
38450,50,700,"sd","11:09:30",202700
38450,50,800,"sd","11:09:30",202000
38450,50,1200,"sd","11:08:46",201200
38450,50,800,"sd","11:08:46",200000
38450,50,500,"sd","11:08:43",199200
38450,50,200,"sd","11:08:43",198700
38450,50,1200,"sd","11:08:43",198500
38450,50,200,"sd","11:08:38",197300
38450,50,1100,"sd","11:08:38",197100
38450,50,700,"sd","11:08:38",196000
38450,50,200,"sd","11:08:19",195300
38450,50,500,"sd","11:08:19",195100
38450,50,1200,"sd","11:08:19",194600
38450,50,400,"sd","11:08:04",193400
38450,50,800,"sd","11:08:04",193000
38450,50,800,"sd","11:08:04",192200
38450,50,1000,"sd","11:07:55",191400
38450,50,800,"sd","11:07:51",190400
38450,50,400,"sd","11:07:49",189600
38450,50,300,"sd","11:07:49",189200
38450,50,700,"sd","11:07:16",188900
38450,50,1300,"sd","11:07:08",188200
38450,50,500,"sd","11:07:08",186900
38450,50,500,"sd","11:07:08",186400
38450,50,700,"sd","11:06:59",185900
38450,50,800,"sd","11:06:59",185200
38450,50,500,"sd","11:06:51",184400
38450,50,200,"sd","11:06:51",183900
38450,50,1200,"sd","11:06:51",183700
38450,50,800,"sd","11:06:46",182500
38450,50,800,"sd","11:06:46",181700
38450,50,200,"sd","11:06:46",180900
38450,50,700,"sd","11:06:38",180700
38450,50,1200,"sd","11:06:38",180000
38450,50,800,"sd","11:06:29",178800
38450,50,1300,"sd","11:06:25",178000
38450,50,400,"sd","11:06:20",176700
38450,50,300,"sd","11:06:20",176300
38450,50,200,"sd","11:06:16",176000
38450,50,600,"sd","11:06:16",175800
38450,50,800,"sd","11:05:33",175200
38450,50,600,"sd","11:05:30",174400
38450,50,100,"sd","11:05:30",173800
38450,50,1300,"sd","11:05:23",173700
38450,50,400,"sd","11:05:18",172400
38450,50,300,"sd","11:05:18",172000
38450,50,800,"sd","11:05:11",171700
38450,50,1000,"sd","11:05:08",170900
38450,50,1300,"sd","11:04:57",169900
38450,50,700,"sd","11:04:57",168600
38450,50,300,"sd","11:04:57",167900
38450,50,900,"sd","11:04:57",167600
38450,50,300,"sd","11:04:47",166700
38450,50,900,"sd","11:04:47",166400
38450,50,800,"sd","11:04:41",165500
38450,50,400,"sd","11:04:26",164700
38450,50,800,"sd","11:04:26",164300
38450,50,800,"sd","11:04:26",163500
38450,50,700,"sd","11:04:23",162700
38450,50,200,"sd","11:04:12",162000
38450,50,1100,"sd","11:04:12",161800
38450,50,700,"sd","11:04:12",160700
38450,50,700,"sd","11:03:30",160000
38500,100,2000,"sd","10:59:12",159300
38500,100,600,"sd","10:59:12",157300
38500,100,800,"sd","10:59:03",156700
38500,100,1400,"sd","10:59:03",155900
38500,100,1300,"sd","10:59:03",154500
38500,100,100,"sd","10:58:52",153200
38500,100,1400,"sd","10:58:52",153100
38500,100,300,"sd","10:58:52",151700
38500,100,1100,"sd","10:58:36",151400
38500,100,900,"sd","10:58:36",150300
38500,100,500,"sd","10:58:25",149400
38500,100,1400,"sd","10:58:25",148900
38500,100,1400,"sd","10:58:25",147500
38500,100,200,"sd","10:58:25",146100
38500,100,1200,"sd","10:58:15",145900
38500,100,300,"sd","10:58:15",144700
38500,100,1100,"sd","10:51:08",144400
38500,100,300,"sd","10:51:08",143300
38500,100,1100,"sd","10:34:41",143000
38500,100,1400,"sd","10:34:41",141900
38500,100,1400,"sd","10:34:27",140500
38500,100,600,"sd","10:34:27",139100
38500,100,800,"sd","10:34:17",138500
38500,100,1400,"sd","10:34:17",137700
38500,100,300,"sd","10:34:17",136300
38500,100,1100,"sd","10:34:08",136000
38500,100,500,"sd","10:34:08",134900
38500,100,900,"sd","10:33:58",134400
38500,100,1400,"sd","10:33:58",133500
38500,100,200,"sd","10:33:58",132100
38500,100,1000,"sd","10:33:37",131900
38500,100,200,"sd","10:33:29",130900
38500,100,1400,"sd","10:33:29",130700
38500,100,1400,"sd","10:33:18",129300
38500,100,1400,"sd","10:33:18",127900
38500,100,100,"sd","10:33:18",126500
38500,100,1300,"sd","10:33:05",126400
38500,100,700,"sd","10:33:05",125100
38500,100,700,"sd","10:32:52",124400
38500,100,1400,"sd","10:32:52",123700
38500,100,400,"sd","10:32:52",122300
38500,100,1000,"sd","10:32:44",121900
38500,100,100,"sd","10:32:44",120900
38500,100,1300,"sd","10:32:34",120800
38500,100,600,"sd","10:32:34",119500
38500,100,800,"sd","10:32:26",118900
38500,100,800,"sd","10:32:26",118100
38500,100,600,"sd","10:32:15",117300
38500,100,1400,"sd","10:32:15",116700
38500,100,100,"sd","10:32:15",115300
38500,100,1200,"sd","10:32:07",115200
38500,100,600,"sd","10:32:07",114000
38500,100,700,"sd","10:31:57",113400
38500,100,900,"sd","10:31:57",112700
38500,100,400,"sd","10:31:43",111800
38500,100,1300,"sd","10:31:43",111400
38500,100,400,"sd","10:31:43",110100
38500,100,900,"sd","10:31:17",109700
38500,100,1300,"sd","10:31:17",108800
38500,100,300,"sd","10:31:17",107500
38500,100,1000,"sd","10:31:03",107200
38500,100,900,"sd","10:31:03",106200
38500,100,400,"sd","10:30:47",105300
38500,100,1200,"sd","10:30:47",104900
38500,100,100,"sd","10:30:34",103700
38500,100,1300,"sd","10:30:34",103600
38500,100,1300,"sd","10:30:23",102300
38500,100,300,"sd","10:30:23",101000
38500,100,1000,"sd","10:30:14",100700
38500,100,1300,"sd","10:30:14",99700
38500,100,200,"sd","10:30:14",98400
38500,100,1100,"sd","10:30:07",98200
38500,100,1100,"sd","10:30:07",97100
38500,100,200,"sd","10:29:56",96000
38500,100,1200,"sd","10:29:56",95800
38500,100,100,"sd","10:29:46",94600
38500,100,1300,"sd","10:29:46",94500
38500,100,400,"sd","10:29:46",93200
38500,100,900,"sd","10:29:38",92800
38500,100,1200,"sd","10:29:38",91900
38500,100,100,"sd","10:29:29",90700
38500,100,1200,"sd","10:29:29",90600
38500,100,100,"sd","10:29:21",89400
38500,100,1300,"sd","10:29:21",89300
38500,100,200,"sd","10:29:21",88000
38500,100,1100,"sd","10:27:29",87800
38500,100,500,"sd","10:27:29",86700
38500,100,1000,"sd","10:27:11",86200
38500,100,1400,"sd","10:27:11",85200
38500,100,100,"sd","10:27:11",83800
38500,100,1000,"sd","10:27:02",83700
38500,100,800,"sd","10:26:52",82700
38500,100,400,"sd","10:26:52",81900
38500,100,1500,"bu","10:26:36",81500
38450,50,1200,"sd","09:23:49",80000
38450,50,800,"sd","09:23:40",78800
38450,50,1300,"sd","09:23:27",78000
38450,50,700,"sd","09:23:27",76700
38450,50,1400,"sd","09:23:18",76000
38450,50,300,"sd","09:23:18",74600
38450,50,1300,"sd","09:23:10",74300
38450,50,1200,"sd","09:23:01",73000
38450,50,500,"sd","09:22:28",71800
38500,100,1000,"sd","09:22:28",71300
38450,50,1600,"sd","09:22:19",70300
38450,50,1400,"sd","09:22:11",68700
38450,50,700,"sd","09:22:11",67300
38450,50,1300,"sd","09:22:01",66600
38450,50,100,"sd","09:21:53",65300
38450,50,1300,"sd","09:21:53",65200
38450,50,300,"sd","09:21:45",63900
38450,50,900,"sd","09:21:45",63600
38450,50,500,"sd","09:21:39",62700
38450,50,1300,"sd","09:21:32",62200
38450,50,500,"sd","09:21:32",60900
38450,50,1100,"sd","09:21:25",60400
38450,50,200,"sd","09:21:25",59300
38450,50,1400,"sd","09:21:18",59100
38450,50,1400,"sd","09:21:07",57700
38450,50,600,"sd","09:21:07",56300
38450,50,900,"sd","09:21:00",55700
38450,50,900,"sd","09:21:00",54800
38450,50,300,"sd","09:20:55",53900
38450,50,1000,"sd","09:20:55",53600
38450,50,100,"sd","09:20:47",52600
38450,50,1700,"sd","09:20:47",52500
38450,50,600,"sd","09:20:40",50800
38450,50,800,"sd","09:20:40",50200
38450,50,600,"sd","09:20:33",49400
38450,50,1300,"sd","09:20:33",48800
38450,50,800,"sd","09:20:25",47500
38450,50,1700,"sd","09:20:25",46700
38450,50,700,"sd","09:20:18",45000
38450,50,1300,"sd","09:20:18",44300
38450,50,800,"sd","09:20:11",43000
38450,50,900,"sd","09:20:11",42200
38450,50,1500,"sd","09:20:05",41300
38450,50,600,"sd","09:20:05",39800
38450,50,1800,"sd","09:19:58",39200
38450,50,1700,"sd","09:19:48",37400
38450,50,900,"sd","09:19:42",35700
38450,50,500,"sd","09:19:42",34800
38450,50,1100,"sd","09:19:35",34300
38450,50,600,"sd","09:19:35",33200
38450,50,900,"sd","09:19:27",32600
38450,50,700,"sd","09:19:27",31700
38450,50,1000,"sd","09:19:21",31000
38450,50,100,"sd","09:19:21",30000
38450,50,1400,"sd","09:19:10",29900
38450,50,1000,"sd","09:19:03",28500
38450,50,100,"sd","09:19:03",27500
38450,50,100,"sd","09:19:03",27400
38450,50,1400,"sd","09:18:56",27300
38450,50,700,"sd","09:18:49",25900
38450,50,800,"sd","09:18:49",25200
38450,50,500,"sd","09:18:41",24400
38450,50,900,"sd","09:18:41",23900
38450,50,500,"sd","09:18:33",23000
38450,50,1100,"sd","09:18:33",22500
38450,50,200,"sd","09:18:26",21400
38450,50,1300,"sd","09:18:26",21200
38450,50,1200,"sd","09:18:18",19900
38450,50,100,"sd","09:18:18",18700
38450,50,1400,"sd","09:18:11",18600
38450,50,600,"sd","09:18:04",17200
38450,50,600,"sd","09:18:04",16600
38450,50,1000,"sd","09:17:55",16000
38300,-100,100,"sd","09:17:16",15000
38400,0,1300,"sd","09:17:16",14900
38400,0,2400,"sd","09:17:16",13600
38450,50,1000,"sd","09:16:08",11200
38450,50,4000,"sd","09:16:00",10200
38450,50,3000,"sd","09:15:53",6200
38450,50,1600,"sd","09:15:45",3200
38450,50,1500,"sd","09:15:41",1600
38400,0,100,"sd","09:15:00",100
