"price","change","match_qtty","side","time","total_vol"
11500,100,64800,"bu","14:44:59",813100
11500,100,1500,"bu","14:29:41",748300
11450,50,400,"sd","14:29:20",746800
11450,50,600,"sd","14:29:20",746400
11450,50,400,"sd","14:29:02",745800
11450,50,100,"sd","14:29:02",745400
11450,50,200,"sd","14:29:02",745300
11500,100,1200,"bu","14:28:44",745100
11500,100,100,"bu","14:28:44",743900
11500,100,700,"bu","14:28:44",743800
11450,50,200,"sd","14:28:31",743100
11500,100,500,"bu","14:28:25",742900
11500,100,500,"bu","14:27:54",742400
11500,100,100,"bu","14:27:17",741900
11500,100,100,"bu","14:27:17",741800
11450,50,1000,"bu","14:26:57",741700
11450,50,1000,"bu","14:26:57",740700
11450,50,100,"bu","14:26:57",739700
11450,50,300,"bu","14:26:57",739600
11450,50,100,"bu","14:26:57",739300
11450,50,2100,"bu","14:26:57",739200
11450,50,500,"bu","14:26:56",737100
11450,50,800,"bu","14:26:51",736600
11450,50,300,"bu","14:26:51",735800
11450,50,1000,"bu","14:25:54",735500
11450,50,100,"bu","14:25:44",734500
11400,0,400,"sd","14:23:57",734400
11400,0,100,"sd","14:23:57",734000
11400,0,100,"sd","14:23:57",733900
11400,0,500,"sd","14:23:57",733800
11400,0,1000,"sd","14:23:57",733300
11400,0,900,"sd","14:23:57",732300
11400,0,100,"sd","14:23:51",731400
11400,0,900,"sd","14:22:35",731300
11400,0,1500,"sd","14:22:35",730400
11400,0,600,"sd","14:22:35",728900
11400,0,100,"sd","14:22:32",728300
11450,50,100,"bu","14:20:47",728200
11400,0,900,"sd","14:20:41",728100
11400,0,100,"sd","14:20:27",727200
11450,50,300,"bu","14:20:08",727100
11450,50,3200,"bu","14:19:37",726800
11400,0,2000,"bu","14:19:37",723600
11400,0,100,"bu","14:19:37",721600
11400,0,800,"bu","14:19:37",721500
11400,0,1900,"bu","14:19:37",720700
11400,0,2000,"bu","14:19:37",718800
11400,0,100,"bu","14:19:03",716800
11400,0,400,"bu","14:18:42",716700
11400,0,500,"bu","14:18:40",716300
11400,0,200,"bu","14:18:28",715800
11400,0,100,"bu","14:17:43",715600
11400,0,600,"sd","14:16:57",715500
11400,0,400,"sd","14:16:57",714900
11400,0,2600,"sd","14:16:42",714500
11400,0,2000,"sd","14:16:33",711900
11400,0,1700,"sd","14:16:20",709900
11400,0,700,"sd","14:16:09",708200
11400,0,1100,"bu","14:15:58",707500
11400,0,500,"bu","14:15:58",706400
11350,-50,1000,"bu","14:15:58",705900
11300,-100,400,"sd","14:15:05",704900
11300,-100,400,"sd","14:15:05",704500
11350,-50,1000,"sd","14:15:05",704100
11350,-50,200,"sd","14:15:05",703100
11300,-100,1600,"sd","14:14:25",702900
11300,-100,1000,"sd","14:14:25",701300
11300,-100,1000,"sd","14:14:25",700300
11300,-100,200,"sd","14:14:25",699300
11300,-100,3000,"sd","14:14:25",699100
11300,-100,300,"sd","14:14:25",696100
11300,-100,1000,"sd","14:14:25",695800
11300,-100,1000,"sd","14:14:25",694800
11300,-100,600,"sd","14:14:25",693800
11300,-100,500,"sd","14:14:25",693200
11300,-100,500,"sd","14:14:25",692700
11300,-100,100,"sd","14:14:25",692200
11300,-100,3100,"sd","14:14:25",692100
11300,-100,500,"sd","14:14:25",689000
11300,-100,3000,"sd","14:14:25",688500
11300,-100,10000,"sd","14:14:25",685500
11300,-100,1000,"sd","14:14:25",675500
11300,-100,1000,"sd","14:14:25",674500
11300,-100,2200,"sd","14:14:25",673500
11350,-50,500,"sd","14:14:25",671300
11350,-50,11900,"sd","14:14:25",670800
11350,-50,700,"sd","14:14:19",658900
11350,-50,100,"sd","14:14:11",658200
11350,-50,2500,"sd","14:14:10",658100
11350,-50,100,"sd","14:14:05",655600
11350,-50,4700,"sd","14:14:05",655500
11350,-50,200,"sd","14:14:05",650800
11350,-50,200,"sd","14:14:05",650600
11350,-50,4800,"sd","14:14:05",650400
11350,-50,800,"sd","14:14:01",645600
11350,-50,1000,"sd","14:13:51",644800
11350,-50,500,"sd","14:13:37",643800
11400,0,2000,"sd","14:13:11",643300
11400,0,400,"sd","14:13:11",641300
11400,0,800,"sd","14:12:49",640900
11400,0,100,"sd","14:12:49",640100
11400,0,100,"sd","14:12:49",640000
11400,0,100,"sd","14:12:28",639900
11400,0,1000,"sd","14:12:28",639800
11400,0,900,"sd","14:12:28",638800
11400,0,100,"sd","14:12:04",637900
11450,50,300,"bu","14:10:11",637800
11450,50,200,"bu","14:10:11",637500
11450,50,100,"bu","14:08:38",637300
11450,50,300,"bu","14:08:38",637200
11400,0,300,"sd","14:08:18",636900
11400,0,1000,"sd","14:08:18",636600
11400,0,500,"sd","14:08:18",635600
11400,0,1200,"sd","14:08:18",635100
11400,0,3300,"bu","14:06:54",633900
11400,0,500,"bu","14:06:54",630600
11400,0,700,"bu","14:06:49",630100
11400,0,300,"bu","14:06:49",629400
11400,0,200,"bu","14:06:49",629100
11400,0,500,"bu","14:06:44",628900
11350,-50,1100,"sd","14:06:39",628400
11350,-50,300,"sd","14:06:16",627300
11350,-50,900,"bu","14:06:11",627000
11350,-50,600,"bu","14:06:11",626100
11350,-50,1000,"bu","14:06:07",625500
11350,-50,500,"bu","14:06:06",624500
11300,-100,300,"sd","14:05:47",624000
11300,-100,2500,"bu","14:05:13",623700
11300,-100,5000,"bu","14:05:11",621200
11300,-100,1600,"bu","14:05:08",616200
11300,-100,300,"bu","14:05:03",614600
11250,-150,800,"sd","14:04:37",614300
11250,-150,500,"sd","14:04:23",613500
11250,-150,500,"sd","14:04:15",613000
11250,-150,100,"sd","14:04:15",612500
11250,-150,400,"sd","14:04:15",612400
11250,-150,100,"sd","14:04:05",612000
11250,-150,1000,"sd","14:04:05",611900
11300,-100,600,"sd","14:03:57",610900
11300,-100,500,"sd","14:03:57",610300
11300,-100,1000,"sd","14:03:57",609800
11300,-100,500,"sd","14:03:57",608800
11300,-100,500,"sd","14:03:57",608300
11300,-100,100,"sd","14:03:57",607800
11300,-100,100,"sd","14:03:57",607700
11300,-100,100,"sd","14:03:57",607600
11300,-100,5000,"sd","14:03:57",607500
11300,-100,500,"sd","14:03:57",602500
11300,-100,5800,"sd","14:03:57",602000
11300,-100,600,"sd","14:03:57",596200
11300,-100,500,"sd","14:03:57",595600
11300,-100,500,"sd","14:03:57",595100
11300,-100,100,"sd","14:03:57",594600
11300,-100,500,"sd","14:03:57",594500
11300,-100,1000,"sd","14:03:57",594000
11300,-100,1000,"sd","14:03:57",593000
11300,-100,400,"sd","14:03:57",592000
11350,-50,1500,"sd","14:03:57",591600
11350,-50,500,"sd","14:03:57",590100
11350,-50,1000,"sd","14:03:57",589600
11350,-50,1000,"sd","14:03:57",588600
11350,-50,100,"sd","14:03:57",587600
11350,-50,200,"sd","14:03:57",587500
11350,-50,200,"sd","14:03:57",587300
11350,-50,700,"sd","14:03:57",587100
11350,-50,1000,"sd","14:03:57",586400
11350,-50,5000,"sd","14:03:57",585400
11350,-50,100,"sd","14:03:57",580400
11350,-50,500,"sd","14:03:22",580300
11350,-50,1000,"sd","14:03:22",579800
11350,-50,500,"sd","14:03:22",578800
11350,-50,1000,"sd","14:03:22",578300
11400,0,100,"sd","14:03:05",577300
11400,0,100,"sd","14:03:05",577200
11400,0,300,"sd","14:03:05",577100
11400,0,1200,"sd","14:03:05",576800
11400,0,300,"sd","14:03:03",575600
11400,0,400,"sd","14:03:03",575300
11400,0,100,"sd","14:03:03",574900
11400,0,1000,"sd","14:03:03",574800
11400,0,100,"sd","14:03:03",573800
11400,0,100,"sd","14:03:03",573700
11400,0,100,"sd","14:03:03",573600
11400,0,200,"sd","14:03:03",573500
11400,0,2700,"sd","14:03:03",573300
11400,0,1300,"sd","14:03:00",570600
11400,0,100,"sd","14:03:00",569300
11400,0,500,"sd","14:03:00",569200
11400,0,500,"sd","14:03:00",568700
11400,0,1000,"sd","14:03:00",568200
11400,0,100,"sd","14:03:00",567200
11400,0,1000,"sd","14:03:00",567100
11400,0,700,"sd","14:03:00",566100
11400,0,1300,"sd","14:02:48",565400
11400,0,1600,"sd","14:02:48",564100
11400,0,100,"sd","14:02:48",562500
11400,0,2000,"sd","14:02:24",562400
11400,0,500,"sd","14:02:24",560400
11400,0,500,"sd","14:02:24",559900
11400,0,1000,"sd","14:02:18",559400
11450,50,100,"sd","14:01:50",558400
11450,50,600,"sd","14:01:44",558300
11450,50,100,"bu","14:00:48",557700
11450,50,200,"bu","14:00:48",557600
11450,50,800,"bu","14:00:29",557400
11450,50,200,"bu","14:00:29",556600
11450,50,100,"bu","14:00:11",556400
11400,0,400,"sd","14:00:03",556300
11450,50,100,"bu","13:59:22",555900
11450,50,100,"bu","13:58:54",555800
11450,50,100,"bu","13:58:30",555700
11450,50,900,"bu","13:58:30",555600
11450,50,300,"bu","13:58:27",554700
11450,50,700,"bu","13:58:27",554400
11450,50,1300,"sd","13:57:33",553700
11450,50,3700,"bu","13:57:15",552400
11450,50,800,"bu","13:56:55",548700
11450,50,500,"bu","13:56:53",547900
11400,0,3600,"sd","13:56:23",547400
11400,0,600,"sd","13:56:23",543800
11400,0,100,"sd","13:56:23",543200
11400,0,100,"sd","13:56:23",543100
11400,0,600,"sd","13:56:23",543000
11400,0,500,"sd","13:55:51",542400
11400,0,400,"sd","13:55:41",541900
11400,0,400,"sd","13:52:55",541500
11450,50,300,"sd","13:52:55",541100
11450,50,100,"sd","13:52:55",540800
11450,50,100,"sd","13:52:55",540700
11450,50,100,"sd","13:52:55",540600
11500,100,1700,"bu","13:52:40",540500
11450,50,300,"sd","13:52:26",538800
11450,50,100,"sd","13:51:50",538500
11450,50,300,"sd","13:51:50",538400
11450,50,100,"sd","13:51:50",538100
11450,50,500,"sd","13:51:50",538000
11450,50,100,"sd","13:51:50",537500
11450,50,200,"sd","13:51:50",537400
11450,50,100,"sd","13:51:50",537200
11450,50,1000,"sd","13:51:50",537100
11450,50,600,"sd","13:51:50",536100
11450,50,400,"sd","13:51:19",535500
11450,50,600,"sd","13:51:19",535100
11450,50,400,"sd","13:51:12",534500
11450,50,1000,"sd","13:51:12",534100
11450,50,7600,"sd","13:51:12",533100
11450,50,2400,"sd","13:51:06",525500
11450,50,100,"sd","13:51:06",523100
11450,50,5000,"sd","13:51:06",523000
11450,50,200,"sd","13:51:06",518000
11450,50,100,"sd","13:50:57",517800
11450,50,600,"sd","13:50:57",517700
11450,50,1400,"sd","13:50:49",517100
11450,50,1000,"sd","13:50:49",515700
11450,50,2600,"sd","13:50:49",514700
11450,50,700,"sd","13:49:35",512100
11450,50,1600,"sd","13:48:47",511400
11450,50,100,"sd","13:47:50",509800
11450,50,400,"sd","13:47:50",509700
11500,100,300,"bu","13:46:21",509300
11500,100,400,"bu","13:46:13",509000
11500,100,100,"bu","13:44:26",508600
11500,100,200,"bu","13:43:43",508500
11500,100,300,"bu","13:43:43",508300
11500,100,500,"bu","13:43:43",508000
11450,50,6000,"sd","13:43:35",507500
11450,50,500,"sd","13:43:23",501500
11500,100,500,"bu","13:41:03",501000
11450,50,500,"sd","13:37:40",500500
11500,100,10000,"bu","13:36:33",500000
11500,100,10000,"sd","13:36:28",490000
11500,100,100,"sd","13:36:28",480000
11500,100,1600,"sd","13:36:28",479900
11550,150,100,"bu","13:36:21",478300
11500,100,1700,"sd","13:35:07",478200
11500,100,300,"sd","13:34:54",476500
11500,100,1500,"sd","13:34:25",476200
11500,100,1000,"sd","13:33:04",474700
11500,100,1000,"sd","13:32:13",473700
11500,100,1000,"sd","13:31:09",472700
11500,100,1900,"sd","13:30:54",471700
11500,100,800,"sd","13:30:54",469800
11500,100,200,"sd","13:30:50",469000
11500,100,1000,"sd","13:30:20",468800
11500,100,800,"sd","13:30:14",467800
11500,100,3000,"sd","13:29:17",467000
11500,100,500,"sd","13:28:39",464000
11500,100,3000,"sd","13:28:36",463500
11500,100,100,"sd","13:28:11",460500
11500,100,600,"sd","13:28:09",460400
11500,100,400,"sd","13:28:09",459800
11500,100,1000,"sd","13:27:54",459400
11500,100,100,"sd","13:27:42",458400
11500,100,1000,"sd","13:27:15",458300
11500,100,500,"sd","13:27:00",457300
11500,100,2000,"sd","13:26:51",456800
11450,50,1000,"sd","13:26:38",454800
11450,50,1600,"sd","13:26:26",453800
11450,50,100,"sd","13:26:26",452200
11450,50,200,"sd","13:26:26",452100
11500,100,100,"sd","13:26:26",451900
11450,50,800,"sd","13:25:58",451800
11450,50,900,"sd","13:25:58",451000
11450,50,100,"sd","13:25:25",450100
11450,50,900,"sd","13:25:25",450000
11450,50,1000,"sd","13:24:50",449100
11450,50,500,"sd","13:24:16",448100
11600,200,100,"bu","13:21:31",447600
11550,150,100,"bu","13:21:31",447500
11550,150,400,"bu","13:21:31",447400
11550,150,100,"bu","13:21:31",447000
11550,150,1300,"bu","13:21:31",446900
11550,150,1500,"bu","13:21:29",445600
11500,100,100,"bu","13:21:29",444100
11500,100,100,"bu","13:21:29",444000
11500,100,300,"bu","13:21:29",443900
11500,100,200,"bu","13:21:05",443600
11500,100,500,"bu","13:20:52",443400
11500,100,100,"bu","13:20:18",442900
11500,100,400,"sd","13:19:57",442800
11500,100,100,"sd","13:19:42",442400
11500,100,900,"sd","13:19:42",442300
11500,100,100,"sd","13:19:04",441400
11500,100,400,"sd","13:19:04",441300
11500,100,1000,"sd","13:18:38",440900
11500,100,1000,"sd","13:17:59",439900
11550,150,200,"bu","13:17:53",438900
11600,200,100,"bu","13:16:53",438700
11550,150,500,"bu","13:16:53",438600
11500,100,5000,"bu","13:16:29",438100
11500,100,500,"bu","13:16:29",433100
11500,100,200,"bu","13:16:29",432600
11500,100,1900,"bu","13:16:29",432400
11450,50,100,"sd","13:16:05",430500
11450,50,2000,"sd","13:15:55",430400
11500,100,800,"bu","13:15:24",428400
11450,50,1000,"sd","13:15:23",427600
11450,50,4000,"sd","13:15:23",426600
11450,50,5000,"bu","13:14:32",422600
11450,50,500,"sd","13:13:58",417600
11450,50,100,"sd","13:13:58",417100
11450,50,600,"sd","13:13:58",417000
11450,50,3300,"sd","13:13:58",416400
11450,50,1000,"sd","13:13:18",413100
11450,50,700,"sd","13:12:25",412100
11450,50,300,"sd","13:12:25",411400
11450,50,200,"bu","13:12:05",411100
11450,50,7500,"bu","13:12:05",410900
11400,0,2000,"sd","13:11:51",403400
11400,0,200,"sd","13:11:35",401400
11400,0,1100,"sd","13:11:35",401200
11400,0,500,"sd","13:11:35",400100
11400,0,500,"sd","13:11:35",399600
11400,0,1000,"sd","13:11:35",399100
11450,50,300,"bu","13:11:31",398100
11450,50,1000,"bu","13:11:28",397800
11400,0,200,"sd","13:11:23",396800
11400,0,1000,"sd","13:11:17",396600
11450,50,300,"bu","13:11:12",395600
11450,50,200,"bu","13:11:07",395300
11450,50,400,"bu","13:11:06",395100
11400,0,2000,"sd","13:10:46",394700
11400,0,900,"sd","13:10:46",392700
11400,0,1000,"sd","13:10:30",391800
11450,50,300,"bu","13:10:02",390800
11450,50,200,"bu","13:10:02",390500
11400,0,100,"sd","13:09:31",390300
11400,0,500,"sd","13:09:31",390200
11450,50,300,"sd","13:09:30",389700
11450,50,100,"sd","13:09:30",389400
11450,50,200,"sd","13:09:30",389300
11450,50,100,"sd","13:09:30",389100
11450,50,500,"sd","13:09:21",389000
11450,50,400,"sd","13:09:15",388500
11450,50,200,"sd","13:09:15",388100
11450,50,500,"sd","13:09:15",387900
11450,50,100,"sd","13:09:15",387400
11450,50,5700,"sd","13:09:15",387300
11450,50,1000,"sd","13:09:15",381600
11450,50,1000,"sd","13:09:15",380600
11450,50,1000,"sd","13:09:15",379600
11450,50,100,"sd","13:09:15",378600
11450,50,1000,"sd","13:09:11",378500
11450,50,3900,"sd","13:08:48",377500
11450,50,2500,"sd","13:08:48",373600
11500,100,300,"bu","13:08:45",371100
11500,100,1000,"bu","13:07:11",370800
11500,100,1000,"sd","13:06:39",369800
11500,100,300,"sd","13:06:39",368800
11500,100,1000,"sd","13:06:39",368500
11500,100,400,"sd","13:06:39",367500
11500,100,2000,"sd","13:06:39",367100
11500,100,200,"sd","13:06:39",365100
11500,100,5000,"sd","13:06:39",364900
11500,100,24900,"sd","13:06:39",359900
11500,100,100,"sd","13:06:02",335000
11500,100,1000,"sd","13:05:59",334900
11500,100,200,"sd","13:05:20",333900
11550,150,2900,"sd","13:05:08",333700
11550,150,1000,"bu","13:04:34",330800
11550,150,400,"bu","13:04:34",329800
11550,150,500,"bu","13:04:34",329400
11550,150,100,"bu","13:04:34",328900
11550,150,100,"bu","13:04:34",328800
11550,150,400,"sd","13:03:35",328700
11550,150,600,"sd","13:03:18",328300
11600,200,300,"bu","13:02:21",327700
11550,150,100,"bu","13:02:21",327400
11550,150,4000,"bu","13:02:21",327300
11550,150,2600,"bu","13:02:21",323300
11550,150,5000,"bu","13:01:44",320700
11550,150,500,"bu","13:01:35",315700
11500,100,600,"sd","13:01:25",315200
11500,100,600,"sd","13:01:06",314600
11500,100,4100,"sd","13:00:17",314000
11500,100,1000,"sd","13:00:17",309900
11500,100,100,"sd","13:00:17",308900
11500,100,500,"sd","13:00:17",308800
11500,100,1300,"sd","13:00:17",305300
11500,100,3000,"sd","13:00:17",308300
11550,150,200,"sd","13:00:04",304000
11550,150,1000,"sd","13:00:04",303800
11550,150,500,"sd","13:00:04",302800
11550,150,200,"sd","13:00:04",302300
11550,150,4000,"sd","13:00:04",302100
11550,150,3000,"sd","13:00:04",298100
11550,150,3000,"sd","13:00:04",295100
11600,200,1400,"sd","13:00:01",292100
11600,200,1000,"sd","13:00:01",290700
11600,200,600,"sd","13:00:00",289700
11550,150,600,"sd","12:59:59",289100
11550,150,200,"sd","12:59:59",288500
11550,150,400,"sd","12:59:59",288300
11550,150,200,"sd","12:59:59",287900
11600,200,600,"sd","12:59:59",287700
11550,150,2000,"sd","12:59:59",287100
11550,150,1000,"sd","12:59:59",285100
11550,150,500,"sd","12:59:59",284100
11550,150,400,"sd","12:59:59",283600
11600,200,900,"sd","11:29:21",283200
11600,200,300,"sd","11:29:21",282300
11600,200,500,"sd","11:29:21",282000
11600,200,100,"sd","11:29:21",281500
11600,200,1000,"sd","11:29:21",281400
11600,200,12400,"sd","11:29:21",280400
11600,200,5000,"sd","11:29:21",268000
11600,200,2000,"sd","11:29:21",263000
11600,200,1800,"sd","11:29:21",261000
11650,250,200,"bu","11:27:31",259200
11650,250,100,"bu","11:27:31",259000
11650,250,700,"bu","11:27:31",258900
11650,250,1500,"bu","11:25:57",258200
11650,250,100,"bu","11:24:57",256700
11600,200,300,"sd","11:23:52",256600
11600,200,400,"sd","11:23:21",256300
11650,250,2700,"sd","11:10:18",255900
11650,250,200,"sd","11:10:04",253200
11650,250,100,"sd","11:08:34",253000
11650,250,400,"sd","11:08:34",252900
11650,250,600,"sd","11:07:41",252500
11650,250,400,"sd","11:06:23",251900
11700,300,200,"bu","11:06:01",251500
11700,300,2000,"bu","11:05:44",251300
11700,300,100,"bu","11:05:08",249300
11700,300,200,"bu","11:05:08",249200
11650,250,500,"sd","11:05:02",249000
11650,250,100,"sd","11:04:02",248500
11700,300,300,"bu","11:02:53",248400
11700,300,3000,"bu","11:02:53",248100
11700,300,500,"bu","11:02:53",245100
11700,300,500,"bu","11:02:53",244600
11700,300,100,"bu","11:02:53",244100
11700,300,5600,"bu","11:02:53",244000
11700,300,300,"bu","10:59:42",238400
11650,250,1000,"bu","10:59:42",238100
11650,250,100,"bu","10:59:42",237100
11650,250,900,"bu","10:59:08",237000
11650,250,400,"bu","10:59:08",236100
11650,250,100,"bu","10:58:09",235700
11600,200,600,"sd","10:56:00",235600
11650,250,1400,"sd","10:56:00",235000
11650,250,3000,"sd","10:55:49",233600
11650,250,1500,"bu","10:55:24",230600
11650,250,500,"bu","10:55:24",229100
11650,250,2100,"bu","10:55:24",228600
11650,250,700,"bu","10:51:43",226500
11650,250,500,"bu","10:51:43",225800
11650,250,200,"bu","10:51:43",225300
11650,250,1000,"bu","10:51:43",225100
11650,250,3000,"bu","10:51:21",224100
11650,250,1000,"bu","10:50:46",221100
11600,200,900,"sd","10:49:45",220100
11600,200,100,"bu","10:47:39",219200
11600,200,100,"bu","10:47:39",219100
11600,200,300,"bu","10:47:39",219000
11600,200,500,"bu","10:47:39",218700
11600,200,100,"bu","10:47:20",218200
11600,200,100,"bu","10:47:20",218100
11600,200,400,"bu","10:47:20",218000
11600,200,500,"bu","10:47:20",217600
11600,200,100,"bu","10:47:20",217100
11600,200,800,"bu","10:47:20",217000
11600,200,500,"bu","10:47:11",216200
11600,200,1000,"bu","10:47:03",215700
11600,200,500,"bu","10:46:56",214700
11600,200,5000,"bu","10:46:46",214200
11600,200,500,"bu","10:46:21",209200
11600,200,1000,"bu","10:46:13",208700
11600,200,700,"bu","10:45:06",207700
11550,150,100,"sd","10:44:57",207000
11550,150,100,"sd","10:44:51",206900
11550,150,2600,"sd","10:41:58",206800
11550,150,500,"sd","10:41:58",204200
11550,150,200,"sd","10:41:58",203700
11550,150,1000,"sd","10:41:58",203500
11550,150,700,"sd","10:41:58",202500
11550,150,800,"sd","10:41:32",201800
11600,200,200,"bu","10:39:03",201000
11600,200,1000,"bu","10:38:53",200800
11550,150,100,"sd","10:38:51",199800
11600,200,5000,"bu","10:33:28",199700
11550,150,400,"sd","10:33:22",194700
11550,150,100,"sd","10:33:22",194300
11550,150,2000,"sd","10:33:22",194200
11550,150,1000,"sd","10:33:22",192200
11550,150,1700,"sd","10:33:22",191200
11600,200,2000,"bu","10:30:22",189500
11600,200,1000,"bu","10:29:20",187500
11600,200,500,"bu","10:28:49",186500
11600,200,1000,"bu","10:28:36",186000
11550,150,200,"sd","10:26:11",185000
11550,150,100,"sd","10:24:10",184800
11550,150,500,"sd","10:24:10",184700
11550,150,300,"sd","10:21:20",184200
11550,150,1000,"sd","10:21:20",183900
11550,150,1000,"sd","10:21:20",182900
11550,150,2000,"sd","10:21:20",181900
11550,150,700,"sd","10:21:20",179900
11550,150,100,"sd","10:20:10",179200
11550,150,1200,"sd","10:19:33",179100
11600,200,100,"sd","10:17:30",177900
11600,200,400,"sd","10:17:15",177800
11600,200,300,"sd","10:16:23",177400
11600,200,200,"bu","10:13:41",177100
11600,200,100,"bu","10:13:23",176900
11600,200,1000,"bu","10:13:03",176800
11600,200,1000,"bu","10:12:44",175800
11600,200,1000,"sd","10:11:56",174800
11600,200,1800,"sd","10:11:56",173800
11600,200,300,"sd","10:10:53",172000
11600,200,100,"sd","10:10:44",171700
11600,200,1300,"bu","10:10:26",171600
11600,200,1000,"bu","10:10:18",170300
11600,200,1000,"sd","10:09:43",169300
11600,200,500,"sd","10:09:43",168300
11600,200,200,"sd","10:09:43",167800
11600,200,700,"sd","10:06:51",167600
11600,200,100,"bu","10:06:41",166900
11600,200,1000,"bu","10:06:41",166800
11600,200,300,"sd","10:00:54",165800
11600,200,300,"sd","09:58:47",165500
11600,200,600,"sd","09:58:47",165200
11600,200,3200,"sd","09:58:47",164600
11600,200,100,"sd","09:58:20",161400
11600,200,100,"bu","09:55:58",161300
11600,200,100,"bu","09:55:58",161200
11600,200,100,"bu","09:55:58",161100
11600,200,1000,"bu","09:55:58",161000
11600,200,900,"bu","09:55:58",160000
11600,200,200,"bu","09:55:58",159100
11600,200,100,"bu","09:55:58",158900
11600,200,4200,"bu","09:55:58",158800
11600,200,2200,"bu","09:55:22",154600
11600,200,3600,"bu","09:54:58",152400
11600,200,400,"bu","09:54:58",148800
11550,150,5300,"bu","09:54:24",148400
11550,150,2500,"bu","09:54:18",143100
11550,150,1000,"bu","09:54:18",140600
11550,150,400,"bu","09:54:18",139600
11550,150,100,"bu","09:54:18",139200
11550,150,1000,"bu","09:54:18",139100
11550,150,600,"bu","09:54:10",138100
11550,150,300,"bu","09:51:53",137500
11550,150,300,"bu","09:51:32",137200
11550,150,100,"bu","09:51:08",136900
11550,150,400,"bu","09:51:02",136800
11550,150,300,"bu","09:49:50",136400
11500,100,1000,"sd","09:49:26",136100
11500,100,100,"sd","09:49:20",135100
11500,100,2600,"sd","09:47:22",135000
11500,100,1000,"sd","09:47:22",132400
11500,100,1800,"sd","09:47:22",131400
11500,100,500,"sd","09:47:22",129600
11500,100,500,"sd","09:47:22",129100
11500,100,5000,"sd","09:47:22",128600
11500,100,3500,"sd","09:47:22",123600
11550,150,1500,"sd","09:47:22",120100
11550,150,5000,"sd","09:47:22",118600
11550,150,200,"sd","09:47:22",113600
11550,150,800,"sd","09:47:14",113400
11550,150,100,"sd","09:47:14",112600
11550,150,2000,"sd","09:47:14",112500
11550,150,3000,"sd","09:47:14",110500
11550,150,4100,"sd","09:47:14",107500
11600,200,1500,"bu","09:46:47",103400
11550,150,500,"sd","09:44:37",101900
11550,150,500,"sd","09:44:07",101400
11550,150,1000,"sd","09:43:06",100900
11550,150,1000,"sd","09:41:48",99900
11550,150,200,"sd","09:41:32",98900
11550,150,100,"sd","09:40:49",98700
11550,150,2600,"sd","09:39:45",98600
11550,150,400,"sd","09:39:45",96000
11550,150,100,"sd","09:38:42",95600
11600,200,100,"sd","09:38:36",95500
11600,200,900,"sd","09:38:25",95400
11600,200,3200,"sd","09:38:25",94500
11600,200,2300,"sd","09:38:25",91300
11600,200,100,"sd","09:38:25",89000
11600,200,2600,"sd","09:38:25",88900
11600,200,400,"sd","09:38:20",86300
11600,200,400,"sd","09:38:20",85900
11600,200,1000,"sd","09:38:20",85500
11600,200,100,"sd","09:38:20",84500
11600,200,100,"sd","09:38:20",84400
11600,200,7900,"sd","09:38:20",84300
11600,200,100,"sd","09:37:50",76400
11600,200,500,"sd","09:37:43",76300
11600,200,200,"sd","09:37:33",75800
11600,200,300,"sd","09:37:21",75600
11600,200,1000,"sd","09:36:35",75300
11600,200,2000,"sd","09:36:35",74300
11600,200,2000,"sd","09:36:35",72300
11650,250,300,"sd","09:36:00",70300
11650,250,200,"sd","09:36:00",70000
11650,250,100,"sd","09:36:00",69800
11650,250,400,"sd","09:36:00",69700
11650,250,100,"sd","09:36:00",69300
11650,250,300,"sd","09:36:00",69200
11650,250,2000,"sd","09:36:00",68900
11650,250,1000,"sd","09:36:00",66900
11650,250,4400,"sd","09:36:00",65900
11650,250,100,"sd","09:36:00",61500
11650,250,100,"sd","09:36:00",61400
11650,250,800,"sd","09:35:59",61300
11650,250,200,"sd","09:35:59",60500
11650,250,1000,"sd","09:35:53",60300
11650,250,3500,"sd","09:35:46",59300
11650,250,1000,"sd","09:35:40",55800
11650,250,500,"sd","09:35:25",54800
11650,250,100,"sd","09:34:02",54300
11650,250,500,"sd","09:32:24",54200
11650,250,200,"sd","09:32:04",53700
11650,250,100,"sd","09:31:40",53500
11650,250,2900,"sd","09:31:31",53400
11650,250,2100,"sd","09:31:31",50500
11700,300,1300,"bu","09:31:25",48400
11700,300,1000,"bu","09:31:08",47100
11700,300,500,"bu","09:31:08",46100
11650,250,100,"sd","09:30:24",45600
11650,250,500,"sd","09:29:01",45500
11650,250,100,"sd","09:27:23",45000
11650,250,100,"sd","09:26:30",44900
11650,250,100,"sd","09:26:30",44800
11650,250,500,"sd","09:25:42",44700
11650,250,1000,"sd","09:25:19",44200
11650,250,1000,"sd","09:24:47",43200
11650,250,200,"bu","09:24:34",42200
11600,200,100,"sd","09:24:32",42000
11650,250,2000,"bu","09:24:19",41900
11650,250,800,"bu","09:24:14",39900
11650,250,500,"bu","09:24:14",39100
11650,250,800,"bu","09:24:12",38600
11650,250,200,"bu","09:24:07",37800
11650,250,4300,"bu","09:24:07",37600
11650,250,3400,"sd","09:23:55",33300
11650,250,1000,"sd","09:23:55",29900
11650,250,400,"sd","09:23:55",28900
11650,250,500,"sd","09:23:51",28500
11650,250,400,"sd","09:23:50",28000
11650,250,100,"sd","09:23:50",27600
11650,250,7400,"bu","09:23:34",27500
11650,250,500,"bu","09:23:34",20100
11650,250,200,"bu","09:23:34",19600
11650,250,100,"bu","09:23:34",19400
11650,250,1000,"bu","09:23:32",19300
11650,250,500,"bu","09:23:32",18300
11650,250,600,"bu","09:23:32",17800
11650,250,1800,"bu","09:23:32",17200
11650,250,200,"bu","09:23:23",15400
11650,250,3000,"bu","09:23:23",15200
11650,250,1200,"bu","09:23:23",12200
11650,250,600,"bu","09:23:23",11000
11600,200,200,"sd","09:21:58",10400
11600,200,400,"sd","09:21:36",10200
11600,200,200,"sd","09:20:18",9800
11600,200,100,"sd","09:20:14",9600
11600,200,500,"bu","09:20:03",9500
11600,200,500,"bu","09:20:03",9000
11600,200,1000,"bu","09:20:03",8500
11550,150,500,"bu","09:19:30",7500
11500,100,500,"sd","09:19:01",7000
11450,50,500,"sd","09:16:39",6500
11450,50,100,"sd","09:15:58",6000
11650,250,5900,"unknown","09:15:01",5900
