"price","change","match_qtty","side","time","total_vol"
31750,850,51600,"bu","14:45:00",1197800
31700,800,3800,"bu","14:29:43",1146200
31700,800,1000,"bu","14:29:43",1142400
31700,800,200,"bu","14:29:43",1141400
31700,800,200,"sd","14:27:28",1141200
31700,800,4800,"bu","14:27:25",1141000
31700,800,1800,"bu","14:27:22",1136200
31700,800,3400,"bu","14:27:02",1134400
31700,800,100,"bu","14:27:02",1131000
31700,800,500,"bu","14:27:02",1130900
31700,800,600,"bu","14:27:02",1130400
31650,750,200,"sd","14:26:29",1129800
31700,800,100,"bu","14:25:56",1129600
31700,800,500,"bu","14:25:56",1129500
31700,800,500,"sd","14:24:07",1129000
31700,800,500,"bu","14:23:53",1128500
31700,800,100,"bu","14:23:52",1128000
31700,800,700,"bu","14:23:41",1127900
31700,800,300,"bu","14:23:41",1127200
31700,800,500,"bu","14:23:41",1126900
31700,800,300,"bu","14:23:41",1126400
31700,800,200,"bu","14:23:41",1126100
31700,800,500,"bu","14:23:14",1125900
31700,800,1800,"bu","14:22:43",1125400
31700,800,200,"bu","14:22:43",1123600
31700,800,500,"bu","14:22:43",1123400
31700,800,8000,"bu","14:22:43",1122900
31650,750,500,"sd","14:22:40",1114900
31650,750,2500,"bu","14:22:34",1114400
31650,750,1000,"sd","14:22:12",1111900
31550,650,400,"sd","14:21:51",1110900
31500,600,500,"sd","14:21:18",1110500
31500,600,1000,"sd","14:20:44",1110000
31450,550,400,"bu","14:20:03",1109000
31450,550,1000,"sd","14:20:01",1108600
31450,550,300,"sd","14:20:01",1107600
31450,550,200,"sd","14:20:01",1107300
31500,600,400,"bu","14:20:01",1107100
31500,600,200,"bu","14:19:58",1106700
31500,600,3500,"bu","14:19:55",1106500
31500,600,1500,"bu","14:19:55",1103000
31500,600,400,"bu","14:19:55",1101500
31500,600,100,"bu","14:19:36",1101100
31500,600,200,"bu","14:19:35",1101000
31500,600,100,"bu","14:19:27",1100800
31500,600,300,"sd","14:19:12",1100700
31500,600,200,"sd","14:19:12",1100400
31500,600,100,"sd","14:19:12",1100200
31500,600,1000,"sd","14:19:12",1100100
31500,600,5000,"sd","14:19:12",1099100
31500,600,100,"sd","14:19:12",1094100
31500,600,5000,"sd","14:19:12",1094000
31500,600,3000,"sd","14:19:12",1089000
31500,600,200,"sd","14:19:12",1086000
31500,600,5000,"sd","14:19:12",1085800
31500,600,300,"sd","14:19:12",1080800
31550,650,2000,"sd","14:19:12",1080500
31550,650,300,"sd","14:19:12",1078500
31550,650,200,"sd","14:19:12",1078200
31550,650,300,"sd","14:19:12",1078000
31600,700,1000,"sd","14:19:12",1077700
31600,700,300,"sd","14:19:12",1076700
31600,700,500,"sd","14:19:12",1076400
31600,700,700,"sd","14:19:12",1075900
31600,700,300,"sd","14:19:12",1075200
31600,700,500,"sd","14:19:12",1074900
31650,750,1400,"sd","14:19:12",1074400
31650,750,600,"sd","14:19:08",1073000
31650,750,900,"sd","14:19:08",1072400
31650,750,100,"bu","14:18:21",1071500
31650,750,200,"bu","14:18:21",1071400
31650,750,800,"bu","14:18:21",1071200
31650,750,300,"bu","14:17:47",1070400
31650,750,500,"bu","14:17:33",1070100
31650,750,100,"bu","14:17:30",1069600
31650,750,200,"bu","14:17:11",1069500
31600,700,100,"bu","14:15:37",1069300
31600,700,400,"bu","14:15:32",1069200
31600,700,100,"bu","14:15:14",1068800
31600,700,100,"bu","14:15:13",1068700
31600,700,500,"sd","14:14:51",1068600
31600,700,1000,"sd","14:14:51",1068100
31600,700,1000,"sd","14:14:51",1067100
31600,700,500,"sd","14:14:51",1066100
31600,700,1000,"sd","14:14:42",1065600
31650,750,100,"bu","14:14:33",1064600
31650,750,300,"sd","14:14:21",1064500
31650,750,200,"sd","14:14:21",1064200
31650,750,200,"bu","14:14:00",1064000
31650,750,100,"bu","14:14:00",1063800
31650,750,100,"bu","14:13:58",1063700
31650,750,500,"bu","14:13:57",1063600
31650,750,100,"bu","14:13:49",1063100
31650,750,100,"bu","14:13:48",1063000
31650,750,100,"bu","14:13:36",1062900
31600,700,200,"sd","14:13:21",1062800
31600,700,1400,"sd","14:13:15",1062600
31600,700,500,"sd","14:13:15",1061200
31600,700,500,"sd","14:13:15",1060700
31600,700,3500,"sd","14:13:15",1060200
31600,700,100,"sd","14:13:12",1056700
31600,700,100,"sd","14:13:01",1056600
31650,750,500,"sd","14:12:45",1056500
31650,750,200,"sd","14:12:45",1056000
31650,750,400,"sd","14:12:45",1055800
31700,800,100,"bu","14:10:24",1055400
31700,800,300,"bu","14:10:14",1055300
31650,750,4600,"bu","14:10:05",1055000
31600,700,200,"sd","14:10:02",1050400
31600,700,100,"sd","14:10:02",1050200
31600,700,100,"sd","14:10:02",1050100
31600,700,100,"sd","14:10:02",1050000
31600,700,200,"sd","14:10:02",1049900
31600,700,800,"sd","14:09:51",1049700
31600,700,500,"sd","14:09:51",1048900
31600,700,100,"sd","14:09:51",1048400
31650,750,300,"bu","14:09:42",1048300
31650,750,200,"bu","14:09:33",1048000
31650,750,100,"bu","14:09:31",1047800
31650,750,500,"sd","14:09:27",1047700
31650,750,300,"sd","14:09:27",1047200
31650,750,200,"sd","14:08:51",1046900
31700,800,300,"sd","14:08:38",1046700
31700,800,500,"sd","14:08:38",1046400
31700,800,5000,"sd","14:08:38",1045900
31700,800,100,"sd","14:08:38",1040900
31700,800,1000,"sd","14:08:31",1040800
31750,850,400,"bu","14:08:20",1039800
31750,850,100,"bu","14:08:20",1039400
31750,850,100,"sd","14:07:16",1039300
31750,850,100,"bu","14:07:06",1039200
31750,850,100,"sd","14:06:59",1039100
31750,850,100,"sd","14:06:59",1039000
31750,850,100,"bu","14:06:58",1038900
31750,850,100,"bu","14:06:35",1038800
31750,850,200,"bu","14:06:22",1038700
31750,850,100,"bu","14:06:22",1038500
31750,850,100,"sd","14:06:14",1038400
31750,850,100,"sd","14:06:14",1038300
31750,850,200,"sd","14:06:06",1038200
31750,850,200,"sd","14:06:06",1038000
31750,850,100,"sd","14:06:06",1037800
31750,850,500,"sd","14:06:04",1037700
31750,850,100,"sd","14:05:35",1037200
31750,850,100,"sd","14:05:32",1037100
31800,900,2000,"bu","14:05:30",1037000
31750,850,100,"sd","14:05:17",1035000
31750,850,3000,"sd","14:04:58",1034900
31750,850,100,"sd","14:04:54",1031900
31750,850,200,"bu","14:03:33",1031800
31750,850,800,"bu","14:03:33",1031600
31700,800,1000,"sd","14:03:09",1030800
31700,800,500,"sd","14:02:52",1029800
31700,800,400,"sd","14:02:45",1029300
31700,800,1600,"sd","14:02:45",1028900
31700,800,600,"sd","14:02:38",1027300
31700,800,1000,"sd","14:02:38",1026700
31700,800,400,"sd","14:02:38",1025700
31700,800,100,"sd","14:02:32",1025300
31700,800,100,"sd","14:02:32",1025200
31700,800,200,"sd","14:01:54",1025100
31700,800,300,"sd","14:01:54",1024900
31700,800,400,"sd","14:01:54",1024600
31700,800,200,"sd","14:01:54",1024200
31700,800,100,"sd","14:01:54",1024000
31750,850,300,"sd","14:01:54",1023900
31750,850,300,"sd","14:01:22",1023600
31750,850,4400,"sd","14:01:18",1023300
31750,850,400,"sd","14:01:18",1018900
31750,850,2000,"sd","14:01:18",1018500
31750,850,1000,"sd","14:01:18",1016500
31750,850,2000,"sd","14:01:18",1015500
31750,850,900,"sd","14:01:18",1013500
31800,900,1800,"bu","14:01:01",1012600
31800,900,200,"sd","14:00:14",1010800
31800,900,200,"sd","13:59:40",1010600
31800,900,1200,"sd","13:59:10",1010400
31800,900,3800,"sd","13:59:10",1009200
31800,900,300,"sd","13:59:00",1005400
31800,900,100,"sd","13:58:37",1005100
31850,950,1000,"bu","13:58:22",1005000
31850,950,100,"bu","13:57:08",1004000
31850,950,3600,"bu","13:56:41",1003900
31850,950,1400,"bu","13:56:41",1000300
31800,900,800,"sd","13:56:34",998900
31800,900,300,"sd","13:56:34",998100
31800,900,700,"sd","13:56:34",997800
31800,900,5000,"sd","13:55:25",997100
31850,950,600,"bu","13:55:21",992100
31850,950,400,"bu","13:55:21",991500
31850,950,100,"sd","13:54:26",991100
31850,950,100,"bu","13:54:11",991000
31850,950,1000,"bu","13:54:11",990900
31850,950,200,"bu","13:54:11",989900
31850,950,100,"bu","13:54:11",989700
31850,950,200,"bu","13:54:11",989600
31850,950,1000,"bu","13:54:11",989400
31850,950,100,"bu","13:54:11",988400
31850,950,600,"bu","13:54:11",988300
31850,950,200,"bu","13:54:11",987700
31850,950,100,"bu","13:54:11",987500
31850,950,1300,"bu","13:54:11",987400
31850,950,3700,"bu","13:53:01",986100
31850,950,500,"bu","13:53:01",982400
31850,950,200,"bu","13:53:01",981900
31850,950,100,"bu","13:53:01",981700
31850,950,500,"bu","13:53:01",981600
31800,900,100,"sd","13:52:52",981100
31800,900,100,"sd","13:52:24",981000
31850,950,200,"bu","13:51:16",980900
31850,950,5000,"bu","13:50:58",980700
31850,950,5000,"bu","13:50:18",975700
31800,900,300,"sd","13:50:03",970700
31800,900,100,"sd","13:49:55",970400
31800,900,300,"sd","13:49:48",970300
31800,900,300,"sd","13:49:17",970000
31800,900,100,"sd","13:48:01",969700
31800,900,200,"sd","13:47:53",969600
31800,900,100,"sd","13:47:23",969400
31800,900,100,"sd","13:47:10",969300
31800,900,1800,"sd","13:46:42",969200
31800,900,200,"sd","13:46:42",967400
31800,900,1000,"sd","13:46:42",967200
31800,900,700,"bu","13:45:36",966200
31800,900,200,"bu","13:45:36",965500
31800,900,100,"bu","13:45:36",965300
31800,900,3000,"bu","13:45:36",965200
31800,900,700,"bu","13:45:18",962200
31800,900,200,"sd","13:44:24",961500
31800,900,1000,"sd","13:44:24",961300
31800,900,100,"sd","13:44:24",960300
31800,900,200,"sd","13:44:14",960200
31800,900,500,"sd","13:43:30",960000
31800,900,4500,"sd","13:43:30",959500
31800,900,100,"sd","13:43:26",955000
31800,900,400,"bu","13:43:08",954900
31800,900,100,"bu","13:42:57",954500
31800,900,200,"bu","13:42:56",954400
31800,900,100,"bu","13:42:20",954200
31800,900,200,"bu","13:41:59",954100
31800,900,2000,"sd","13:40:49",953900
31800,900,900,"sd","13:40:49",951900
31800,900,200,"sd","13:40:38",951000
31800,900,200,"sd","13:40:36",950800
31800,900,500,"sd","13:39:58",950600
31800,900,100,"sd","13:39:55",950100
31800,900,6100,"bu","13:38:44",950000
31800,900,300,"bu","13:38:36",943900
31800,900,400,"bu","13:38:11",943600
31800,900,200,"sd","13:38:10",943200
31800,900,500,"sd","13:37:21",943000
31800,900,200,"sd","13:36:49",942500
31800,900,100,"sd","13:36:47",942300
31800,900,200,"bu","13:36:40",942200
31800,900,100,"sd","13:36:23",942000
31850,950,5100,"bu","13:35:46",941900
31800,900,200,"bu","13:35:46",936800
31800,900,3700,"bu","13:35:46",936600
31800,900,4600,"bu","13:35:23",932900
31800,900,400,"bu","13:35:23",928300
31800,900,200,"bu","13:34:32",927900
31800,900,1000,"bu","13:34:19",927700
31750,850,500,"sd","13:34:12",926700
31800,900,3400,"sd","13:34:06",926200
31800,900,1600,"sd","13:34:00",922800
31800,900,2400,"sd","13:34:00",921200
31800,900,2600,"sd","13:34:00",918800
31800,900,700,"sd","13:34:00",916200
31800,900,1000,"sd","13:34:00",915500
31800,900,400,"sd","13:34:00",914500
31800,900,100,"sd","13:34:00",914100
31800,900,700,"sd","13:34:00",914000
31800,900,700,"sd","13:33:59",913300
31800,900,2000,"sd","13:33:59",912600
31800,900,100,"sd","13:33:59",910600
31800,900,200,"sd","13:33:59",910500
31800,900,100,"sd","13:33:47",910300
31800,900,200,"sd","13:33:32",910200
31850,950,1200,"sd","13:31:44",910000
31850,950,200,"sd","13:31:42",908800
31850,950,500,"sd","13:31:33",908600
31850,950,1200,"sd","13:31:33",908100
31850,950,1000,"sd","13:30:58",906900
31850,950,1700,"sd","13:30:38",905900
31850,950,1300,"sd","13:30:38",904200
31850,950,100,"sd","13:30:38",902900
31850,950,5000,"sd","13:30:38",902800
31850,950,1000,"sd","13:30:38",897800
31850,950,100,"sd","13:30:38",896800
31850,950,800,"sd","13:30:38",896700
31850,950,300,"sd","13:30:04",895900
31850,950,200,"sd","13:30:01",895600
31850,950,200,"sd","13:29:40",895400
31850,950,100,"sd","13:28:51",895200
31850,950,300,"sd","13:28:30",895100
31850,950,200,"sd","13:27:56",894800
31900,1000,2000,"bu","13:27:37",894600
31850,950,500,"sd","13:27:33",892600
31900,1000,2000,"bu","13:27:30",892100
31850,950,100,"sd","13:27:08",890100
31850,950,1000,"sd","13:26:51",890000
31850,950,300,"sd","13:26:47",889000
31850,950,500,"sd","13:26:03",888700
31850,950,200,"sd","13:25:49",888200
31850,950,300,"sd","13:25:43",888000
31850,950,100,"sd","13:25:42",887700
31900,1000,5000,"sd","13:24:32",887600
31900,1000,3000,"sd","13:24:32",882600
31900,1000,2200,"sd","13:24:32",879600
31900,1000,1000,"sd","13:24:26",877400
31900,1000,200,"sd","13:23:54",876400
31900,1000,5000,"sd","13:23:47",876200
31900,1000,500,"sd","13:23:41",871200
31900,1000,700,"sd","13:23:35",870700
31900,1000,200,"sd","13:23:22",870000
31900,1000,1000,"sd","13:23:01",869800
31900,1000,1000,"sd","13:22:56",868800
31950,1050,5000,"bu","13:21:05",867800
31950,1050,9600,"bu","13:20:53",862800
31950,1050,3400,"bu","13:20:36",853200
31950,1050,200,"bu","13:20:36",849800
31950,1050,700,"bu","13:20:36",849600
31950,1050,1400,"bu","13:20:36",848900
31900,1000,200,"sd","13:20:34",847500
31900,1000,500,"sd","13:19:38",847300
31900,1000,2000,"sd","13:18:38",846800
31900,1000,800,"sd","13:18:23",844800
31900,1000,700,"sd","13:17:50",844000
31900,1000,200,"bu","13:17:10",843300
31900,1000,500,"bu","13:17:10",843100
31900,1000,1000,"bu","13:17:10",842600
31900,1000,100,"bu","13:17:10",841600
31900,1000,100,"bu","13:17:10",841500
31900,1000,300,"bu","13:17:10",841400
31900,1000,500,"bu","13:17:10",841100
31900,1000,1300,"bu","13:17:10",840600
31850,950,100,"bu","13:16:44",839300
31850,950,300,"bu","13:16:44",839200
31850,950,2000,"bu","13:15:57",838900
31800,900,500,"sd","13:15:39",836900
31800,900,100,"sd","13:14:59",836400
31800,900,3700,"sd","13:14:34",836300
31800,900,300,"sd","13:14:34",832600
31800,900,800,"sd","13:14:34",832300
31800,900,200,"sd","13:13:50",831500
31850,950,500,"bu","13:13:36",831300
31800,900,200,"sd","13:13:22",830800
31800,900,1000,"sd","13:13:16",830600
31800,900,1000,"sd","13:13:06",829600
31800,900,3800,"sd","13:12:51",828600
31800,900,200,"sd","13:12:51",824800
31800,900,300,"sd","13:12:34",824600
31800,900,200,"sd","13:12:34",824300
31800,900,100,"sd","13:11:49",824100
31850,950,300,"bu","13:11:21",824000
31850,950,200,"bu","13:11:21",823700
31800,900,700,"sd","13:11:16",823500
31800,900,100,"sd","13:11:16",822800
31800,900,300,"sd","13:11:16",822700
31800,900,500,"sd","13:11:16",822400
31800,900,100,"sd","13:11:16",821900
31800,900,300,"sd","13:11:16",821800
31850,950,100,"sd","13:10:50",821500
31850,950,200,"sd","13:10:50",821400
31850,950,600,"sd","13:10:45",821200
31850,950,1400,"sd","13:10:45",820600
31850,950,1000,"sd","13:10:03",819200
31850,950,200,"sd","13:09:21",818200
31850,950,200,"sd","13:09:10",818000
31850,950,100,"sd","13:08:47",817800
31850,950,400,"sd","13:08:43",817700
31850,950,1300,"bu","13:07:38",817300
31850,950,400,"bu","13:07:38",816000
31850,950,100,"sd","13:06:33",815600
31850,950,100,"sd","13:06:33",815500
31850,950,1400,"sd","13:06:33",815400
31900,1000,100,"bu","13:06:17",814000
31850,950,2000,"sd","13:05:37",813900
31850,950,500,"sd","13:05:34",811900
31850,950,500,"sd","13:04:52",811400
31850,950,600,"sd","13:04:02",810900
31850,950,100,"sd","13:04:02",810300
31850,950,100,"sd","13:04:02",810200
31900,1000,100,"sd","13:02:11",810100
31900,1000,200,"sd","13:02:11",810000
31900,1000,300,"sd","13:02:11",809800
31900,1000,4700,"sd","13:01:45",809500
31900,1000,300,"sd","13:01:45",804800
31900,1000,200,"sd","13:01:29",804500
31900,1000,700,"sd","13:01:29",804300
31950,1050,1300,"bu","13:01:25",803600
31950,1050,600,"bu","13:01:25",802300
31950,1050,100,"bu","13:01:25",801700
31950,1050,100,"bu","13:01:25",801600
31950,1050,500,"bu","13:01:25",801500
31950,1050,200,"bu","13:01:25",801000
31950,1050,1500,"bu","13:01:25",800800
31950,1050,100,"bu","13:01:25",799300
31950,1050,200,"bu","13:01:25",799200
31950,1050,200,"bu","13:01:25",799000
31950,1050,100,"bu","13:01:25",798800
31950,1050,100,"bu","13:01:25",798700
31950,1050,200,"bu","13:01:22",798600
31950,1050,100,"bu","13:01:22",798400
31950,1050,100,"bu","13:01:22",798300
31950,1050,1400,"bu","13:01:22",798200
31900,1000,100,"sd","13:00:55",796800
31900,1000,100,"sd","13:00:42",796700
31900,1000,900,"sd","13:00:08",796600
31900,1000,1000,"sd","13:00:04",795700
31900,1000,1000,"sd","13:00:03",794700
31900,1000,100,"sd","13:00:03",793700
31900,1000,8900,"sd","13:00:03",793600
31900,1000,1000,"sd","13:00:02",784700
31950,1050,100,"bu","13:00:00",783700
31900,1000,100,"sd","13:00:00",783600
31950,1050,500,"bu","11:25:14",783500
31950,1050,100,"bu","11:25:14",783000
31950,1050,100,"bu","11:25:14",782900
31900,1000,100,"bu","11:25:14",782800
31900,1000,1200,"bu","11:25:14",782700
31900,1000,800,"sd","11:24:23",781500
31900,1000,200,"bu","11:23:57",780700
31900,1000,100,"sd","11:22:54",780500
31900,1000,100,"sd","11:22:19",780400
31900,1000,400,"sd","11:21:46",780300
31900,1000,300,"sd","11:21:36",779900
31900,1000,300,"sd","11:21:32",779600
31900,1000,200,"sd","11:21:32",779300
31900,1000,100,"sd","11:21:01",779100
31900,1000,100,"sd","11:20:51",779000
31900,1000,200,"sd","11:20:16",778900
31900,1000,1000,"sd","11:19:18",778700
31900,1000,1000,"sd","11:19:00",777700
31900,1000,500,"sd","11:17:29",776700
31950,1050,100,"bu","11:17:16",776200
31950,1050,1000,"bu","11:17:16",776100
31950,1050,100,"bu","11:17:16",775100
31950,1050,100,"bu","11:17:16",775000
31950,1050,200,"bu","11:17:16",774900
31900,1000,100,"bu","11:17:04",774700
31900,1000,100,"bu","11:16:24",774600
31900,1000,100,"bu","11:16:24",774500
31900,1000,100,"bu","11:16:16",774400
31900,1000,100,"bu","11:16:16",774300
31900,1000,500,"bu","11:15:46",774200
31850,950,100,"sd","11:14:58",773700
31900,1000,100,"bu","11:13:23",773600
31900,1000,400,"sd","11:13:12",773500
31900,1000,200,"sd","11:13:06",773100
31900,1000,100,"sd","11:12:09",772900
31900,1000,300,"bu","11:11:32",772800
31900,1000,700,"sd","11:10:51",772500
31900,1000,1800,"sd","11:10:22",771800
31900,1000,1000,"sd","11:10:15",770000
31950,1050,800,"bu","11:09:12",769000
31950,1050,200,"bu","11:09:12",768200
31950,1050,1400,"bu","11:08:17",768000
31950,1050,400,"bu","11:08:09",766600
31950,1050,100,"bu","11:08:09",766200
31950,1050,500,"bu","11:07:17",766100
31900,1000,800,"sd","11:07:09",765600
31950,1050,200,"bu","11:05:21",764800
31950,1050,200,"bu","11:05:06",764600
31950,1050,100,"bu","11:05:06",764400
31950,1050,200,"bu","11:05:06",764300
31950,1050,500,"bu","11:05:06",764100
31900,1000,500,"bu","11:04:18",763600
31900,1000,200,"bu","11:04:18",763100
31900,1000,5000,"bu","11:04:18",762900
31850,950,100,"sd","11:03:18",757900
31850,950,500,"sd","11:01:05",757800
31850,950,500,"sd","11:01:05",757300
31850,950,100,"sd","11:01:05",756800
31850,950,400,"sd","11:01:05",756700
31900,1000,100,"sd","10:59:39",756300
31900,1000,200,"bu","10:59:17",756200
31900,1000,200,"bu","10:59:13",756000
31900,1000,100,"bu","10:59:09",755800
31850,950,1600,"sd","10:59:08",755700
31900,1000,300,"bu","10:58:50",754100
31900,1000,200,"sd","10:57:13",753800
31900,1000,100,"bu","10:57:07",753600
31900,1000,400,"bu","10:56:42",753500
31900,1000,100,"bu","10:56:42",753100
31850,950,700,"bu","10:55:28",753000
31850,950,100,"bu","10:55:28",752300
31850,950,100,"bu","10:55:28",752200
31850,950,900,"bu","10:55:21",752100
31850,950,100,"bu","10:55:21",751200
31850,950,300,"bu","10:54:32",751100
31800,900,300,"sd","10:50:32",750800
31800,900,100,"bu","10:49:32",750500
31800,900,300,"bu","10:49:32",750400
31800,900,2400,"bu","10:49:18",750100
31800,900,1100,"bu","10:49:18",747700
31800,900,500,"bu","10:48:54",746600
31800,900,1000,"bu","10:48:38",746100
31800,900,100,"bu","10:48:14",745100
31800,900,300,"bu","10:47:58",745000
31800,900,100,"bu","10:47:52",744700
31800,900,100,"bu","10:46:18",744600
31800,900,1000,"bu","10:45:44",744500
31750,850,100,"sd","10:45:44",743500
31750,850,200,"sd","10:45:44",743400
31800,900,800,"bu","10:45:36",743200
31800,900,1200,"bu","10:45:36",742400
31800,900,800,"bu","10:44:59",741200
31800,900,100,"bu","10:44:59",740400
31800,900,100,"bu","10:44:59",740300
31800,900,400,"bu","10:44:16",740200
31800,900,100,"bu","10:44:06",739800
31800,900,100,"bu","10:43:31",739700
31800,900,100,"bu","10:42:30",739600
31800,900,500,"sd","10:42:25",739500
31800,900,100,"sd","10:42:25",739000
31800,900,300,"sd","10:42:25",738900
31800,900,300,"sd","10:42:25",738600
31800,900,500,"sd","10:42:25",738300
31800,900,300,"sd","10:42:25",737800
31800,900,1000,"sd","10:42:25",737500
31800,900,100,"sd","10:42:25",736500
31800,900,200,"sd","10:42:25",736400
31800,900,500,"sd","10:42:25",736200
31800,900,400,"sd","10:42:25",735700
31800,900,100,"sd","10:41:57",735300
31850,950,300,"bu","10:41:14",735200
31850,950,2000,"sd","10:41:00",734900
31850,950,100,"sd","10:41:00",732900
31850,950,200,"sd","10:41:00",732800
31850,950,1200,"sd","10:41:00",732600
31850,950,100,"sd","10:39:55",731400
31900,1000,800,"bu","10:39:41",731300
31900,1000,100,"bu","10:39:41",730500
31900,1000,500,"bu","10:39:41",730400
31900,1000,100,"bu","10:39:41",729900
31900,1000,400,"bu","10:39:41",729800
31900,1000,100,"bu","10:39:41",729400
31850,950,300,"sd","10:39:20",729300
31850,950,1000,"sd","10:39:20",729000
31850,950,1300,"sd","10:39:20",728000
31850,950,300,"sd","10:38:51",726700
31850,950,100,"sd","10:38:45",726400
31850,950,4900,"sd","10:38:14",726300
31850,950,100,"sd","10:38:14",721400
31850,950,900,"sd","10:37:53",721300
31850,950,500,"sd","10:37:53",720400
31850,950,3000,"sd","10:37:53",719900
31850,950,200,"sd","10:37:53",716900
31850,950,1400,"sd","10:37:53",716700
31900,1000,100,"bu","10:37:43",715300
31850,950,1000,"sd","10:37:05",715200
31850,950,1000,"sd","10:36:45",714200
31900,1000,100,"bu","10:36:33",713200
31900,1000,300,"bu","10:36:33",713100
31900,1000,300,"bu","10:36:33",712800
31900,1000,300,"bu","10:36:33",712500
31900,1000,300,"bu","10:36:14",712200
31850,950,200,"sd","10:36:11",711900
31850,950,100,"sd","10:36:02",711700
31850,950,1100,"sd","10:35:17",711600
31850,950,200,"sd","10:35:15",710500
31850,950,200,"sd","10:35:15",710300
31850,950,100,"sd","10:31:55",710100
31850,950,2000,"sd","10:30:09",710000
31900,1000,2000,"bu","10:30:05",708000
31900,1000,100,"bu","10:29:35",706000
31900,1000,300,"sd","10:28:59",705900
31900,1000,200,"sd","10:28:34",705600
31900,1000,100,"sd","10:28:34",705400
31900,1000,100,"sd","10:27:35",705300
31900,1000,200,"sd","10:26:15",705200
31900,1000,100,"sd","10:26:15",705000
31900,1000,200,"sd","10:26:15",704900
31950,1050,100,"sd","10:25:44",704700
31950,1050,400,"sd","10:25:44",704600
31950,1050,100,"sd","10:25:06",704200
31950,1050,300,"sd","10:24:58",704100
31950,1050,2100,"sd","10:24:55",703800
31950,1050,100,"sd","10:24:35",701700
31950,1050,100,"sd","10:24:35",701600
31950,1050,1000,"sd","10:23:11",701500
31950,1050,400,"sd","10:23:06",700500
31950,1050,200,"bu","10:23:05",700100
31950,1050,1200,"bu","10:23:05",699900
31950,1050,800,"bu","10:22:22",698700
31950,1050,300,"bu","10:21:41",697900
31950,1050,300,"bu","10:21:34",697600
31950,1050,1700,"bu","10:21:26",697300
31950,1050,200,"bu","10:21:19",695600
31900,1000,100,"bu","10:21:19",695400
31850,950,1300,"sd","10:20:57",695300
31850,950,6400,"sd","10:20:42",694000
31850,950,100,"sd","10:20:42",687600
31850,950,100,"sd","10:20:42",687500
31850,950,100,"sd","10:20:42",687400
31850,950,200,"sd","10:20:42",687300
31850,950,500,"sd","10:20:42",687100
31850,950,10000,"sd","10:20:42",686600
31850,950,200,"sd","10:20:42",676600
31850,950,400,"sd","10:20:42",676400
31900,1000,500,"sd","10:20:23",676000
31900,1000,100,"sd","10:20:23",675500
31900,1000,100,"sd","10:20:23",675400
31900,1000,300,"sd","10:20:23",675300
31900,1000,1000,"sd","10:20:23",675000
31900,1000,100,"sd","10:19:51",674000
31900,1000,400,"sd","10:19:51",673900
31900,1000,500,"sd","10:19:51",673500
31900,1000,200,"sd","10:19:51",673000
31900,1000,100,"sd","10:19:11",672800
31900,1000,100,"sd","10:17:08",672700
31900,1000,200,"sd","10:17:08",672600
31900,1000,1000,"sd","10:17:08",672400
31900,1000,2000,"sd","10:17:08",671400
31950,1050,100,"bu","10:16:12",669400
31950,1050,400,"sd","10:15:58",669300
31950,1050,600,"sd","10:15:41",668900
31950,1050,2000,"sd","10:15:41",668300
31950,1050,100,"sd","10:15:41",666300
31950,1050,1000,"sd","10:15:41",666200
31950,1050,1300,"sd","10:15:41",665200
31950,1050,5500,"sd","10:14:56",663900
31950,1050,3200,"sd","10:14:46",658400
31950,1050,400,"sd","10:14:46",655200
31950,1050,400,"sd","10:14:46",654800
31950,1050,600,"sd","10:14:27",654400
31950,1050,100,"sd","10:14:27",653800
31950,1050,100,"sd","10:14:27",653700
31950,1050,1000,"sd","10:14:27",653600
31950,1050,100,"sd","10:14:27",652600
31950,1050,200,"sd","10:14:27",652500
31950,1050,1500,"sd","10:14:27",652300
31950,1050,100,"sd","10:14:27",650800
31950,1050,100,"sd","10:14:27",650700
31950,1050,1000,"sd","10:14:27",650600
31950,1050,100,"sd","10:14:27",649600
31950,1050,100,"sd","10:14:27",649500
32000,1100,2400,"bu","10:13:38",649400
32000,1100,600,"bu","10:13:38",647000
31950,1050,1200,"sd","10:13:07",646400
32000,1100,300,"bu","10:12:43",645200
31950,1050,200,"sd","10:10:53",644900
32000,1100,100,"bu","10:10:48",644700
31950,1050,500,"sd","10:10:31",644600
32000,1100,200,"sd","10:10:03",644100
32000,1100,100,"sd","10:10:03",643900
32000,1100,200,"sd","10:10:03",643800
32000,1100,3000,"sd","10:10:03",643600
32000,1100,500,"sd","10:10:03",640600
32000,1100,100,"sd","10:09:50",640100
32000,1100,500,"sd","10:09:40",640000
32000,1100,600,"sd","10:09:26",639500
32000,1100,300,"sd","10:09:03",638900
32000,1100,5000,"sd","10:09:03",638600
32000,1100,5000,"sd","10:08:57",633600
32000,1100,3000,"bu","10:08:47",628600
32000,1100,2000,"sd","10:08:19",625600
32000,1100,1600,"sd","10:08:11",623600
32000,1100,300,"sd","10:07:55",622000
32000,1100,100,"unknown","10:07:50",621700
31950,1050,1800,"sd","10:07:50",621600
32000,1100,400,"sd","10:07:38",619800
31950,1050,1700,"sd","10:06:55",619400
31950,1050,900,"sd","10:06:55",617700
31950,1050,2000,"sd","10:06:55",616800
31950,1050,400,"sd","10:06:55",614800
32050,1150,1400,"bu","10:06:51",614400
31950,1050,500,"sd","10:06:41",613000
32000,1100,100,"bu","10:06:37",612500
32000,1100,500,"bu","10:06:37",612400
32000,1100,1000,"bu","10:06:37",611900
32000,1100,1500,"bu","10:06:37",610900
32000,1100,1000,"bu","10:06:37",609400
32000,1100,200,"bu","10:06:37",608400
32000,1100,100,"bu","10:06:37",608200
32000,1100,200,"bu","10:06:37",608100
32000,1100,200,"bu","10:06:37",607900
32000,1100,100,"bu","10:06:37",607700
32000,1100,2500,"bu","10:06:37",607600
32000,1100,100,"bu","10:06:37",605100
32000,1100,2000,"bu","10:06:37",605000
32000,1100,1500,"bu","10:06:37",603000
32000,1100,300,"bu","10:06:34",601500
32000,1100,200,"bu","10:06:22",601200
32000,1100,200,"bu","10:06:22",601000
32000,1100,200,"bu","10:06:22",600800
32000,1100,4700,"bu","10:06:13",600600
32000,1100,300,"bu","10:06:06",595900
32000,1100,500,"bu","10:06:06",595600
32000,1100,1000,"bu","10:06:06",595100
32000,1100,400,"bu","10:06:06",594100
32000,1100,100,"bu","10:06:06",593700
32000,1100,100,"bu","10:06:06",593600
32000,1100,900,"bu","10:06:06",593500
32000,1100,1000,"bu","10:06:06",592600
32000,1100,700,"bu","10:06:06",591600
32000,1100,300,"bu","10:05:25",590900
32000,1100,800,"bu","10:05:25",590600
32000,1100,300,"bu","10:05:00",589800
32000,1100,200,"bu","10:04:51",589500
32000,1100,100,"bu","10:04:29",589300
31950,1050,100,"bu","10:04:25",589200
31950,1050,1000,"bu","10:04:25",589100
31950,1050,1500,"bu","10:04:09",588100
31950,1050,500,"bu","10:04:07",586600
31950,1050,2500,"bu","10:04:07",586100
31950,1050,1000,"bu","10:03:55",583600
31950,1050,1000,"bu","10:03:38",582600
31950,1050,200,"bu","10:03:27",581600
31950,1050,300,"bu","10:03:21",581400
31950,1050,1200,"bu","10:03:21",581100
31950,1050,100,"bu","10:03:09",579900
31900,1000,100,"sd","10:02:56",579800
31900,1000,200,"sd","10:02:29",579700
31900,1000,100,"sd","10:01:53",579500
31900,1000,400,"sd","10:01:44",579400
31900,1000,100,"sd","10:01:44",579000
31900,1000,500,"sd","10:01:44",578900
31900,1000,1000,"sd","10:01:44",578400
31900,1000,4000,"sd","10:01:04",577400
31900,1000,1000,"sd","10:01:04",573400
31950,1050,100,"sd","10:00:53",572400
31950,1050,100,"sd","10:00:53",572300
31950,1050,100,"sd","10:00:49",572200
31950,1050,1000,"sd","10:00:09",572100
31950,1050,800,"sd","09:59:59",571100
31950,1050,100,"sd","09:59:59",570300
31950,1050,100,"sd","09:59:59",570200
31950,1050,3200,"sd","09:59:59",570100
31950,1050,800,"sd","09:59:59",566900
31950,1050,2000,"sd","09:59:48",566100
31950,1050,100,"sd","09:59:28",564100
31950,1050,300,"sd","09:59:27",564000
31950,1050,1000,"sd","09:58:59",563700
31950,1050,200,"sd","09:58:24",562700
31950,1050,100,"bu","09:57:53",562500
31950,1050,500,"bu","09:57:53",562400
31950,1050,100,"bu","09:57:53",561900
31950,1050,100,"sd","09:57:38",561800
31950,1050,1000,"sd","09:57:34",561700
31950,1050,900,"sd","09:57:34",560700
31950,1050,900,"sd","09:57:34",559800
31950,1050,1000,"sd","09:57:34",558900
31950,1050,200,"sd","09:57:34",557900
31950,1050,100,"sd","09:57:08",557700
31950,1050,700,"sd","09:57:03",557600
31950,1050,100,"sd","09:57:03",556900
31950,1050,100,"sd","09:57:03",556800
31950,1050,100,"sd","09:57:03",556700
31950,1050,1400,"sd","09:56:37",556600
31950,1050,100,"sd","09:56:37",555200
31950,1050,100,"sd","09:56:37",555100
32000,1100,500,"bu","09:55:37",555000
32000,1100,300,"bu","09:55:12",554500
32000,1100,300,"bu","09:54:58",554200
32000,1100,800,"sd","09:54:53",553900
32000,1100,300,"sd","09:54:53",553100
32000,1100,1000,"sd","09:54:53",552800
32000,1100,100,"sd","09:54:53",551800
32000,1100,200,"sd","09:54:53",551700
32000,1100,100,"sd","09:54:53",551500
32050,1150,200,"bu","09:53:12",551400
32050,1150,2000,"bu","09:52:56",551200
32050,1150,1300,"bu","09:52:39",549200
32050,1150,100,"sd","09:51:55",547900
32050,1150,800,"sd","09:51:55",547800
32050,1150,300,"sd","09:51:55",547000
32100,1200,300,"bu","09:51:54",546700
32050,1150,8700,"sd","09:51:51",546400
32050,1150,1000,"sd","09:51:51",537700
32050,1150,300,"sd","09:51:51",536700
32100,1200,1500,"bu","09:51:42",536400
32100,1200,300,"bu","09:51:18",534900
32100,1200,1000,"bu","09:51:14",534600
32100,1200,200,"sd","09:51:09",533600
32100,1200,100,"sd","09:51:09",533400
32100,1200,100,"sd","09:51:09",533300
32100,1200,700,"sd","09:51:09",533200
32100,1200,200,"sd","09:51:09",532500
32100,1200,3300,"bu","09:50:36",532300
32100,1200,4100,"bu","09:50:34",529000
32100,1200,900,"bu","09:50:34",524900
32100,1200,200,"bu","09:50:33",524000
32100,1200,900,"bu","09:50:27",523800
32100,1200,100,"bu","09:50:27",522900
32100,1200,100,"bu","09:50:26",522800
32100,1200,100,"bu","09:50:26",522700
32100,1200,400,"bu","09:50:24",522600
32100,1200,100,"bu","09:50:24",522200
32100,1200,2000,"bu","09:50:24",522100
32100,1200,100,"bu","09:50:24",520100
32100,1200,400,"bu","09:50:24",520000
32100,1200,100,"bu","09:50:24",519600
32100,1200,1200,"bu","09:50:24",519500
32100,1200,500,"bu","09:50:24",518300
32100,1200,200,"bu","09:50:24",517800
32100,1200,500,"bu","09:50:24",517600
32100,1200,500,"bu","09:50:24",517100
32100,1200,1500,"bu","09:50:16",516600
32100,1200,3500,"bu","09:50:08",515100
32100,1200,100,"bu","09:50:08",511600
32100,1200,500,"bu","09:50:08",511500
32100,1200,500,"bu","09:50:08",511000
32100,1200,200,"bu","09:50:08",510500
32100,1200,100,"bu","09:50:08",510300
32100,1200,100,"bu","09:50:08",510200
32100,1200,200,"bu","09:50:04",510100
32100,1200,100,"bu","09:49:51",509900
32100,1200,100,"bu","09:49:51",509800
32100,1200,100,"bu","09:49:51",509700
32050,1150,100,"sd","09:49:42",509600
32050,1150,2000,"sd","09:49:41",509500
32050,1150,2500,"sd","09:49:28",507500
32050,1150,100,"bu","09:49:24",505000
32050,1150,700,"bu","09:49:20",504900
32050,1150,2000,"bu","09:49:14",504200
32050,1150,100,"bu","09:49:12",502200
32050,1150,1500,"sd","09:49:09",502100
32050,1150,700,"sd","09:49:09",500600
32050,1150,800,"bu","09:49:02",499900
32050,1150,100,"bu","09:49:02",499100
32050,1150,500,"bu","09:48:50",499000
32050,1150,1600,"sd","09:48:44",498500
32050,1150,400,"sd","09:48:41",496900
32050,1150,100,"sd","09:48:41",496500
32100,1200,300,"bu","09:48:28",496400
32100,1200,100,"bu","09:48:28",496100
32100,1200,100,"bu","09:48:28",496000
32100,1200,1000,"bu","09:48:28",495900
32050,1150,1000,"sd","09:48:19",494900
32050,1150,200,"bu","09:48:11",493900
32050,1150,1000,"bu","09:48:11",493700
32050,1150,100,"bu","09:48:11",492700
32050,1150,100,"bu","09:48:11",492600
32050,1150,500,"bu","09:48:11",492500
32050,1150,400,"bu","09:48:11",492000
32050,1150,400,"bu","09:48:11",491600
32050,1150,300,"bu","09:48:11",491200
32050,1150,100,"bu","09:48:00",490900
32000,1100,800,"bu","09:47:56",490800
32000,1100,200,"bu","09:47:55",490000
32000,1100,3000,"bu","09:47:54",489800
32000,1100,1000,"bu","09:47:50",486800
32050,1150,100,"bu","09:47:42",485800
32050,1150,500,"bu","09:47:42",485700
32050,1150,2000,"bu","09:47:42",485200
32050,1150,500,"bu","09:47:42",483200
32050,1150,500,"bu","09:47:42",482700
32050,1150,300,"bu","09:47:42",482200
32000,1100,1000,"bu","09:47:42",481900
32000,1100,3000,"bu","09:47:42",480900
32000,1100,400,"bu","09:47:42",477900
32000,1100,900,"bu","09:47:42",477500
32000,1100,100,"bu","09:47:27",476600
32000,1100,100,"bu","09:47:27",476500
32000,1100,400,"bu","09:47:18",476400
32000,1100,100,"bu","09:47:18",476000
32000,1100,500,"bu","09:47:18",475900
32000,1100,500,"bu","09:47:16",475400
32000,1100,400,"bu","09:47:09",474900
32000,1100,600,"bu","09:47:09",474500
32000,1100,1000,"bu","09:46:57",473900
31950,1050,300,"bu","09:46:45",472900
31950,1050,100,"sd","09:46:41",472600
32000,1100,5200,"bu","09:46:40",472500
32000,1100,600,"bu","09:46:40",467300
32000,1100,500,"bu","09:46:40",466700
32000,1100,100,"bu","09:46:40",466200
32000,1100,100,"bu","09:46:40",466100
32000,1100,100,"bu","09:46:40",466000
32000,1100,100,"bu","09:46:40",465900
32000,1100,200,"bu","09:46:40",465800
32000,1100,500,"bu","09:46:40",465600
32000,1100,2600,"bu","09:46:40",465100
32000,1100,400,"bu","09:46:34",462500
32000,1100,100,"bu","09:46:34",462100
31950,1050,700,"sd","09:46:28",462000
31950,1050,300,"sd","09:46:26",461300
31950,1050,100,"sd","09:46:26",461000
31950,1050,200,"sd","09:46:26",460900
32000,1100,200,"bu","09:46:16",460700
32000,1100,900,"bu","09:46:16",460500
32000,1100,1900,"bu","09:46:16",459600
31950,1050,1000,"sd","09:45:59",457700
31950,1050,100,"sd","09:45:15",456700
31950,1050,500,"sd","09:44:43",456600
31950,1050,200,"sd","09:44:36",456100
31950,1050,200,"sd","09:44:26",455900
32000,1100,3100,"bu","09:44:25",455700
32000,1100,1400,"bu","09:44:25",452600
32000,1100,100,"bu","09:44:25",451200
32000,1100,100,"bu","09:44:25",451100
32000,1100,500,"bu","09:44:25",451000
32000,1100,200,"bu","09:44:25",450500
32000,1100,2000,"bu","09:44:25",450300
32000,1100,1000,"bu","09:44:25",448300
32000,1100,5000,"bu","09:44:25",447300
32000,1100,1000,"bu","09:44:25",442300
32000,1100,5000,"bu","09:44:25",441300
32000,1100,400,"bu","09:44:25",436300
32000,1100,200,"bu","09:44:25",435900
31950,1050,100,"bu","09:44:17",435700
31950,1050,400,"bu","09:44:17",435600
31950,1050,5000,"bu","09:44:17",435200
31950,1050,300,"bu","09:44:17",430200
31950,1050,1000,"bu","09:44:17",429900
31950,1050,500,"bu","09:44:17",428900
31950,1050,1700,"bu","09:44:17",428400
31950,1050,2000,"bu","09:44:08",426700
31900,1000,100,"sd","09:43:42",424700
31900,1000,400,"sd","09:43:42",424600
31900,1000,100,"sd","09:43:00",424200
31900,1000,100,"sd","09:43:00",424100
31900,1000,500,"sd","09:43:00",424000
31900,1000,100,"sd","09:43:00",423500
31900,1000,200,"sd","09:43:00",423400
31900,1000,9000,"sd","09:43:00",423200
31950,1050,1000,"bu","09:42:56",414200
31950,1050,300,"bu","09:42:56",413200
31950,1050,200,"bu","09:42:56",412900
31950,1050,100,"bu","09:42:26",412700
31900,1000,1000,"sd","09:42:15",412600
31950,1050,700,"bu","09:42:08",411600
31950,1050,100,"bu","09:42:08",410900
31950,1050,2200,"bu","09:42:08",410800
31950,1050,2800,"bu","09:42:01",408600
31950,1050,100,"bu","09:42:01",405800
31950,1050,100,"bu","09:42:01",405700
31950,1050,200,"bu","09:41:34",405600
31950,1050,100,"bu","09:41:27",405400
31950,1050,1000,"bu","09:41:27",405300
31950,1050,100,"bu","09:41:27",404300
31950,1050,1000,"bu","09:41:27",404200
31950,1050,1100,"bu","09:41:27",403200
31950,1050,400,"bu","09:41:25",402100
31950,1050,500,"bu","09:41:18",401700
31950,1050,100,"bu","09:41:18",401200
31950,1050,200,"bu","09:41:18",401100
31950,1050,100,"bu","09:41:03",400900
31900,1000,200,"sd","09:40:53",400800
31900,1000,400,"bu","09:40:53",400600
31850,950,4600,"sd","09:40:46",400200
31850,950,400,"sd","09:40:46",395600
31850,950,600,"sd","09:40:41",395200
31850,950,400,"sd","09:40:41",394600
31850,950,100,"bu","09:40:23",394200
31850,950,2500,"bu","09:40:11",394100
31850,950,1000,"bu","09:40:08",391600
31850,950,500,"sd","09:39:56",390600
31850,950,100,"sd","09:39:56",390100
31850,950,400,"sd","09:39:56",390000
31850,950,200,"sd","09:39:56",389600
31850,950,200,"sd","09:39:56",389400
31850,950,200,"sd","09:39:56",389200
31850,950,200,"sd","09:39:56",389000
31900,1000,100,"bu","09:39:42",388800
31850,950,400,"sd","09:39:41",388700
31850,950,300,"sd","09:39:38",388300
31850,950,100,"sd","09:39:38",388000
31850,950,400,"sd","09:39:17",387900
31850,950,500,"sd","09:38:52",387500
31850,950,100,"sd","09:38:52",387000
31850,950,1500,"sd","09:38:52",386900
31850,950,3400,"sd","09:38:52",385400
31950,1050,500,"bu","09:38:47",382000
31950,1050,900,"bu","09:38:47",381500
31950,1050,400,"bu","09:38:47",380600
31950,1050,200,"bu","09:38:47",380200
31850,950,800,"sd","09:38:42",380000
31900,1000,400,"sd","09:38:42",379200
31900,1000,700,"sd","09:38:42",378800
31900,1000,600,"sd","09:38:42",378100
31950,1050,100,"bu","09:38:38",377500
31950,1050,100,"sd","09:37:58",377400
32000,1100,300,"bu","09:37:52",377300
32000,1100,300,"bu","09:37:52",377000
32000,1100,700,"sd","09:37:36",376700
32000,1100,100,"bu","09:37:28",376000
32000,1100,500,"bu","09:37:28",375900
32000,1100,500,"bu","09:37:28",375400
32000,1100,1000,"bu","09:37:28",374900
32000,1100,1500,"bu","09:37:28",373900
32000,1100,2500,"bu","09:37:28",372400
32000,1100,1000,"bu","09:37:28",369900
32000,1100,2200,"bu","09:37:28",368900
32000,1100,1200,"bu","09:37:28",366700
32000,1100,200,"sd","09:37:00",365500
32000,1100,1000,"sd","09:37:00",365300
32000,1100,400,"sd","09:37:00",364300
32000,1100,100,"sd","09:36:58",363900
32000,1100,200,"sd","09:36:58",363800
32000,1100,2700,"sd","09:36:58",363600
32000,1100,400,"sd","09:36:52",360900
32000,1100,100,"sd","09:36:44",360500
32000,1100,1000,"sd","09:36:44",360400
32000,1100,100,"sd","09:36:38",359400
32000,1100,1000,"sd","09:36:33",359300
32000,1100,3000,"bu","09:36:32",358300
32000,1100,100,"bu","09:36:32",355300
32000,1100,1000,"bu","09:36:32",355200
32000,1100,600,"bu","09:36:32",354200
32000,1100,400,"bu","09:36:30",353600
32000,1100,100,"bu","09:36:30",353200
32000,1100,300,"bu","09:36:30",353100
32000,1100,500,"bu","09:36:30",352800
32000,1100,3200,"bu","09:36:30",352300
32000,1100,600,"bu","09:36:30",349100
32000,1100,200,"bu","09:36:30",348500
31950,1050,700,"bu","09:36:30",348300
32000,1100,200,"bu","09:36:15",347600
32000,1100,300,"bu","09:36:15",347400
32000,1100,300,"bu","09:36:15",347100
32000,1100,100,"bu","09:36:15",346800
32000,1100,1000,"bu","09:36:15",346700
32000,1100,200,"bu","09:36:15",345700
32000,1100,800,"bu","09:36:03",345500
32000,1100,5000,"bu","09:36:03",344700
32000,1100,300,"bu","09:36:03",339700
32000,1100,2000,"bu","09:36:03",339400
32000,1100,1000,"bu","09:36:03",337400
32000,1100,900,"bu","09:36:03",336400
32000,1100,2100,"bu","09:36:00",335500
32000,1100,3600,"bu","09:36:00",333400
31900,1000,400,"bu","09:36:00",329800
31900,1000,3900,"bu","09:36:00",329400
31900,1000,100,"bu","09:35:59",325500
31900,1000,200,"bu","09:35:54",325400
31900,1000,500,"sd","09:35:53",325200
31900,1000,300,"sd","09:35:53",324700
32000,1100,400,"bu","09:35:35",324400
31950,1050,200,"bu","09:35:35",324000
31950,1050,400,"bu","09:35:35",323800
32000,1100,200,"bu","09:35:22",323400
32000,1100,2800,"bu","09:35:20",323200
31950,1050,200,"bu","09:35:20",320400
32000,1100,1000,"bu","09:35:16",320200
32000,1100,1000,"bu","09:35:16",319200
32000,1100,500,"sd","09:35:09",318200
32000,1100,3500,"sd","09:35:09",317700
32000,1100,3000,"sd","09:35:09",314200
32000,1100,100,"sd","09:35:08",311200
32000,1100,2000,"sd","09:35:03",311100
32050,1150,100,"bu","09:35:01",309100
32000,1100,500,"sd","09:34:58",309000
32000,1100,500,"bu","09:34:50",308500
32000,1100,400,"bu","09:34:50",308000
32000,1100,600,"bu","09:34:47",307600
32050,1150,500,"bu","09:34:46",307000
32000,1100,400,"bu","09:34:46",306500
32000,1100,100,"bu","09:34:46",306100
31900,1000,2000,"sd","09:34:44",306000
31900,1000,100,"sd","09:34:40",304000
31900,1000,400,"sd","09:34:40",303900
32000,1100,1000,"bu","09:34:39",303500
32000,1100,300,"bu","09:34:39",302500
32000,1100,200,"bu","09:34:39",302200
32000,1100,100,"bu","09:34:35",302000
32000,1100,200,"bu","09:34:34",301900
32050,1150,100,"bu","09:34:23",301700
32050,1150,100,"bu","09:34:23",301600
32050,1150,100,"bu","09:34:17",301500
32050,1150,300,"bu","09:34:15",301400
32050,1150,500,"bu","09:34:09",301100
32100,1200,300,"bu","09:34:04",300600
32050,1150,300,"bu","09:34:04",300300
31900,1000,4600,"sd","09:33:55",300000
32000,1100,300,"sd","09:33:54",295400
32050,1150,100,"sd","09:33:54",295100
32100,1200,600,"bu","09:33:50",295000
32150,1250,300,"bu","09:33:45",294400
32150,1250,200,"bu","09:33:45",294100
32150,1250,100,"bu","09:33:38",293900
32200,1300,1000,"sd","09:33:17",293800
32200,1300,500,"sd","09:33:17",292800
32200,1300,200,"bu","09:33:17",292300
32250,1350,200,"bu","09:33:13",292100
32200,1300,500,"bu","09:33:13",291900
32200,1300,300,"bu","09:33:13",291400
32100,1200,200,"sd","09:33:13",291100
32100,1200,300,"sd","09:33:10",290900
32100,1200,300,"sd","09:33:09",290600
32200,1300,1100,"bu","09:33:06",290300
32200,1300,100,"bu","09:33:06",289200
32200,1300,200,"bu","09:33:06",289100
32150,1250,600,"bu","09:33:06",288900
32150,1250,800,"bu","09:33:01",288300
32150,1250,100,"bu","09:33:01",287500
32100,1200,1400,"bu","09:33:01",287400
32100,1200,100,"bu","09:33:01",286000
32100,1200,200,"bu","09:33:01",285900
32050,1150,1400,"bu","09:33:01",285700
32000,1100,500,"bu","09:33:01",284300
32000,1100,1000,"bu","09:33:01",283800
32000,1100,500,"bu","09:33:01",282800
31850,950,900,"sd","09:32:56",282300
31900,1000,600,"sd","09:32:56",281400
31900,1000,300,"sd","09:32:55",280800
31900,1000,200,"sd","09:32:55",280500
32000,1100,500,"bu","09:32:55",280300
32000,1100,100,"bu","09:32:55",279800
32000,1100,1000,"bu","09:32:55",279700
32000,1100,500,"bu","09:32:55",278700
32000,1100,5000,"bu","09:32:55",278200
32000,1100,100,"bu","09:32:55",273200
32000,1100,5000,"bu","09:32:55",273100
32000,1100,300,"bu","09:32:55",268100
32000,1100,500,"bu","09:32:55",267800
32000,1100,1000,"bu","09:32:55",267300
32000,1100,500,"bu","09:32:55",266300
32000,1100,200,"bu","09:32:55",265800
32000,1100,100,"bu","09:32:55",265600
32000,1100,200,"bu","09:32:55",265500
32000,1100,1000,"bu","09:32:55",265300
32000,1100,500,"bu","09:32:55",264300
32000,1100,600,"bu","09:32:55",263800
32000,1100,100,"bu","09:32:55",263200
32000,1100,200,"bu","09:32:55",263100
32000,1100,100,"bu","09:32:55",262900
32000,1100,300,"bu","09:32:55",262800
32000,1100,200,"bu","09:32:55",262500
32000,1100,200,"bu","09:32:55",262300
32000,1100,200,"bu","09:32:55",262100
31950,1050,1500,"bu","09:32:55",261900
31950,1050,100,"bu","09:32:55",260400
31950,1050,300,"bu","09:32:53",260300
31950,1050,100,"bu","09:32:53",260000
31950,1050,3600,"bu","09:32:53",259900
31900,1000,100,"sd","09:32:47",256300
31950,1050,900,"bu","09:32:43",256200
31950,1050,1400,"bu","09:32:43",255300
31950,1050,200,"bu","09:32:43",253900
31900,1000,200,"bu","09:32:43",253700
31900,1000,300,"bu","09:32:43",253500
31900,1000,300,"bu","09:32:42",253200
31900,1000,100,"bu","09:32:39",252900
31900,1000,200,"bu","09:32:39",252800
31900,1000,300,"bu","09:32:39",252600
31900,1000,500,"bu","09:32:39",252300
31900,1000,500,"bu","09:32:35",251800
31900,1000,500,"bu","09:32:35",251300
31850,950,2000,"sd","09:32:33",250800
31850,950,2000,"sd","09:32:31",248800
31900,1000,200,"bu","09:32:28",246800
31850,950,100,"sd","09:32:27",246600
31900,1000,500,"bu","09:32:26",246500
31900,1000,100,"bu","09:32:26",246000
31900,1000,200,"bu","09:32:26",245900
31900,1000,2200,"bu","09:32:26",245700
31850,950,300,"sd","09:32:21",243500
31850,950,500,"bu","09:32:20",243200
31850,950,1000,"sd","09:32:20",242700
31900,1000,1800,"bu","09:32:18",241700
31900,1000,200,"bu","09:32:18",239900
31850,950,500,"bu","09:32:15",239700
31850,950,500,"bu","09:32:15",239200
31850,950,700,"bu","09:32:11",238700
31850,950,300,"bu","09:32:11",238000
31800,900,500,"sd","09:32:07",237700
31800,900,500,"bu","09:32:01",237200
31800,900,500,"bu","09:32:01",236700
31800,900,200,"bu","09:32:01",236200
31800,900,1100,"bu","09:31:58",236000
31800,900,400,"bu","09:31:58",234900
31800,900,500,"bu","09:31:58",234500
31650,750,500,"sd","09:31:56",234000
31800,900,500,"bu","09:31:54",233500
31800,900,5000,"bu","09:31:54",233000
31800,900,5500,"bu","09:31:54",228000
31800,900,100,"bu","09:31:54",222500
31800,900,100,"bu","09:31:54",222400
31800,900,900,"bu","09:31:54",222300
31800,900,500,"bu","09:31:54",221400
31800,900,4400,"bu","09:31:54",220900
31750,850,3000,"bu","09:31:54",216500
31800,900,600,"bu","09:31:47",213500
31800,900,100,"bu","09:31:47",212900
31750,850,300,"bu","09:31:47",212800
31750,850,1000,"bu","09:31:47",212500
31700,800,200,"bu","09:31:47",211500
31700,800,100,"bu","09:31:47",211300
31700,800,100,"bu","09:31:47",211200
31700,800,500,"bu","09:31:47",211100
31650,750,600,"sd","09:31:45",210600
31650,750,400,"sd","09:31:45",210000
31650,750,1000,"sd","09:31:45",209600
31650,750,500,"sd","09:31:38",208600
31700,800,100,"bu","09:31:38",208100
31650,750,400,"sd","09:31:35",208000
31650,750,300,"sd","09:31:25",207600
31650,750,600,"sd","09:31:18",207300
31700,800,400,"bu","09:31:14",206700
31700,800,500,"bu","09:31:14",206300
31700,800,200,"bu","09:31:14",205800
31700,800,1000,"bu","09:31:14",205600
31700,800,500,"bu","09:31:14",204600
31700,800,300,"bu","09:31:14",204100
31700,800,100,"bu","09:31:14",203800
31650,750,300,"bu","09:31:05",203700
31650,750,300,"bu","09:31:05",203400
31650,750,100,"bu","09:31:05",203100
31650,750,1500,"bu","09:31:05",203000
31650,750,1000,"bu","09:30:50",201500
31650,750,2400,"sd","09:30:47",200500
31650,750,100,"sd","09:30:38",198100
31650,750,300,"bu","09:30:32",198000
31650,750,200,"bu","09:30:32",197700
31650,750,1000,"bu","09:30:32",197500
31650,750,800,"bu","09:30:32",196500
31650,750,200,"bu","09:30:32",195700
31600,700,400,"sd","09:30:27",195500
31600,700,100,"sd","09:30:25",195100
31600,700,2500,"sd","09:30:15",195000
31600,700,200,"sd","09:30:14",192500
31600,700,2000,"bu","09:30:10",192300
31600,700,500,"bu","09:30:10",190300
31600,700,800,"bu","09:30:10",189800
31600,700,1100,"bu","09:30:10",189000
31600,700,1000,"bu","09:30:07",187900
31600,700,100,"bu","09:29:54",186900
31600,700,900,"bu","09:29:54",186800
31600,700,1900,"bu","09:29:53",185900
31600,700,1000,"bu","09:29:53",184000
31600,700,1000,"bu","09:29:53",183000
31600,700,100,"bu","09:29:53",181800
31600,700,200,"bu","09:29:53",182000
31550,650,300,"bu","09:29:53",181700
31550,650,1000,"bu","09:29:53",181400
31550,650,700,"bu","09:29:53",180400
31550,650,500,"bu","09:29:53",179700
31550,650,1000,"bu","09:29:53",179200
31550,650,2000,"bu","09:29:53",178200
31550,650,100,"bu","09:29:53",176200
31550,650,200,"bu","09:29:53",176100
31500,600,5000,"sd","09:29:47",175900
31500,600,300,"sd","09:29:42",170900
31500,600,600,"bu","09:29:42",170600
31500,600,100,"bu","09:29:42",170000
31500,600,500,"bu","09:29:42",169900
31500,600,5000,"bu","09:29:42",169400
31500,600,100,"bu","09:29:42",164400
31500,600,1000,"bu","09:29:42",164300
31500,600,200,"bu","09:29:42",163300
31500,600,100,"bu","09:29:42",163100
31500,600,200,"bu","09:29:42",163000
31500,600,100,"bu","09:29:42",162800
31500,600,400,"bu","09:29:42",162700
31500,600,700,"bu","09:29:42",162300
31500,600,1400,"bu","09:29:42",161600
31500,600,500,"bu","09:29:42",160200
31500,600,300,"bu","09:29:42",159700
31500,600,10000,"bu","09:29:42",159400
31500,600,300,"bu","09:29:42",149400
31500,600,100,"bu","09:29:42",149100
31500,600,200,"bu","09:29:42",149000
31500,600,100,"bu","09:29:42",148800
31500,600,1600,"bu","09:29:42",148700
31500,600,300,"bu","09:29:42",147100
31500,600,2700,"bu","09:29:40",146800
31500,600,200,"bu","09:29:40",144100
31500,600,100,"bu","09:29:40",143900
31500,600,4900,"bu","09:29:34",143800
31500,600,100,"bu","09:29:34",138900
31500,600,3000,"bu","09:29:34",138800
31450,550,200,"bu","09:29:21",135800
31450,550,500,"bu","09:29:21",135600
31450,550,100,"bu","09:29:21",135100
31450,550,1400,"bu","09:29:21",135000
31450,550,300,"bu","09:29:21",133600
31450,550,700,"bu","09:29:21",133300
31450,550,1000,"bu","09:29:21",132600
31450,550,500,"bu","09:29:21",131600
31450,550,100,"bu","09:29:21",131100
31450,550,1200,"bu","09:29:21",131000
31450,550,3800,"bu","09:29:10",129800
31450,550,100,"bu","09:29:10",126000
31450,550,1100,"bu","09:29:10",125900
31400,500,100,"sd","09:28:56",124800
31400,500,800,"sd","09:28:43",124700
31400,500,200,"sd","09:28:43",123900
31400,500,500,"sd","09:28:38",123700
31400,500,100,"sd","09:28:35",123200
31400,500,2000,"sd","09:28:30",123100
31400,500,200,"bu","09:28:22",121100
31400,500,1000,"bu","09:28:22",120900
31400,500,200,"bu","09:28:22",119900
31400,500,500,"bu","09:28:22",119700
31400,500,5000,"bu","09:28:22",119200
31400,500,300,"bu","09:28:22",114200
31400,500,100,"bu","09:28:21",113900
31400,500,200,"bu","09:28:14",113800
31400,500,400,"sd","09:27:23",113600
31400,500,400,"sd","09:27:17",113200
31400,500,200,"bu","09:27:10",112800
31400,500,100,"sd","09:27:07",112600
31400,500,200,"sd","09:27:07",112500
31400,500,400,"sd","09:27:07",112300
31400,500,100,"sd","09:27:07",111900
31450,550,500,"bu","09:27:05",111800
31400,500,100,"sd","09:27:03",111300
31400,500,5000,"sd","09:26:45",111200
31400,500,100,"sd","09:26:42",106200
31400,500,200,"sd","09:26:42",106100
31400,500,200,"sd","09:26:42",105900
31400,500,100,"sd","09:26:23",105700
31450,550,400,"bu","09:26:05",105600
31400,500,100,"sd","09:25:59",105200
31400,500,1000,"sd","09:25:12",105100
31400,500,200,"sd","09:24:38",104100
31400,500,1200,"bu","09:24:28",103900
31400,500,200,"bu","09:24:28",102700
31400,500,100,"bu","09:24:28",102500
31400,500,900,"bu","09:24:28",102400
31400,500,6400,"bu","09:24:28",101500
31400,500,1000,"bu","09:24:26",95100
31350,450,3700,"sd","09:24:18",94100
31350,450,1300,"sd","09:24:18",90400
31350,450,500,"sd","09:24:14",89100
31400,500,1200,"bu","09:24:13",88600
31400,500,1400,"bu","09:24:11",87400
31400,500,100,"bu","09:24:11",86000
31400,500,4000,"bu","09:24:11",85900
31400,500,3000,"bu","09:24:11",81900
31400,500,1500,"bu","09:24:11",78900
31350,450,200,"sd","09:24:05",77400
31350,450,1000,"sd","09:24:05",77200
31350,450,100,"sd","09:24:05",76200
31350,450,100,"sd","09:24:05",76100
31350,450,1100,"sd","09:24:05",76000
31400,500,500,"bu","09:23:58",74900
31400,500,1000,"bu","09:23:42",74400
31350,450,300,"sd","09:23:28",73400
31350,450,500,"sd","09:22:55",73100
31350,450,100,"bu","09:22:47",72600
31350,450,100,"bu","09:22:47",72500
31350,450,900,"bu","09:22:47",72400
31350,450,1100,"bu","09:22:43",71500
31350,450,500,"bu","09:22:43",70400
31350,450,400,"bu","09:22:43",69900
31300,400,1200,"bu","09:22:23",69500
31300,400,800,"bu","09:22:21",68300
31300,400,500,"bu","09:22:19",67500
31300,400,500,"bu","09:22:19",67000
31300,400,500,"bu","09:22:19",66500
31300,400,1000,"bu","09:22:19",66000
31300,400,500,"bu","09:22:19",65000
31300,400,24500,"bu","09:22:13",64500
31300,400,100,"bu","09:22:13",40000
31300,400,200,"bu","09:22:09",39900
31300,400,100,"bu","09:22:09",39700
31300,400,500,"bu","09:22:09",39600
31300,400,500,"bu","09:22:09",39100
31300,400,2000,"bu","09:22:09",38600
31250,350,1000,"sd","09:22:07",36600
31200,300,600,"sd","09:21:42",35600
31200,300,100,"sd","09:21:42",35000
31250,350,1000,"sd","09:21:42",34900
31250,350,200,"sd","09:21:42",33900
31200,300,100,"sd","09:21:21",33700
31250,350,1000,"bu","09:20:53",33600
31250,350,600,"bu","09:20:53",32600
31250,350,5200,"bu","09:20:53",32000
31250,350,100,"bu","09:20:53",26800
31250,350,500,"bu","09:20:53",26700
31250,350,500,"bu","09:20:53",26200
31200,300,500,"bu","09:20:26",25700
31200,300,400,"bu","09:20:05",25200
31200,300,500,"bu","09:20:05",24800
31200,300,100,"bu","09:20:05",24300
31200,300,200,"bu","09:19:58",24200
31200,300,100,"bu","09:19:54",24000
31200,300,600,"bu","09:19:49",23900
31200,300,5000,"bu","09:19:49",23300
31200,300,300,"bu","09:19:49",18300
31200,300,100,"bu","09:19:49",18000
31200,300,500,"bu","09:19:49",17900
31200,300,500,"bu","09:19:49",17400
31200,300,1000,"bu","09:19:49",16900
31150,250,2000,"bu","09:19:09",15900
31150,250,500,"bu","09:19:09",13900
31150,250,200,"bu","09:19:06",13400
31150,250,300,"bu","09:19:05",13200
31150,250,700,"bu","09:19:05",12900
31150,250,3000,"bu","09:19:04",12200
31150,250,100,"bu","09:18:39",9200
31150,250,1000,"bu","09:18:28",9100
31150,250,200,"sd","09:17:50",8100
31150,250,100,"sd","09:17:39",7900
31150,250,100,"bu","09:17:17",7800
31150,250,100,"bu","09:17:15",7700
31150,250,200,"bu","09:17:15",7600
31150,250,300,"bu","09:16:55",7400
31150,250,500,"bu","09:16:55",7100
31100,200,200,"bu","09:16:55",6600
31100,200,800,"bu","09:16:55",6400
31050,150,1700,"bu","09:16:44",5600
31050,150,300,"bu","09:16:44",3900
31050,150,200,"bu","09:16:44",3600
31050,150,100,"bu","09:16:40",3400
31050,150,100,"bu","09:16:26",3300
31050,150,400,"bu","09:16:24",3200
31050,150,200,"bu","09:16:24",2800
31000,100,100,"bu","09:16:05",2600
31000,100,100,"bu","09:16:05",2500
31000,100,200,"bu","09:16:04",2400
31000,100,300,"bu","09:15:36",2200
31000,100,1900,"bu","09:15:00",1900
