"price","change","match_qtty","side","time","total_vol"
15300,200,1100,"unknown","14:45:00",175700
15300,200,500,"bu","14:29:22",174600
15250,150,400,"sd","14:28:11",174100
15250,150,800,"sd","14:28:11",173700
15250,150,200,"sd","14:26:43",172900
15250,150,500,"sd","14:26:43",172700
15200,100,400,"sd","14:22:41",172200
15200,100,100,"sd","14:22:41",171800
15200,100,500,"sd","14:22:41",171700
15250,150,2000,"bu","14:21:32",171200
15200,100,700,"bu","14:16:01",169200
15200,100,100,"sd","14:15:28",168500
15200,100,500,"sd","14:15:28",168400
15200,100,500,"sd","14:15:28",167900
15200,100,100,"sd","14:15:28",167400
15200,100,300,"sd","14:15:28",167300
15200,100,400,"sd","14:15:28",167000
15200,100,600,"sd","14:15:28",166600
15200,100,2000,"sd","14:15:28",166000
15200,100,100,"sd","14:15:28",164000
15200,100,500,"sd","14:15:28",163900
15200,100,500,"sd","14:15:28",163400
15200,100,200,"sd","14:15:28",162900
15250,150,600,"bu","14:14:04",162700
15250,150,400,"bu","14:13:26",162100
15250,150,500,"bu","14:11:19",161700
15250,150,200,"bu","14:10:15",161200
15250,150,500,"sd","14:09:05",161000
15250,150,100,"sd","14:09:05",160500
15250,150,500,"sd","14:09:05",160400
15250,150,100,"sd","14:09:05",159900
15250,150,300,"sd","14:09:05",159800
15250,150,2700,"sd","14:04:00",159500
15250,150,500,"sd","14:04:00",156800
15250,150,100,"sd","14:04:00",156300
15250,150,2000,"sd","14:04:00",156200
15250,150,400,"sd","14:04:00",154200
15250,150,100,"sd","14:04:00",153800
15250,150,100,"sd","14:04:00",153700
15250,150,100,"sd","14:04:00",153600
15250,150,1000,"sd","14:04:00",153500
15300,200,300,"sd","14:02:28",152500
15300,200,500,"sd","14:02:28",152200
15300,200,200,"sd","14:02:28",151700
15300,200,100,"sd","13:59:47",151500
15300,200,100,"sd","13:59:47",151400
15300,200,100,"sd","13:59:08",151300
15300,200,900,"sd","13:59:08",151200
15300,200,200,"bu","13:54:28",150300
15300,200,300,"sd","13:53:32",150100
15300,200,200,"sd","13:53:14",149800
15300,200,100,"sd","13:53:14",149600
15300,200,400,"sd","13:53:14",149500
15300,200,1000,"sd","13:53:14",149100
15300,200,100,"sd","13:53:14",148100
15300,200,100,"sd","13:53:14",148000
15300,200,300,"sd","13:53:14",147900
15300,200,100,"sd","13:53:14",147600
15300,200,300,"sd","13:53:14",147500
15300,200,400,"sd","13:53:14",147200
15300,200,400,"sd","13:52:04",146800
15300,200,100,"sd","13:52:04",146400
15300,200,300,"sd","13:52:04",146300
15300,200,1200,"sd","13:52:04",146000
15300,200,800,"sd","13:50:46",144800
15300,200,500,"sd","13:50:46",144000
15350,250,500,"sd","13:48:30",143500
15350,250,9000,"sd","13:48:30",143000
15350,250,1000,"sd","13:46:48",134000
15350,250,100,"sd","13:46:48",133000
15350,250,100,"sd","13:46:48",132900
15350,250,400,"sd","13:46:48",132800
15350,250,2000,"sd","13:44:31",132400
15350,250,2000,"sd","13:42:32",130400
15400,300,100,"bu","13:40:24",128400
15400,300,1300,"bu","13:38:19",128300
15350,250,400,"sd","13:35:42",127000
15350,250,100,"sd","13:35:17",126600
15350,250,100,"sd","13:31:24",126500
15350,250,100,"sd","13:31:24",126400
15350,250,100,"sd","13:29:23",126300
15350,250,900,"sd","13:25:37",126200
15350,250,1700,"sd","13:23:25",125300
15350,250,200,"sd","13:23:25",123600
15350,250,100,"sd","13:23:25",123400
15350,250,400,"bu","13:21:31",123300
15350,250,100,"bu","13:21:16",122900
15350,250,1000,"sd","13:19:21",122800
15350,250,300,"sd","13:19:21",121800
15350,250,100,"sd","13:19:21",121500
15350,250,100,"sd","13:19:21",121400
15350,250,1500,"sd","13:19:21",121300
15400,300,100,"bu","13:17:50",119800
15400,300,500,"sd","13:17:08",119700
15400,300,4500,"sd","13:17:02",119200
15400,300,300,"sd","13:17:02",114700
15400,300,400,"sd","13:17:02",114400
15400,300,100,"sd","13:14:09",114000
15400,300,1000,"sd","13:14:09",113900
15400,300,900,"sd","13:14:09",112900
15400,300,100,"sd","13:12:51",112000
15400,300,700,"sd","13:12:51",111900
15450,350,200,"bu","13:12:38",111200
15450,350,300,"bu","13:12:38",111000
15400,300,1000,"sd","13:12:15",110700
15400,300,100,"sd","13:11:31",109700
15400,300,100,"sd","13:10:04",109600
15400,300,3000,"sd","13:09:04",109500
15400,300,1600,"sd","13:08:50",106500
15400,300,200,"sd","13:08:50",104900
15450,350,300,"bu","13:07:33",104700
15400,300,100,"sd","13:06:41",104400
15450,350,100,"bu","13:05:17",104300
15450,350,1500,"bu","13:03:15",104200
15400,300,700,"sd","13:00:13",102700
15450,350,1300,"bu","13:00:04",102000
15450,350,100,"bu","13:00:04",100700
15450,350,100,"bu","13:00:04",100600
15450,350,500,"bu","13:00:04",100500
15400,300,100,"sd","13:00:03",100000
15400,300,100,"sd","12:59:59",99900
15400,300,1500,"sd","11:29:19",99800
15400,300,1000,"sd","11:29:12",98300
15400,300,400,"sd","11:23:19",97300
15400,300,1900,"bu","11:23:08",96900
15400,300,300,"sd","11:22:09",95000
15400,300,300,"sd","11:22:09",94700
15400,300,500,"sd","11:22:09",94400
15450,350,500,"bu","11:19:07",93900
15450,350,100,"bu","11:18:30",93400
15450,350,400,"bu","11:18:30",93300
15450,350,100,"sd","11:17:27",92900
15450,350,1700,"sd","11:17:27",92800
15450,350,200,"sd","11:17:27",91100
15450,350,200,"sd","11:17:13",90900
15450,350,1800,"sd","11:17:13",90700
15450,350,200,"sd","11:16:36",88900
15450,350,300,"sd","11:16:36",88700
15450,350,1500,"sd","11:16:36",88400
15500,400,500,"bu","11:14:25",86900
15500,400,300,"bu","11:14:25",86400
15500,400,200,"bu","11:14:25",86100
15500,400,500,"bu","11:01:01",85900
15500,400,500,"bu","11:01:01",85400
15500,400,500,"bu","10:56:48",84900
15500,400,100,"bu","10:56:48",84400
15500,400,1900,"bu","10:56:21",84300
15500,400,100,"bu","10:56:21",82400
15500,400,1000,"bu","10:56:21",82300
15500,400,4000,"bu","10:56:21",81300
15500,400,500,"bu","10:55:38",77300
15500,400,500,"bu","10:55:26",76800
15500,400,2000,"bu","10:55:26",76300
15500,400,1000,"bu","10:55:26",74300
15500,400,100,"bu","10:55:26",73300
15450,350,1200,"sd","10:55:20",73200
15500,400,400,"bu","10:53:48",72000
15500,400,100,"bu","10:53:48",71600
15500,400,100,"bu","10:52:51",71500
15500,400,900,"bu","10:52:51",71400
15450,350,300,"sd","10:51:49",70500
15450,350,700,"sd","10:51:49",70200
15500,400,1000,"bu","10:51:40",69500
15500,400,100,"bu","10:51:10",68500
15500,400,100,"bu","10:51:10",68400
15500,400,300,"bu","10:51:10",68300
15500,400,200,"bu","10:49:55",68000
15500,400,100,"bu","10:49:55",67800
15500,400,100,"bu","10:49:55",67700
15500,400,100,"bu","10:49:55",67600
15450,350,1000,"sd","10:47:08",67500
15450,350,1000,"sd","10:46:29",66500
15450,350,2000,"bu","10:45:01",65500
15450,350,100,"bu","10:45:01",63500
15450,350,1200,"bu","10:45:01",63400
15400,300,1000,"sd","10:44:36",62200
15450,350,800,"bu","10:44:34",61200
15450,350,2000,"bu","10:44:34",60400
15450,350,1000,"bu","10:44:34",58400
15450,350,1200,"bu","10:44:34",57400
15450,350,1000,"bu","10:44:14",56200
15400,300,300,"bu","10:42:06",55200
15400,300,500,"bu","10:42:06",54900
15400,300,1000,"bu","10:41:37",54400
15400,300,500,"bu","10:36:54",53400
15400,300,500,"bu","10:36:54",52900
15400,300,600,"bu","10:36:11",52400
15400,300,200,"bu","10:35:20",51800
15400,300,700,"bu","10:34:35",51600
15400,300,300,"bu","10:34:35",50900
15400,300,600,"bu","10:33:51",50600
15400,300,100,"sd","10:33:21",50000
15400,300,100,"sd","10:32:48",49900
15450,350,400,"bu","10:31:14",49800
15450,350,1000,"bu","10:31:14",49400
15450,350,200,"bu","10:31:14",48400
15450,350,2000,"bu","10:31:14",48200
15450,350,200,"bu","10:31:14",46200
15450,350,100,"bu","10:31:14",45000
15450,350,1000,"bu","10:31:14",46000
15400,300,3000,"bu","10:31:14",44900
15400,300,800,"bu","10:31:14",41900
15400,300,100,"bu","10:31:14",41100
15400,300,100,"bu","10:31:14",41000
15400,300,800,"bu","10:31:14",40900
15350,250,500,"sd","10:30:35",40100
15350,250,500,"sd","10:30:35",39600
15350,250,600,"sd","10:29:50",39100
15350,250,900,"sd","10:28:30",38500
15300,200,100,"bu","10:26:05",37600
15300,200,300,"sd","10:25:44",37500
15300,200,100,"sd","10:25:44",37200
15400,300,1200,"bu","10:24:39",37100
15400,300,1000,"bu","10:24:39",35900
15400,300,100,"bu","10:24:39",34900
15400,300,1000,"bu","10:24:39",34800
15400,300,1000,"bu","10:24:39",33800
15400,300,100,"bu","10:24:39",32800
15400,300,400,"bu","10:24:39",32700
15400,300,200,"bu","10:24:39",32300
15350,250,200,"sd","10:12:12",32100
15350,250,100,"sd","10:09:53",31900
15350,250,300,"sd","10:09:53",31800
15400,300,100,"bu","10:03:20",31500
15400,300,100,"bu","10:03:20",31400
15400,300,300,"bu","10:03:20",31300
15350,250,1000,"sd","10:01:27",31000
15350,250,200,"bu","10:00:54",30000
15300,200,200,"sd","09:55:21",29800
15300,200,300,"sd","09:55:10",29600
15300,200,100,"sd","09:55:10",29300
15300,200,100,"sd","09:55:10",29200
15400,300,100,"bu","09:51:54",29100
15400,300,100,"bu","09:50:53",29000
15350,250,700,"bu","09:50:41",28900
15350,250,600,"bu","09:50:41",28200
15350,250,100,"bu","09:45:50",27600
15350,250,300,"sd","09:43:49",27500
15350,250,700,"sd","09:43:32",27200
15350,250,300,"sd","09:43:32",26500
15350,250,100,"sd","09:43:22",26200
15350,250,1000,"sd","09:42:12",26100
15400,300,1000,"sd","09:41:10",25100
15400,300,1000,"sd","09:40:07",24100
15400,300,900,"bu","09:39:15",23100
15400,300,300,"bu","09:39:06",22200
15400,300,800,"bu","09:38:21",21900
15400,300,1000,"bu","09:38:21",21100
15400,300,100,"bu","09:38:21",20100
15400,300,200,"bu","09:38:21",20000
15350,250,2000,"bu","09:37:41",19800
15350,250,100,"bu","09:37:41",17800
15300,200,500,"bu","09:35:58",17700
15300,200,100,"bu","09:35:58",17200
15300,200,500,"bu","09:35:58",17100
15300,200,1000,"bu","09:35:58",16600
15250,150,2000,"bu","09:35:58",15600
15250,150,1000,"bu","09:35:58",13600
15250,150,100,"bu","09:35:58",12600
15200,100,2000,"bu","09:35:39",12500
15200,100,700,"bu","09:35:39",10500
15200,100,300,"bu","09:35:38",9800
15200,100,100,"bu","09:35:38",9500
15200,100,100,"bu","09:35:38",9400
15150,50,500,"sd","09:34:52",9300
15150,50,400,"sd","09:34:52",8800
15150,50,400,"sd","09:30:11",8400
15150,50,200,"sd","09:27:31",8000
15150,50,1800,"sd","09:27:31",7800
15150,50,200,"bu","09:24:52",6000
15150,50,800,"sd","09:24:35",5800
15150,50,1000,"bu","09:20:33",5000
15150,50,1000,"bu","09:20:33",4000
15150,50,200,"bu","09:20:33",3000
15150,50,1000,"sd","09:18:50",2800
15200,100,1800,"bu","09:15:01",1800
