"price","change","match_qtty","side","time","total_vol"
20600,300,135000,"unknown","14:45:01",3813500
20600,300,1800,"bu","14:29:58",3678500
20600,300,1000,"bu","14:29:56",3676700
20600,300,100,"bu","14:29:54",3675700
20600,300,7000,"bu","14:29:47",3675600
20600,300,100,"bu","14:29:45",3668600
20600,300,1000,"bu","14:29:45",3668500
20600,300,900,"bu","14:29:45",3667500
20600,300,100,"bu","14:29:40",3666600
20550,250,3000,"sd","14:29:39",3666500
20600,300,200,"bu","14:29:39",3663500
20600,300,300,"bu","14:29:15",3663300
20600,300,5000,"bu","14:29:15",3663000
20600,300,4700,"bu","14:29:15",3658000
20600,300,800,"bu","14:29:06",3653300
20600,300,200,"bu","14:29:06",3652500
20600,300,900,"bu","14:29:04",3652300
20550,250,700,"sd","14:29:02",3651400
20550,250,100,"sd","14:29:02",3650700
20550,250,200,"sd","14:29:02",3650600
20600,300,1900,"bu","14:29:01",3650400
20600,300,100,"bu","14:29:01",3648500
20600,300,100,"bu","14:28:54",3648400
20600,300,800,"bu","14:28:49",3648300
20600,300,500,"bu","14:28:49",3647500
20600,300,900,"bu","14:28:49",3647000
20600,300,3500,"bu","14:28:48",3646100
20600,300,6300,"bu","14:28:48",3642600
20600,300,1700,"bu","14:28:46",3636300
20600,300,300,"bu","14:28:46",3634600
20600,300,2000,"bu","14:28:44",3634300
20600,300,4300,"bu","14:28:41",3632300
20600,300,3000,"bu","14:28:41",3628000
20600,300,5000,"bu","14:28:40",3625000
20600,300,2000,"bu","14:28:23",3620000
20600,300,1400,"bu","14:28:22",3618000
20600,300,100,"bu","14:28:22",3616600
20600,300,500,"bu","14:28:22",3616500
20600,300,3000,"bu","14:28:07",3616000
20600,300,100,"bu","14:28:03",3613000
20600,300,500,"bu","14:27:57",3612900
20550,250,100,"sd","14:27:41",3612400
20550,250,400,"sd","14:27:12",3612300
20550,250,500,"sd","14:27:12",3611900
20550,250,1200,"sd","14:27:09",3611400
20550,250,1000,"sd","14:27:09",3610200
20550,250,1100,"sd","14:27:09",3609200
20550,250,700,"sd","14:27:09",3608100
20550,250,5000,"sd","14:26:44",3607400
20550,250,100,"sd","14:26:11",3602400
20550,250,400,"sd","14:26:07",3602300
20550,250,600,"sd","14:25:50",3601900
20600,300,700,"bu","14:25:46",3601300
20550,250,200,"sd","14:25:41",3600600
20550,250,2000,"sd","14:25:22",3600400
20550,250,200,"sd","14:24:54",3598400
20550,250,800,"sd","14:24:11",3598200
20550,250,100,"sd","14:24:11",3597400
20550,250,400,"bu","14:23:55",3597300
20550,250,100,"bu","14:23:55",3596900
20550,250,1000,"bu","14:23:54",3596800
20550,250,500,"bu","14:23:48",3595800
20550,250,400,"bu","14:23:47",3595300
20550,250,100,"bu","14:23:47",3594900
20550,250,1000,"bu","14:23:47",3594800
20550,250,300,"bu","14:23:47",3593800
20550,250,200,"bu","14:23:47",3593500
20550,250,1400,"bu","14:23:47",3593300
20550,250,600,"bu","14:23:47",3591900
20550,250,3000,"bu","14:23:41",3591300
20550,250,500,"bu","14:23:40",3588300
20550,250,100,"bu","14:23:35",3587800
20550,250,100,"bu","14:23:35",3587700
20550,250,300,"bu","14:23:35",3587600
20550,250,100,"bu","14:23:34",3587300
20550,250,200,"bu","14:23:30",3587200
20550,250,4800,"bu","14:23:30",3587000
20550,250,200,"bu","14:23:29",3582200
20550,250,200,"bu","14:23:18",3582000
20550,250,100,"bu","14:23:15",3581800
20550,250,3000,"bu","14:23:15",3581700
20500,200,100,"sd","14:23:13",3578700
20550,250,100,"bu","14:23:11",3578600
20550,250,3000,"bu","14:23:05",3578500
20550,250,1000,"bu","14:23:02",3575500
20550,250,5000,"bu","14:22:58",3574500
20550,250,5000,"bu","14:22:53",3569500
20550,250,1000,"bu","14:22:47",3564500
20550,250,1000,"bu","14:22:44",3563500
20550,250,100,"sd","14:22:32",3562500
20550,250,200,"sd","14:22:32",3562400
20550,250,4000,"sd","14:22:32",3562200
20550,250,5000,"sd","14:22:32",3558200
20550,250,100,"sd","14:22:32",3553200
20550,250,500,"sd","14:22:32",3553100
20550,250,400,"sd","14:22:32",3552600
20550,250,1000,"sd","14:22:32",3552200
20550,250,3500,"sd","14:22:32",3551200
20550,250,4800,"sd","14:22:32",3547700
20550,250,200,"sd","14:22:32",3542900
20550,250,500,"sd","14:22:32",3542700
20550,250,400,"sd","14:22:32",3542200
20550,250,200,"sd","14:22:32",3541800
20550,250,5000,"sd","14:22:32",3541600
20550,250,1000,"sd","14:22:32",3536600
20550,250,1000,"sd","14:22:32",3535600
20550,250,500,"sd","14:22:32",3534600
20550,250,500,"sd","14:22:32",3534100
20550,250,1000,"sd","14:22:32",3533600
20550,250,300,"sd","14:22:32",3532600
20550,250,100,"sd","14:22:32",3532300
20550,250,500,"sd","14:22:32",3532200
20550,250,300,"sd","14:22:32",3531700
20550,250,5000,"sd","14:22:32",3531400
20550,250,1000,"sd","14:22:32",3526400
20550,250,200,"sd","14:22:32",3525400
20550,250,500,"sd","14:22:32",3525200
20550,250,500,"sd","14:22:32",3524700
20550,250,1000,"sd","14:22:32",3524200
20550,250,100,"sd","14:22:32",3523200
20550,250,1000,"sd","14:22:32",3523100
20550,250,300,"sd","14:22:32",3522100
20550,250,200,"sd","14:22:32",3521800
20550,250,200,"sd","14:22:32",3521600
20550,250,500,"sd","14:22:32",3521400
20550,250,3800,"sd","14:22:32",3520900
20600,300,1500,"bu","14:22:30",3517100
20600,300,2400,"bu","14:22:28",3515600
20600,300,5000,"bu","14:22:07",3513200
20600,300,4000,"bu","14:22:00",3508200
20600,300,4000,"bu","14:21:50",3504200
20600,300,4000,"bu","14:20:45",3500200
20600,300,3300,"bu","14:20:17",3496200
20550,250,200,"sd","14:20:11",3492900
20550,250,300,"sd","14:20:11",3492700
20550,250,500,"sd","14:20:00",3492400
20550,250,3000,"sd","14:20:00",3491900
20600,300,100,"bu","14:19:49",3488900
20600,300,1400,"bu","14:19:46",3488800
20600,300,100,"bu","14:19:46",3487400
20600,300,100,"bu","14:19:46",3487300
20600,300,400,"bu","14:19:45",3487200
20600,300,700,"bu","14:19:29",3486800
20600,300,500,"bu","14:19:25",3486100
20600,300,4000,"bu","14:19:23",3485600
20600,300,100,"bu","14:19:06",3481600
20600,300,900,"bu","14:18:36",3481500
20550,250,600,"sd","14:18:11",3480600
20550,250,600,"sd","14:17:49",3480000
20550,250,4400,"sd","14:17:49",3479400
20550,250,1500,"sd","14:17:48",3475000
20550,250,100,"sd","14:17:11",3473500
20550,250,1300,"sd","14:16:41",3473400
20550,250,10000,"sd","14:16:22",3472100
20550,250,2700,"sd","14:16:17",3462100
20550,250,300,"sd","14:16:17",3459400
20550,250,200,"sd","14:16:11",3459100
20550,250,1000,"sd","14:15:48",3458900
20550,250,1500,"sd","14:15:48",3457900
20600,300,200,"bu","14:14:55",3456400
20600,300,1000,"bu","14:14:22",3456200
20600,300,100,"bu","14:14:20",3455200
20600,300,100,"bu","14:13:19",3455100
20600,300,1500,"bu","14:13:17",3455000
20600,300,5800,"bu","14:12:18",3453500
20600,300,2000,"bu","14:12:18",3447700
20600,300,2200,"bu","14:12:18",3445700
20600,300,1000,"bu","14:12:12",3443500
20600,300,200,"bu","14:12:06",3442500
20600,300,100,"bu","14:10:28",3442300
20600,300,1000,"bu","14:10:25",3442200
20600,300,1200,"sd","14:10:06",3441200
20600,300,3000,"sd","14:10:06",3440000
20600,300,1000,"sd","14:10:06",3437000
20600,300,5000,"sd","14:10:06",3436000
20600,300,900,"sd","14:10:06",3431000
20600,300,200,"sd","14:10:06",3430100
20600,300,2200,"sd","14:10:06",3429900
20600,300,200,"sd","14:10:05",3427700
20600,300,1000,"sd","14:10:04",3427500
20600,300,1300,"sd","14:10:02",3426500
20600,300,300,"sd","14:09:41",3425200
20600,300,3800,"sd","14:09:41",3424900
20600,300,2000,"bu","14:09:34",3421100
20600,300,100,"bu","14:09:34",3419100
20600,300,1400,"bu","14:09:34",3419000
20600,300,500,"bu","14:09:34",3417600
20600,300,100,"bu","14:09:34",3417100
20600,300,300,"bu","14:09:34",3417000
20600,300,300,"bu","14:09:34",3416700
20600,300,100,"bu","14:09:34",3416400
20600,300,400,"bu","14:09:34",3416300
20600,300,100,"bu","14:09:34",3415900
20600,300,1100,"bu","14:09:34",3415800
20600,300,100,"bu","14:09:34",3414700
20600,300,3700,"bu","14:09:34",3414600
20600,300,3600,"bu","14:09:31",3410900
20600,300,200,"bu","14:09:31",3407300
20600,300,1200,"bu","14:09:31",3407100
20600,300,900,"bu","14:09:30",3405900
20600,300,300,"bu","14:09:30",3405000
20600,300,300,"bu","14:09:30",3404700
20600,300,3500,"bu","14:09:30",3404400
20600,300,5000,"bu","14:09:28",3400900
20600,300,5000,"bu","14:09:27",3395900
20600,300,1000,"bu","14:09:19",3390900
20600,300,10000,"bu","14:09:12",3389900
20600,300,1000,"bu","14:08:43",3379900
20600,300,1000,"bu","14:08:37",3378900
20600,300,1000,"bu","14:08:37",3377900
20600,300,1000,"bu","14:08:36",3376900
20600,300,300,"bu","14:08:05",3375900
20600,300,1000,"bu","14:07:28",3375600
20600,300,100,"bu","14:07:20",3374600
20600,300,1000,"sd","14:06:20",3374500
20600,300,500,"sd","14:06:20",3373500
20600,300,100,"sd","14:06:20",3373000
20600,300,100,"sd","14:06:20",3372900
20600,300,500,"sd","14:06:20",3372800
20600,300,100,"sd","14:06:20",3372300
20600,300,8000,"sd","14:06:20",3372200
20600,300,200,"sd","14:06:20",3364200
20600,300,500,"sd","14:06:20",3364000
20600,300,200,"sd","14:06:20",3363500
20600,300,5000,"sd","14:06:20",3363300
20600,300,400,"sd","14:06:20",3358300
20600,300,1000,"sd","14:06:20",3357900
20600,300,10000,"sd","14:06:20",3356900
20600,300,100,"sd","14:06:20",3346900
20600,300,800,"sd","14:06:20",3346800
20600,300,500,"sd","14:06:20",3346000
20600,300,200,"sd","14:06:20",3345500
20600,300,200,"sd","14:06:20",3345300
20600,300,1000,"sd","14:06:20",3345100
20600,300,1000,"sd","14:06:20",3344100
20600,300,5000,"sd","14:06:20",3343100
20600,300,500,"sd","14:06:20",3338100
20600,300,10000,"sd","14:06:20",3337600
20600,300,100,"sd","14:06:20",3327600
20600,300,10000,"sd","14:06:20",3327500
20600,300,10000,"sd","14:06:20",3317500
20600,300,2000,"sd","14:06:20",3307500
20600,300,300,"sd","14:06:20",3305500
20600,300,800,"sd","14:06:20",3305200
20600,300,200,"sd","14:06:19",3304400
20600,300,800,"sd","14:06:19",3304200
20600,300,1100,"sd","14:06:11",3303400
20600,300,1000,"sd","14:06:11",3302300
20600,300,200,"sd","14:05:59",3301300
20600,300,100,"sd","14:05:58",3301100
20600,300,300,"sd","14:05:55",3301000
20600,300,1900,"sd","14:05:54",3300700
20650,350,600,"bu","14:05:53",3298800
20600,300,1800,"sd","14:05:49",3298200
20600,300,100,"sd","14:05:47",3296400
20600,300,1000,"sd","14:05:45",3296300
20600,300,5400,"sd","14:05:41",3295300
20600,300,2100,"sd","14:05:39",3289900
20600,300,500,"sd","14:05:27",3287800
20600,300,3700,"sd","14:05:15",3287300
20600,300,1000,"sd","14:05:15",3283600
20600,300,100,"sd","14:05:15",3282600
20600,300,2000,"sd","14:05:15",3282500
20600,300,100,"sd","14:05:15",3280500
20600,300,2000,"sd","14:05:15",3280400
20600,300,1000,"sd","14:05:15",3278400
20600,300,200,"sd","14:05:15",3277400
20600,300,400,"sd","14:05:15",3277200
20600,300,500,"sd","14:05:15",3276800
20600,300,500,"sd","14:05:15",3276300
20600,300,200,"sd","14:05:15",3275800
20600,300,100,"sd","14:05:14",3275600
20600,300,900,"sd","14:05:14",3275500
20600,300,1000,"sd","14:05:14",3274600
20600,300,300,"sd","14:05:14",3273600
20600,300,1000,"sd","14:05:14",3273300
20600,300,500,"sd","14:05:14",3272300
20600,300,200,"sd","14:05:14",3271800
20600,300,1000,"sd","14:05:14",3271600
20600,300,1000,"sd","14:05:14",3270600
20600,300,3000,"sd","14:05:14",3269600
20600,300,500,"sd","14:05:14",3266600
20600,300,600,"sd","14:05:14",3266100
20600,300,300,"sd","14:05:14",3265500
20600,300,5000,"sd","14:05:14",3265200
20600,300,200,"sd","14:05:14",3260200
20600,300,200,"sd","14:05:14",3260000
20600,300,100,"sd","14:05:14",3259800
20600,300,7500,"sd","14:05:14",3259700
20600,300,2500,"sd","14:05:14",3252200
20600,300,100,"sd","14:05:14",3249700
20600,300,200,"sd","14:05:14",3249600
20600,300,400,"sd","14:05:14",3249400
20600,300,300,"sd","14:05:14",3249000
20600,300,1000,"sd","14:05:14",3248700
20600,300,2000,"sd","14:05:14",3247700
20600,300,100,"sd","14:05:14",3245700
20600,300,8300,"sd","14:05:14",3245600
20600,300,1500,"sd","14:05:11",3237300
20600,300,5700,"sd","14:04:58",3235800
20600,300,1000,"sd","14:04:55",3230100
20600,300,500,"sd","14:04:54",3229100
20600,300,3000,"sd","14:04:52",3228600
20600,300,2800,"sd","14:04:41",3225600
20600,300,200,"sd","14:04:41",3222800
20600,300,600,"sd","14:04:41",3222600
20600,300,1000,"sd","14:04:41",3222000
20600,300,500,"sd","14:04:41",3221000
20600,300,9500,"sd","14:04:39",3220500
20600,300,5000,"sd","14:04:39",3211000
20600,300,500,"sd","14:04:39",3206000
20600,300,500,"sd","14:04:38",3205500
20600,300,1000,"sd","14:04:35",3205000
20600,300,400,"sd","14:04:33",3204000
20600,300,300,"sd","14:04:23",3203600
20600,300,100,"sd","14:04:21",3203300
20600,300,3000,"sd","14:04:16",3203200
20600,300,300,"sd","14:04:11",3200200
20600,300,900,"sd","14:04:11",3199900
20600,300,100,"sd","14:04:11",3199000
20600,300,1000,"sd","14:04:02",3198900
20600,300,500,"sd","14:03:57",3197900
20600,300,1500,"sd","14:03:48",3197400
20600,300,400,"sd","14:03:41",3195900
20600,300,1000,"sd","14:03:34",3195500
20600,300,500,"sd","14:03:25",3194500
20600,300,2000,"sd","14:03:19",3194000
20600,300,500,"sd","14:03:11",3192000
20600,300,100,"sd","14:03:09",3191500
20600,300,3000,"sd","14:03:01",3191400
20600,300,2100,"sd","14:02:41",3188400
20600,300,200,"sd","14:02:28",3186300
20600,300,100,"sd","14:02:28",3186100
20600,300,500,"sd","14:02:28",3186000
20600,300,1000,"sd","14:02:28",3185500
20600,300,3000,"sd","14:02:28",3184500
20600,300,2000,"sd","14:02:28",3181500
20600,300,3400,"sd","14:02:28",3179500
20650,350,500,"sd","14:02:12",3176100
20650,350,1000,"sd","14:02:12",3175600
20650,350,1700,"sd","14:02:12",3174600
20650,350,800,"sd","14:02:11",3172900
20650,350,200,"sd","14:02:11",3172100
20650,350,5000,"sd","14:02:11",3171900
20650,350,300,"sd","14:02:11",3166900
20650,350,500,"sd","14:02:11",3166600
20650,350,200,"sd","14:02:11",3166100
20650,350,1100,"sd","14:02:10",3165900
20650,350,300,"sd","14:02:10",3164800
20650,350,700,"sd","14:02:09",3164500
20650,350,2300,"sd","14:02:09",3163800
20650,350,100,"sd","14:02:09",3161500
20650,350,17600,"sd","14:02:08",3161400
20650,350,600,"sd","14:02:08",3143800
20650,350,1000,"sd","14:02:08",3143200
20650,350,500,"sd","14:02:08",3142200
20650,350,300,"sd","14:02:08",3141700
20650,350,700,"sd","14:02:08",3141400
20650,350,1000,"sd","14:02:08",3140700
20650,350,700,"sd","14:02:08",3139700
20650,350,600,"sd","14:02:08",3139000
20650,350,2400,"sd","14:02:07",3138400
20650,350,400,"sd","14:02:07",3136000
20650,350,100,"sd","14:02:07",3135600
20650,350,7100,"sd","14:02:07",3135500
20650,350,1000,"sd","14:02:07",3128400
20650,350,2000,"sd","14:02:04",3127400
20650,350,700,"sd","14:02:04",3125400
20650,350,7000,"sd","14:02:03",3124700
20650,350,2000,"sd","14:02:00",3117700
20650,350,200,"sd","14:02:00",3115700
20650,350,1000,"sd","14:02:00",3115500
20650,350,800,"sd","14:02:00",3114500
20700,400,600,"bu","14:02:00",3113700
20650,350,1200,"sd","14:01:53",3113100
20650,350,3800,"sd","14:01:53",3111900
20650,350,11200,"sd","14:01:51",3108100
20650,350,1500,"sd","14:01:41",3096900
20650,350,900,"sd","14:01:40",3095400
20650,350,100,"sd","14:01:34",3094500
20650,350,1000,"sd","14:01:33",3094400
20650,350,1000,"sd","14:01:31",3093400
20650,350,200,"sd","14:01:28",3092400
20650,350,300,"sd","14:01:23",3092200
20650,350,200,"sd","14:01:23",3091900
20650,350,100,"sd","14:01:22",3091700
20650,350,400,"sd","14:01:22",3091600
20650,350,1700,"sd","14:01:17",3091200
20650,350,1000,"sd","14:01:17",3089500
20650,350,1200,"sd","14:01:17",3088500
20650,350,600,"sd","14:01:17",3087300
20650,350,2500,"sd","14:01:17",3086700
20650,350,3000,"sd","14:01:17",3084200
20650,350,500,"sd","14:01:11",3081200
20650,350,1200,"sd","14:01:11",3080700
20650,350,10000,"sd","14:01:00",3079500
20650,350,4600,"sd","14:00:55",3069500
20650,350,300,"sd","14:00:52",3064900
20650,350,2000,"sd","14:00:46",3064600
20650,350,300,"sd","14:00:45",3062600
20650,350,500,"sd","14:00:41",3062300
20650,350,4000,"sd","14:00:37",3061800
20650,350,1000,"sd","14:00:26",3057800
20650,350,500,"sd","13:59:45",3056800
20700,400,300,"bu","13:59:42",3056300
20650,350,300,"sd","13:59:39",3056000
20650,350,300,"sd","13:59:11",3055700
20650,350,2000,"sd","13:58:50",3055400
20650,350,1000,"sd","13:58:41",3053400
20650,350,100,"sd","13:58:41",3052400
20650,350,8500,"sd","13:58:39",3052300
20650,350,1400,"sd","13:58:26",3043800
20650,350,1600,"sd","13:58:26",3042400
20700,400,700,"bu","13:57:55",3040800
20700,400,1000,"bu","13:56:53",3040100
20700,400,400,"bu","13:56:36",3039100
20700,400,200,"bu","13:56:06",3038700
20650,350,500,"sd","13:55:57",3038500
20650,350,500,"sd","13:55:54",3038000
20650,350,500,"sd","13:55:49",3037500
20650,350,600,"sd","13:55:43",3037000
20650,350,500,"sd","13:55:35",3036400
20700,400,1000,"bu","13:54:09",3035900
20700,400,500,"sd","13:52:20",3034900
20700,400,1000,"sd","13:52:20",3034400
20700,400,1000,"sd","13:52:20",3033400
20700,400,2500,"sd","13:52:20",3032400
20700,400,1000,"sd","13:52:17",3029900
20700,400,1300,"sd","13:52:11",3028900
20700,400,200,"sd","13:52:09",3027600
20700,400,1000,"sd","13:52:09",3027400
20700,400,500,"sd","13:52:05",3026400
20700,400,100,"sd","13:52:03",3025900
20700,400,900,"sd","13:52:01",3025800
20700,400,100,"sd","13:52:01",3024900
20700,400,900,"sd","13:51:59",3024800
20700,400,100,"sd","13:51:59",3023900
20700,400,100,"sd","13:51:58",3023800
20700,400,100,"sd","13:51:58",3023700
20700,400,1000,"sd","13:51:58",3023600
20700,400,1900,"sd","13:51:57",3022600
20700,400,2000,"sd","13:51:53",3020700
20700,400,200,"sd","13:51:53",3018700
20700,400,800,"sd","13:51:53",3018500
20700,400,500,"sd","13:51:52",3017700
20700,400,500,"sd","13:51:51",3017200
20700,400,200,"sd","13:51:43",3016700
20700,400,2700,"sd","13:51:42",3016500
20700,400,500,"sd","13:51:36",3013800
20700,400,20000,"sd","13:51:32",3013300
20700,400,2200,"sd","13:51:29",2993300
20700,400,300,"sd","13:51:17",2991100
20700,400,4000,"sd","13:51:15",2990800
20700,400,200,"sd","13:51:11",2986800
20700,400,500,"sd","13:51:10",2986600
20700,400,1600,"sd","13:51:02",2986100
20700,400,300,"sd","13:50:56",2984500
20700,400,700,"sd","13:50:41",2984200
20700,400,200,"sd","13:50:41",2983500
20700,400,600,"sd","13:50:32",2983300
20700,400,1100,"sd","13:50:32",2982700
20700,400,4000,"sd","13:50:32",2981600
20700,400,3300,"sd","13:50:32",2977600
20700,400,100,"sd","13:50:31",2974300
20700,400,300,"sd","13:50:11",2974200
20700,400,1000,"sd","13:50:01",2973900
20700,400,100,"sd","13:50:00",2972900
20700,400,2000,"sd","13:49:56",2972800
20700,400,200,"sd","13:49:51",2970800
20700,400,100,"sd","13:49:44",2970600
20750,450,2100,"bu","13:49:30",2970500
20750,450,6000,"bu","13:49:30",2968400
20750,450,400,"bu","13:49:30",2962400
20750,450,500,"bu","13:49:30",2962000
20750,450,300,"bu","13:49:30",2961500
20750,450,500,"bu","13:49:30",2961200
20750,450,200,"bu","13:49:30",2960700
20700,400,700,"bu","13:49:29",2960500
20700,400,2000,"bu","13:49:29",2959800
20700,400,200,"bu","13:49:29",2957800
20700,400,800,"bu","13:49:05",2957600
20700,400,100,"bu","13:49:05",2956800
20700,400,1000,"bu","13:49:05",2956700
20700,400,100,"bu","13:49:05",2955700
20700,400,100,"bu","13:49:05",2955600
20700,400,600,"bu","13:49:05",2955500
20700,400,2000,"bu","13:49:05",2954900
20700,400,300,"bu","13:49:05",2952900
20700,400,2000,"bu","13:48:40",2952600
20700,400,10000,"bu","13:48:34",2950600
20700,400,10000,"bu","13:47:44",2940600
20650,350,100,"sd","13:47:33",2930600
20650,350,300,"sd","13:47:17",2930500
20650,350,500,"sd","13:47:12",2930200
20700,400,5000,"bu","13:47:04",2929700
20700,400,700,"bu","13:46:57",2924700
20700,400,500,"bu","13:46:57",2924000
20700,400,200,"bu","13:46:57",2923500
20700,400,500,"bu","13:46:57",2923300
20700,400,1500,"bu","13:46:24",2922800
20700,400,100,"bu","13:46:24",2921300
20700,400,500,"bu","13:46:24",2921200
20700,400,1000,"bu","13:46:24",2920700
20700,400,1900,"bu","13:46:24",2919700
20700,400,100,"bu","13:46:12",2917800
20700,400,4500,"bu","13:46:04",2917700
20700,400,400,"bu","13:46:04",2913200
20700,400,200,"sd","13:45:41",2912800
20700,400,1000,"bu","13:45:32",2912600
20700,400,600,"bu","13:45:32",2911600
20700,400,1000,"bu","13:45:32",2911000
20700,400,500,"bu","13:45:32",2910000
20700,400,1800,"bu","13:45:32",2909500
20700,400,100,"bu","13:45:32",2907700
20700,400,1000,"bu","13:45:15",2907600
20700,400,100,"bu","13:45:00",2906600
20700,400,2000,"bu","13:44:59",2906500
20700,400,2000,"bu","13:44:52",2904500
20700,400,1300,"bu","13:44:50",2902500
20700,400,800,"bu","13:44:48",2901200
20700,400,2800,"bu","13:44:17",2900400
20700,400,100,"bu","13:44:17",2897600
20700,400,100,"bu","13:44:17",2897500
20700,400,1200,"bu","13:44:17",2897400
20700,400,800,"bu","13:44:17",2896200
20700,400,200,"bu","13:44:17",2895400
20700,400,500,"bu","13:44:17",2895200
20700,400,700,"bu","13:44:17",2894700
20700,400,100,"bu","13:44:17",2894000
20700,400,300,"bu","13:44:17",2893900
20700,400,200,"bu","13:44:17",2893600
20700,400,500,"bu","13:44:17",2893400
20700,400,900,"bu","13:44:17",2892900
20700,400,300,"bu","13:44:17",2892000
20700,400,1300,"bu","13:44:17",2891700
20700,400,600,"bu","13:44:06",2890400
20700,400,100,"bu","13:44:06",2889800
20700,400,100,"bu","13:43:57",2889700
20700,400,2900,"bu","13:43:41",2889600
20700,400,100,"bu","13:43:41",2886700
20700,400,1000,"bu","13:43:41",2886600
20700,400,500,"bu","13:43:41",2885600
20700,400,4500,"bu","13:43:33",2885100
20700,400,200,"bu","13:43:33",2880600
20700,400,500,"bu","13:43:33",2880400
20700,400,500,"bu","13:43:33",2879900
20700,400,2000,"bu","13:43:33",2879400
20700,400,600,"bu","13:43:33",2877400
20700,400,6700,"bu","13:43:33",2876800
20700,400,100,"bu","13:43:31",2870100
20700,400,500,"bu","13:43:24",2870000
20700,400,100,"bu","13:43:21",2869500
20700,400,1800,"bu","13:43:15",2869400
20700,400,500,"bu","13:43:12",2867600
20700,400,500,"bu","13:43:10",2867100
20700,400,100,"bu","13:43:08",2866600
20700,400,1300,"bu","13:42:56",2866500
20700,400,1200,"bu","13:42:56",2865200
20700,400,1500,"bu","13:42:56",2864000
20700,400,500,"bu","13:42:56",2862500
20700,400,100,"bu","13:42:56",2862000
20700,400,1000,"bu","13:42:56",2861900
20700,400,1000,"bu","13:42:56",2860900
20700,400,1000,"bu","13:42:56",2859900
20700,400,500,"bu","13:42:56",2858900
20700,400,900,"bu","13:42:56",2858400
20700,400,100,"bu","13:42:49",2857500
20700,400,100,"bu","13:42:49",2857400
20700,400,400,"bu","13:42:48",2857300
20700,400,1000,"bu","13:42:48",2856900
20700,400,100,"bu","13:42:48",2855900
20700,400,100,"bu","13:42:48",2855800
20700,400,100,"bu","13:42:48",2855700
20700,400,600,"bu","13:42:48",2855600
20700,400,200,"bu","13:42:48",2855000
20700,400,200,"bu","13:42:48",2854800
20700,400,200,"bu","13:42:48",2854600
20700,400,100,"bu","13:42:48",2854400
20700,400,100,"bu","13:42:33",2854300
20700,400,200,"bu","13:42:33",2854200
20700,400,200,"bu","13:42:33",2854000
20700,400,400,"bu","13:42:33",2853800
20700,400,100,"bu","13:42:33",2853400
20700,400,100,"bu","13:42:33",2853300
20700,400,100,"bu","13:42:33",2853200
20700,400,1000,"bu","13:42:33",2853100
20700,400,300,"bu","13:42:33",2852100
20700,400,100,"bu","13:42:33",2851800
20700,400,1000,"bu","13:42:33",2851700
20700,400,800,"bu","13:42:33",2850700
20700,400,100,"bu","13:42:33",2849900
20700,400,400,"bu","13:42:33",2849800
20700,400,100,"bu","13:42:33",2849400
20700,400,1100,"bu","13:41:07",2849300
20700,400,1000,"bu","13:41:07",2848200
20700,400,500,"bu","13:41:07",2847200
20700,400,500,"bu","13:41:07",2846700
20700,400,500,"bu","13:41:07",2846200
20700,400,100,"bu","13:41:06",2845700
20700,400,2000,"bu","13:41:06",2845600
20700,400,2000,"bu","13:41:06",2843600
20700,400,1000,"bu","13:41:06",2841600
20700,400,200,"bu","13:41:06",2840600
20700,400,200,"bu","13:41:00",2840400
20700,400,200,"bu","13:41:00",2840200
20700,400,100,"bu","13:40:59",2840000
20700,400,200,"bu","13:40:59",2839900
20700,400,3000,"bu","13:40:35",2839700
20700,400,700,"bu","13:39:12",2836700
20700,400,300,"bu","13:39:12",2836000
20700,400,300,"bu","13:38:23",2835700
20650,350,200,"sd","13:37:11",2835400
20650,350,500,"sd","13:36:51",2835200
20650,350,1300,"sd","13:36:48",2834700
20700,400,400,"bu","13:36:48",2833400
20700,400,100,"bu","13:36:13",2833000
20700,400,100,"bu","13:36:01",2832900
20650,350,2500,"sd","13:35:58",2832800
20700,400,100,"bu","13:35:48",2830300
20650,350,300,"sd","13:35:41",2830200
20650,350,3000,"sd","13:35:39",2829900
20650,350,100,"sd","13:35:38",2826900
20650,350,2500,"sd","13:35:24",2826800
20650,350,500,"sd","13:35:11",2824300
20650,350,500,"sd","13:35:09",2823800
20650,350,500,"sd","13:35:04",2823300
20650,350,2000,"sd","13:35:01",2822800
20650,350,1000,"sd","13:34:48",2820800
20650,350,900,"sd","13:34:48",2819800
20650,350,100,"sd","13:34:41",2818900
20650,350,200,"sd","13:34:11",2818800
20650,350,700,"sd","13:34:11",2818600
20650,350,200,"sd","13:34:11",2817900
20650,350,400,"sd","13:34:11",2817700
20650,350,1000,"sd","13:34:00",2817300
20650,350,600,"sd","13:33:58",2816300
20650,350,3000,"sd","13:33:58",2815700
20650,350,500,"sd","13:33:58",2812700
20650,350,200,"sd","13:33:58",2812200
20650,350,9800,"sd","13:33:53",2812000
20650,350,200,"sd","13:33:53",2802200
20650,350,300,"sd","13:33:42",2802000
20650,350,500,"sd","13:33:36",2801700
20650,350,2500,"sd","13:33:23",2801200
20650,350,500,"sd","13:33:11",2798700
20650,350,1700,"sd","13:32:58",2798200
20650,350,3000,"sd","13:32:58",2796500
20650,350,600,"sd","13:32:56",2793500
20650,350,500,"sd","13:32:55",2792900
20650,350,300,"sd","13:32:13",2792400
20650,350,500,"sd","13:32:11",2792100
20650,350,100,"sd","13:32:05",2791600
20650,350,2700,"sd","13:32:05",2791500
20650,350,100,"sd","13:32:05",2788800
20650,350,300,"sd","13:32:05",2788700
20650,350,200,"sd","13:32:05",2788400
20650,350,700,"sd","13:32:05",2788200
20650,350,900,"sd","13:32:05",2787500
20650,350,100,"sd","13:31:30",2786600
20650,350,700,"sd","13:31:11",2786500
20650,350,1000,"sd","13:31:06",2785800
20650,350,1000,"sd","13:30:57",2784800
20650,350,1000,"sd","13:30:50",2783800
20650,350,300,"sd","13:30:42",2782800
20650,350,100,"sd","13:30:42",2782500
20650,350,2100,"sd","13:30:42",2782400
20650,350,700,"sd","13:30:42",2780300
20650,350,1000,"sd","13:30:42",2779600
20650,350,200,"sd","13:30:42",2778600
20650,350,100,"sd","13:30:42",2778400
20650,350,200,"sd","13:30:42",2778300
20650,350,200,"sd","13:30:17",2778100
20650,350,500,"sd","13:30:17",2777900
20650,350,200,"sd","13:30:17",2777400
20650,350,100,"sd","13:30:17",2777200
20650,350,1000,"sd","13:30:10",2777100
20650,350,200,"sd","13:29:41",2776100
20650,350,100,"sd","13:29:36",2775900
20650,350,500,"sd","13:29:35",2775800
20650,350,100,"sd","13:29:27",2775300
20650,350,500,"sd","13:29:12",2775200
20650,350,1100,"sd","13:29:11",2774700
20650,350,200,"sd","13:29:04",2773600
20650,350,500,"sd","13:29:04",2773400
20650,350,10000,"sd","13:28:59",2772900
20650,350,700,"sd","13:28:41",2762900
20650,350,500,"sd","13:28:35",2762200
20650,350,1000,"sd","13:28:35",2761700
20650,350,100,"sd","13:28:35",2760700
20650,350,100,"sd","13:28:35",2760600
20650,350,400,"sd","13:28:19",2760500
20650,350,100,"sd","13:28:19",2760100
20650,350,500,"sd","13:28:19",2760000
20650,350,800,"sd","13:28:14",2759500
20650,350,1000,"sd","13:28:14",2758700
20650,350,1000,"sd","13:28:14",2757700
20650,350,200,"sd","13:28:14",2756700
20650,350,500,"sd","13:28:14",2756500
20650,350,800,"sd","13:28:11",2756000
20650,350,5000,"sd","13:28:00",2755200
20650,350,100,"sd","13:28:00",2750200
20650,350,3000,"sd","13:27:41",2750100
20650,350,400,"sd","13:27:22",2747100
20650,350,5000,"sd","13:27:22",2746700
20650,350,2900,"sd","13:27:22",2741700
20650,350,500,"sd","13:27:22",2738800
20650,350,20000,"sd","13:27:22",2738300
20650,350,1200,"sd","13:27:22",2718300
20700,400,400,"bu","13:27:04",2717100
20650,350,500,"sd","13:26:46",2716700
20700,400,200,"bu","13:26:45",2716200
20700,400,500,"bu","13:26:31",2716000
20650,350,700,"sd","13:26:27",2715500
20700,400,200,"bu","13:26:17",2714800
20700,400,400,"bu","13:25:53",2714600
20700,400,1100,"bu","13:25:53",2714200
20700,400,4500,"bu","13:25:53",2713100
20700,400,1000,"bu","13:25:04",2708600
20700,400,500,"bu","13:24:43",2707600
20700,400,100,"bu","13:24:11",2707100
20700,400,100,"bu","13:24:00",2707000
20700,400,500,"bu","13:23:50",2706900
20650,350,1000,"sd","13:23:43",2706400
20650,350,500,"sd","13:23:11",2705400
20650,350,400,"sd","13:22:55",2704900
20650,350,2000,"sd","13:22:55",2704500
20650,350,2600,"sd","13:22:55",2702500
20700,400,3300,"bu","13:22:35",2699900
20700,400,6700,"bu","13:22:35",2696600
20650,350,400,"sd","13:22:35",2689900
20650,350,200,"sd","13:22:15",2689500
20650,350,200,"sd","13:21:34",2689300
20650,350,200,"sd","13:21:11",2689100
20650,350,100,"sd","13:20:47",2688900
20650,350,500,"sd","13:20:42",2688800
20650,350,1400,"sd","13:20:41",2688300
20650,350,400,"bu","13:20:14",2686900
20650,350,900,"bu","13:20:14",2686500
20650,350,100,"bu","13:20:14",2685600
20650,350,300,"bu","13:20:14",2685500
20650,350,1900,"bu","13:20:14",2685200
20650,350,9000,"bu","13:20:14",2683300
20650,350,1800,"bu","13:20:14",2674300
20650,350,100,"bu","13:20:12",2672500
20650,350,2300,"bu","13:20:03",2672400
20650,350,600,"bu","13:19:58",2670100
20650,350,2000,"bu","13:19:57",2669500
20650,350,1000,"bu","13:19:33",2667500
20600,300,500,"sd","13:19:22",2666500
20650,350,3000,"bu","13:18:50",2666000
20650,350,100,"bu","13:18:45",2663000
20650,350,100,"bu","13:18:00",2662900
20650,350,500,"sd","13:17:49",2662800
20650,350,3000,"sd","13:17:49",2662300
20650,350,100,"sd","13:17:49",2659300
20650,350,2000,"sd","13:17:49",2659200
20650,350,5000,"sd","13:17:49",2657200
20650,350,5000,"sd","13:17:49",2652200
20650,350,1000,"sd","13:17:49",2647200
20650,350,300,"sd","13:17:49",2646200
20650,350,500,"sd","13:17:49",2645900
20650,350,100,"sd","13:17:49",2645400
20650,350,500,"sd","13:17:49",2645300
20650,350,400,"sd","13:17:49",2644800
20650,350,600,"sd","13:17:49",2644400
20650,350,400,"sd","13:16:41",2643800
20650,350,100,"sd","13:16:41",2643400
20650,350,300,"sd","13:16:41",2643300
20650,350,500,"sd","13:16:23",2643000
20650,350,500,"sd","13:16:21",2642500
20650,350,2000,"sd","13:16:17",2642000
20650,350,2300,"sd","13:16:11",2640000
20650,350,4300,"sd","13:16:08",2637700
20650,350,500,"sd","13:16:08",2633400
20650,350,1000,"sd","13:16:08",2632900
20650,350,200,"sd","13:16:08",2631900
20650,350,500,"sd","13:16:08",2631700
20650,350,2500,"sd","13:16:08",2631200
20650,350,200,"sd","13:16:08",2628700
20650,350,10000,"sd","13:16:08",2628500
20650,350,100,"sd","13:16:08",2618500
20650,350,700,"sd","13:16:08",2618400
20650,350,1000,"sd","13:15:53",2617700
20650,350,100,"sd","13:15:49",2616700
20650,350,2600,"sd","13:15:41",2616600
20650,350,1000,"sd","13:15:37",2614000
20650,350,2500,"sd","13:15:36",2613000
20650,350,500,"sd","13:15:30",2610500
20650,350,1600,"sd","13:15:13",2610000
20650,350,1000,"sd","13:15:13",2608400
20650,350,500,"sd","13:15:13",2607400
20650,350,5000,"sd","13:15:13",2606900
20650,350,5000,"sd","13:15:13",2601900
20650,350,6000,"sd","13:15:13",2596900
20650,350,2900,"sd","13:15:13",2590900
20650,350,500,"sd","13:14:42",2588000
20700,400,200,"bu","13:14:37",2587500
20650,350,2500,"sd","13:14:32",2587300
20650,350,2300,"sd","13:14:30",2584800
20700,400,5000,"bu","13:13:37",2582500
20700,400,300,"bu","13:13:36",2577500
20700,400,2000,"bu","13:13:07",2577200
20700,400,1000,"bu","13:13:01",2575200
20700,400,2000,"bu","13:12:55",2574200
20700,400,300,"bu","13:12:14",2572200
20700,400,100,"bu","13:11:21",2571900
20700,400,1000,"bu","13:10:22",2571800
20700,400,500,"sd","13:10:19",2570800
20700,400,200,"sd","13:10:19",2570300
20700,400,300,"sd","13:10:19",2570100
20700,400,1000,"sd","13:10:19",2569800
20700,400,5400,"sd","13:10:19",2568800
20700,400,1500,"sd","13:10:18",2563400
20700,400,1100,"sd","13:10:11",2561900
20700,400,8000,"sd","13:10:00",2560800
20700,400,300,"sd","13:09:57",2552800
20700,400,3000,"sd","13:09:41",2552500
20700,400,1000,"sd","13:09:25",2549500
20700,400,1700,"bu","13:09:15",2548500
20700,400,1000,"bu","13:09:15",2546800
20700,400,100,"bu","13:09:15",2545800
20700,400,1000,"bu","13:09:15",2545700
20700,400,5100,"bu","13:09:15",2544700
20700,400,300,"bu","13:09:15",2539600
20700,400,5000,"bu","13:09:15",2539300
20700,400,500,"bu","13:09:15",2534300
20700,400,10000,"bu","13:09:15",2533800
20700,400,1000,"bu","13:09:15",2523800
20700,400,200,"bu","13:09:15",2522800
20700,400,3800,"bu","13:09:15",2522600
20650,350,100,"sd","13:09:13",2518800
20700,400,5100,"bu","13:09:10",2518700
20700,400,1100,"bu","13:08:59",2513600
20700,400,100,"bu","13:08:59",2512500
20700,400,1000,"bu","13:08:59",2512400
20700,400,300,"bu","13:08:59",2511400
20700,400,3200,"bu","13:08:59",2511100
20700,400,1000,"bu","13:08:59",2507900
20700,400,1000,"bu","13:08:59",2506900
20700,400,400,"bu","13:08:59",2505900
20700,400,300,"bu","13:08:59",2505500
20700,400,200,"bu","13:08:59",2505200
20700,400,100,"bu","13:08:59",2505000
20700,400,1000,"bu","13:08:59",2504900
20700,400,300,"bu","13:08:59",2503900
20650,350,700,"sd","13:08:57",2503600
20650,350,100,"sd","13:08:57",2502900
20650,350,200,"sd","13:08:57",2502800
20650,350,1000,"sd","13:08:55",2502600
20650,350,200,"sd","13:08:41",2501600
20650,350,2000,"sd","13:08:37",2501400
20650,350,200,"sd","13:08:21",2499400
20700,400,100,"bu","13:07:30",2499200
20700,400,600,"bu","13:07:30",2499100
20700,400,200,"bu","13:07:30",2498500
20700,400,200,"bu","13:07:30",2498300
20700,400,100,"bu","13:07:20",2498100
20700,400,1000,"bu","13:07:20",2498000
20700,400,100,"bu","13:07:20",2497000
20700,400,2000,"bu","13:07:20",2496900
20700,400,1000,"bu","13:07:20",2494900
20700,400,2000,"bu","13:07:20",2493900
20700,400,100,"bu","13:07:20",2491900
20700,400,100,"bu","13:07:20",2491800
20700,400,100,"bu","13:07:20",2491700
20700,400,10000,"bu","13:07:20",2491600
20700,400,100,"bu","13:07:20",2481600
20700,400,100,"bu","13:07:20",2481500
20700,400,400,"bu","13:07:20",2481400
20700,400,500,"bu","13:07:20",2481000
20700,400,100,"bu","13:07:20",2480500
20700,400,20000,"bu","13:07:20",2480400
20700,400,200,"bu","13:07:20",2460400
20700,400,5000,"bu","13:07:20",2460200
20700,400,2500,"bu","13:07:20",2455200
20700,400,100,"bu","13:07:20",2452700
20700,400,2000,"bu","13:07:20",2452600
20700,400,1500,"bu","13:07:20",2450600
20700,400,400,"bu","13:07:20",2449100
20700,400,500,"bu","13:07:20",2448700
20700,400,100,"bu","13:07:20",2448200
20700,400,100,"bu","13:06:44",2448100
20700,400,1300,"bu","13:06:01",2448000
20700,400,200,"bu","13:05:49",2446700
20700,400,600,"bu","13:05:49",2446500
20700,400,400,"bu","13:05:25",2445900
20700,400,2000,"bu","13:05:25",2445500
20700,400,18000,"bu","13:05:17",2443500
20700,400,12000,"bu","13:05:17",2425500
20650,350,300,"sd","13:04:56",2413500
20700,400,2900,"bu","13:04:33",2413200
20700,400,2000,"bu","13:04:25",2410300
20700,400,700,"bu","13:04:06",2408300
20650,350,2000,"sd","13:04:04",2407600
20650,350,100,"sd","13:03:43",2405600
20650,350,300,"sd","13:03:11",2405500
20650,350,500,"sd","13:03:04",2405200
20700,400,800,"bu","13:02:57",2404700
20650,350,1000,"bu","13:02:52",2403900
20650,350,500,"bu","13:02:52",2402900
20650,350,300,"bu","13:02:52",2402400
20650,350,200,"bu","13:02:40",2402100
20650,350,200,"bu","13:02:33",2401900
20650,350,100,"bu","13:02:21",2401700
20650,350,100,"bu","13:02:13",2401600
20650,350,1000,"bu","13:02:13",2401500
20650,350,100,"bu","13:02:13",2400500
20650,350,2100,"bu","13:02:13",2400400
20650,350,100,"bu","13:02:13",2398300
20650,350,500,"bu","13:02:13",2398200
20650,350,1100,"bu","13:02:13",2397700
20650,350,1000,"bu","13:01:43",2396600
20650,350,4900,"bu","13:01:36",2395600
20650,350,1000,"bu","13:01:36",2390700
20650,350,700,"bu","13:01:36",2389700
20650,350,1000,"bu","13:01:36",2389000
20650,350,200,"bu","13:01:36",2388000
20650,350,1000,"bu","13:01:36",2387800
20650,350,1200,"bu","13:01:36",2386800
20600,300,600,"sd","13:01:11",2385600
20600,300,5000,"sd","13:00:44",2385000
20650,350,400,"bu","13:00:19",2380000
20650,350,500,"bu","13:00:18",2379600
20650,350,200,"bu","13:00:18",2379100
20650,350,200,"bu","13:00:18",2378900
20650,350,200,"bu","13:00:06",2378700
20650,350,300,"bu","13:00:06",2378500
20650,350,4000,"bu","13:00:05",2378200
20650,350,3300,"bu","13:00:03",2374200
20650,350,2700,"sd","13:00:00",2370900
20650,350,2300,"sd","13:00:00",2368200
20650,350,1100,"sd","13:00:00",2365900
20650,350,500,"sd","13:00:00",2364800
20650,350,300,"sd","13:00:00",2364300
20650,350,5400,"sd","13:00:00",2364000
20650,350,400,"sd","13:00:00",2358600
20650,350,100,"sd","13:00:00",2358200
20650,350,500,"sd","13:00:00",2358100
20650,350,600,"sd","13:00:00",2357600
20650,350,100,"sd","13:00:00",2357000
20650,350,400,"sd","11:29:41",2356900
20650,350,1400,"sd","11:29:29",2356500
20650,350,100,"sd","11:29:29",2355100
20650,350,2500,"sd","11:29:29",2355000
20650,350,200,"sd","11:28:12",2352500
20650,350,300,"sd","11:28:12",2352300
20650,350,100,"sd","11:28:08",2352000
20650,350,200,"sd","11:28:08",2351900
20650,350,100,"sd","11:28:08",2351700
20650,350,1600,"sd","11:28:08",2351600
20650,350,500,"sd","11:27:42",2350000
20650,350,300,"sd","11:27:42",2349500
20650,350,2000,"sd","11:27:42",2349200
20650,350,200,"sd","11:27:42",2347200
20650,350,100,"sd","11:27:41",2347000
20650,350,500,"sd","11:27:11",2346900
20650,350,100,"sd","11:27:11",2346400
20650,350,600,"sd","11:27:11",2346300
20650,350,1100,"sd","11:27:01",2345700
20650,350,3000,"sd","11:27:00",2344600
20650,350,900,"sd","11:27:00",2341600
20650,350,100,"sd","11:26:54",2340700
20650,350,100,"sd","11:26:53",2340600
20650,350,200,"sd","11:26:53",2340500
20650,350,300,"sd","11:26:53",2340300
20650,350,2300,"sd","11:26:53",2340000
20650,350,2700,"sd","11:26:49",2337700
20650,350,100,"sd","11:26:49",2335000
20650,350,200,"sd","11:26:49",2334900
20650,350,500,"sd","11:26:48",2334700
20700,400,800,"bu","11:26:45",2334200
20650,350,100,"sd","11:26:42",2333400
20650,350,200,"sd","11:26:13",2333300
20650,350,100,"sd","11:26:13",2333100
20650,350,1500,"sd","11:26:11",2333000
20650,350,300,"sd","11:26:08",2331500
20650,350,1700,"sd","11:25:46",2331200
20650,350,500,"sd","11:25:46",2329500
20650,350,100,"sd","11:25:46",2329000
20650,350,300,"sd","11:25:46",2328900
20650,350,400,"sd","11:25:46",2328600
20650,350,500,"sd","11:25:42",2328200
20650,350,100,"sd","11:25:19",2327700
20650,350,1000,"sd","11:25:19",2327600
20650,350,500,"sd","11:25:19",2326600
20650,350,1500,"sd","11:25:19",2326100
20650,350,200,"sd","11:25:19",2324600
20650,350,1000,"sd","11:25:19",2324400
20650,350,700,"sd","11:25:19",2323400
20650,350,100,"sd","11:25:12",2322700
20650,350,100,"sd","11:24:11",2322600
20650,350,1000,"sd","11:23:44",2322500
20650,350,200,"sd","11:23:42",2321500
20650,350,400,"sd","11:23:21",2321300
20650,350,2100,"sd","11:23:12",2320900
20650,350,100,"sd","11:23:00",2318800
20650,350,15000,"sd","11:22:53",2318700
20650,350,5000,"sd","11:22:50",2303700
20650,350,200,"sd","11:22:42",2298700
20650,350,1000,"sd","11:22:41",2298500
20650,350,2000,"sd","11:22:18",2297500
20700,400,500,"bu","11:22:15",2295500
20650,350,100,"sd","11:22:15",2295000
20650,350,100,"sd","11:22:11",2294900
20650,350,100,"sd","11:22:06",2294800
20650,350,1000,"sd","11:22:01",2294700
20700,400,100,"bu","11:21:58",2293700
20700,400,200,"bu","11:20:50",2293600
20700,400,800,"bu","11:20:50",2293400
20700,400,100,"bu","11:20:38",2292600
20700,400,600,"bu","11:20:29",2292500
20700,400,100,"bu","11:20:23",2291900
20700,400,100,"bu","11:20:04",2291800
20700,400,200,"bu","11:20:02",2291700
20700,400,100,"bu","11:17:45",2291500
20650,350,300,"sd","11:17:22",2291400
20650,350,400,"sd","11:16:12",2291100
20650,350,1000,"bu","11:16:08",2290700
20650,350,1000,"bu","11:16:08",2289700
20650,350,1100,"bu","11:16:08",2288700
20650,350,1000,"bu","11:16:06",2287600
20650,350,100,"bu","11:15:44",2286600
20650,350,2000,"bu","11:15:38",2286500
20650,350,5800,"bu","11:15:36",2284500
20650,350,4200,"bu","11:15:36",2278700
20650,350,100,"bu","11:15:34",2274500
20650,350,500,"bu","11:15:32",2274400
20650,350,200,"bu","11:15:27",2273900
20650,350,300,"bu","11:15:27",2273700
20650,350,4200,"bu","11:15:27",2273400
20650,350,500,"bu","11:15:03",2269200
20650,350,2900,"bu","11:15:03",2268700
20650,350,100,"unknown","11:15:03",2265800
20650,350,200,"sd","11:15:03",2265700
20650,350,100,"sd","11:15:03",2265500
20650,350,100,"sd","11:15:03",2265400
20650,350,1000,"sd","11:15:03",2265300
20650,350,500,"sd","11:15:03",2264300
20650,350,200,"sd","11:15:03",2263800
20650,350,200,"sd","11:15:03",2263600
20650,350,10000,"sd","11:15:03",2263400
20650,350,200,"sd","11:15:03",2253400
20650,350,4800,"sd","11:15:03",2253200
20650,350,200,"sd","11:14:41",2248400
20650,350,3600,"sd","11:14:41",2248200
20650,350,1400,"sd","11:14:40",2244600
20650,350,600,"sd","11:14:40",2243200
20650,350,1400,"sd","11:14:36",2242600
20650,350,100,"sd","11:14:36",2241200
20650,350,2900,"sd","11:14:35",2241100
20650,350,500,"sd","11:14:35",2238200
20650,350,500,"sd","11:14:35",2237700
20650,350,500,"sd","11:14:35",2237200
20650,350,600,"sd","11:14:34",2236700
20650,350,100,"sd","11:14:26",2236100
20650,350,200,"sd","11:14:26",2236000
20650,350,1000,"sd","11:14:26",2235800
20650,350,200,"sd","11:14:26",2234800
20650,350,100,"sd","11:14:26",2234600
20650,350,10000,"sd","11:14:26",2234500
20650,350,1000,"sd","11:14:26",2224500
20650,350,500,"sd","11:14:26",2223500
20650,350,200,"sd","11:14:26",2223000
20650,350,6700,"sd","11:14:26",2222800
20650,350,3300,"sd","11:14:19",2216100
20650,350,1000,"sd","11:14:19",2212800
20650,350,600,"sd","11:14:19",2211800
20650,350,100,"sd","11:14:19",2211200
20650,350,3000,"sd","11:14:19",2211100
20650,350,2000,"sd","11:14:19",2208100
20700,400,1500,"sd","11:13:12",2206100
20700,400,1000,"sd","11:13:12",2204600
20700,400,200,"sd","11:13:12",2203600
20700,400,100,"sd","11:13:12",2203400
20700,400,500,"sd","11:13:12",2203300
20700,400,600,"sd","11:13:12",2202800
20700,400,100,"sd","11:13:12",2202200
20700,400,200,"sd","11:13:12",2202100
20700,400,4900,"sd","11:13:12",2201900
20700,400,5300,"sd","11:13:12",2197000
20700,400,4500,"sd","11:13:11",2191700
20700,400,200,"sd","11:13:05",2187200
20700,400,800,"sd","11:13:05",2187000
20700,400,1200,"sd","11:13:04",2186200
20700,400,1000,"sd","11:13:04",2185000
20700,400,300,"sd","11:13:04",2184000
20700,400,200,"sd","11:13:01",2183700
20700,400,300,"sd","11:13:01",2183500
20700,400,1000,"sd","11:13:01",2183200
20700,400,2000,"sd","11:13:01",2182200
20700,400,600,"sd","11:13:01",2180200
20700,400,10000,"sd","11:13:01",2179600
20700,400,300,"sd","11:13:01",2169600
20700,400,200,"sd","11:13:01",2169300
20700,400,100,"sd","11:13:01",2169100
20700,400,100,"sd","11:13:01",2169000
20700,400,3000,"sd","11:13:01",2168900
20700,400,2000,"sd","11:13:01",2165900
20700,400,300,"sd","11:13:01",2163900
20700,400,200,"sd","11:13:01",2163600
20700,400,300,"sd","11:13:01",2163400
20700,400,100,"sd","11:13:01",2163100
20700,400,1600,"sd","11:13:01",2163000
20700,400,200,"sd","11:13:01",2161400
20700,400,1000,"sd","11:13:01",2161200
20700,400,100,"sd","11:13:01",2160200
20700,400,500,"sd","11:13:01",2160100
20700,400,11000,"sd","11:13:01",2159600
20700,400,500,"sd","11:13:01",2148600
20700,400,500,"sd","11:13:01",2148100
20700,400,2000,"sd","11:13:01",2147600
20700,400,1900,"sd","11:13:01",2145600
20700,400,100,"sd","11:12:49",2143700
20700,400,1500,"sd","11:12:43",2143600
20700,400,800,"sd","11:12:41",2142100
20700,400,700,"sd","11:12:40",2141300
20700,400,5000,"sd","11:12:40",2140600
20700,400,200,"sd","11:12:40",2135600
20700,400,1800,"sd","11:12:40",2135400
20700,400,300,"sd","11:12:40",2133600
20700,400,100,"sd","11:11:56",2133300
20700,400,300,"sd","11:11:56",2133200
20750,450,500,"bu","11:10:54",2132900
20750,450,500,"bu","11:10:54",2132400
20750,450,1500,"bu","11:10:54",2131900
20750,450,400,"bu","11:10:54",2130400
20750,450,7100,"bu","11:10:54",2130000
20750,450,500,"bu","11:10:41",2122900
20750,450,100,"bu","11:10:21",2122400
20750,450,200,"bu","11:10:09",2122300
20750,450,400,"bu","11:10:02",2122100
20750,450,1700,"bu","11:09:55",2121700
20750,450,100,"bu","11:09:55",2120000
20750,450,1500,"bu","11:09:55",2119900
20750,450,1000,"bu","11:09:55",2118400
20750,450,500,"bu","11:09:55",2117400
20750,450,200,"bu","11:09:55",2116900
20750,450,1000,"bu","11:09:55",2116700
20750,450,100,"bu","11:09:55",2115700
20750,450,10900,"bu","11:09:55",2115600
20750,450,100,"bu","11:08:57",2104700
20750,450,2000,"bu","11:08:45",2104600
20750,450,5000,"bu","11:08:14",2102600
20750,450,300,"bu","11:07:41",2097600
20750,450,1000,"bu","11:07:29",2097300
20750,450,300,"bu","11:07:25",2096300
20750,450,400,"bu","11:07:15",2096000
20750,450,200,"bu","11:07:15",2095600
20750,450,1000,"bu","11:07:15",2095400
20750,450,300,"bu","11:07:15",2094400
20750,450,1000,"bu","11:07:15",2094100
20750,450,2100,"bu","11:07:15",2093100
20750,450,2000,"bu","11:07:12",2091000
20750,450,500,"bu","11:07:10",2089000
20750,450,400,"bu","11:06:48",2088500
20750,450,600,"bu","11:06:48",2088100
20750,450,200,"bu","11:06:18",2087500
20750,450,2000,"bu","11:05:05",2087300
20750,450,2000,"bu","11:04:52",2085300
20750,450,1000,"bu","11:04:34",2083300
20750,450,100,"bu","11:04:34",2082300
20750,450,600,"bu","11:04:34",2082200
20750,450,600,"bu","11:04:34",2081600
20750,450,300,"bu","11:04:34",2081000
20750,450,500,"bu","11:04:34",2080700
20750,450,100,"bu","11:04:34",2080200
20750,450,1600,"bu","11:04:34",2080100
20750,450,900,"bu","11:04:34",2078500
20750,450,1100,"bu","11:04:34",2077600
20750,450,4200,"bu","11:04:34",2076500
20700,400,100,"sd","11:04:11",2072300
20700,400,900,"sd","11:03:44",2072200
20700,400,800,"sd","11:03:42",2071300
20700,400,2900,"sd","11:03:30",2070500
20700,400,500,"sd","11:03:30",2067600
20700,400,2400,"sd","11:03:30",2067100
20700,400,500,"sd","11:03:30",2064700
20700,400,200,"sd","11:03:30",2064200
20700,400,1900,"sd","11:03:30",2064000
20700,400,100,"sd","11:01:42",2062100
20700,400,300,"sd","11:01:42",2062000
20700,400,700,"sd","11:01:34",2061700
20700,400,500,"sd","11:01:34",2061000
20700,400,1000,"sd","11:01:34",2060500
20700,400,1800,"sd","11:01:34",2059500
20700,400,500,"sd","11:01:09",2057700
20750,450,200,"bu","11:01:06",2057200
20750,450,10000,"bu","11:00:15",2057000
20750,450,400,"bu","11:00:06",2047000
20750,450,10000,"bu","10:59:49",2046600
20700,400,5000,"sd","10:59:41",2036600
20700,400,100,"sd","10:58:47",2031600
20700,400,100,"sd","10:58:47",2031500
20750,450,1000,"bu","10:58:14",2031400
20750,450,300,"bu","10:58:10",2030400
20750,450,3900,"bu","10:57:55",2030100
20750,450,500,"bu","10:57:55",2026200
20750,450,200,"bu","10:57:55",2025700
20750,450,400,"bu","10:57:55",2025500
20750,450,100,"bu","10:57:35",2025100
20750,450,100,"bu","10:57:35",2025000
20750,450,800,"bu","10:57:35",2024900
20750,450,500,"bu","10:57:24",2024100
20750,450,100,"bu","10:57:15",2023600
20750,450,100,"bu","10:57:10",2023500
20750,450,500,"bu","10:57:10",2023400
20750,450,1500,"bu","10:56:47",2022900
20750,450,200,"bu","10:56:13",2021400
20750,450,500,"bu","10:55:58",2021200
20750,450,400,"bu","10:55:45",2020700
20750,450,3000,"bu","10:55:39",2020300
20750,450,500,"bu","10:55:31",2017300
20750,450,100,"bu","10:55:08",2016800
20750,450,200,"bu","10:54:00",2016700
20750,450,6200,"bu","10:53:34",2016500
20750,450,3300,"bu","10:52:55",2010300
20750,450,2000,"bu","10:52:42",2007000
20700,400,1000,"sd","10:52:41",2005000
20700,400,5200,"sd","10:52:35",2004000
20750,450,500,"bu","10:52:13",1998800
20750,450,5000,"bu","10:52:10",1998300
20750,450,300,"bu","10:52:08",1993300
20700,400,5000,"sd","10:51:56",1993000
20700,400,1000,"sd","10:51:53",1988000
20750,450,300,"bu","10:51:48",1987000
20750,450,10100,"bu","10:51:41",1986700
20750,450,5900,"bu","10:51:35",1976600
20700,400,2000,"sd","10:51:28",1970700
20700,400,100,"sd","10:51:20",1968700
20700,400,1700,"sd","10:51:11",1968600
20700,400,600,"sd","10:50:44",1966900
20700,400,1200,"sd","10:50:44",1966300
20700,400,200,"sd","10:50:44",1965100
20700,400,10000,"sd","10:50:44",1964900
20700,400,200,"sd","10:50:44",1954900
20700,400,3000,"sd","10:50:44",1954700
20700,400,300,"sd","10:50:44",1951700
20700,400,300,"sd","10:50:44",1951400
20700,400,300,"sd","10:50:44",1951100
20700,400,400,"sd","10:50:44",1950800
20700,400,200,"sd","10:50:44",1950400
20700,400,300,"sd","10:50:44",1950200
20750,450,500,"bu","10:50:40",1949900
20750,450,5100,"bu","10:50:24",1949400
20750,450,2400,"bu","10:50:16",1944300
20750,450,3100,"bu","10:50:16",1941900
20750,450,2000,"bu","10:50:10",1938800
20750,450,2500,"bu","10:50:07",1936800
20750,450,500,"bu","10:50:07",1934300
20750,450,200,"bu","10:49:57",1933800
20750,450,200,"bu","10:49:54",1933600
20750,450,300,"bu","10:49:41",1933400
20750,450,700,"bu","10:49:29",1933100
20750,450,5000,"bu","10:49:23",1932400
20750,450,200,"bu","10:49:14",1927400
20750,450,2000,"bu","10:49:05",1927200
20750,450,4500,"bu","10:49:03",1925200
20750,450,2000,"bu","10:49:01",1920700
20750,450,100,"bu","10:49:01",1918700
20750,450,200,"bu","10:49:01",1918600
20750,450,10000,"bu","10:48:58",1918400
20750,450,2000,"sd","10:48:56",1908400
20750,450,100,"sd","10:48:56",1906400
20750,450,400,"sd","10:48:56",1906300
20750,450,20000,"sd","10:48:56",1905900
20750,450,300,"sd","10:48:56",1885900
20750,450,1300,"sd","10:48:56",1885600
20750,450,28700,"sd","10:48:51",1884300
20750,450,500,"sd","10:48:51",1855600
20750,450,100,"sd","10:48:51",1855100
20750,450,500,"sd","10:48:51",1855000
20750,450,200,"sd","10:48:51",1854500
20800,500,800,"bu","10:48:49",1854300
20800,500,200,"bu","10:48:49",1853500
20800,500,1000,"bu","10:48:49",1853300
20750,450,200,"sd","10:48:43",1852300
20750,450,1000,"sd","10:48:43",1852100
20750,450,800,"sd","10:48:43",1851100
20800,500,3000,"bu","10:48:39",1850300
20800,500,2000,"bu","10:48:25",1847300
20800,500,500,"bu","10:48:25",1845300
20800,500,500,"bu","10:48:25",1844800
20800,500,500,"bu","10:48:25",1844300
20800,500,500,"bu","10:48:25",1843800
20800,500,1000,"bu","10:48:25",1843300
20750,450,100,"sd","10:48:25",1842300
20750,450,1000,"sd","10:48:11",1842200
20750,450,5000,"sd","10:48:10",1841200
20750,450,2300,"sd","10:48:08",1836200
20750,450,100,"sd","10:48:08",1833900
20750,450,1000,"sd","10:48:08",1833800
20750,450,500,"sd","10:48:08",1832800
20750,450,6100,"sd","10:48:08",1832300
20750,450,300,"sd","10:47:41",1826200
20750,450,1500,"sd","10:47:27",1825900
20750,450,1500,"sd","10:47:27",1824400
20750,450,500,"sd","10:47:11",1822900
20750,450,200,"sd","10:47:11",1822400
20750,450,100,"sd","10:47:11",1822200
20750,450,100,"sd","10:47:04",1822100
20800,500,1000,"bu","10:47:03",1822000
20800,500,4800,"bu","10:47:01",1821000
20750,450,100,"sd","10:46:41",1816200
20750,450,2500,"sd","10:46:41",1816100
20750,450,300,"sd","10:46:32",1813600
20750,450,2200,"bu","10:46:29",1813300
20750,450,3300,"bu","10:46:28",1811100
20750,450,1100,"bu","10:46:28",1807800
20750,450,100,"bu","10:46:28",1806700
20750,450,300,"bu","10:46:28",1806600
20750,450,100,"bu","10:46:28",1806300
20750,450,100,"bu","10:46:28",1806200
20750,450,1000,"bu","10:46:28",1806100
20750,450,2000,"bu","10:46:28",1805100
20750,450,100,"bu","10:46:28",1803100
20750,450,300,"bu","10:46:28",1803000
20750,450,1800,"bu","10:46:28",1802700
20750,450,500,"bu","10:46:28",1800900
20750,450,100,"bu","10:46:28",1800400
20750,450,1000,"bu","10:46:28",1800300
20750,450,1000,"bu","10:46:28",1799300
20750,450,7200,"bu","10:46:28",1798300
20750,450,800,"bu","10:46:28",1791100
20750,450,2000,"bu","10:46:21",1790300
20750,450,700,"bu","10:46:21",1788300
20750,450,100,"bu","10:46:21",1787600
20750,450,100,"bu","10:46:19",1787500
20750,450,100,"bu","10:46:15",1787400
20750,450,5000,"bu","10:46:10",1787300
20750,450,500,"bu","10:46:10",1782300
20750,450,500,"bu","10:46:10",1781800
20750,450,1000,"bu","10:46:10",1781300
20750,450,300,"bu","10:46:09",1780300
20750,450,600,"bu","10:46:09",1780000
20750,450,15000,"bu","10:46:09",1779400
20750,450,100,"bu","10:46:09",1764400
20750,450,500,"bu","10:46:09",1764300
20750,450,10000,"bu","10:46:09",1763800
20750,450,500,"bu","10:46:09",1753800
20750,450,100,"bu","10:46:09",1753300
20750,450,5000,"bu","10:46:09",1753200
20750,450,2000,"bu","10:46:09",1748200
20750,450,300,"bu","10:46:09",1746200
20750,450,600,"bu","10:46:09",1745900
20750,450,5000,"bu","10:46:09",1745300
20750,450,400,"bu","10:46:09",1740300
20750,450,500,"bu","10:46:09",1739900
20750,450,100,"bu","10:46:09",1739400
20750,450,100,"bu","10:46:09",1739300
20750,450,1900,"bu","10:46:09",1739200
20750,450,3100,"bu","10:46:01",1737300
20750,450,100,"bu","10:46:01",1734200
20750,450,500,"bu","10:46:01",1734100
20750,450,100,"bu","10:46:01",1733600
20750,450,500,"bu","10:46:01",1733500
20750,450,700,"bu","10:46:01",1733000
20750,450,600,"bu","10:45:55",1732300
20750,450,700,"bu","10:45:38",1731700
20750,450,9300,"bu","10:45:38",1731000
20700,400,1000,"sd","10:45:21",1721700
20750,450,600,"bu","10:45:21",1720700
20700,400,200,"sd","10:45:11",1720100
20700,400,2500,"sd","10:44:41",1719900
20700,400,200,"sd","10:44:36",1717400
20700,400,1000,"sd","10:44:33",1717200
20700,400,400,"sd","10:44:33",1716200
20700,400,200,"sd","10:44:33",1715800
20700,400,3000,"sd","10:44:33",1715600
20700,400,2000,"sd","10:44:28",1712600
20700,400,2500,"sd","10:44:28",1710600
20700,400,5400,"sd","10:44:28",1708100
20700,400,1000,"sd","10:44:28",1702700
20700,400,1000,"sd","10:44:28",1701700
20700,400,2000,"sd","10:44:28",1700700
20700,400,100,"sd","10:44:28",1698700
20700,400,1000,"sd","10:44:28",1698600
20700,400,3500,"sd","10:44:28",1697600
20700,400,1000,"sd","10:44:28",1694100
20700,400,500,"sd","10:44:28",1693100
20700,400,800,"sd","10:44:11",1692600
20700,400,1700,"bu","10:43:58",1691800
20700,400,300,"bu","10:43:56",1690100
20700,400,500,"bu","10:43:47",1689800
20700,400,400,"bu","10:43:47",1689300
20700,400,5700,"bu","10:43:47",1688900
20700,400,100,"bu","10:43:40",1683200
20700,400,300,"bu","10:43:40",1683100
20700,400,500,"bu","10:43:40",1682800
20700,400,4200,"bu","10:43:40",1682300
20700,400,2000,"bu","10:43:39",1678100
20700,400,800,"bu","10:43:35",1676100
20700,400,1000,"bu","10:43:35",1675300
20700,400,300,"bu","10:43:35",1674300
20700,400,200,"bu","10:43:35",1674000
20700,400,12700,"bu","10:43:35",1673800
20700,400,400,"bu","10:43:35",1661100
20700,400,100,"bu","10:43:32",1660700
20700,400,1000,"bu","10:43:27",1660600
20700,400,800,"bu","10:43:24",1659600
20700,400,1000,"bu","10:43:24",1658800
20700,400,200,"bu","10:43:24",1657800
20700,400,1000,"bu","10:43:06",1657600
20700,400,3000,"bu","10:43:06",1656600
20700,400,12400,"bu","10:43:05",1653600
20700,400,100,"bu","10:43:05",1641200
20700,400,100,"bu","10:43:05",1641100
20700,400,1000,"bu","10:43:05",1641000
20700,400,100,"bu","10:43:05",1640000
20700,400,100,"bu","10:43:05",1639900
20700,400,500,"bu","10:43:05",1639800
20700,400,2000,"bu","10:43:05",1639300
20700,400,3700,"bu","10:43:05",1637300
20700,400,300,"bu","10:43:02",1633600
20700,400,4700,"bu","10:43:02",1633300
20700,400,1700,"bu","10:43:00",1628600
20700,400,1000,"bu","10:43:00",1626900
20700,400,2000,"bu","10:43:00",1625900
20700,400,500,"bu","10:43:00",1623900
20700,400,300,"bu","10:43:00",1623400
20700,400,200,"bu","10:43:00",1623100
20700,400,3000,"bu","10:43:00",1622900
20700,400,100,"bu","10:43:00",1619900
20700,400,300,"bu","10:43:00",1619800
20700,400,2000,"bu","10:43:00",1619500
20700,400,300,"bu","10:43:00",1617500
20700,400,1000,"bu","10:43:00",1617200
20700,400,5000,"bu","10:43:00",1616200
20700,400,10000,"bu","10:43:00",1611200
20700,400,2000,"bu","10:43:00",1601200
20700,400,500,"bu","10:43:00",1599200
20700,400,100,"bu","10:43:00",1598700
20700,400,1400,"bu","10:43:00",1598600
20700,400,600,"bu","10:43:00",1597200
20700,400,100,"bu","10:42:58",1596600
20700,400,4300,"bu","10:42:40",1596500
20700,400,100,"bu","10:42:40",1592200
20700,400,500,"bu","10:42:40",1592100
20700,400,100,"bu","10:42:40",1591600
20650,350,200,"sd","10:42:11",1591500
20650,350,1000,"sd","10:41:58",1591300
20650,350,200,"sd","10:41:58",1590300
20650,350,1400,"sd","10:41:41",1590100
20650,350,200,"sd","10:41:41",1588700
20650,350,100,"bu","10:41:38",1588500
20650,350,500,"bu","10:41:38",1588400
20650,350,200,"bu","10:41:37",1587900
20650,350,400,"bu","10:41:37",1587700
20650,350,100,"bu","10:41:35",1587300
20650,350,100,"bu","10:41:32",1587200
20650,350,700,"bu","10:41:27",1587100
20650,350,5000,"bu","10:41:27",1586400
20650,350,100,"bu","10:41:27",1581400
20650,350,500,"bu","10:41:27",1581300
20650,350,200,"bu","10:41:27",1580800
20650,350,2700,"bu","10:41:27",1580600
20650,350,800,"bu","10:41:27",1577900
20650,350,500,"bu","10:41:21",1577100
20650,350,4500,"bu","10:41:21",1576600
20650,350,5000,"bu","10:41:08",1572100
20650,350,600,"bu","10:41:02",1567100
20650,350,800,"bu","10:39:54",1566500
20650,350,6000,"bu","10:39:54",1565700
20650,350,1000,"bu","10:39:09",1559700
20650,350,100,"bu","10:38:49",1558700
20600,300,1000,"sd","10:38:42",1558600
20600,300,9500,"sd","10:38:22",1557600
20600,300,500,"sd","10:38:22",1548100
20650,350,5000,"bu","10:38:07",1547600
20650,350,100,"bu","10:37:33",1542600
20650,350,3000,"bu","10:37:25",1542500
20650,350,2000,"bu","10:37:23",1539500
20650,350,100,"bu","10:37:21",1537500
20650,350,5000,"sd","10:37:19",1537400
20650,350,1000,"sd","10:37:19",1532400
20650,350,2000,"sd","10:37:19",1531400
20650,350,10000,"sd","10:37:19",1529400
20650,350,1000,"sd","10:37:19",1519400
20650,350,500,"sd","10:37:19",1518400
20650,350,2000,"sd","10:37:19",1517900
20650,350,300,"sd","10:37:19",1515900
20650,350,700,"sd","10:37:11",1515600
20650,350,5000,"sd","10:36:58",1514900
20650,350,2200,"sd","10:36:53",1509900
20650,350,600,"sd","10:36:41",1507700
20650,350,1200,"sd","10:36:25",1507100
20650,350,2800,"sd","10:36:25",1505900
20650,350,2100,"sd","10:36:11",1503100
20650,350,2000,"sd","10:36:09",1501000
20650,350,1200,"bu","10:35:57",1499000
20650,350,200,"bu","10:35:57",1497800
20650,350,500,"bu","10:35:57",1497600
20650,350,200,"bu","10:35:57",1497100
20650,350,2700,"bu","10:35:57",1496900
20650,350,8300,"bu","10:35:57",1494200
20650,350,100,"bu","10:35:53",1485900
20650,350,5000,"bu","10:35:50",1485800
20650,350,200,"bu","10:35:45",1480800
20650,350,1000,"bu","10:35:43",1480600
20650,350,2000,"bu","10:35:35",1479600
20650,350,10000,"bu","10:35:13",1477600
20650,350,3400,"bu","10:34:58",1467600
20650,350,200,"bu","10:34:58",1464200
20650,350,600,"bu","10:34:58",1464000
20650,350,800,"bu","10:34:58",1463400
20650,350,300,"bu","10:34:26",1462600
20650,350,200,"bu","10:34:19",1462300
20650,350,2000,"bu","10:34:06",1462100
20650,350,1100,"bu","10:33:27",1460100
20650,350,100,"bu","10:33:27",1459000
20650,350,500,"bu","10:33:27",1458900
20650,350,2000,"bu","10:33:27",1458400
20650,350,800,"bu","10:33:27",1456400
20650,350,500,"bu","10:33:27",1455600
20600,300,1000,"sd","10:33:11",1455100
20650,350,100,"bu","10:33:10",1454100
20650,350,4100,"bu","10:33:09",1454000
20650,350,15600,"bu","10:33:04",1449900
20650,350,5000,"bu","10:33:04",1434300
20650,350,12400,"bu","10:33:04",1429300
20650,350,7000,"bu","10:33:04",1416900
20650,350,300,"bu","10:32:53",1409900
20650,350,500,"bu","10:32:34",1409600
20650,350,600,"bu","10:32:23",1409100
20650,350,1600,"bu","10:30:52",1408500
20650,350,1600,"bu","10:30:52",1406900
20650,350,1000,"bu","10:30:52",1405300
20650,350,800,"bu","10:30:52",1404300
20650,350,5000,"bu","10:29:52",1403500
20650,350,15100,"bu","10:26:51",1398500
20650,350,1000,"bu","10:26:46",1383400
20650,350,4700,"sd","10:26:38",1382400
20650,350,3400,"sd","10:26:38",1377700
20650,350,1200,"sd","10:26:27",1374300
20650,350,900,"sd","10:26:11",1373100
20650,350,1500,"bu","10:26:06",1372200
20650,350,5000,"bu","10:26:03",1370700
20650,350,200,"sd","10:25:59",1365700
20650,350,2000,"sd","10:25:59",1365500
20650,350,300,"sd","10:25:59",1363500
20650,350,300,"sd","10:25:24",1363200
20650,350,400,"sd","10:25:19",1362900
20650,350,100,"sd","10:24:55",1362500
20650,350,100,"sd","10:24:41",1362400
20650,350,1000,"bu","10:24:25",1362300
20650,350,800,"bu","10:24:25",1361300
20650,350,100,"sd","10:24:11",1360500
20650,350,4000,"sd","10:23:55",1360400
20650,350,5800,"sd","10:23:53",1356400
20650,350,100,"sd","10:23:41",1350600
20650,350,200,"sd","10:23:33",1350500
20650,350,800,"sd","10:23:33",1350300
20650,350,100,"sd","10:23:11",1349500
20650,350,1000,"sd","10:22:41",1349400
20650,350,10000,"sd","10:22:30",1348400
20650,350,800,"sd","10:22:11",1338400
20650,350,700,"sd","10:21:58",1337600
20650,350,6600,"sd","10:21:49",1336900
20650,350,500,"sd","10:21:49",1330300
20650,350,300,"sd","10:21:49",1329800
20650,350,300,"sd","10:21:41",1329500
20650,350,1400,"sd","10:21:35",1329200
20650,350,2400,"sd","10:21:35",1327800
20650,350,100,"sd","10:21:11",1325400
20650,350,1200,"sd","10:20:52",1325300
20650,350,300,"sd","10:20:41",1324100
20650,350,200,"sd","10:20:41",1323800
20650,350,300,"sd","10:20:26",1323600
20650,350,1000,"sd","10:20:26",1323300
20650,350,3000,"sd","10:20:26",1322300
20650,350,100,"sd","10:20:26",1319300
20650,350,600,"sd","10:20:26",1319200
20650,350,300,"sd","10:20:11",1318600
20650,350,300,"sd","10:20:11",1318300
20650,350,1800,"sd","10:19:59",1318000
20650,350,1000,"sd","10:19:59",1316200
20650,350,100,"sd","10:19:59",1315200
20650,350,100,"sd","10:19:59",1315100
20650,350,200,"sd","10:19:59",1315000
20650,350,100,"sd","10:19:58",1314800
20650,350,100,"sd","10:19:47",1314700
20650,350,600,"sd","10:19:44",1314600
20650,350,400,"sd","10:19:44",1314000
20650,350,1600,"sd","10:19:41",1313600
20650,350,700,"sd","10:19:41",1312000
20650,350,3300,"sd","10:19:27",1311300
20650,350,500,"sd","10:19:27",1308000
20650,350,6200,"sd","10:19:27",1307500
20650,350,500,"sd","10:19:24",1301300
20650,350,8300,"sd","10:19:16",1300800
20650,350,1700,"sd","10:19:16",1292500
20650,350,300,"sd","10:19:11",1290800
20650,350,3000,"sd","10:19:11",1290500
20650,350,7000,"sd","10:18:51",1287500
20650,350,300,"sd","10:18:51",1280500
20650,350,2700,"sd","10:18:51",1280200
20650,350,12300,"sd","10:18:44",1277500
20650,350,2000,"sd","10:18:44",1265200
20650,350,500,"sd","10:18:44",1263200
20650,350,4000,"sd","10:18:44",1262700
20650,350,4000,"sd","10:18:44",1258700
20650,350,600,"sd","10:18:41",1254700
20650,350,5000,"sd","10:18:16",1254100
20650,350,400,"sd","10:18:11",1249100
20650,350,1400,"sd","10:18:11",1248700
20650,350,2600,"sd","10:17:56",1247300
20650,350,100,"sd","10:17:56",1244700
20650,350,10000,"sd","10:17:56",1244600
20650,350,600,"sd","10:17:56",1234600
20650,350,500,"sd","10:17:56",1234000
20650,350,1500,"sd","10:17:56",1233500
20650,350,500,"sd","10:17:52",1232000
20650,350,500,"sd","10:17:52",1231500
20650,350,2000,"sd","10:17:41",1231000
20650,350,100,"sd","10:17:11",1229000
20650,350,400,"sd","10:16:53",1228900
20650,350,100,"sd","10:16:53",1228500
20650,350,900,"sd","10:16:53",1228400
20700,400,800,"bu","10:15:41",1227500
20700,400,500,"bu","10:15:41",1226700
20700,400,3700,"bu","10:15:41",1226200
20700,400,5000,"sd","10:14:18",1222500
20700,400,500,"sd","10:14:18",1217500
20700,400,800,"sd","10:14:18",1217000
20700,400,200,"sd","10:14:14",1216200
20700,400,2800,"sd","10:14:14",1216000
20700,400,200,"sd","10:13:54",1213200
20700,400,200,"sd","10:13:41",1213000
20700,400,1000,"sd","10:13:37",1212800
20700,400,500,"sd","10:13:32",1211800
20700,400,300,"bu","10:13:17",1211300
20700,400,900,"bu","10:13:12",1211000
20700,400,200,"bu","10:13:05",1210100
20700,400,900,"bu","10:13:03",1209900
20700,400,100,"bu","10:13:03",1209000
20700,400,2000,"bu","10:12:40",1208900
20700,400,8000,"bu","10:12:24",1206900
20700,400,100,"bu","10:12:24",1198900
20700,400,2000,"bu","10:12:24",1198800
20700,400,3000,"bu","10:12:24",1196800
20700,400,300,"bu","10:12:24",1193800
20700,400,500,"bu","10:12:24",1193500
20700,400,500,"bu","10:12:24",1193000
20700,400,100,"bu","10:12:24",1192500
20700,400,3000,"bu","10:12:24",1192400
20700,400,2500,"bu","10:12:24",1189400
20700,400,100,"bu","10:10:26",1186900
20700,400,5000,"bu","10:09:59",1186800
20700,400,400,"bu","10:09:19",1181800
20700,400,2600,"bu","10:09:18",1181400
20700,400,5000,"bu","10:08:52",1178800
20700,400,2400,"bu","10:08:39",1173800
20700,400,1500,"bu","10:08:10",1171400
20700,400,100,"bu","10:08:10",1169900
20700,400,100,"bu","10:07:53",1169800
20700,400,100,"bu","10:07:34",1169700
20700,400,200,"bu","10:07:34",1169600
20700,400,100,"bu","10:07:34",1169400
20700,400,200,"bu","10:07:34",1169300
20700,400,500,"bu","10:07:34",1169100
20700,400,1000,"bu","10:07:34",1168600
20700,400,4000,"bu","10:07:34",1167600
20700,400,100,"bu","10:07:34",1163600
20700,400,1000,"bu","10:07:34",1163500
20700,400,1000,"bu","10:07:34",1162500
20700,400,400,"bu","10:07:34",1161500
20700,400,3000,"bu","10:07:34",1161100
20700,400,100,"bu","10:07:34",1158100
20700,400,5000,"bu","10:07:34",1158000
20700,400,100,"bu","10:07:34",1153000
20700,400,600,"bu","10:07:34",1152900
20700,400,200,"bu","10:07:34",1152300
20700,400,2400,"bu","10:07:34",1152100
20700,400,4600,"bu","10:07:31",1149700
20700,400,700,"bu","10:07:30",1145100
20700,400,2400,"bu","10:07:30",1144400
20700,400,900,"bu","10:07:30",1142000
20700,400,200,"bu","10:07:25",1141100
20700,400,500,"bu","10:07:20",1140900
20700,400,2000,"bu","10:06:51",1140400
20700,400,100,"bu","10:06:51",1138400
20650,350,500,"sd","10:06:41",1138300
20700,400,500,"bu","10:05:42",1137800
20700,400,100,"bu","10:05:38",1137300
20700,400,100,"bu","10:05:23",1137200
20700,400,4500,"bu","10:05:23",1137100
20700,400,1000,"bu","10:04:52",1132600
20700,400,800,"sd","10:04:00",1131600
20700,400,200,"sd","10:04:00",1130800
20700,400,3000,"sd","10:04:00",1130600
20700,400,500,"sd","10:04:00",1127600
20700,400,1000,"sd","10:03:57",1127100
20700,400,13500,"sd","10:03:54",1126100
20700,400,200,"sd","10:03:54",1112600
20700,400,4000,"sd","10:03:54",1112400
20700,400,500,"sd","10:03:54",1108400
20700,400,1800,"sd","10:03:54",1107900
20700,400,300,"sd","10:03:53",1106100
20700,400,2900,"sd","10:03:51",1105800
20700,400,5000,"sd","10:03:51",1102900
20700,400,1100,"sd","10:03:51",1097900
20700,400,5300,"sd","10:03:47",1096800
20700,400,4700,"sd","10:03:47",1091500
20700,400,300,"sd","10:03:14",1086800
20700,400,100,"sd","10:02:44",1086500
20700,400,200,"sd","10:02:34",1086400
20700,400,200,"sd","10:02:09",1086200
20700,400,300,"sd","10:01:42",1086000
20700,400,3000,"sd","10:01:28",1085700
20750,450,100,"bu","10:01:01",1082700
20750,450,500,"bu","10:01:01",1082600
20750,450,400,"bu","10:01:01",1082100
20700,400,500,"sd","10:01:01",1081700
20700,400,500,"sd","10:00:48",1081200
20700,400,100,"sd","10:00:43",1080700
20700,400,900,"sd","10:00:41",1080600
20700,400,500,"bu","10:00:24",1079700
20700,400,200,"bu","10:00:24",1079200
20700,400,200,"bu","10:00:24",1079000
20700,400,500,"bu","10:00:24",1078800
20700,400,700,"bu","10:00:24",1078300
20700,400,500,"bu","10:00:24",1077600
20700,400,100,"bu","10:00:24",1077100
20700,400,3600,"bu","10:00:24",1077000
20700,400,2000,"bu","10:00:24",1073400
20700,400,100,"bu","10:00:24",1071400
20700,400,800,"bu","10:00:24",1071300
20700,400,2000,"bu","10:00:06",1070500
20700,400,200,"bu","09:59:35",1068500
20700,400,500,"bu","09:59:35",1068300
20700,400,2000,"bu","09:59:34",1067800
20700,400,800,"bu","09:59:26",1065800
20700,400,2300,"bu","09:59:26",1065000
20700,400,1100,"bu","09:59:26",1062700
20700,400,100,"bu","09:59:26",1061600
20700,400,700,"bu","09:59:26",1061500
20700,400,1000,"bu","09:58:55",1060800
20700,400,100,"bu","09:58:43",1059800
20700,400,8200,"bu","09:57:39",1059700
20700,400,300,"bu","09:57:39",1051500
20700,400,1500,"bu","09:57:39",1051200
20700,400,100,"bu","09:57:30",1049700
20700,400,200,"bu","09:57:30",1049600
20700,400,900,"bu","09:57:30",1049400
20700,400,300,"bu","09:57:13",1048500
20700,400,100,"bu","09:57:08",1048200
20700,400,100,"bu","09:57:05",1048100
20700,400,5000,"sd","09:57:03",1048000
20700,400,1000,"sd","09:57:03",1043000
20700,400,2600,"sd","09:57:03",1042000
20700,400,100,"sd","09:57:00",1039400
20700,400,2300,"sd","09:56:52",1039300
20700,400,2700,"sd","09:56:52",1037000
20700,400,2300,"sd","09:56:41",1034300
20700,400,200,"sd","09:56:41",1032000
20700,400,100,"bu","09:56:27",1031800
20700,400,500,"bu","09:56:27",1031700
20700,400,2200,"bu","09:56:27",1031200
20700,400,1300,"bu","09:56:22",1029000
20700,400,100,"bu","09:56:22",1027700
20700,400,5800,"bu","09:56:22",1027600
20700,400,2800,"bu","09:56:22",1021800
20700,400,100,"bu","09:56:21",1019000
20700,400,10000,"bu","09:56:20",1018900
20700,400,2000,"bu","09:56:18",1008900
20700,400,300,"bu","09:56:12",1006900
20700,400,1400,"bu","09:56:02",1006600
20700,400,1000,"sd","09:55:56",1005200
20700,400,3000,"sd","09:55:56",1004200
20700,400,700,"sd","09:55:56",1001200
20700,400,10000,"sd","09:55:56",1000500
20700,400,2000,"sd","09:55:56",990500
20700,400,16700,"sd","09:55:56",988500
20700,400,300,"sd","09:55:55",971800
20700,400,300,"sd","09:55:41",971500
20700,400,100,"sd","09:55:13",971200
20700,400,2600,"sd","09:55:11",971100
20700,400,700,"sd","09:55:11",968500
20700,400,100,"sd","09:55:11",967800
20700,400,100,"bu","09:54:50",967700
20700,400,6200,"bu","09:54:50",967600
20700,400,3200,"bu","09:54:50",961400
20700,400,400,"bu","09:54:50",958200
20700,400,4600,"bu","09:54:49",957800
20700,400,100,"bu","09:54:49",953200
20700,400,200,"bu","09:54:49",953100
20700,400,2000,"bu","09:54:49",952900
20700,400,1000,"bu","09:54:49",950900
20700,400,1000,"bu","09:54:49",949900
20700,400,100,"bu","09:54:49",948900
20700,400,500,"bu","09:54:49",948800
20700,400,500,"bu","09:54:49",948300
20700,400,100,"bu","09:54:48",947800
20700,400,100,"bu","09:54:48",947700
20700,400,500,"bu","09:54:48",947600
20700,400,100,"bu","09:54:48",947100
20700,400,100,"bu","09:54:48",947000
20700,400,2000,"bu","09:54:48",946900
20700,400,2000,"bu","09:54:48",944900
20700,400,100,"bu","09:54:48",942900
20700,400,100,"bu","09:54:48",942800
20700,400,4000,"bu","09:54:48",942700
20700,400,500,"bu","09:54:48",938700
20700,400,400,"bu","09:54:48",938200
20700,400,1000,"bu","09:54:46",937800
20700,400,3600,"bu","09:54:41",936800
20700,400,500,"bu","09:54:39",933200
20700,400,500,"bu","09:54:35",932700
20700,400,2300,"bu","09:54:35",932200
20700,400,200,"bu","09:54:35",929900
20700,400,800,"bu","09:54:35",929700
20700,400,800,"bu","09:54:35",928900
20700,400,2000,"bu","09:54:35",928100
20700,400,500,"bu","09:54:35",926100
20700,400,500,"bu","09:54:35",925600
20700,400,1000,"bu","09:54:35",925100
20700,400,1500,"bu","09:54:35",924100
20700,400,500,"bu","09:54:35",922600
20700,400,1000,"bu","09:54:34",922100
20700,400,600,"bu","09:54:34",921100
20700,400,4000,"bu","09:54:34",920500
20700,400,2000,"bu","09:54:34",916500
20700,400,500,"bu","09:54:34",914500
20700,400,300,"bu","09:54:34",914000
20700,400,1000,"bu","09:54:34",913700
20700,400,200,"bu","09:54:34",912700
20700,400,300,"bu","09:54:34",912500
20700,400,500,"bu","09:54:34",912200
20700,400,2000,"bu","09:54:34",911700
20700,400,3000,"bu","09:54:34",909700
20700,400,200,"bu","09:54:34",906700
20700,400,100,"bu","09:54:34",906500
20700,400,400,"bu","09:54:34",906400
20700,400,300,"bu","09:54:34",906000
20700,400,800,"bu","09:54:34",905700
20700,400,1000,"bu","09:54:34",904900
20700,400,500,"bu","09:54:34",903900
20700,400,200,"bu","09:54:34",903400
20700,400,100,"bu","09:54:34",903200
20700,400,400,"bu","09:54:34",903100
20700,400,500,"bu","09:54:30",902700
20700,400,3100,"bu","09:54:27",902200
20700,400,1000,"bu","09:54:27",899100
20700,400,500,"bu","09:54:27",898100
20700,400,1000,"bu","09:54:27",897600
20700,400,1000,"bu","09:54:27",896600
20700,400,300,"bu","09:54:27",895600
20700,400,300,"bu","09:54:27",895300
20700,400,1000,"bu","09:54:27",895000
20700,400,10000,"bu","09:54:27",894000
20700,400,11800,"bu","09:54:27",884000
20700,400,1700,"bu","09:54:20",872200
20700,400,6500,"bu","09:53:59",870500
20700,400,200,"bu","09:53:59",864000
20700,400,2000,"bu","09:53:59",863800
20700,400,3000,"bu","09:53:59",861800
20700,400,500,"bu","09:53:59",858800
20700,400,100,"bu","09:53:59",858300
20700,400,2700,"bu","09:53:59",858200
20700,400,2300,"bu","09:53:54",855500
20700,400,5000,"bu","09:53:54",853200
20700,400,2700,"bu","09:53:54",848200
20700,400,6800,"bu","09:53:51",845500
20700,400,500,"bu","09:53:46",838700
20700,400,500,"bu","09:53:45",838200
20700,400,1500,"bu","09:53:27",837700
20700,400,1000,"bu","09:53:08",836200
20650,350,500,"sd","09:53:06",835200
20650,350,500,"sd","09:52:42",834700
20650,350,600,"sd","09:51:42",834200
20650,350,100,"sd","09:51:41",833600
20650,350,500,"sd","09:51:37",833500
20650,350,200,"sd","09:51:29",833000
20650,350,1100,"sd","09:51:11",832800
20650,350,100,"sd","09:51:11",831700
20650,350,1000,"sd","09:51:07",831600
20650,350,1000,"sd","09:51:07",830600
20650,350,9000,"sd","09:50:45",829600
20650,350,100,"sd","09:50:45",820600
20650,350,500,"sd","09:50:45",820500
20650,350,400,"sd","09:50:45",820000
20650,350,100,"sd","09:50:41",819600
20650,350,1600,"sd","09:50:35",819500
20650,350,100,"sd","09:50:11",817900
20650,350,200,"sd","09:49:56",817800
20650,350,300,"sd","09:49:46",817600
20650,350,700,"sd","09:49:41",817300
20650,350,2000,"sd","09:49:36",816600
20700,400,500,"bu","09:49:32",814600
20650,350,100,"sd","09:49:21",814100
20650,350,600,"sd","09:49:21",814000
20650,350,4300,"sd","09:49:21",813400
20650,350,400,"sd","09:48:41",809100
20650,350,300,"bu","09:48:36",808700
20650,350,700,"sd","09:48:24",808400
20650,350,1300,"bu","09:48:18",807700
20650,350,100,"sd","09:48:11",806400
20650,350,400,"sd","09:48:11",806300
20650,350,1300,"sd","09:48:11",805900
20650,350,8700,"bu","09:47:59",804600
20650,350,1300,"bu","09:47:58",795900
20650,350,700,"bu","09:47:58",794600
20650,350,600,"bu","09:47:55",793900
20650,350,9400,"bu","09:47:55",793300
20650,350,5000,"sd","09:47:41",783900
20650,350,500,"sd","09:47:41",778900
20650,350,2200,"sd","09:47:41",778400
20650,350,500,"sd","09:47:41",776200
20650,350,2400,"sd","09:47:41",775700
20650,350,3000,"sd","09:47:26",773300
20650,350,4600,"sd","09:47:15",770300
20650,350,2000,"sd","09:47:15",765700
20650,350,400,"sd","09:47:15",763700
20650,350,600,"sd","09:47:15",763300
20650,350,1000,"sd","09:47:15",762700
20650,350,500,"sd","09:47:15",761700
20650,350,900,"sd","09:47:15",761200
20650,350,500,"sd","09:47:14",760300
20650,350,300,"sd","09:47:11",759800
20650,350,500,"sd","09:46:50",759500
20650,350,1000,"sd","09:46:48",759000
20650,350,1700,"bu","09:46:46",758000
20650,350,100,"bu","09:46:46",756300
20650,350,900,"bu","09:46:37",756200
20650,350,300,"bu","09:46:37",755300
20650,350,800,"bu","09:46:37",755000
20650,350,200,"bu","09:46:34",754200
20650,350,1100,"bu","09:46:34",754000
20650,350,100,"bu","09:46:34",752900
20650,350,3600,"bu","09:46:34",752800
20650,350,1400,"bu","09:46:30",749200
20650,350,100,"bu","09:46:30",747800
20650,350,500,"bu","09:46:30",747700
20650,350,1900,"bu","09:46:27",747200
20650,350,6100,"bu","09:46:27",745300
20650,350,1000,"bu","09:45:19",739200
20650,350,2000,"sd","09:44:43",738200
20650,350,2400,"sd","09:44:43",736200
20650,350,2000,"sd","09:44:43",733800
20650,350,5000,"sd","09:44:43",731800
20650,350,1000,"sd","09:44:43",726800
20650,350,5000,"sd","09:44:43",725800
20650,350,5500,"sd","09:44:43",720800
20650,350,2000,"sd","09:44:41",715300
20650,350,100,"sd","09:44:36",713300
20650,350,200,"sd","09:44:11",713200
20650,350,1000,"bu","09:44:09",713000
20650,350,600,"bu","09:44:09",712000
20650,350,600,"bu","09:44:09",711400
20650,350,500,"sd","09:43:39",710800
20650,350,400,"sd","09:43:39",710300
20700,400,3000,"bu","09:43:30",709900
20650,350,1100,"bu","09:43:22",706900
20650,350,900,"sd","09:43:17",705800
20650,350,900,"sd","09:43:11",704900
20650,350,3000,"bu","09:43:03",704000
20650,350,1000,"bu","09:43:03",701000
20650,350,300,"bu","09:43:03",700000
20650,350,300,"bu","09:43:03",699700
20650,350,2000,"bu","09:43:03",699400
20650,350,1000,"bu","09:43:03",697400
20650,350,500,"bu","09:43:03",696400
20650,350,100,"bu","09:43:03",695900
20650,350,200,"bu","09:43:01",695800
20600,300,1300,"sd","09:42:41",695600
20600,300,5000,"sd","09:42:37",694300
20650,350,2700,"bu","09:42:36",689300
20650,350,2000,"bu","09:42:36",686600
20650,350,1000,"bu","09:42:36",684600
20600,300,300,"sd","09:42:35",683600
20600,300,500,"sd","09:42:31",683300
20600,300,500,"sd","09:42:31",682800
20600,300,1800,"sd","09:42:11",682300
20600,300,3000,"sd","09:42:09",680500
20650,350,100,"bu","09:42:05",677500
20650,350,100,"bu","09:42:05",677400
20650,350,4400,"bu","09:42:05",677300
20650,350,800,"bu","09:42:05",672900
20650,350,1000,"bu","09:42:05",672100
20650,350,3600,"bu","09:42:05",671100
20600,300,5000,"sd","09:41:45",667500
20600,300,300,"sd","09:41:41",662500
20600,300,2000,"sd","09:41:38",662200
20600,300,1100,"sd","09:41:25",660200
20650,350,200,"bu","09:41:06",659100
20650,350,100,"bu","09:41:02",658900
20650,350,700,"bu","09:40:27",658800
20650,350,500,"bu","09:40:19",658100
20650,350,4900,"bu","09:40:10",657600
20650,350,100,"bu","09:40:10",652700
20650,350,5000,"bu","09:40:10",652600
20650,350,1000,"bu","09:40:09",647600
20650,350,1000,"sd","09:39:57",646600
20650,350,3000,"sd","09:39:57",645600
20650,350,2000,"sd","09:39:41",642600
20650,350,1600,"sd","09:39:41",640600
20650,350,5000,"sd","09:39:37",639000
20650,350,3400,"bu","09:39:36",634000
20650,350,600,"sd","09:39:35",630600
20650,350,16000,"sd","09:39:35",630000
20650,350,500,"sd","09:39:32",614000
20700,400,1000,"bu","09:39:30",613500
20650,350,500,"sd","09:39:24",612500
20650,350,2000,"bu","09:39:20",612000
20650,350,200,"bu","09:39:20",610000
20650,350,1700,"bu","09:39:20",609800
20650,350,3000,"bu","09:39:20",608100
20650,350,100,"bu","09:39:20",605100
20650,350,2200,"bu","09:39:20",605000
20650,350,100,"bu","09:39:09",602800
20650,350,14900,"bu","09:39:08",602700
20650,350,1000,"bu","09:39:05",587800
20650,350,100,"bu","09:39:05",586800
20650,350,1000,"bu","09:39:04",586700
20650,350,700,"bu","09:38:57",585700
20650,350,200,"sd","09:38:36",585000
20650,350,500,"sd","09:38:36",584800
20650,350,1000,"sd","09:38:36",584300
20650,350,100,"sd","09:38:36",583300
20650,350,500,"sd","09:38:36",583200
20650,350,500,"sd","09:38:29",582700
20650,350,1000,"sd","09:38:29",582200
20650,350,20000,"sd","09:38:20",581200
20650,350,100,"sd","09:38:11",561200
20650,350,1400,"sd","09:38:09",561100
20650,350,300,"sd","09:37:41",559700
20650,350,3000,"sd","09:37:11",559400
20650,350,25200,"bu","09:36:52",556400
20650,350,3000,"bu","09:36:48",531200
20650,350,1800,"sd","09:36:43",528200
20650,350,800,"sd","09:36:41",526400
20650,350,900,"bu","09:36:37",525600
20650,350,200,"bu","09:36:37",524700
20650,350,600,"bu","09:36:33",524500
20650,350,500,"sd","09:36:32",523900
20650,350,300,"sd","09:36:32",523400
20650,350,500,"sd","09:36:32",523100
20650,350,2000,"sd","09:36:32",522600
20700,400,1000,"bu","09:36:16",520600
20650,350,1900,"bu","09:36:11",519600
20650,350,100,"bu","09:36:11",517700
20650,350,800,"bu","09:36:07",517600
20650,350,2800,"bu","09:36:07",516800
20650,350,100,"bu","09:36:07",514000
20650,350,2300,"bu","09:36:07",513900
20650,350,500,"bu","09:36:05",511600
20650,350,1000,"bu","09:36:04",511100
20650,350,500,"bu","09:35:59",510100
20650,350,6000,"bu","09:35:59",509600
20650,350,200,"bu","09:35:58",503600
20650,350,2000,"bu","09:35:52",503400
20650,350,1000,"bu","09:35:46",501400
20650,350,2000,"bu","09:35:43",500400
20650,350,300,"bu","09:35:38",498400
20650,350,4200,"bu","09:35:33",498100
20650,350,800,"bu","09:35:33",493900
20650,350,900,"bu","09:35:22",493100
20650,350,13000,"bu","09:35:21",492200
20650,350,8000,"bu","09:35:21",479200
20650,350,1000,"bu","09:35:13",471200
20650,350,400,"bu","09:35:02",470200
20650,350,200,"bu","09:34:49",469800
20650,350,1400,"bu","09:34:49",469600
20650,350,900,"sd","09:34:48",468200
20650,350,4200,"sd","09:34:48",467300
20650,350,1200,"sd","09:34:41",463100
20650,350,100,"sd","09:34:38",461900
20650,350,9500,"sd","09:34:37",461800
20650,350,500,"sd","09:34:37",452300
20650,350,100,"sd","09:34:32",451800
20650,350,1900,"sd","09:34:19",451700
20650,350,100,"sd","09:34:19",449800
20650,350,400,"sd","09:34:11",449700
20650,350,1700,"bu","09:33:55",449300
20650,350,1000,"bu","09:33:55",447600
20650,350,1300,"bu","09:33:55",446600
20650,350,500,"bu","09:33:41",445300
20650,350,500,"sd","09:33:35",444800
20650,350,800,"sd","09:33:35",444300
20650,350,1000,"sd","09:33:28",443500
20650,350,200,"sd","09:33:26",442500
20650,350,100,"sd","09:33:24",442300
20650,350,2900,"bu","09:33:17",442200
20650,350,1600,"sd","09:33:15",439300
20650,350,400,"bu","09:33:14",437700
20650,350,800,"bu","09:33:11",437300
20650,350,200,"bu","09:33:11",436500
20650,350,200,"bu","09:33:11",436300
20650,350,200,"bu","09:33:11",436100
20650,350,100,"bu","09:33:11",435900
20650,350,4800,"bu","09:33:11",435800
20650,350,3700,"bu","09:33:11",431000
20650,350,1300,"bu","09:33:05",427300
20650,350,100,"bu","09:33:05",426000
20650,350,100,"bu","09:33:05",425900
20650,350,2000,"bu","09:33:05",425800
20650,350,500,"bu","09:33:05",423800
20650,350,500,"bu","09:32:54",423300
20650,350,200,"bu","09:32:54",422800
20650,350,2000,"bu","09:32:54",422600
20650,350,5000,"bu","09:32:54",420600
20650,350,300,"bu","09:32:54",415600
20650,350,200,"bu","09:32:44",415300
20650,350,1200,"bu","09:32:36",415100
20650,350,800,"bu","09:32:24",413900
20650,350,800,"bu","09:31:44",413100
20650,350,1100,"bu","09:31:44",412300
20650,350,100,"bu","09:31:44",411200
20650,350,900,"bu","09:31:07",411100
20650,350,100,"bu","09:31:07",410200
20650,350,200,"bu","09:30:52",410100
20650,350,900,"bu","09:30:51",409900
20650,350,500,"sd","09:30:25",409000
20650,350,500,"sd","09:30:25",408500
20650,350,1000,"sd","09:30:25",408000
20650,350,3000,"sd","09:30:25",407000
20650,350,2000,"sd","09:30:21",404000
20650,350,3200,"sd","09:30:21",402000
20650,350,300,"sd","09:30:17",398800
20650,350,1000,"sd","09:30:11",398500
20650,350,500,"sd","09:30:11",397500
20650,350,100,"sd","09:30:11",397000
20650,350,400,"sd","09:30:02",396900
20650,350,1300,"sd","09:30:02",396500
20650,350,1000,"sd","09:30:02",395200
20650,350,300,"sd","09:30:02",394200
20650,350,1800,"sd","09:29:46",393900
20650,350,500,"sd","09:29:41",392100
20650,350,5000,"sd","09:29:23",391600
20650,350,900,"sd","09:29:11",386600
20650,350,100,"sd","09:29:10",385700
20650,350,200,"bu","09:29:03",385600
20650,350,300,"bu","09:28:59",385400
20650,350,100,"bu","09:28:59",385100
20650,350,500,"bu","09:28:59",385000
20650,350,900,"bu","09:28:53",384500
20650,350,100,"bu","09:28:53",383600
20650,350,300,"bu","09:28:53",383500
20650,350,5000,"bu","09:28:52",383200
20650,350,2000,"bu","09:28:48",378200
20650,350,200,"bu","09:28:26",376200
20650,350,1000,"bu","09:28:24",376000
20650,350,500,"sd","09:28:23",375000
20650,350,900,"sd","09:28:23",374500
20650,350,4100,"bu","09:28:19",373600
20650,350,1500,"bu","09:28:17",369500
20650,350,500,"bu","09:28:17",368000
20650,350,1000,"bu","09:28:17",367500
20650,350,500,"bu","09:28:16",366500
20650,350,400,"bu","09:28:16",366000
20650,350,2000,"bu","09:28:16",365600
20650,350,100,"bu","09:28:16",363600
20650,350,1000,"bu","09:28:15",363500
20650,350,1000,"bu","09:28:10",362500
20650,350,1900,"bu","09:28:08",361500
20650,350,1100,"bu","09:28:08",359600
20650,350,1000,"bu","09:28:07",358500
20650,350,600,"bu","09:28:05",357500
20650,350,10000,"bu","09:28:05",356900
20650,350,9400,"bu","09:28:05",346900
20650,350,600,"bu","09:28:02",337500
20650,350,400,"bu","09:28:02",336900
20650,350,2600,"bu","09:28:01",336500
20650,350,2400,"bu","09:28:01",333900
20600,300,200,"sd","09:28:01",331500
20650,350,1000,"bu","09:27:56",331300
20650,350,1000,"bu","09:27:56",330300
20650,350,24000,"bu","09:27:41",329300
20650,350,1500,"bu","09:27:06",305300
20650,350,600,"sd","09:26:44",303800
20650,350,1000,"sd","09:26:44",303200
20650,350,2000,"sd","09:26:44",302200
20650,350,1000,"sd","09:26:44",300200
20650,350,1000,"sd","09:26:44",299200
20650,350,3000,"sd","09:26:44",298200
20650,350,600,"sd","09:26:44",295200
20650,350,3000,"sd","09:26:44",294600
20650,350,1000,"sd","09:26:44",291600
20650,350,4000,"sd","09:26:44",290600
20650,350,2000,"sd","09:26:44",286600
20650,350,3000,"sd","09:26:44",284600
20650,350,2600,"sd","09:26:44",281600
20650,350,1000,"sd","09:26:43",279000
20700,400,1500,"bu","09:26:23",278000
20700,400,2900,"bu","09:26:23",276500
20700,400,100,"bu","09:26:17",273600
20700,400,100,"bu","09:26:17",273500
20650,350,200,"sd","09:26:11",273400
20700,400,400,"bu","09:26:10",273200
20700,400,500,"bu","09:26:10",272800
20650,350,1000,"sd","09:26:10",272300
20700,400,300,"bu","09:25:47",271300
20700,400,700,"bu","09:25:47",271000
20700,400,800,"bu","09:25:35",270300
20650,350,100,"sd","09:25:21",269500
20650,350,3100,"bu","09:25:18",269400
20650,350,700,"bu","09:25:16",266300
20650,350,1300,"bu","09:25:16",265600
20650,350,2600,"bu","09:25:10",264300
20650,350,1800,"bu","09:25:09",261700
20650,350,2200,"bu","09:25:09",259900
20650,350,1000,"bu","09:25:09",257700
20650,350,2000,"bu","09:25:07",256700
20650,350,400,"bu","09:25:07",254700
20650,350,2100,"bu","09:25:07",254300
20650,350,1000,"bu","09:25:06",252200
20650,350,5000,"bu","09:25:06",251200
20650,350,1900,"bu","09:25:02",246200
20650,350,500,"bu","09:25:02",244300
20650,350,2000,"bu","09:25:02",243800
20650,350,100,"bu","09:25:02",241800
20650,350,1000,"bu","09:25:02",241700
20650,350,1000,"bu","09:25:02",240700
20650,350,500,"bu","09:25:02",239700
20650,350,300,"bu","09:25:02",239200
20650,350,800,"bu","09:25:02",238900
20650,350,2000,"bu","09:25:02",238100
20650,350,100,"bu","09:25:02",236100
20650,350,200,"bu","09:25:02",236000
20650,350,100,"bu","09:25:02",235800
20650,350,5000,"bu","09:25:02",235700
20650,350,1000,"bu","09:25:02",230700
20650,350,3000,"bu","09:25:02",229700
20650,350,500,"bu","09:25:02",226700
20650,350,400,"bu","09:25:00",226200
20650,350,1000,"bu","09:24:55",225800
20650,350,1500,"bu","09:24:45",224800
20650,350,1500,"bu","09:24:40",223300
20650,350,9600,"bu","09:24:36",221800
20650,350,5000,"bu","09:24:33",212200
20650,350,1000,"bu","09:24:15",207200
20600,300,1400,"sd","09:24:11",206200
20600,300,3000,"sd","09:24:11",204800
20650,350,1000,"bu","09:24:10",201800
20600,300,2000,"sd","09:24:08",200800
20650,350,2700,"bu","09:24:06",198800
20650,350,1200,"bu","09:23:58",196100
20650,350,4600,"bu","09:23:55",194900
20650,350,400,"bu","09:23:55",190300
20650,350,300,"bu","09:23:48",189900
20650,350,700,"bu","09:23:48",189600
20600,300,2300,"sd","09:23:41",188900
20600,300,13000,"sd","09:23:40",186600
20650,350,5000,"bu","09:23:18",173600
20650,350,500,"bu","09:23:16",168600
20650,350,500,"bu","09:23:11",168100
20650,350,2200,"bu","09:23:10",167600
20650,350,1000,"bu","09:23:10",165400
20650,350,800,"bu","09:23:10",164400
20650,350,2000,"bu","09:22:57",163600
20650,350,300,"bu","09:22:46",161600
20600,300,2500,"sd","09:22:46",161300
20600,300,600,"sd","09:22:41",158800
20600,300,600,"bu","09:22:40",158200
20600,300,2400,"bu","09:22:40",157600
20600,300,200,"bu","09:22:40",155200
20600,300,2000,"bu","09:22:32",155000
20600,300,3500,"bu","09:22:26",153000
20600,300,600,"bu","09:22:25",149500
20600,300,3700,"bu","09:22:00",148900
20600,300,300,"bu","09:22:00",145200
20600,300,200,"bu","09:21:49",144900
20600,300,100,"bu","09:21:49",144700
20600,300,100,"sd","09:21:42",144600
20600,300,500,"sd","09:21:42",144500
20600,300,500,"sd","09:21:41",144000
20600,300,500,"sd","09:21:41",143500
20600,300,500,"sd","09:21:41",143000
20600,300,100,"sd","09:21:35",142500
20600,300,400,"sd","09:21:35",142400
20600,300,1600,"sd","09:21:32",142000
20600,300,5400,"sd","09:21:32",140400
20600,300,500,"sd","09:21:30",135000
20600,300,800,"sd","09:21:21",134500
20600,300,5700,"sd","09:21:17",133700
20650,350,500,"bu","09:21:12",128000
20650,350,5500,"sd","09:20:45",127500
20650,350,800,"sd","09:20:45",122000
20650,350,100,"sd","09:20:45",121200
20650,350,600,"sd","09:20:41",121100
20650,350,100,"sd","09:20:40",120500
20650,350,2000,"sd","09:20:39",120400
20700,400,500,"bu","09:20:36",118400
20650,350,2300,"bu","09:20:15",117900
20650,350,1600,"bu","09:20:15",115600
20650,350,400,"bu","09:20:15",114000
20650,350,100,"bu","09:20:15",113600
20650,350,1500,"bu","09:20:09",113500
20650,350,200,"bu","09:20:08",112000
20650,350,2000,"bu","09:20:07",111800
20650,350,500,"bu","09:20:06",109800
20650,350,200,"bu","09:20:05",109300
20650,350,3000,"bu","09:19:53",109100
20650,350,400,"bu","09:19:53",106100
20650,350,2100,"bu","09:19:48",105700
20650,350,500,"sd","09:19:44",103600
20650,350,3000,"sd","09:19:44",103100
20650,350,800,"sd","09:19:44",100100
20650,350,200,"sd","09:19:43",99300
20650,350,4800,"sd","09:19:43",99100
20650,350,4200,"sd","09:19:41",94300
20650,350,1000,"bu","09:19:21",90100
20650,350,1000,"bu","09:19:21",89100
20650,350,1000,"bu","09:19:21",88100
20650,350,36300,"bu","09:19:21",87100
20650,350,500,"bu","09:19:21",50800
20650,350,200,"bu","09:19:21",50300
20650,350,100,"bu","09:19:21",50100
20650,350,500,"bu","09:19:21",50000
20650,350,200,"bu","09:19:21",49500
20650,350,200,"bu","09:19:21",49300
20600,300,1700,"sd","09:19:11",49100
20600,300,2000,"bu","09:18:57",47400
20600,300,100,"bu","09:18:57",45400
20600,300,200,"bu","09:18:57",45300
20600,300,3000,"bu","09:18:57",45100
20600,300,100,"bu","09:18:57",42100
20600,300,400,"bu","09:18:53",42000
20600,300,3000,"bu","09:18:53",41600
20600,300,100,"bu","09:18:53",38600
20600,300,6500,"bu","09:18:53",38500
20550,250,100,"sd","09:18:49",32000
20550,250,400,"bu","09:18:48",31900
20550,250,1600,"sd","09:18:47",31500
20550,250,400,"bu","09:18:45",29900
20550,250,2000,"bu","09:18:36",29500
20550,250,1000,"bu","09:18:36",27500
20500,200,1400,"sd","09:18:11",26500
20500,200,1000,"bu","09:18:09",25100
20500,200,1300,"bu","09:18:09",24100
20500,200,200,"bu","09:18:09",22800
20500,200,1000,"bu","09:18:09",22600
20500,200,5000,"bu","09:18:09",21600
20500,200,700,"bu","09:18:09",16600
20500,200,100,"bu","09:18:09",15900
20500,200,1100,"bu","09:18:09",15800
20500,200,1900,"bu","09:18:04",14700
20500,200,900,"bu","09:18:04",12800
20500,200,1000,"bu","09:17:58",11900
20500,200,100,"bu","09:17:04",10900
20500,200,100,"bu","09:17:04",10800
20500,200,1100,"bu","09:17:04",10700
20450,150,600,"bu","09:17:04",9500
20450,150,100,"bu","09:17:04",9600
20500,200,900,"bu","09:15:38",8900
20500,200,1200,"bu","09:15:38",8000
20500,200,2400,"bu","09:15:38",6800
20500,200,2000,"bu","09:15:38",4400
20500,200,100,"bu","09:15:38",2400
20400,100,300,"sd","09:15:23",2300
20400,100,300,"sd","09:15:23",2000
20400,100,100,"sd","09:15:11",1700
20400,100,1600,"sd","09:15:01",1600
