"price","change","match_qtty","side","time","total_vol"
11200,1000,200,"bu","14:58:31",264000
11200,1000,500,"bu","14:57:08",263800
11200,1000,100,"bu","14:54:59",263300
11000,800,6000,"sd","14:36:26",263200
11300,1100,100,"bu","14:31:37",257200
11300,1100,2000,"bu","14:23:16",257100
10800,600,3000,"sd","14:17:17",255100
10900,700,4000,"sd","14:14:56",252100
11000,800,1000,"sd","14:14:29",248100
11000,800,1000,"sd","14:14:02",247100
11000,800,500,"bu","14:11:50",246100
11000,800,300,"bu","14:11:30",245600
11000,800,1300,"bu","14:10:55",245300
10900,700,1000,"sd","14:05:44",244000
11100,900,400,"sd","14:03:36",243000
11300,1100,900,"bu","14:00:49",242600
11300,1100,200,"unknown","13:59:02",241700
11300,1100,1200,"bu","13:57:02",241500
11300,1100,3000,"bu","13:52:58",240300
11300,1100,600,"bu","13:51:16",237300
11300,1100,1100,"bu","13:47:24",236700
11300,1100,2000,"bu","13:45:51",235600
11300,1100,2700,"bu","13:44:39",233600
11300,1100,300,"bu","13:44:29",230900
11300,1100,100,"bu","13:40:14",230600
11400,1200,500,"bu","13:16:30",230500
11400,1200,4500,"bu","13:14:58",230000
11300,1100,2000,"bu","13:13:45",225500
11300,1100,15000,"bu","13:13:06",223500
11000,800,10000,"bu","13:09:11",208500
11000,800,400,"bu","13:08:04",198500
11000,800,500,"bu","13:07:53",198100
11000,800,100,"bu","13:07:43",197600
11000,800,100,"bu","13:06:37",197500
11000,800,900,"bu","13:06:29",197400
11000,800,400,"bu","13:05:29",196500
10900,700,200,"sd","13:00:07",196100
10900,700,600,"sd","13:00:04",195900
10900,700,1000,"sd","11:29:54",195300
10900,700,700,"sd","11:29:39",194300
10900,700,6000,"sd","11:11:31",193600
11000,800,4400,"bu","11:09:35",187600
11000,800,5000,"sd","11:05:42",183200
11000,800,300,"sd","10:58:43",178200
11000,800,2500,"sd","10:34:48",177900
11000,800,1100,"bu","10:31:00",175400
11000,800,1000,"bu","10:26:55",174300
11000,800,5400,"bu","10:26:19",173300
11000,800,2000,"sd","10:26:09",167900
11000,800,6000,"sd","10:24:39",165900
11100,900,100,"unknown","10:24:30",159900
11000,800,2000,"sd","10:24:26",159800
11000,800,3500,"sd","10:23:59",157800
11100,900,200,"bu","10:22:22",154300
11100,900,700,"bu","10:21:43",154100
11100,900,100,"sd","10:20:15",153400
11100,900,4000,"sd","10:17:06",153300
11100,900,600,"sd","10:16:06",149300
11400,1200,100,"bu","10:11:36",148700
11400,1200,100,"bu","10:10:31",148600
11200,1000,200,"bu","10:07:03",148500
11100,900,100,"sd","10:05:37",148300
11100,900,100,"sd","10:03:54",148200
11100,900,400,"sd","10:00:49",148100
11200,1000,200,"bu","10:00:26",147700
11200,1000,100,"sd","10:00:11",147500
11300,1100,100,"sd","09:57:22",147400
11300,1100,400,"sd","09:54:35",147300
11300,1100,500,"unknown","09:53:25",146900
11400,1200,600,"sd","09:52:22",146400
11400,1200,100,"sd","09:49:09",145800
11400,1200,200,"sd","09:48:24",145700
11400,1200,100,"bu","09:45:51",145500
11500,1300,200,"bu","09:44:48",145400
11500,1300,100,"bu","09:42:10",145200
11500,1300,800,"sd","09:41:34",145100
11500,1300,500,"sd","09:41:17",144300
11500,1300,100,"sd","09:41:11",143800
11600,1400,1400,"bu","09:41:08",143700
11500,1300,800,"sd","09:40:57",142300
11500,1300,1000,"sd","09:40:41",141500
11500,1300,4300,"sd","09:40:01",140500
10900,700,4900,"sd","09:39:27",136200
11400,1200,300,"sd","09:39:17",131300
11400,1200,2000,"sd","09:37:07",131000
11200,1000,100,"sd","09:36:56",129000
11000,800,600,"bu","09:34:57",128900
10900,700,500,"sd","09:30:43",128300
10900,700,1100,"sd","09:29:41",127800
10900,700,1000,"sd","09:29:32",126700
11000,800,900,"bu","09:29:25",125700
11000,800,700,"sd","09:28:54",124800
11000,800,1000,"sd","09:27:18",124100
11000,800,5000,"sd","09:27:14",123100
11100,900,900,"sd","09:26:51",118100
11100,900,1300,"sd","09:26:26",117200
11100,900,1000,"sd","09:26:19",115900
11200,1000,1300,"bu","09:25:58",114900
11200,1000,1000,"sd","09:25:25",113600
11300,1100,1000,"sd","09:24:52",112600
11300,1100,100,"sd","09:24:47",111600
11300,1100,1000,"sd","09:24:44",111500
11400,1200,7000,"bu","09:23:11",110500
11400,1200,3500,"sd","09:23:01",103500
11400,1200,1200,"sd","09:22:45",100000
11500,1300,200,"bu","09:21:18",98800
11500,1300,2000,"sd","09:19:48",98600
11600,1400,1200,"bu","09:19:24",96600
11500,1300,500,"bu","09:19:08",95400
11600,1400,600,"bu","09:17:52",94900
11600,1400,4500,"bu","09:16:51",94300
11500,1300,700,"bu","09:16:31",89800
11500,1300,100,"sd","09:16:18",89100
11500,1300,1000,"sd","09:16:01",89000
11500,1300,200,"sd","09:15:54",88000
11500,1300,1900,"sd","09:15:35",87800
11600,1400,600,"bu","09:15:07",85900
11600,1400,5000,"sd","09:14:44",85300
11600,1400,200,"sd","09:14:25",80300
11700,1500,500,"bu","09:13:14",80100
11700,1500,500,"bu","09:11:57",79600
11700,1500,500,"bu","09:10:26",79100
11700,1500,1000,"bu","09:10:03",78600
11700,1500,1000,"bu","09:09:41",77600
11700,1500,3400,"bu","09:09:31",76600
11600,1400,1000,"sd","09:09:17",73200
11500,1300,300,"sd","09:08:49",72200
11500,1300,3000,"sd","09:08:47",71900
11500,1300,1500,"sd","09:08:46",68900
11500,1300,400,"bu","09:08:21",67400
11500,1300,1300,"sd","09:07:58",67000
11500,1300,1000,"sd","09:07:01",65700
11500,1300,5000,"sd","09:06:55",64700
11600,1400,800,"sd","09:06:46",59700
11600,1400,800,"sd","09:06:33",58900
11600,1400,200,"bu","09:06:15",58100
11600,1400,200,"sd","09:05:39",57900
11600,1400,1000,"bu","09:05:31",57700
11600,1400,300,"sd","09:05:03",56700
11600,1400,400,"bu","09:04:40",56400
11500,1300,100,"sd","09:04:18",56000
11600,1400,100,"bu","09:03:54",55900
11600,1400,100,"bu","09:03:47",55800
11600,1400,100,"bu","09:03:24",55700
11600,1400,1000,"sd","09:03:16",55600
11700,1500,300,"bu","09:03:15",54600
11600,1400,3000,"sd","09:02:46",54300
11700,1500,1600,"bu","09:02:44",51300
11700,1500,100,"sd","09:02:40",49700
11700,1500,13300,"sd","09:02:36",49600
11700,1500,5500,"bu","09:02:22",36300
11700,1500,100,"sd","09:02:14",30800
11700,1500,400,"sd","09:02:02",30700
11700,1500,8500,"sd","09:01:51",30300
11700,1500,900,"bu","09:01:47",21800
11700,1500,4000,"bu","09:01:39",20900
11700,1500,500,"bu","09:01:23",16900
11700,1500,7200,"bu","09:00:41",16400
11600,1400,500,"bu","09:00:26",9200
11000,800,100,"sd","09:00:22",8700
11000,800,100,"sd","09:00:17",8600
11700,1500,1000,"bu","09:00:05",8500
11700,1500,7500,"bu","09:00:04",7500
