"price","change","match_qtty","side","time","total_vol"
27500,-1800,18900,"sd","14:44:59",219600
29100,-200,200,"bu","14:05:40",200700
29150,-150,100,"bu","14:04:14",200500
29100,-200,100,"bu","14:04:14",200400
29100,-200,100,"bu","14:04:14",200300
28150,-1150,600,"bu","14:04:14",200200
28100,-1200,100,"sd","14:03:48",199600
28100,-1200,100,"sd","14:03:48",199500
28100,-1200,100,"sd","14:03:48",199400
28100,-1200,2000,"sd","14:03:48",199300
28100,-1200,2700,"sd","14:03:48",197300
28150,-1150,1800,"sd","14:03:40",194600
28150,-1150,100,"sd","14:03:40",192800
28150,-1150,1000,"sd","14:03:40",192700
28200,-1100,1000,"sd","14:03:40",191700
28200,-1100,2000,"sd","14:03:40",190700
28200,-1100,100,"sd","14:03:40",188700
28200,-1100,100,"sd","14:03:40",188600
28200,-1100,2000,"sd","14:03:40",188500
28250,-1050,1000,"sd","14:03:40",186500
28250,-1050,200,"sd","14:03:40",185500
28250,-1050,500,"sd","14:03:40",185300
28250,-1050,100,"sd","14:03:40",184800
28250,-1050,200,"sd","14:03:40",184700
28250,-1050,300,"sd","14:03:40",184500
28250,-1050,100,"sd","13:59:59",184200
28300,-1000,1000,"bu","13:59:21",184100
28300,-1000,1000,"sd","13:58:44",183100
28300,-1000,1100,"bu","13:57:45",182100
28250,-1050,100,"sd","13:55:44",181000
28300,-1000,1900,"sd","13:54:04",180900
28300,-1000,100,"sd","13:51:29",179000
28250,-1050,100,"sd","13:47:14",178900
28300,-1000,100,"sd","13:42:59",178800
28250,-1050,100,"sd","13:38:44",178700
29100,-200,100,"bu","13:37:12",178600
29100,-200,100,"bu","13:37:12",178500
29100,-200,200,"bu","13:37:12",178400
28300,-1000,3000,"sd","13:36:50",178200
29100,-200,100,"bu","13:35:23",175200
28300,-1000,100,"sd","13:35:00",175100
28300,-1000,1500,"sd","13:35:00",175000
28300,-1000,1000,"sd","13:35:00",173500
28300,-1000,100,"sd","13:34:29",172500
28500,-800,5000,"sd","13:31:47",172400
28300,-1000,100,"sd","13:30:14",167400
28300,-1000,100,"sd","13:25:59",167300
29100,-200,100,"bu","13:24:43",167200
28300,-1000,100,"sd","13:21:44",167100
29100,-200,100,"bu","13:20:36",167000
28300,-1000,100,"sd","13:17:30",166900
29100,-200,100,"bu","13:15:26",166800
28200,-1100,18200,"sd","13:14:29",166700
28200,-1100,1000,"sd","13:14:29",148500
28200,-1100,1400,"sd","13:14:29",147500
28200,-1100,1000,"sd","13:14:29",146100
28200,-1100,100,"sd","13:14:29",145100
28200,-1100,500,"sd","13:14:29",145000
28200,-1100,100,"sd","13:14:29",144500
28250,-1050,20000,"sd","13:14:29",144400
28250,-1050,100,"sd","13:14:29",124200
28250,-1050,100,"sd","13:14:29",124400
28250,-1050,100,"sd","13:14:29",124300
28300,-1000,800,"sd","13:14:29",124100
28300,-1000,1600,"sd","13:14:29",123300
28300,-1000,18400,"sd","13:14:11",121700
28300,-1000,100,"sd","13:14:11",103300
28300,-1000,100,"sd","13:14:11",103200
28300,-1000,1000,"sd","13:14:11",103100
28300,-1000,200,"sd","13:14:11",102100
28300,-1000,100,"sd","13:14:11",101900
28300,-1000,5000,"sd","13:14:11",101800
28300,-1000,200,"sd","13:14:11",96800
28350,-950,10000,"sd","13:14:11",96600
28350,-950,1800,"sd","13:14:11",86600
28350,-950,1000,"sd","13:14:11",84800
28350,-950,100,"sd","13:14:11",83800
28350,-950,3000,"sd","13:14:11",83700
28350,-950,200,"sd","13:14:11",80700
28400,-900,1800,"sd","13:14:11",80500
28400,-900,100,"sd","13:13:14",78700
28400,-900,9300,"sd","13:12:52",78600
28450,-850,10000,"sd","13:12:52",69300
28500,-800,1800,"sd","13:12:52",59300
28500,-800,9800,"sd","13:12:52",57500
28500,-800,4100,"sd","13:12:52",47700
28500,-800,100,"sd","13:08:59",43600
28500,-800,100,"sd","13:04:44",43500
28600,-700,100,"bu","13:04:32",43400
28600,-700,900,"sd","13:03:33",43300
28600,-700,100,"sd","13:00:30",42400
28600,-700,500,"sd","13:00:11",42300
28550,-750,500,"bu","12:59:59",41800
28550,-750,1000,"bu","11:29:20",41300
28550,-750,1000,"bu","11:28:54",40300
28500,-800,100,"sd","11:28:00",39300
28500,-800,100,"sd","11:24:06",39200
28500,-800,500,"bu","11:23:00",39100
28350,-950,100,"sd","11:20:12",38600
28500,-800,7000,"sd","11:18:55",38500
28500,-800,3000,"bu","11:18:37",31500
28500,-800,800,"bu","11:17:35",28500
28350,-950,100,"sd","11:16:19",27700
28350,-950,100,"sd","11:12:25",27600
28350,-950,100,"sd","11:08:31",27500
28500,-800,1200,"sd","11:07:59",27400
28500,-800,3800,"bu","11:06:31",26200
28300,-1000,100,"sd","11:04:37",22400
28500,-800,1200,"bu","11:03:43",22300
28500,-800,100,"bu","11:03:43",21100
28300,-1000,100,"sd","11:00:42",21000
28500,-800,100,"bu","11:00:33",20900
28500,-800,1900,"bu","11:00:33",20800
28500,-800,100,"bu","10:58:21",18900
28400,-900,700,"bu","10:58:21",18800
28300,-1000,100,"sd","10:56:49",18100
28300,-1000,100,"sd","10:52:56",18000
28300,-1000,100,"sd","10:49:02",17900
28300,-1000,100,"sd","10:45:08",17800
28300,-1000,100,"sd","10:41:14",17700
28350,-950,500,"bu","10:38:29",17600
28350,-950,1000,"sd","10:38:12",17100
28350,-950,100,"sd","10:38:12",16100
28350,-950,100,"sd","10:38:12",16000
28350,-950,100,"sd","10:38:12",15900
28350,-950,100,"sd","10:38:12",15800
28350,-950,2000,"sd","10:38:12",15700
28350,-950,500,"sd","10:38:12",13700
28350,-950,100,"sd","10:38:12",13200
28350,-950,100,"sd","10:37:20",13100
28350,-950,100,"sd","10:35:19",13000
28350,-950,100,"sd","10:33:26",12900
28400,-900,100,"sd","10:32:57",12800
28400,-900,1000,"sd","10:32:57",12700
28400,-900,200,"sd","10:32:57",11700
28400,-900,100,"sd","10:29:33",11500
28400,-900,100,"sd","10:26:01",11400
28400,-900,100,"sd","10:25:39",11300
28400,-900,100,"sd","10:21:45",11200
28400,-900,100,"sd","10:17:51",11100
28400,-900,100,"sd","10:13:57",11000
28400,-900,100,"sd","10:10:04",10900
28350,-950,100,"sd","10:06:10",10800
28350,-950,100,"sd","10:02:16",10700
28350,-950,100,"sd","09:59:10",10600
28350,-950,100,"sd","09:58:22",10500
28350,-950,100,"sd","09:54:28",10400
28350,-950,100,"sd","09:50:34",10300
28350,-950,100,"sd","09:46:40",10200
28400,-900,100,"sd","09:42:47",10100
28350,-950,100,"sd","09:38:52",10000
28400,-900,4400,"bu","09:38:07",9900
28400,-900,100,"bu","09:35:12",5500
28350,-950,100,"sd","09:34:59",5400
28350,-950,100,"sd","09:31:04",5300
28400,-900,500,"sd","09:29:34",5200
28350,-950,100,"sd","09:27:10",4700
28400,-900,300,"bu","09:26:35",4600
28400,-900,300,"bu","09:26:20",4300
28400,-900,300,"bu","09:26:04",4000
28400,-900,200,"bu","09:25:56",3700
28400,-900,100,"sd","09:25:36",3500
28400,-900,100,"sd","09:25:36",3400
28400,-900,300,"sd","09:25:36",3300
28450,-850,400,"sd","09:25:36",3000
28500,-800,100,"sd","09:23:17",2600
28500,-800,100,"sd","09:23:15",2500
28500,-800,200,"sd","09:23:15",2400
28500,-800,100,"sd","09:19:23",2200
29500,200,200,"bu","09:16:34",2100
29300,0,500,"bu","09:16:34",1900
29300,0,1000,"bu","09:16:34",1400
29200,-100,300,"bu","09:16:34",400
28450,-850,100,"sd","09:15:29",100
