"price","change","match_qtty","side","time","total_vol"
86900,4000,57000,"unknown","14:44:59",796000
86600,3700,500,"bu","14:29:45",739000
86600,3700,100,"bu","14:29:39",738500
86600,3700,500,"bu","14:29:29",738400
86600,3700,500,"bu","14:29:29",737900
86600,3700,100,"bu","14:29:29",737400
86500,3600,1000,"bu","14:29:00",737300
86500,3600,100,"sd","14:28:13",736300
86500,3600,900,"bu","14:28:09",736200
86500,3600,100,"bu","14:28:01",735300
86500,3600,1000,"bu","14:27:46",735200
86500,3600,500,"bu","14:27:20",734200
86500,3600,500,"bu","14:27:19",733700
86600,3700,100,"bu","14:26:26",733200
86500,3600,1000,"bu","14:26:22",733100
86500,3600,200,"bu","14:26:22",732100
86500,3600,200,"bu","14:26:22",731900
86500,3600,100,"bu","14:26:22",731700
86500,3600,200,"bu","14:26:22",731600
86500,3600,2500,"bu","14:26:22",731400
86500,3600,600,"bu","14:26:22",728900
86500,3600,100,"bu","14:26:22",728300
86200,3300,100,"sd","14:26:14",728200
86400,3500,2000,"bu","14:26:14",728100
86400,3500,500,"bu","14:26:14",726100
86400,3500,100,"bu","14:26:14",725600
86400,3500,100,"bu","14:26:14",725500
86300,3400,500,"bu","14:26:06",725400
86200,3300,1000,"bu","14:25:59",724900
86200,3300,700,"bu","14:25:48",723900
86200,3300,100,"bu","14:25:35",723200
86200,3300,100,"bu","14:25:10",723100
86000,3100,4000,"sd","14:25:06",723000
86000,3100,1000,"sd","14:25:06",719000
86000,3100,100,"sd","14:24:57",718000
86200,3300,100,"bu","14:24:46",717900
86400,3500,100,"bu","14:24:23",717800
86500,3600,1000,"bu","14:23:47",717700
86500,3600,100,"bu","14:23:47",716700
86500,3600,500,"bu","14:23:47",716600
86500,3600,100,"bu","14:23:47",716100
86500,3600,100,"bu","14:23:47",716000
86500,3600,100,"bu","14:23:47",715900
86500,3600,1100,"bu","14:23:47",715800
85100,2200,900,"sd","14:23:39",714700
85500,2600,800,"sd","14:23:39",713800
86000,3100,100,"sd","14:23:39",713000
86300,3400,100,"sd","14:23:39",712900
86300,3400,100,"sd","14:23:39",712800
86500,3600,100,"bu","14:23:38",712700
86300,3400,400,"bu","14:23:34",712600
86000,3100,4000,"sd","14:23:34",712200
86300,3400,100,"bu","14:23:17",708200
86000,3100,1000,"bu","14:23:15",708100
86500,3600,5000,"bu","14:23:00",707100
86500,3600,100,"bu","14:22:54",702100
86500,3600,1600,"bu","14:22:53",702000
86400,3500,100,"bu","14:22:53",700400
86400,3500,1300,"bu","14:22:53",700300
86400,3500,500,"bu","14:22:34",699000
86400,3500,100,"bu","14:22:33",698500
86400,3500,100,"bu","14:22:14",698400
86400,3500,100,"bu","14:22:12",698300
86400,3500,100,"bu","14:21:51",698200
86400,3500,100,"bu","14:21:32",698100
86400,3500,100,"bu","14:21:31",698000
86200,3300,800,"bu","14:21:20",697900
86100,3200,100,"sd","14:21:03",697100
86200,3300,100,"sd","14:20:51",697000
86300,3400,100,"sd","14:20:51",696900
86300,3400,1000,"sd","14:20:51",696800
86400,3500,100,"bu","14:20:49",695800
86500,3600,2100,"bu","14:20:39",695700
86400,3500,100,"bu","14:20:39",693600
86400,3500,2900,"bu","14:20:39",693500
86300,3400,100,"bu","14:20:39",690600
86200,3300,100,"bu","14:20:30",690500
86200,3300,10000,"bu","14:20:30",690400
86200,3300,1000,"bu","14:20:30",680400
86200,3300,900,"bu","14:20:30",679400
86200,3300,100,"bu","14:20:28",678500
86100,3200,3500,"bu","14:20:16",678400
86100,3200,100,"bu","14:20:07",674900
85800,2900,4800,"sd","14:20:07",674800
86000,3100,200,"sd","14:20:07",670000
86000,3100,100,"bu","14:19:57",669800
86000,3100,100,"bu","14:19:57",669700
86000,3100,100,"bu","14:19:57",669600
86000,3100,100,"bu","14:19:57",669500
86000,3100,100,"bu","14:19:57",669400
86000,3100,500,"bu","14:19:57",669300
86000,3100,300,"bu","14:19:57",668800
86000,3100,1000,"bu","14:19:57",668500
86000,3100,900,"bu","14:19:57",667500
86000,3100,200,"bu","14:19:57",666600
86000,3100,400,"bu","14:19:57",666400
86000,3100,100,"bu","14:19:47",666000
86000,3100,100,"bu","14:19:45",665900
86000,3100,100,"bu","14:19:40",665800
86000,3100,100,"bu","14:19:27",665700
86000,3100,100,"bu","14:19:07",665600
86000,3100,100,"bu","14:19:07",665500
85900,3000,1000,"bu","14:19:04",665400
85900,3000,500,"bu","14:19:00",664400
85900,3000,400,"bu","14:18:57",663900
85900,3000,100,"bu","14:18:46",663500
85900,3000,100,"bu","14:18:27",663400
85900,3000,100,"bu","14:18:07",663300
85600,2700,100,"sd","14:17:54",663200
85700,2800,100,"bu","14:17:47",663100
85700,2800,300,"bu","14:17:45",663000
85700,2800,100,"bu","14:17:27",662700
85600,2700,800,"bu","14:17:18",662600
85600,2700,1100,"bu","14:17:18",661800
85600,2700,100,"bu","14:17:07",660700
85600,2700,100,"bu","14:16:48",660600
85500,2600,2000,"bu","14:16:41",660500
85500,2600,100,"bu","14:16:41",658500
85500,2600,100,"bu","14:16:28",658400
85500,2600,100,"bu","14:16:24",658300
85500,2600,2900,"bu","14:16:17",658200
85500,2600,100,"bu","14:16:10",655300
85500,2600,200,"bu","14:16:10",655200
85500,2600,100,"bu","14:16:10",655000
85500,2600,100,"bu","14:16:09",654900
85500,2600,100,"bu","14:15:50",654800
85500,2600,2000,"bu","14:15:42",654700
85500,2600,1500,"bu","14:15:42",652700
85500,2600,100,"bu","14:15:32",651200
85500,2600,100,"bu","14:15:30",651100
85500,2600,200,"bu","14:15:28",651000
85500,2600,100,"sd","14:15:23",650800
85500,2600,700,"bu","14:15:12",650700
85500,2600,500,"bu","14:15:12",650000
85500,2600,5400,"bu","14:15:12",649500
85500,2600,100,"bu","14:15:12",644100
85500,2600,2300,"bu","14:15:12",644000
85500,2600,100,"bu","14:15:11",641700
85400,2500,1100,"bu","14:15:06",641600
85500,2600,100,"bu","14:14:52",640500
85400,2500,1600,"bu","14:14:49",640400
85200,2300,1000,"bu","14:14:42",638800
85200,2300,700,"bu","14:14:42",637800
85000,2100,1100,"bu","14:14:34",637100
85000,2100,100,"sd","14:14:27",636000
85000,2100,800,"sd","14:14:27",635900
85200,2300,100,"bu","14:14:14",635100
85000,2100,1200,"bu","14:14:08",635000
85000,2100,100,"sd","14:13:47",633800
85000,2100,1200,"sd","14:13:47",633700
85200,2300,100,"bu","14:13:36",632500
85000,2100,100,"sd","14:13:26",632400
85200,2300,100,"bu","14:13:17",632300
85000,2100,800,"bu","14:13:14",632200
85000,2100,100,"bu","14:12:58",631400
85000,2100,100,"bu","14:12:39",631300
85000,2100,100,"bu","14:12:20",631200
85000,2100,100,"bu","14:12:01",631100
85000,2100,100,"bu","14:11:43",631000
85200,2300,100,"bu","14:11:25",630900
84900,2000,300,"sd","14:11:21",630800
85200,2300,100,"bu","14:11:06",630500
85200,2300,100,"bu","14:10:47",630400
85200,2300,100,"bu","14:10:29",630300
85000,2100,100,"sd","14:10:08",630200
85000,2100,100,"sd","14:10:08",630100
85200,2300,200,"bu","14:10:07",630000
85200,2300,100,"bu","14:09:52",629800
85200,2300,500,"bu","14:09:35",629700
85200,2300,100,"bu","14:09:34",629200
85000,2100,100,"sd","14:09:16",629100
85200,2300,100,"bu","14:09:15",629000
85200,2300,100,"bu","14:08:57",628900
85200,2300,100,"bu","14:08:38",628800
85200,2300,100,"bu","14:08:24",628700
85200,2300,100,"bu","14:08:20",628600
85000,2100,100,"sd","14:08:07",628500
85200,2300,100,"bu","14:08:02",628400
85200,2300,100,"bu","14:07:44",628300
85200,2300,100,"bu","14:07:27",628200
85200,2300,100,"bu","14:07:07",628100
85200,2300,100,"bu","14:07:04",628000
85200,2300,100,"bu","14:06:49",627900
85000,2100,500,"sd","14:06:38",627800
85200,2300,100,"bu","14:06:31",627300
85200,2300,100,"bu","14:06:13",627200
85200,2300,100,"bu","14:05:55",627100
85200,2300,100,"bu","14:05:37",627000
85200,2300,100,"bu","14:05:19",626900
85200,2300,100,"bu","14:05:01",626800
85200,2300,100,"bu","14:04:43",626700
85200,2300,100,"bu","14:04:26",626600
85100,2200,100,"bu","14:04:08",626500
85200,2300,100,"bu","14:03:50",626400
85200,2300,100,"bu","14:03:32",626300
85100,2200,100,"bu","14:03:14",626200
85200,2300,100,"bu","14:02:57",626100
84900,2000,500,"sd","14:02:53",626000
85200,2300,100,"bu","14:02:39",625500
85200,2300,100,"bu","14:02:22",625400
85200,2300,100,"bu","14:02:04",625300
85200,2300,100,"bu","14:01:46",625200
85200,2300,100,"bu","14:01:28",625100
85200,2300,100,"bu","14:01:10",625000
85200,2300,100,"bu","14:00:53",624900
85200,2300,100,"bu","14:00:35",624800
85200,2300,100,"bu","14:00:18",624700
85200,2300,100,"bu","14:00:00",624600
85200,2300,100,"bu","13:59:43",624500
85200,2300,100,"bu","13:59:25",624400
85200,2300,100,"bu","13:59:08",624300
84800,1900,100,"bu","13:58:50",624200
84800,1900,400,"bu","13:58:40",624100
84800,1900,100,"bu","13:58:33",623700
84800,1900,2000,"bu","13:58:31",623600
84800,1900,100,"bu","13:58:31",621600
84800,1900,100,"bu","13:58:15",621500
84800,1900,800,"bu","13:58:01",621400
84800,1900,100,"bu","13:57:58",620600
84800,1900,100,"bu","13:57:41",620500
84800,1900,100,"bu","13:57:23",620400
84800,1900,100,"bu","13:57:06",620300
84800,1900,100,"bu","13:56:49",620200
84500,1600,100,"sd","13:56:46",620100
84800,1900,100,"bu","13:56:31",620000
84800,1900,100,"bu","13:56:14",619900
84800,1900,100,"bu","13:55:57",619800
84800,1900,100,"bu","13:55:51",619700
84800,1900,100,"bu","13:55:39",619600
84800,1900,100,"bu","13:55:23",619500
84800,1900,100,"bu","13:55:05",619400
84800,1900,100,"bu","13:54:48",619300
84800,1900,100,"bu","13:54:31",619200
84800,1900,100,"bu","13:54:14",619100
84800,1900,100,"bu","13:53:56",619000
84800,1900,100,"bu","13:53:42",618900
84800,1900,100,"bu","13:53:22",618800
84800,1900,100,"bu","13:53:05",618700
84800,1900,100,"bu","13:52:49",618600
84800,1900,100,"bu","13:52:31",618500
84500,1600,1000,"bu","13:52:28",618400
84300,1400,500,"sd","13:52:15",617400
84500,1600,100,"bu","13:52:14",616900
84500,1600,100,"bu","13:52:09",616800
84500,1600,1000,"bu","13:52:03",616700
84500,1600,100,"bu","13:51:55",615700
84500,1600,100,"sd","13:51:53",615600
84500,1600,200,"sd","13:51:53",615500
84500,1600,400,"sd","13:51:53",615300
84500,1600,100,"sd","13:51:37",614900
84700,1800,100,"sd","13:51:27",614800
84800,1900,100,"bu","13:51:23",614700
84800,1900,1000,"bu","13:51:06",614600
84800,1900,100,"bu","13:51:06",613600
84800,1900,100,"bu","13:50:49",613500
84800,1900,200,"bu","13:50:40",613400
84800,1900,100,"bu","13:50:32",613200
84800,1900,200,"sd","13:50:12",613100
84800,1900,100,"sd","13:50:12",612900
84800,1900,200,"sd","13:50:12",612800
84800,1900,600,"sd","13:50:12",612600
84800,1900,1000,"sd","13:50:12",606000
84800,1900,6000,"sd","13:50:12",612000
84900,2000,100,"sd","13:50:12",605000
84900,2000,300,"sd","13:50:12",604900
84900,2000,4000,"sd","13:50:12",604600
85000,2100,100,"sd","13:50:12",600600
85000,2100,100,"sd","13:50:12",600500
85200,2300,100,"bu","13:49:58",600400
85200,2300,100,"bu","13:49:41",600300
85200,2300,100,"bu","13:49:40",600200
85200,2300,100,"bu","13:49:24",600100
85200,2300,600,"bu","13:49:10",600000
85200,2300,100,"bu","13:49:07",599400
85300,2400,100,"bu","13:48:51",599300
85400,2500,100,"bu","13:48:33",599200
85400,2500,100,"bu","13:48:16",599100
85400,2500,100,"bu","13:48:00",599000
85400,2500,100,"bu","13:47:43",598900
85500,2600,100,"bu","13:47:27",598800
85500,2600,100,"bu","13:47:09",598700
85500,2600,100,"bu","13:46:53",598600
85500,2600,1300,"bu","13:46:42",598500
85500,2600,100,"bu","13:46:36",597200
85500,2600,100,"bu","13:46:19",597100
85600,2700,100,"bu","13:46:02",597000
85000,2100,500,"bu","13:46:00",596900
85000,2100,100,"bu","13:45:46",596400
85000,2100,100,"bu","13:45:29",596300
85000,2100,100,"sd","13:45:03",596200
85000,2100,1900,"sd","13:45:03",596100
85000,2100,1300,"sd","13:45:03",594200
85600,2700,100,"bu","13:44:55",592900
85600,2700,100,"bu","13:44:39",592800
85600,2700,100,"bu","13:44:22",592700
85600,2700,100,"bu","13:44:05",592600
85600,2700,100,"bu","13:43:49",592500
85600,2700,100,"bu","13:43:32",592400
85000,2100,700,"sd","13:43:25",592300
85000,2100,300,"sd","13:43:25",591600
85600,2700,100,"bu","13:43:15",591300
85600,2700,100,"bu","13:42:59",591200
85600,2700,100,"bu","13:42:42",591100
85600,2700,100,"bu","13:42:25",591000
85600,2700,100,"bu","13:42:09",590900
85000,2100,700,"sd","13:41:44",590800
85000,2100,100,"sd","13:41:44",590100
85000,2100,100,"sd","13:41:44",590000
85100,2200,1000,"sd","13:41:44",589900
85200,2300,100,"sd","13:41:44",588900
85600,2700,100,"bu","13:41:35",588800
85200,2300,2000,"sd","13:41:23",588700
85600,2700,100,"bu","13:41:19",586700
85600,2700,100,"bu","13:41:03",586600
85600,2700,100,"bu","13:40:46",586500
85600,2700,100,"bu","13:40:29",586400
85600,2700,100,"bu","13:40:13",586300
85500,2600,100,"bu","13:39:57",586200
85500,2600,100,"bu","13:39:40",586100
85500,2600,100,"bu","13:39:29",586000
85500,2600,100,"bu","13:39:24",585900
85500,2600,100,"bu","13:39:07",585800
85500,2600,100,"bu","13:38:51",585700
85500,2600,100,"bu","13:38:34",585600
85600,2700,100,"bu","13:38:18",585500
85000,2100,2600,"sd","13:38:11",585400
85000,2100,2200,"sd","13:38:10",582800
85000,2100,100,"sd","13:38:10",580600
85000,2100,100,"sd","13:38:10",580500
85000,2100,600,"sd","13:37:47",580400
85000,2100,100,"sd","13:37:47",579800
85000,2100,300,"sd","13:37:47",579700
85100,2200,1900,"sd","13:37:47",579400
85300,2400,100,"sd","13:37:47",577500
85600,2700,100,"bu","13:37:45",577400
85600,2700,100,"bu","13:37:28",577300
85300,2400,20000,"sd","13:37:25",577200
85600,2700,100,"bu","13:37:12",557200
85800,2900,100,"bu","13:36:56",557100
85800,2900,100,"bu","13:36:39",557000
85800,2900,100,"bu","13:36:23",556900
85800,2900,100,"bu","13:36:07",556800
85000,2100,1300,"sd","13:35:42",556700
85000,2100,100,"sd","13:35:42",555400
85000,2100,100,"sd","13:35:42",555300
85000,2100,100,"sd","13:35:42",555200
85000,2100,4000,"sd","13:35:42",555100
85000,2100,100,"sd","13:35:42",551100
85000,2100,100,"sd","13:35:42",551000
85000,2100,500,"sd","13:35:42",550900
85000,2100,1900,"sd","13:35:42",550300
85000,2100,100,"sd","13:35:42",550400
85100,2200,300,"sd","13:35:42",548400
85200,2300,100,"sd","13:35:42",548100
85200,2300,300,"sd","13:35:42",548000
85300,2400,100,"bu","13:35:34",547700
85300,2400,100,"bu","13:35:18",547600
85300,2400,100,"bu","13:35:01",547500
85300,2400,100,"bu","13:34:45",547400
85100,2200,1700,"sd","13:34:22",547300
85200,2300,100,"sd","13:34:22",545600
85200,2300,100,"sd","13:34:22",545500
85200,2300,100,"sd","13:34:22",545400
85200,2300,200,"sd","13:34:22",545300
85200,2300,1800,"sd","13:34:22",545100
85300,2400,100,"bu","13:34:12",543300
85300,2400,400,"bu","13:34:08",543200
85200,2300,3200,"sd","13:34:08",542800
85200,2300,100,"sd","13:34:08",539600
85200,2300,500,"sd","13:34:08",539500
85200,2300,200,"sd","13:34:08",539000
85300,2400,100,"sd","13:33:49",538800
85300,2400,200,"sd","13:33:49",538700
85300,2400,100,"sd","13:33:49",538500
85300,2400,100,"sd","13:33:49",538400
85300,2400,7600,"sd","13:33:49",538300
85300,2400,7400,"sd","13:33:39",530700
85300,2400,100,"sd","13:33:39",523300
85300,2400,2500,"sd","13:33:39",523200
85300,2400,4200,"sd","13:33:25",520700
85300,2400,600,"sd","13:33:25",516500
85400,2500,100,"sd","13:33:25",515900
85400,2500,100,"sd","13:33:25",515800
85500,2600,100,"bu","13:33:12",515700
85300,2400,2400,"sd","13:33:09",515600
85400,2500,100,"sd","13:33:09",513200
85400,2500,1800,"sd","13:33:09",513100
85400,2500,700,"sd","13:33:09",511300
85500,2600,100,"bu","13:33:07",510600
85500,2600,100,"bu","13:32:56",510500
85500,2600,100,"bu","13:32:51",510400
85500,2600,200,"bu","13:32:48",510300
85400,2500,5300,"sd","13:32:44",510100
85400,2500,2200,"sd","13:32:44",504800
85500,2600,100,"bu","13:32:35",502600
85500,2600,100,"bu","13:32:18",502500
85500,2600,200,"bu","13:32:04",502400
85500,2600,100,"bu","13:32:02",502200
85500,2600,100,"sd","13:31:39",502100
85500,2600,2000,"sd","13:31:39",502000
85500,2600,100,"sd","13:31:39",500000
85800,2900,100,"bu","13:31:30",499900
85800,2900,100,"bu","13:31:14",499800
85800,2900,100,"bu","13:30:57",499700
85800,2900,100,"bu","13:30:42",499600
85500,2600,100,"sd","13:30:13",499500
85500,2600,500,"sd","13:30:13",499400
85500,2600,100,"sd","13:30:13",498900
85500,2600,100,"sd","13:30:13",498800
85500,2600,400,"sd","13:30:13",498700
85600,2700,100,"sd","13:30:13",498300
85600,2700,100,"sd","13:30:13",498200
85700,2800,100,"sd","13:30:13",498100
85800,2900,100,"bu","13:30:09",498000
85800,2900,100,"bu","13:29:53",497900
85700,2800,1000,"sd","13:29:43",497800
85800,2900,100,"bu","13:29:37",496800
85800,2900,100,"bu","13:29:21",496700
85800,2900,100,"sd","13:28:56",496600
85800,2900,400,"sd","13:28:56",496500
85900,3000,100,"bu","13:28:48",496100
85900,3000,100,"bu","13:28:37",496000
85900,3000,100,"bu","13:28:32",495900
85900,3000,100,"bu","13:28:16",495800
85900,3000,100,"bu","13:28:00",495700
85900,3000,100,"bu","13:27:44",495600
85900,3000,100,"bu","13:27:28",495500
85900,3000,100,"bu","13:27:12",495400
85800,2900,100,"sd","13:27:11",495300
85800,2900,200,"bu","13:27:08",495200
85800,2900,300,"bu","13:27:08",495000
85800,2900,100,"bu","13:26:56",494700
85800,2900,100,"bu","13:26:40",494600
85800,2900,100,"bu","13:26:24",494500
85800,2900,100,"bu","13:26:09",494400
85800,2900,100,"bu","13:25:52",494300
85800,2900,100,"bu","13:25:37",494200
85800,2900,100,"sd","13:25:07",494100
85800,2900,800,"sd","13:25:07",494000
85800,2900,500,"sd","13:25:04",493200
86000,3100,100,"bu","13:25:03",492700
86000,3100,100,"bu","13:24:47",492600
85800,2900,100,"sd","13:24:39",492500
85800,2900,500,"sd","13:24:31",492400
85900,3000,100,"sd","13:24:22",491900
85900,3000,500,"sd","13:24:22",491800
85900,3000,1400,"sd","13:24:22",491300
86000,3100,100,"bu","13:24:16",489900
86000,3100,100,"bu","13:23:59",489800
86000,3100,100,"bu","13:23:44",489700
86000,3100,100,"bu","13:23:37",489600
86000,3100,100,"bu","13:23:28",489500
86000,3100,100,"sd","13:23:03",489400
86000,3100,200,"sd","13:23:03",489300
86100,3200,100,"bu","13:22:56",489100
86100,3200,100,"bu","13:22:40",489000
86100,3200,100,"bu","13:22:24",488900
86100,3200,100,"bu","13:22:08",488800
86100,3200,100,"bu","13:21:53",488700
86000,3100,100,"bu","13:21:36",488600
86000,3100,100,"bu","13:21:20",488500
86000,3100,200,"bu","13:21:13",488400
86000,3100,100,"sd","13:20:50",488200
86000,3100,1500,"sd","13:20:50",488100
86100,3200,100,"bu","13:20:49",486600
86000,3100,100,"bu","13:20:35",486500
86000,3100,400,"bu","13:20:35",486400
86000,3100,600,"bu","13:20:34",486000
86000,3100,100,"bu","13:20:33",485400
86000,3100,100,"bu","13:20:17",485300
86000,3100,100,"bu","13:20:01",485200
86000,3100,100,"bu","13:19:45",485100
86000,3100,100,"bu","13:19:29",485000
86000,3100,100,"bu","13:19:13",484900
86000,3100,200,"sd","13:18:51",484800
86000,3100,100,"sd","13:18:51",484600
86000,3100,2000,"sd","13:18:51",484500
86000,3100,200,"sd","13:18:51",482500
86100,3200,100,"bu","13:18:42",482300
86100,3200,100,"bu","13:18:26",482200
86100,3200,900,"bu","13:18:25",482100
86100,3200,1100,"bu","13:18:25",481200
86100,3200,100,"bu","13:18:10",480100
86100,3200,100,"bu","13:17:54",480000
86100,3200,100,"bu","13:17:38",479900
86100,3200,100,"bu","13:17:22",479800
86100,3200,100,"bu","13:17:07",479700
86100,3200,100,"bu","13:16:51",479600
86100,3200,100,"bu","13:16:35",479500
86100,3200,100,"bu","13:16:19",479400
86100,3200,100,"bu","13:16:03",479300
86200,3300,100,"bu","13:15:48",479200
86200,3300,500,"bu","13:15:23",479100
86000,3100,800,"bu","13:15:23",478600
86000,3100,100,"bu","13:15:16",477800
86000,3100,100,"bu","13:15:16",477700
86000,3100,2000,"sd","13:15:16",477600
86200,3300,100,"bu","13:15:00",475600
86000,3100,100,"sd","13:14:31",475500
86000,3100,100,"sd","13:14:31",475400
86000,3100,200,"sd","13:14:31",475300
86000,3100,600,"sd","13:14:31",475100
86200,3300,100,"bu","13:14:29",474500
86200,3300,1000,"bu","13:14:25",474400
86200,3300,100,"bu","13:14:13",473400
86200,3300,100,"bu","13:13:58",473300
86200,3300,100,"bu","13:13:42",473200
86200,3300,3800,"bu","13:13:35",473100
86200,3300,1200,"bu","13:13:35",469300
86200,3300,200,"bu","13:13:31",468100
86000,3100,1000,"sd","13:13:28",467900
86200,3300,100,"bu","13:13:26",466900
86200,3300,100,"bu","13:13:22",466800
86100,3200,1000,"bu","13:13:22",466700
86100,3200,200,"bu","13:13:22",465700
86100,3200,3300,"bu","13:13:22",465500
86100,3200,400,"bu","13:13:22",462200
86100,3200,100,"bu","13:13:11",461800
86000,3100,100,"bu","13:13:04",461700
86000,3100,300,"bu","13:13:04",461600
86000,3100,100,"bu","13:13:02",461300
86000,3100,100,"bu","13:13:02",461200
86000,3100,100,"bu","13:13:02",461100
86000,3100,100,"bu","13:13:02",461000
86000,3100,100,"bu","13:13:01",460900
86000,3100,100,"bu","13:12:55",460800
86000,3100,100,"bu","13:12:52",460700
86000,3100,100,"bu","13:12:39",460600
86000,3100,1000,"bu","13:12:39",460500
86000,3100,3800,"bu","13:12:37",459500
86000,3100,100,"bu","13:12:37",455700
86000,3100,2000,"bu","13:12:37",455600
86000,3100,1000,"bu","13:12:37",453600
86000,3100,600,"bu","13:12:37",452600
86000,3100,200,"bu","13:12:37",452000
86000,3100,2000,"bu","13:12:37",451800
86000,3100,300,"bu","13:12:37",449800
86000,3100,100,"bu","13:12:24",449500
86000,3100,100,"bu","13:12:08",449400
85900,3000,100,"sd","13:12:03",449300
85900,3000,200,"bu","13:11:54",449200
85900,3000,100,"bu","13:11:54",449000
85900,3000,200,"bu","13:11:54",448900
85900,3000,100,"bu","13:11:52",448700
85900,3000,100,"bu","13:11:37",448600
85900,3000,100,"bu","13:11:32",448500
85900,3000,100,"bu","13:11:21",448400
85900,3000,100,"bu","13:11:10",448300
85900,3000,100,"bu","13:11:05",448200
85900,3000,200,"bu","13:11:05",448100
85900,3000,100,"bu","13:11:05",447900
85900,3000,500,"bu","13:11:05",447800
85900,3000,200,"bu","13:11:05",447300
85900,3000,100,"bu","13:10:50",447100
85900,3000,100,"bu","13:10:34",447000
85900,3000,200,"bu","13:10:26",446900
85900,3000,100,"bu","13:10:18",446700
85900,3000,200,"bu","13:10:07",446600
85900,3000,100,"bu","13:10:03",446400
85900,3000,100,"bu","13:09:47",446300
85900,3000,100,"bu","13:09:32",446200
85900,3000,200,"bu","13:09:25",446100
85900,3000,100,"bu","13:09:16",445900
85900,3000,100,"bu","13:09:00",445800
85900,3000,200,"bu","13:08:59",445700
85900,3000,100,"bu","13:08:44",445500
85900,3000,100,"bu","13:08:29",445400
85900,3000,100,"bu","13:08:13",445300
85800,2900,600,"sd","13:08:05",445200
85900,3000,100,"bu","13:07:58",444600
85800,2900,500,"sd","13:07:53",444500
85800,2900,200,"bu","13:07:47",444000
85800,2900,100,"bu","13:07:47",443800
85800,2900,100,"bu","13:07:47",443700
85800,2900,100,"bu","13:07:47",443600
85800,2900,100,"bu","13:07:47",443500
85800,2900,300,"bu","13:07:47",443400
85800,2900,100,"bu","13:07:42",443100
85800,2900,100,"bu","13:07:38",443000
85800,2900,400,"bu","13:07:34",442900
85800,2900,400,"bu","13:07:27",442500
85800,2900,100,"bu","13:07:27",442100
85800,2900,1200,"bu","13:07:23",442000
85800,2900,100,"bu","13:07:12",440800
85800,2900,100,"bu","13:06:55",440700
85800,2900,100,"bu","13:06:40",440600
85800,2900,500,"bu","13:06:36",440500
85700,2800,100,"sd","13:06:26",440000
85800,2900,100,"bu","13:06:24",439900
85800,2900,100,"bu","13:06:09",439800
85800,2900,100,"bu","13:05:58",439700
85800,2900,100,"bu","13:05:54",439600
85700,2800,800,"bu","13:05:42",439500
85700,2800,100,"bu","13:05:38",438700
85700,2800,100,"bu","13:05:22",438600
85800,2900,100,"bu","13:05:07",438500
85600,2700,5000,"bu","13:05:00",438400
85800,2900,100,"bu","13:04:51",433400
85700,2800,2700,"bu","13:04:49",433300
85700,2800,1000,"bu","13:04:49",430600
85700,2800,300,"bu","13:04:49",429600
85700,2800,100,"bu","13:04:36",429300
85700,2800,100,"bu","13:04:20",429200
85700,2800,100,"bu","13:04:05",429100
85700,2800,100,"bu","13:03:49",429000
85700,2800,100,"bu","13:03:34",428900
85700,2800,100,"bu","13:03:18",428800
85700,2800,300,"bu","13:03:15",428700
85700,2800,100,"bu","13:03:03",428400
85700,2800,200,"bu","13:03:02",428300
85700,2800,100,"bu","13:02:47",428100
85700,2800,100,"bu","13:02:32",428000
85700,2800,3200,"bu","13:02:28",427900
85700,2800,400,"bu","13:02:28",424700
85700,2800,100,"bu","13:02:16",424300
85600,2700,100,"bu","13:02:01",424200
85600,2700,500,"bu","13:02:01",424100
85600,2700,100,"bu","13:01:46",423600
85600,2700,100,"bu","13:01:41",423500
85600,2700,100,"bu","13:01:30",423400
85500,2600,100,"sd","13:01:27",423300
85600,2700,100,"bu","13:01:15",423200
85500,2600,100,"sd","13:00:25",423100
85800,2900,1000,"bu","13:00:01",423000
85500,2600,100,"sd","13:00:00",422000
85500,2600,300,"sd","11:28:57",421900
85500,2600,700,"sd","11:28:57",421600
85700,2800,100,"sd","11:28:51",420900
85700,2800,100,"bu","11:28:46",420800
85700,2800,800,"bu","11:28:46",420700
85700,2800,200,"bu","11:28:42",419900
85700,2800,300,"bu","11:28:42",419700
85500,2600,300,"sd","11:28:24",419400
85500,2600,200,"sd","11:28:24",419100
85700,2800,100,"bu","11:28:11",418900
85700,2800,100,"bu","11:27:39",418800
85700,2800,200,"bu","11:27:32",418700
85500,2600,100,"sd","11:27:22",418500
85700,2800,100,"bu","11:27:07",418400
85700,2800,100,"bu","11:26:35",418300
85700,2800,100,"bu","11:26:03",418200
85700,2800,100,"bu","11:25:31",418100
85700,2800,100,"bu","11:25:00",418000
85700,2800,100,"bu","11:24:28",417900
85700,2800,500,"bu","11:24:16",417800
85700,2800,100,"bu","11:23:56",417300
85700,2800,100,"bu","11:23:24",417200
85700,2800,100,"bu","11:22:52",417100
85700,2800,1100,"bu","11:22:50",417000
85600,2700,100,"bu","11:22:50",415900
85600,2700,800,"bu","11:22:50",415800
85600,2700,100,"bu","11:22:20",415000
85600,2700,100,"bu","11:21:48",414900
85600,2700,600,"sd","11:21:36",414800
85600,2700,400,"bu","11:21:31",414200
85600,2700,100,"bu","11:21:17",413800
85600,2700,700,"bu","11:21:06",413700
85600,2700,100,"bu","11:20:45",413000
85600,2700,100,"bu","11:20:13",412900
85600,2700,100,"bu","11:19:41",412800
85700,2800,1800,"bu","11:19:14",412700
85700,2800,200,"bu","11:19:14",410900
85700,2800,2000,"bu","11:19:14",410700
85700,2800,500,"bu","11:19:14",408700
85500,2600,100,"sd","11:18:43",408200
85700,2800,100,"bu","11:18:38",408100
85700,2800,100,"bu","11:18:06",408000
85700,2800,100,"bu","11:17:48",407900
85700,2800,100,"bu","11:17:34",407800
85700,2800,100,"bu","11:17:02",407700
85500,2600,1000,"sd","11:16:29",407600
85700,2800,2000,"bu","11:16:23",406600
85600,2700,100,"sd","11:16:11",404600
85700,2800,100,"sd","11:16:02",404500
85700,2800,2000,"sd","11:16:01",404400
85800,2900,100,"bu","11:15:59",402400
85800,2900,100,"sd","11:15:09",402300
85800,2900,2000,"sd","11:15:09",402200
85800,2900,300,"sd","11:15:09",400200
85900,3000,100,"bu","11:14:55",399900
85900,3000,400,"bu","11:14:43",399800
85900,3000,100,"sd","11:14:08",399400
85900,3000,1200,"sd","11:14:08",399300
85900,3000,800,"sd","11:13:55",398100
85900,3000,200,"sd","11:13:55",397300
86000,3100,100,"bu","11:13:52",397100
86000,3100,100,"bu","11:13:20",397000
85900,3000,5000,"sd","11:13:06",396900
86000,3100,100,"bu","11:12:49",391900
86000,3100,100,"bu","11:12:17",391800
85900,3000,500,"sd","11:12:04",391700
86000,3100,100,"bu","11:11:45",391200
86000,3100,300,"bu","11:11:33",391100
86000,3100,300,"bu","11:11:33",390800
86000,3100,400,"bu","11:11:33",390500
86000,3100,100,"bu","11:11:17",390100
86000,3100,100,"bu","11:11:13",390000
86000,3100,2000,"bu","11:10:51",389900
86000,3100,100,"bu","11:10:42",387900
86000,3100,700,"bu","11:10:29",387800
86000,3100,1000,"bu","11:10:21",387100
86000,3100,100,"bu","11:10:10",386100
85900,3000,1000,"bu","11:09:45",386000
85900,3000,500,"bu","11:09:45",385000
85900,3000,100,"bu","11:09:39",384500
85900,3000,100,"bu","11:09:07",384400
85900,3000,100,"bu","11:08:41",384300
85900,3000,100,"bu","11:08:35",384200
85900,3000,1600,"bu","11:08:04",384100
85900,3000,1400,"bu","11:08:04",382500
85900,3000,100,"bu","11:08:04",381100
85800,2900,100,"bu","11:07:52",381000
85800,2900,500,"bu","11:07:52",380900
85800,2900,100,"bu","11:07:33",380400
85800,2900,100,"bu","11:07:31",380300
85800,2900,100,"bu","11:07:01",380200
85700,2800,300,"sd","11:06:43",380100
85800,2900,100,"bu","11:06:29",379800
85900,3000,100,"bu","11:05:58",379700
85900,3000,400,"bu","11:05:37",379600
85900,3000,100,"bu","11:05:37",379200
85900,3000,100,"bu","11:05:26",379100
85900,3000,100,"bu","11:04:55",379000
85900,3000,100,"bu","11:04:23",378900
85900,3000,100,"bu","11:03:52",378800
85900,3000,600,"bu","11:03:26",378700
85900,3000,100,"bu","11:03:20",378100
85600,2700,1000,"sd","11:02:54",378000
86000,3100,100,"bu","11:02:48",377000
85600,2700,1000,"sd","11:02:24",376900
85900,3000,100,"bu","11:02:17",375900
86000,3100,100,"bu","11:01:38",375800
85400,2500,1000,"sd","11:01:15",375700
85500,2600,100,"sd","11:01:15",374700
85500,2600,2000,"sd","11:01:15",374600
85500,2600,2900,"sd","11:01:15",372600
86000,3100,100,"bu","11:01:14",369700
86000,3100,300,"bu","11:01:04",369600
85900,3000,100,"bu","11:01:04",369300
85500,2600,1800,"bu","11:00:56",369200
85400,2500,100,"bu","11:00:43",367400
85500,2600,100,"bu","11:00:13",367300
85500,2600,100,"bu","11:00:12",367200
85300,2400,300,"sd","10:59:46",367100
85500,2600,100,"bu","10:59:40",366800
85300,2400,100,"sd","10:59:10",366700
85300,2400,100,"sd","10:59:10",366600
85300,2400,100,"sd","10:59:10",366500
85500,2600,100,"bu","10:59:08",366400
85300,2400,200,"sd","10:58:35",366300
85500,2600,1000,"bu","10:58:33",366100
85500,2600,100,"bu","10:58:26",365100
85500,2600,500,"bu","10:58:08",365000
85500,2600,100,"sd","10:58:07",364500
85500,2600,100,"sd","10:58:07",364400
85500,2600,1000,"sd","10:58:07",364300
85900,3000,100,"bu","10:58:06",363300
85500,2600,200,"sd","10:57:46",363200
86000,3100,10000,"sd","10:57:05",363000
86000,3100,100,"sd","10:57:05",353000
86000,3100,100,"sd","10:57:05",352900
86000,3100,1700,"sd","10:57:05",352800
86000,3100,900,"sd","10:57:05",351100
86100,3200,100,"sd","10:57:05",350200
86100,3200,200,"sd","10:57:05",350100
86100,3200,1000,"sd","10:57:05",349900
86100,3200,800,"sd","10:57:05",348900
86200,3300,400,"bu","10:57:05",348100
86100,3200,1100,"sd","10:56:54",347700
86200,3300,100,"sd","10:56:54",346600
86200,3300,800,"sd","10:56:54",346500
86100,3200,100,"sd","10:56:27",345700
86100,3200,500,"sd","10:56:03",345600
86200,3300,100,"sd","10:56:03",345100
86400,3500,100,"bu","10:56:00",345000
86200,3300,200,"sd","10:55:56",344900
86400,3500,100,"bu","10:55:29",344700
86200,3300,2000,"sd","10:55:22",344600
86400,3500,100,"bu","10:55:16",342600
86400,3500,1000,"bu","10:54:59",342500
86400,3500,100,"bu","10:54:57",341500
86400,3500,100,"bu","10:54:46",341400
86400,3500,100,"bu","10:54:26",341300
86400,3500,100,"bu","10:53:55",341200
86200,3300,500,"bu","10:53:37",341100
86200,3300,200,"bu","10:53:37",340600
86200,3300,100,"bu","10:53:23",340400
86200,3300,100,"bu","10:52:52",340300
86200,3300,100,"sd","10:52:52",340200
86200,3300,1000,"sd","10:52:52",340100
86200,3300,500,"sd","10:52:52",339100
86200,3300,500,"sd","10:52:36",338600
86400,3500,100,"bu","10:52:21",338100
86400,3500,100,"bu","10:51:49",338000
86100,3200,200,"sd","10:51:28",337900
86400,3500,100,"bu","10:51:18",337700
86400,3500,200,"bu","10:50:55",337600
86400,3500,100,"bu","10:50:47",337400
86100,3200,2300,"sd","10:49:56",337300
86100,3200,1300,"sd","10:49:56",335000
86200,3300,1000,"sd","10:49:56",333700
86200,3300,100,"sd","10:49:56",332700
86200,3300,100,"sd","10:49:56",332600
86200,3300,200,"sd","10:49:56",332500
86500,3600,200,"bu","10:49:52",332300
86500,3600,100,"bu","10:49:44",332100
86500,3600,500,"bu","10:49:42",332000
86500,3600,200,"bu","10:49:21",331500
86500,3600,300,"bu","10:49:21",331300
86500,3600,100,"bu","10:49:13",331000
86800,3900,200,"bu","10:49:05",330900
86900,4000,100,"bu","10:48:41",330700
86900,4000,200,"bu","10:48:21",330600
86900,4000,200,"bu","10:48:17",330400
86800,3900,100,"bu","10:48:10",330200
86100,3200,2000,"sd","10:47:57",330100
86900,4000,100,"unknown","10:47:39",328100
87000,4100,100,"bu","10:47:21",328000
87000,4100,200,"bu","10:47:21",327900
86900,4000,1200,"bu","10:47:21",327700
87000,4100,100,"bu","10:47:08",326500
86000,3100,100,"sd","10:47:03",326400
86000,3100,100,"sd","10:47:03",326300
87000,4100,700,"bu","10:47:03",326200
86800,3900,100,"bu","10:47:03",324300
86800,3900,1000,"bu","10:47:03",325500
86800,3900,200,"bu","10:47:03",324500
86000,3100,500,"bu","10:46:50",324200
86000,3100,1000,"bu","10:46:50",323700
86000,3100,100,"bu","10:46:50",322700
86000,3100,300,"bu","10:46:50",322600
86000,3100,100,"bu","10:46:47",322300
86000,3100,200,"bu","10:46:46",322200
86000,3100,800,"bu","10:46:46",322000
86000,3100,9200,"bu","10:46:43",321200
86000,3100,800,"bu","10:46:43",312000
86000,3100,100,"bu","10:46:37",311200
85900,3000,100,"bu","10:46:31",311100
85900,3000,100,"bu","10:46:05",311000
86000,3100,100,"bu","10:46:01",310900
85500,2600,300,"bu","10:45:44",310800
85500,2600,500,"bu","10:45:44",310500
85500,2600,100,"bu","10:45:35",310000
86000,3100,500,"bu","10:45:26",309900
86000,3100,100,"bu","10:45:26",309400
86000,3100,100,"bu","10:45:26",309300
86000,3100,100,"bu","10:45:26",309200
86000,3100,300,"bu","10:45:26",309100
86000,3100,4000,"bu","10:45:26",308800
86000,3100,100,"bu","10:45:26",304800
86000,3100,100,"bu","10:45:26",304700
86000,3100,1200,"bu","10:45:26",303800
86000,3100,800,"bu","10:45:26",304600
85900,3000,1400,"bu","10:45:26",302600
85800,2900,1000,"bu","10:45:26",301200
85500,2600,300,"bu","10:45:26",300200
85500,2600,200,"bu","10:45:16",299900
85500,2600,1000,"bu","10:45:13",299700
85500,2600,100,"bu","10:45:03",298700
85500,2600,100,"bu","10:44:44",298600
85500,2600,100,"bu","10:44:44",298500
85500,2600,800,"bu","10:44:44",298400
85500,2600,100,"bu","10:44:39",297600
85500,2600,100,"bu","10:44:32",297500
85500,2600,600,"bu","10:44:15",297400
85500,2600,100,"bu","10:44:12",296800
85500,2600,1000,"bu","10:44:08",296700
85500,2600,500,"bu","10:44:02",295700
85500,2600,100,"bu","10:44:01",295200
85200,2300,900,"sd","10:44:00",295100
85200,2300,100,"sd","10:44:00",294200
85500,2600,500,"bu","10:43:50",294100
85500,2600,1200,"bu","10:43:44",293600
85500,2600,1000,"bu","10:43:38",292400
85500,2600,100,"bu","10:43:29",291400
85400,2500,100,"sd","10:43:27",291300
85500,2600,3900,"bu","10:43:23",291200
85500,2600,500,"bu","10:43:23",287300
85500,2600,600,"bu","10:43:23",286800
85500,2600,400,"bu","10:43:20",286200
85500,2600,100,"bu","10:43:20",285800
85500,2600,500,"bu","10:43:20",285700
85400,2500,10000,"bu","10:43:13",285200
85300,2400,200,"bu","10:43:13",275200
85300,2400,500,"bu","10:43:13",275000
85300,2400,3200,"bu","10:43:13",274500
85300,2400,100,"bu","10:42:58",271300
85100,2200,200,"sd","10:42:57",271200
85300,2400,1700,"bu","10:42:40",271000
85300,2400,300,"bu","10:42:40",269300
85300,2400,100,"bu","10:42:27",269000
85300,2400,600,"bu","10:42:03",268900
85300,2400,400,"bu","10:42:03",268300
85300,2400,100,"bu","10:41:56",267900
85300,2400,500,"bu","10:41:44",267800
85300,2400,500,"bu","10:41:36",267300
85300,2400,100,"bu","10:41:25",266800
85000,2100,100,"sd","10:41:25",266700
85000,2100,100,"sd","10:41:25",266600
85000,2100,1200,"sd","10:41:08",266500
85000,2100,300,"bu","10:40:59",265300
85000,2100,500,"bu","10:40:59",265000
85000,2100,1900,"bu","10:40:59",264500
85000,2100,100,"bu","10:40:42",262600
85000,2100,2000,"bu","10:40:31",262500
85000,2100,100,"sd","10:40:28",260500
85000,2100,900,"sd","10:40:27",260400
85000,2100,100,"sd","10:40:21",259500
85000,2100,100,"sd","10:40:21",259400
85000,2100,300,"sd","10:40:21",259300
85300,2400,100,"bu","10:40:12",259000
85300,2400,300,"sd","10:40:05",258900
85300,2400,100,"sd","10:40:00",258600
85300,2400,4600,"sd","10:39:55",258500
85300,2400,100,"sd","10:39:55",253900
85300,2400,5000,"sd","10:39:55",253800
85400,2500,100,"bu","10:39:51",248800
85300,2400,5000,"sd","10:39:43",248700
85500,2600,100,"bu","10:39:21",243700
85500,2600,100,"bu","10:39:03",243600
85500,2600,100,"bu","10:38:49",243500
85500,2600,100,"bu","10:38:36",243400
85000,2100,700,"bu","10:38:32",243300
85000,2100,300,"bu","10:38:27",242600
85000,2100,100,"bu","10:38:24",242300
85000,2100,400,"bu","10:38:24",242200
85000,2100,100,"bu","10:38:24",241800
85000,2100,200,"bu","10:38:24",241700
85000,2100,200,"bu","10:38:24",241500
85000,2100,2000,"bu","10:38:23",241300
85000,2100,100,"bu","10:38:21",239300
85000,2100,100,"bu","10:38:18",239200
85000,2100,1000,"bu","10:38:11",239100
85000,2100,1500,"bu","10:38:07",238100
85000,2100,300,"bu","10:38:03",236600
85000,2100,100,"bu","10:38:03",236300
85000,2100,100,"bu","10:38:03",236200
85000,2100,200,"bu","10:38:03",236100
84900,2000,100,"sd","10:37:27",235900
84900,2000,100,"sd","10:37:27",235800
85000,2100,100,"bu","10:37:16",235700
84900,2000,300,"sd","10:37:08",235600
84900,2000,400,"bu","10:37:01",235300
84900,2000,100,"bu","10:36:54",234900
84900,2000,100,"bu","10:36:54",234800
84900,2000,800,"bu","10:36:54",234700
84800,1900,2600,"sd","10:36:51",233900
84900,2000,300,"bu","10:36:48",231300
84900,2000,100,"bu","10:36:45",231000
84900,2000,1000,"bu","10:36:35",230900
84900,2000,1000,"bu","10:36:26",229900
84900,2000,100,"bu","10:36:14",228900
84900,2000,100,"bu","10:36:06",228800
84900,2000,100,"bu","10:35:43",228700
84900,2000,100,"bu","10:35:13",228600
84900,2000,500,"bu","10:35:12",228500
84900,2000,100,"bu","10:35:11",228000
84900,2000,1000,"bu","10:35:06",227900
84900,2000,2000,"bu","10:35:06",226900
84900,2000,500,"sd","10:35:06",224900
84900,2000,1500,"sd","10:35:06",224400
84900,2000,800,"sd","10:35:06",222900
85000,2100,200,"bu","10:35:04",222100
85000,2100,10000,"bu","10:35:04",221900
85000,2100,300,"bu","10:35:04",211900
85000,2100,9500,"bu","10:35:04",211600
85000,2100,500,"bu","10:34:59",202100
85000,2100,500,"bu","10:34:59",201600
85000,2100,400,"bu","10:34:59",201100
85000,2100,500,"bu","10:34:59",200700
85000,2100,100,"bu","10:34:59",200200
85000,2100,200,"bu","10:34:59",200100
85000,2100,2800,"bu","10:34:59",199900
84900,2000,100,"sd","10:34:48",197100
84900,2000,100,"bu","10:34:45",197000
84900,2000,100,"bu","10:34:45",196900
84900,2000,400,"bu","10:34:45",196800
84900,2000,600,"bu","10:34:44",196400
84900,2000,400,"bu","10:34:44",195800
84900,2000,100,"bu","10:34:41",195400
84900,2000,3800,"bu","10:34:28",195300
84900,2000,300,"bu","10:34:25",191500
84900,2000,100,"bu","10:34:21",191200
84900,2000,100,"bu","10:34:15",191100
84900,2000,100,"bu","10:34:09",191000
84900,2000,100,"bu","10:34:04",190900
84800,1900,1500,"bu","10:33:52",190800
84800,1900,5000,"bu","10:33:52",189300
84800,1900,800,"bu","10:33:52",184300
84800,1900,100,"bu","10:33:38",183500
84700,1800,4000,"bu","10:33:32",183400
84700,1800,8600,"bu","10:33:32",179400
84600,1700,200,"bu","10:33:32",170800
84600,1700,100,"bu","10:33:32",170600
84600,1700,100,"bu","10:33:32",170500
84600,1700,300,"bu","10:33:32",170400
84600,1700,100,"bu","10:33:07",170100
84600,1700,100,"bu","10:32:36",170000
84200,1300,100,"bu","10:32:21",169900
84200,1300,100,"bu","10:32:21",169800
84200,1300,200,"bu","10:32:21",169700
84200,1300,100,"bu","10:32:05",169500
84200,1300,1000,"sd","10:31:18",169400
84200,1300,500,"sd","10:31:18",168400
84200,1300,300,"sd","10:31:18",167900
84200,1300,500,"sd","10:31:18",167600
84300,1400,100,"sd","10:31:18",167100
84300,1400,100,"sd","10:31:18",167000
84300,1400,200,"sd","10:31:02",166900
84700,1800,900,"bu","10:30:48",166700
84700,1800,100,"sd","10:30:33",165800
84700,1800,13400,"sd","10:30:33",165700
84800,1900,100,"bu","10:30:33",152300
84700,1800,2000,"sd","10:30:27",152200
84700,1800,1900,"bu","10:30:23",150200
84700,1800,100,"bu","10:30:01",148300
84800,1900,100,"bu","10:29:30",148200
84500,1600,100,"bu","10:29:14",148100
84500,1600,100,"bu","10:29:14",148000
84500,1600,1000,"bu","10:29:02",147900
84500,1600,100,"sd","10:28:58",146900
84500,1600,1800,"sd","10:28:58",146800
84800,1900,100,"bu","10:28:54",145000
84800,1900,1800,"bu","10:28:51",144900
84800,1900,1200,"bu","10:28:51",143100
84800,1900,100,"bu","10:28:32",141900
84800,1900,100,"bu","10:28:28",141800
84800,1900,600,"sd","10:28:21",141700
84800,1900,500,"sd","10:28:21",141100
84800,1900,200,"bu","10:28:11",140600
84800,1900,200,"bu","10:28:11",140400
84800,1900,800,"bu","10:28:04",140200
84800,1900,1000,"bu","10:28:04",139400
84800,1900,200,"bu","10:28:04",138400
84800,1900,100,"bu","10:27:58",138200
84500,1600,200,"bu","10:27:55",138100
84500,1600,100,"sd","10:27:24",137900
84500,1600,500,"sd","10:27:24",137800
84500,1600,200,"sd","10:27:24",137300
84800,1900,100,"bu","10:26:56",137100
84800,1900,100,"bu","10:26:25",137000
84500,1600,200,"sd","10:26:10",136900
84500,1600,200,"bu","10:26:06",136700
84500,1600,400,"bu","10:26:06",136500
84500,1600,600,"bu","10:25:59",136100
84500,1600,4400,"bu","10:25:59",135500
84500,1600,100,"bu","10:25:54",131100
84500,1600,100,"bu","10:25:23",131000
84500,1600,400,"bu","10:25:15",130900
85000,2100,1000,"bu","10:24:30",130500
84500,1600,1000,"bu","10:24:30",129500
85000,2100,1200,"bu","10:24:28",128500
85000,2100,1100,"bu","10:24:28",127300
85000,2100,400,"bu","10:24:28",126200
85000,2100,2000,"bu","10:24:28",125800
85000,2100,1000,"bu","10:24:28",123800
85000,2100,300,"bu","10:24:28",122800
85000,2100,4000,"bu","10:24:28",122500
85000,2100,100,"bu","10:24:28",118500
85000,2100,100,"bu","10:24:28",118400
84900,2000,200,"bu","10:24:28",118300
84900,2000,1000,"bu","10:24:28",118100
84900,2000,100,"bu","10:24:28",117100
84900,2000,500,"bu","10:24:28",117000
84800,1900,4200,"bu","10:24:28",116500
84500,1600,3800,"bu","10:24:28",112300
84500,1600,100,"sd","10:24:24",108500
84500,1600,1100,"sd","10:24:24",108400
84800,1900,100,"bu","10:24:21",107300
84500,1600,900,"sd","10:24:15",107200
84500,1600,100,"sd","10:24:15",106300
84800,1900,2700,"bu","10:24:11",106200
84800,1900,300,"bu","10:24:11",103500
84800,1900,200,"bu","10:24:10",103200
84800,1900,1000,"bu","10:24:10",103000
84800,1900,200,"bu","10:24:10",102000
84800,1900,200,"bu","10:24:10",101800
84800,1900,400,"bu","10:24:04",101600
84800,1900,1000,"bu","10:23:54",101200
84800,1900,300,"bu","10:23:36",100200
84800,1900,100,"bu","10:23:33",99900
84500,1600,500,"sd","10:23:28",99800
84500,1600,100,"bu","10:23:25",99300
84500,1600,400,"bu","10:23:25",99200
84500,1600,100,"bu","10:23:25",98800
84500,1600,500,"bu","10:23:25",98700
84500,1600,5000,"bu","10:23:25",98200
84500,1600,3000,"bu","10:23:25",93200
84500,1600,3000,"bu","10:23:25",90200
84500,1600,500,"bu","10:23:25",87200
84500,1600,1000,"bu","10:23:25",86700
84200,1300,800,"bu","10:23:25",85700
84200,1300,100,"sd","10:23:22",84900
84200,1300,100,"sd","10:23:22",84800
84400,1500,100,"sd","10:23:21",84700
84400,1500,100,"bu","10:23:19",84600
84200,1300,100,"sd","10:23:19",84500
84400,1500,200,"bu","10:23:12",84400
84400,1500,900,"bu","10:23:12",84200
84400,1500,2500,"bu","10:23:12",83300
84400,1500,100,"bu","10:23:12",80800
84000,1100,200,"bu","10:22:25",80700
84000,1100,100,"bu","10:22:25",80500
84000,1100,1000,"bu","10:22:25",80400
84000,1100,100,"bu","10:22:25",79400
84000,1100,500,"bu","10:22:25",79300
84000,1100,700,"bu","10:22:25",78800
83900,1000,100,"bu","10:22:25",78100
84000,1100,200,"bu","10:22:11",78000
83900,1000,100,"bu","10:22:11",77800
83900,1000,200,"bu","10:22:11",77700
83900,1000,800,"sd","10:22:01",77500
84000,1100,800,"bu","10:21:46",76700
84000,1100,4000,"bu","10:21:38",75900
84000,1100,1000,"bu","10:21:38",71900
84000,1100,500,"bu","10:21:38",70900
83900,1000,500,"sd","10:21:32",70400
84000,1100,100,"bu","10:21:25",69900
83900,1000,1000,"sd","10:21:18",69800
83900,1000,500,"sd","10:21:17",68800
83900,1000,700,"sd","10:21:10",68300
83900,1000,200,"bu","10:21:00",67600
83900,1000,100,"bu","10:21:00",67400
83900,1000,700,"bu","10:21:00",67300
83800,900,100,"bu","10:21:00",66600
83800,900,100,"sd","10:20:38",66500
83800,900,1000,"sd","10:20:31",66400
83800,900,200,"sd","10:20:29",65400
83800,900,100,"sd","10:20:22",65200
83800,900,2500,"sd","10:20:13",65100
83900,1000,300,"bu","10:19:55",62600
83900,1000,100,"bu","10:19:55",62300
83800,900,100,"sd","10:19:53",62200
83800,900,200,"sd","10:19:11",62100
83900,1000,100,"bu","10:18:57",61900
83700,800,400,"bu","10:18:41",61800
83700,800,100,"bu","10:18:41",61400
83600,700,100,"bu","10:18:41",61300
83600,700,500,"bu","10:18:41",61200
83600,700,100,"bu","10:18:41",60700
83500,600,200,"bu","10:16:22",60600
83500,600,200,"bu","10:16:22",60400
83500,600,900,"bu","10:16:22",60200
83500,600,600,"bu","10:16:22",59300
83300,400,1000,"bu","10:15:57",58700
83300,400,200,"bu","10:15:57",57700
83300,400,2800,"bu","10:15:57",57500
83300,400,200,"bu","10:15:57",54700
83300,400,800,"bu","10:08:49",54500
83200,300,100,"bu","10:08:49",53700
83200,300,100,"bu","10:08:49",53600
83000,100,1400,"sd","10:07:06",53500
83000,100,100,"sd","10:07:06",52100
83000,100,900,"bu","10:03:35",52000
83000,100,100,"sd","10:01:13",51100
83000,100,1000,"bu","10:01:04",51000
83000,100,300,"bu","10:00:46",50000
83000,100,700,"sd","10:00:24",49700
83200,300,100,"bu","10:00:15",49000
83000,100,100,"bu","09:58:45",48900
83000,100,2500,"bu","09:58:06",48800
83000,100,2500,"bu","09:58:04",46300
83000,100,2500,"bu","09:55:08",43800
82900,0,400,"sd","09:54:50",41300
82900,0,100,"sd","09:54:50",40900
82900,0,300,"sd","09:54:50",40800
82900,0,100,"sd","09:52:38",40500
83000,100,4500,"bu","09:51:13",40400
82900,0,500,"bu","09:51:13",35900
82800,-100,200,"sd","09:51:09",35400
82800,-100,800,"sd","09:51:09",35200
82900,0,1500,"sd","09:50:16",34400
82900,0,100,"sd","09:50:16",32900
83000,100,200,"sd","09:48:47",32800
83100,200,100,"sd","09:48:47",32600
83000,100,500,"sd","09:47:59",32500
83000,100,900,"sd","09:45:04",32000
83000,100,100,"bu","09:44:23",31100
83000,100,200,"sd","09:43:17",31000
83000,100,500,"sd","09:43:06",30800
83000,100,400,"sd","09:43:06",30300
83100,200,2000,"sd","09:42:42",29900
83000,100,1500,"sd","09:41:46",27900
83500,600,200,"bu","09:40:48",26400
83600,700,100,"bu","09:40:00",26200
83000,100,300,"sd","09:39:47",26100
83000,100,500,"sd","09:38:23",25800
83000,100,300,"sd","09:36:45",25300
83000,100,100,"sd","09:36:45",25000
83800,900,100,"bu","09:34:07",24900
83900,1000,1500,"sd","09:33:53",24800
83900,1000,100,"sd","09:33:48",23300
83900,1000,1000,"bu","09:33:46",23200
83800,900,3000,"bu","09:33:24",22200
83700,800,200,"bu","09:33:24",19200
83700,800,100,"bu","09:32:52",19000
83000,100,900,"bu","09:32:34",18900
83000,100,100,"bu","09:32:19",18000
83000,100,400,"bu","09:32:19",17900
83000,100,100,"bu","09:30:20",17500
82800,-100,200,"sd","09:29:40",17400
82800,-100,200,"sd","09:29:40",17200
82800,-100,500,"bu","09:25:55",17000
82800,-100,400,"bu","09:25:55",16500
82800,-100,4200,"bu","09:25:12",16100
82700,-200,400,"bu","09:25:12",11900
82800,-100,900,"bu","09:24:24",11500
82800,-100,900,"bu","09:24:24",10600
82800,-100,100,"bu","09:22:35",9700
82800,-100,100,"bu","09:22:35",9600
82800,-100,600,"bu","09:21:57",9500
82800,-100,400,"bu","09:21:17",8900
82700,-200,300,"sd","09:20:42",8500
82700,-200,700,"sd","09:20:25",8200
82800,-100,1000,"sd","09:18:49",7500
82800,-100,1100,"sd","09:18:49",6500
82800,-100,500,"sd","09:18:49",5400
82900,0,500,"bu","09:17:20",4900
82900,0,200,"bu","09:17:20",4400
82900,0,300,"bu","09:17:20",4200
82900,0,2700,"bu","09:16:05",3900
82800,-100,1200,"sd","09:15:00",1200
