"price","change","match_qtty","side","time","total_vol"
1400,-100,500,"bu","14:59:59",1051900
1400,-100,500,"bu","14:59:58",1051400
1400,-100,100,"bu","14:59:42",1050900
1400,-100,300,"bu","14:59:34",1050800
1400,-100,500,"bu","14:59:22",1050500
1400,-100,2000,"bu","14:59:17",1050000
1400,-100,37000,"bu","14:59:16",1048000
1400,-100,13700,"bu","14:58:59",1011000
1400,-100,700,"bu","14:58:53",997300
1400,-100,500,"bu","14:57:46",996600
1400,-100,100,"bu","14:57:12",996100
1400,-100,5200,"bu","14:56:47",996000
1400,-100,1500,"bu","14:52:44",990800
1400,-100,200,"bu","14:51:22",989300
1400,-100,100,"bu","14:51:11",989100
1400,-100,200,"bu","14:50:45",989000
1400,-100,200,"bu","14:50:36",988800
1400,-100,100,"bu","14:50:08",988600
1400,-100,100,"bu","14:49:53",988500
1400,-100,2000,"bu","14:49:38",988400
1400,-100,100,"bu","14:48:20",986400
1400,-100,100,"bu","14:47:34",986300
1400,-100,1300,"bu","14:47:12",986200
1400,-100,1100,"bu","14:47:09",984900
1400,-100,300,"bu","14:44:48",983800
1400,-100,4000,"bu","14:44:28",983500
1400,-100,1000,"bu","14:44:19",979500
1400,-100,100,"bu","14:44:14",978500
1400,-100,4000,"bu","14:40:47",978400
1400,-100,1600,"bu","14:35:05",974400
1400,-100,2000,"bu","14:33:47",972800
1400,-100,200,"bu","14:30:35",970800
1400,-100,1000,"bu","14:30:19",970600
1400,-100,400,"bu","14:29:23",969600
1400,-100,100,"bu","14:29:16",969200
1400,-100,1000,"bu","14:28:58",969100
1400,-100,3800,"bu","14:28:50",968100
1400,-100,1000,"bu","14:28:35",964300
1400,-100,14200,"bu","14:27:21",963300
1400,-100,200,"bu","14:26:40",949100
1400,-100,300,"bu","14:26:34",948900
1400,-100,1000,"bu","14:25:37",948600
1400,-100,2100,"bu","14:24:17",947600
1400,-100,300,"bu","14:23:52",945500
1400,-100,100,"bu","14:23:35",945200
1400,-100,13100,"bu","14:21:51",945100
1400,-100,20000,"sd","14:21:40",932000
1400,-100,1000,"sd","14:19:13",912000
1400,-100,11500,"bu","14:10:49",911000
1400,-100,3500,"bu","14:10:31",899500
1400,-100,200,"bu","14:08:02",896000
1400,-100,8000,"bu","07:07:57",895800
1400,-100,15000,"bu","14:07:46",887800
1400,-100,100,"bu","14:07:30",872800
1300,-200,100,"sd","14:06:29",872700
1400,-100,6700,"bu","14:06:22",872600
1400,-100,1000,"sd","14:05:47",865900
1400,-100,1000,"sd","14:05:03",864900
1400,-100,50000,"sd","14:04:29",863900
1400,-100,20000,"sd","14:03:44",813900
1400,-100,600,"sd","14:03:35",793900
1400,-100,690000,"sd","14:01:02",793300
1500,0,100,"bu","13:57:16",103300
1400,-100,12000,"sd","13:55:19",103200
1500,0,200,"bu","13:49:51",91200
1500,0,300,"bu","13:46:59",91000
1500,0,100,"bu","13:46:51",90700
1500,0,200,"bu","13:38:19",90600
1500,0,500,"bu","13:37:39",90400
1400,-100,200,"sd","13:36:56",89900
1500,0,100,"bu","13:34:30",89700
1500,0,300,"bu","13:32:31",89600
1400,-100,200,"sd","13:32:22",89300
1500,0,900,"bu","13:31:21",89100
1500,0,100,"bu","13:28:49",88200
1500,0,200,"bu","13:28:36",88100
1500,0,1300,"bu","13:27:42",87900
1500,0,100,"bu","13:27:27",86600
1500,0,200,"bu","13:26:26",86500
1500,0,100,"bu","13:25:04",86300
1500,0,200,"bu","13:24:54",86200
1500,0,200,"bu","13:24:35",86000
1500,0,100,"bu","13:24:18",85800
1500,0,600,"bu","13:23:57",85700
1500,0,200,"bu","13:21:41",85100
1500,0,200,"bu","13:21:30",84900
1400,-100,200,"sd","13:21:28",84700
1500,0,1000,"bu","13:21:14",84500
1400,-100,100,"sd","13:20:59",83500
1500,0,100,"bu","13:19:35",83400
1500,0,1000,"bu","13:18:49",83300
1500,0,500,"bu","13:18:31",82300
1500,0,400,"bu","13:18:15",81800
1500,0,300,"bu","13:18:14",81400
1400,-100,300,"sd","13:18:01",81100
1500,0,1000,"bu","13:17:50",80800
1400,-100,3200,"sd","13:07:54",79800
1400,-100,1500,"sd","13:01:46",76600
1400,-100,500,"sd","13:00:03",75100
1500,0,2000,"bu","11:26:27",74600
1500,0,300,"bu","11:18:44",72600
1500,0,1000,"bu","11:18:35",72300
1500,0,4100,"bu","11:14:58",71300
1400,-100,1200,"sd","11:13:35",67200
1400,-100,10000,"sd","11:10:28",66000
1400,-100,100,"sd","11:03:26",56000
1400,-100,2000,"sd","11:00:29",55900
1500,0,10000,"bu","10:54:30",53900
1400,-100,2000,"sd","10:46:37",43900
1500,0,2000,"bu","10:40:58",41900
1500,0,200,"bu","10:32:59",39900
1400,-100,4000,"sd","10:25:28",39700
1400,-100,100,"sd","10:21:02",35700
1400,-100,8000,"sd","10:20:07",35600
1400,-100,1000,"sd","10:06:29",27600
1400,-100,4000,"sd","10:03:53",26600
1400,-100,6000,"sd","09:49:14",22600
1400,-100,1800,"sd","09:40:35",16600
1400,-100,100,"sd","09:32:12",14800
1400,-100,100,"sd","09:20:25",14700
1500,0,500,"bu","09:20:05",14600
1500,0,10000,"bu","09:19:47",14100
1400,-100,4000,"sd","09:17:41",4100
1400,-100,100,"sd","09:02:07",100
