"price","change","match_qtty","side","time","total_vol"
27750,-100,36100,"unknown","14:45:01",109600
27600,-250,100,"bu","14:29:25",73500
27600,-250,100,"bu","14:27:23",73400
27600,-250,200,"bu","14:24:40",73300
27600,-250,1000,"bu","14:19:53",73100
27550,-300,400,"sd","14:11:31",72100
27500,-350,100,"sd","13:54:51",71700
27500,-350,300,"sd","13:54:51",71600
27500,-350,100,"sd","13:54:51",71300
27500,-350,400,"sd","13:54:51",71200
27500,-350,500,"sd","13:54:51",70800
27500,-350,500,"sd","13:54:51",70300
27500,-350,1000,"sd","13:54:51",69800
27500,-350,100,"sd","13:54:51",68800
27500,-350,400,"sd","13:52:26",68700
27500,-350,500,"sd","13:52:26",68300
27500,-350,400,"sd","13:52:26",67800
27500,-350,100,"sd","13:52:26",67400
27500,-350,500,"sd","13:52:26",67300
27550,-300,100,"sd","13:52:26",66800
27550,-300,1000,"sd","13:43:51",66700
27550,-300,1000,"sd","13:43:51",65700
27550,-300,1000,"sd","13:43:51",64700
27600,-250,2000,"sd","13:40:56",63700
27700,-150,100,"bu","13:40:17",61700
27700,-150,100,"bu","13:40:17",61600
27700,-150,800,"bu","13:40:17",61500
27600,-250,2000,"sd","13:38:46",60700
27600,-250,100,"bu","13:31:17",58700
27600,-250,100,"sd","13:27:55",58600
27600,-250,1900,"sd","13:27:55",58500
27700,-150,100,"bu","13:27:08",56600
27700,-150,100,"bu","13:24:19",56500
27600,-250,100,"sd","13:22:44",56400
27500,-350,100,"sd","11:19:02",56300
27550,-300,800,"sd","11:18:39",56200
27550,-300,100,"sd","11:18:39",55400
27600,-250,100,"sd","11:18:15",55300
27550,-300,1900,"sd","11:10:51",55200
27550,-300,500,"sd","11:10:51",53300
27550,-300,600,"sd","11:10:51",52800
27750,-100,100,"sd","11:04:00",52200
27750,-100,100,"bu","11:00:36",52100
27500,-350,3600,"sd","10:50:05",52000
27500,-350,100,"sd","10:50:05",48400
27500,-350,500,"sd","10:50:05",48300
27500,-350,5000,"sd","10:50:05",47800
27500,-350,800,"sd","10:50:05",42800
27500,-350,200,"sd","10:46:08",42000
27550,-300,100,"sd","10:46:08",41800
27500,-350,500,"sd","10:28:05",41700
27500,-350,100,"sd","10:28:05",41200
27800,-50,300,"bu","10:12:19",41100
27800,-50,8000,"bu","10:12:19",40800
27800,-50,5000,"bu","10:12:19",32800
27800,-50,800,"bu","10:12:19",27800
27800,-50,300,"bu","10:12:19",27000
27800,-50,5600,"bu","10:12:19",26700
27750,-100,100,"bu","10:09:36",21100
27800,-50,100,"bu","10:04:57",21000
27650,-200,100,"sd","09:55:30",20900
27650,-200,200,"sd","09:55:30",20800
27700,-150,200,"sd","09:54:14",20600
27750,-100,100,"sd","09:52:19",20400
27800,-50,2000,"bu","09:50:01",20300
27800,-50,300,"bu","09:44:09",18300
27800,-50,200,"bu","09:44:09",18000
27800,-50,100,"bu","09:44:09",17800
27800,-50,100,"bu","09:43:46",17700
27800,-50,100,"bu","09:33:46",17600
27800,-50,100,"bu","09:33:46",17500
27350,-500,2100,"bu","09:20:38",17400
27350,-500,5000,"sd","09:20:29",15300
27400,-450,500,"sd","09:20:29",10300
27400,-450,200,"sd","09:20:29",9800
27300,-550,200,"sd","09:19:43",9600
27300,-550,200,"sd","09:19:43",9400
27400,-450,200,"sd","09:19:43",9200
27500,-350,500,"sd","09:19:43",9000
27500,-350,2000,"sd","09:19:43",8400
27500,-350,100,"sd","09:19:43",8500
27600,-250,600,"sd","09:19:43",6400
27650,-200,800,"sd","09:19:43",5800
27700,-150,700,"sd","09:19:43",5000
27750,-100,700,"sd","09:19:43",4300
27800,-50,500,"sd","09:19:43",3600
27800,-50,500,"sd","09:19:43",3100
27850,0,100,"bu","09:18:58",2600
27850,0,2500,"bu","09:15:01",2500
