"price","change","match_qtty","side","time","total_vol"
32300,2400,100,"bu","14:59:41",1887200
32300,2400,3200,"bu","14:59:28",1887100
32300,2400,1000,"sd","14:59:21",1883900
32300,2400,200,"sd","14:59:12",1882900
32300,2400,100,"sd","14:58:58",1882700
32300,2400,100,"sd","14:58:20",1882600
32300,2400,9000,"sd","14:58:08",1882500
32400,2500,500,"bu","14:58:03",1873500
32400,2500,1200,"bu","14:57:35",1873000
32400,2500,100,"bu","14:57:27",1871800
32400,2500,200,"bu","14:57:09",1871700
32400,2500,8200,"unknown","14:56:35",1871500
32400,2500,1500,"bu","14:56:34",1863300
32400,2500,200,"bu","14:56:11",1861800
32400,2500,100,"bu","14:56:09",1861600
32400,2500,300,"bu","14:56:04",1861500
32400,2500,100,"bu","14:55:39",1861200
32400,2500,500,"bu","14:55:22",1861100
32400,2500,900,"bu","14:55:10",1860600
32400,2500,100,"bu","14:54:51",1859700
32400,2500,200,"bu","14:53:50",1859600
32400,2500,200,"bu","14:53:40",1859400
32400,2500,1500,"bu","14:53:38",1859200
32400,2500,100,"bu","14:53:33",1857700
32300,2400,5000,"sd","14:53:30",1857600
32400,2500,300,"bu","14:53:15",1852600
32300,2400,100,"sd","14:53:04",1852300
32300,2400,5000,"sd","14:52:53",1852200
32300,2400,3600,"sd","14:52:51",1847200
32400,2500,400,"bu","14:51:49",1843600
32300,2400,100,"sd","14:50:05",1843200
32300,2400,500,"sd","14:49:45",1843100
32300,2400,500,"sd","14:49:30",1842600
32400,2500,1000,"bu","14:49:02",1842100
32400,2500,800,"bu","14:48:57",1841100
32400,2500,100,"bu","14:48:38",1840300
32400,2500,2300,"bu","14:48:18",1840200
32300,2400,100,"sd","14:48:16",1837900
32400,2500,300,"bu","14:48:13",1837800
32300,2400,1000,"sd","14:46:19",1837500
32300,2400,2000,"sd","14:46:00",1836500
32400,2500,1000,"bu","14:45:57",1834500
32400,2500,400,"bu","14:45:37",1833500
32400,2500,100,"sd","14:45:02",1833100
32500,2600,300,"bu","14:44:55",1833000
32500,2600,200,"bu","14:44:43",1832700
32600,2700,100,"bu","14:44:40",1832500
32500,2600,500,"sd","14:44:39",1832400
32500,2600,1000,"sd","14:44:32",1831900
32500,2600,4300,"sd","14:44:31",1830900
32500,2600,100,"bu","14:44:29",1826600
32500,2600,9000,"bu","14:44:15",1826500
32400,2500,200,"bu","14:44:10",1817500
32200,2300,1500,"sd","14:43:57",1817300
32500,2600,8000,"bu","14:43:51",1815800
32400,2500,100,"unknown","14:43:43",1807800
32500,2600,8000,"bu","14:43:28",1807700
32400,2500,10000,"bu","14:43:08",1799700
32100,2200,100,"sd","14:43:06",1789700
32300,2400,10000,"bu","14:42:53",1789600
32200,2300,1000,"bu","14:42:49",1779600
32200,2300,3000,"bu","14:42:41",1778600
32100,2200,4000,"sd","14:42:37",1775600
32100,2200,100,"sd","14:42:30",1771600
32200,2300,200,"bu","14:42:07",1771500
32200,2300,3200,"bu","14:42:00",1771300
32200,2300,400,"bu","14:41:45",1768100
32200,2300,1900,"bu","14:41:38",1767700
32200,2300,200,"bu","14:41:27",1765800
32200,2300,1300,"bu","14:40:36",1765600
32100,2200,1200,"sd","14:40:16",1764300
32200,2300,100,"bu","14:40:11",1763100
32200,2300,100,"bu","14:40:03",1763000
32200,2300,3700,"bu","14:39:49",1762900
32200,2300,16300,"bu","14:39:39",1759200
32300,2400,8300,"sd","14:38:58",1742900
32300,2400,3700,"bu","14:38:50",1734600
32200,2300,2000,"sd","14:37:45",1730900
32200,2300,2100,"sd","14:37:00",1728900
32200,2300,9800,"bu","14:36:48",1726800
32500,2600,2200,"bu","14:36:46",1717000
32500,2600,7600,"bu","14:36:45",1714800
32500,2600,10600,"bu","14:36:44",1707200
32400,2500,100,"bu","14:36:05",1696600
32300,2400,1500,"sd","14:35:42",1696500
32400,2500,100,"bu","14:35:19",1695000
32300,2400,7300,"unknown","14:35:12",1694900
32300,2400,100,"bu","14:34:59",1687600
32200,2300,4900,"sd","14:34:53",1687500
32100,2200,200,"sd","14:34:49",1682600
32100,2200,300,"sd","14:34:45",1682400
32200,2300,1500,"bu","14:34:22",1682100
32100,2200,500,"sd","14:34:02",1680600
32100,2200,1000,"sd","14:34:00",1680100
32100,2200,200,"sd","14:32:45",1679100
32200,2300,100,"bu","14:32:35",1678900
32100,2200,100,"sd","14:32:29",1678800
32100,2200,100,"sd","14:32:11",1678700
32100,2200,600,"sd","14:31:55",1678600
32100,2200,300,"sd","14:31:51",1678000
32200,2300,100,"bu","14:31:37",1677700
32100,2200,200,"sd","14:31:27",1677600
32100,2200,1200,"bu","14:31:24",1677400
32100,2200,10000,"bu","14:31:14",1676200
32100,2200,200,"bu","14:31:10",1666200
32100,2200,4400,"bu","14:30:25",1666000
32000,2100,500,"sd","14:30:00",1661600
32000,2100,100,"sd","14:29:57",1661100
32000,2100,1000,"sd","14:29:33",1661000
32100,2200,300,"bu","14:29:27",1660000
32100,2200,4700,"sd","14:29:19",1659700
32000,2100,2000,"sd","14:29:14",1655000
32000,2100,100,"sd","14:29:13",1653000
32100,2200,5000,"bu","14:29:06",1652900
32000,2100,9000,"sd","14:28:44",1647900
32000,2100,15000,"bu","14:28:40",1638900
32000,2100,1700,"bu","14:28:37",1623900
31900,2000,200,"sd","14:28:28",1622200
32000,2100,20000,"bu","14:28:26",1622000
32000,2100,900,"bu","14:28:20",1602000
31900,2000,300,"sd","14:28:08",1601100
31900,2000,5200,"sd","14:27:59",1600800
31900,2000,10000,"bu","14:27:56",1595600
31900,2000,2000,"bu","14:27:53",1585600
31900,2000,200,"bu","14:27:47",1583600
31900,2000,1000,"bu","14:27:34",1583400
31900,2000,1000,"bu","14:27:28",1582400
31900,2000,3300,"bu","14:27:09",1581400
31800,1900,100,"sd","14:26:51",1578100
31800,1900,100,"sd","14:26:39",1578000
31800,1900,100,"sd","14:26:30",1577900
31800,1900,10000,"sd","14:26:26",1577800
31800,1900,10000,"sd","14:26:20",1567800
31800,1900,200,"sd","14:26:01",1557800
31800,1900,100,"sd","14:25:00",1557600
31800,1900,100,"sd","14:24:25",1557500
31800,1900,100,"sd","14:24:12",1557400
31800,1900,100,"sd","14:24:11",1557300
31800,1900,100,"sd","14:23:53",1557200
31900,2000,3000,"bu","14:23:35",1557100
31900,2000,3000,"bu","14:23:28",1554100
31800,1900,3200,"bu","14:23:20",1551100
31900,2000,1000,"bu","14:23:19",1547900
31800,1900,1000,"sd","14:23:13",1546900
31800,1900,800,"bu","14:23:12",1545900
31800,1900,100,"bu","14:23:08",1545100
31800,1900,300,"bu","14:23:03",1545000
31800,1900,400,"sd","14:22:54",1544700
31800,1900,1000,"sd","14:22:52",1544300
31800,1900,5000,"sd","14:22:50",1543300
31900,2000,300,"bu","14:22:38",1538300
31900,2000,300,"bu","14:22:23",1538000
31900,2000,400,"bu","14:22:22",1537700
31900,2000,200,"bu","14:22:21",1537300
31900,2000,3400,"bu","14:22:16",1537100
31900,2000,300,"sd","14:22:13",1533700
31900,2000,1800,"bu","14:22:06",1533400
31900,2000,600,"bu","14:21:59",1531600
31900,2000,900,"bu","14:21:55",1531000
31900,2000,500,"sd","14:21:53",1530100
31900,2000,100,"sd","14:21:48",1529600
32000,2100,400,"bu","14:21:45",1529500
31900,2000,1400,"sd","14:21:39",1529100
31900,2000,1500,"bu","14:21:17",1527700
31900,2000,100,"bu","14:21:16",1526200
31900,2000,300,"bu","14:21:12",1526100
31900,2000,300,"sd","14:21:11",1525800
31900,2000,600,"sd","14:21:10",1525500
31900,2000,100,"bu","14:21:09",1524900
32000,2100,13500,"bu","14:21:01",1524800
31800,1900,300,"sd","14:20:44",1511300
31900,2000,300,"bu","14:20:41",1511000
31800,1900,2000,"sd","14:20:39",1510700
31900,2000,100,"bu","14:20:30",1508700
31900,2000,5500,"bu","14:20:28",1508600
31900,2000,100,"bu","14:20:25",1503100
31900,2000,300,"unknown","14:20:12",1503000
31900,2000,1500,"bu","14:20:09",1502700
31900,2000,400,"bu","14:20:02",1501200
31900,2000,900,"bu","14:19:50",1500800
32000,2100,500,"bu","14:19:48",1499900
31900,2000,1000,"sd","14:19:47",1499400
31900,2000,100,"sd","14:19:43",1498400
32000,2100,1000,"bu","14:19:31",1498300
31900,2000,2000,"sd","14:19:27",1497300
32000,2100,2100,"bu","14:19:15",1495300
32000,2100,100,"bu","14:19:14",1493200
31900,2000,100,"sd","14:19:09",1493100
32000,2100,700,"bu","14:19:08",1493000
32000,2100,5000,"bu","14:19:06",1492300
32000,2100,200,"bu","14:19:05",1487300
32000,2100,5000,"bu","14:18:59",1487100
32000,2100,100,"bu","14:18:57",1482100
31900,2000,300,"sd","14:18:50",1482000
31900,2000,1100,"sd","14:18:37",1481700
31900,2000,500,"bu","14:18:36",1480600
31900,2000,800,"bu","14:18:23",1480100
31900,2000,1000,"bu","14:18:21",1479300
31900,2000,500,"bu","14:18:09",1478300
32000,2100,100,"bu","14:17:47",1477800
32000,2100,200,"bu","14:17:41",1477700
32000,2100,100,"bu","14:17:37",1477500
32000,2100,1000,"bu","14:17:36",1477400
32000,2100,1000,"bu","14:17:32",1476400
32000,2100,1500,"bu","14:17:30",1475400
32000,2100,700,"bu","14:17:21",1473900
32000,2100,1200,"bu","14:17:20",1473200
32000,2100,100,"bu","14:17:16",1472000
32000,2100,2200,"bu","14:17:13",1471900
32000,2100,1000,"bu","14:17:09",1469700
32000,2100,1800,"bu","14:17:02",1468700
32100,2200,100,"bu","14:16:58",1466900
32000,2100,4300,"bu","14:16:55",1466800
32000,2100,1500,"bu","14:16:53",1462500
32000,2100,6500,"bu","14:16:52",1461000
32000,2100,10000,"bu","14:16:50",1454500
32000,2100,3000,"bu","14:16:49",1444500
32000,2100,1000,"bu","14:16:47",1441500
32000,2100,1200,"bu","14:16:46",1440500
32000,2100,2000,"bu","14:16:44",1439300
32000,2100,100,"bu","14:16:39",1437300
32000,2100,5000,"bu","14:16:38",1437200
32000,2100,700,"bu","14:16:35",1432200
32000,2100,500,"bu","14:16:34",1431500
32000,2100,500,"bu","14:16:33",1431000
32000,2100,2100,"bu","14:16:31",1430500
31900,2000,500,"sd","14:16:29",1428400
32000,2100,100,"bu","14:16:22",1427900
31900,2000,4000,"sd","14:16:21",1427800
31900,2000,54000,"sd","14:16:16",1423800
31800,1900,1000,"bu","14:16:08",1369800
31800,1900,300,"bu","14:16:05",1368800
31800,1900,100,"bu","14:15:28",1368500
31700,1800,800,"bu","14:15:26",1368400
31700,1800,5000,"bu","14:15:25",1367600
31700,1800,20000,"bu","14:15:22",1362600
31600,1700,200,"sd","14:15:14",1342600
31600,1700,14700,"bu","14:15:04",1342400
31600,1700,18000,"bu","14:15:01",1327700
31500,1600,100,"sd","14:14:57",1309700
31500,1600,2000,"sd","14:14:44",1309600
31500,1600,300,"sd","14:14:40",1307600
31500,1600,7100,"sd","14:14:22",1307300
31600,1700,200,"bu","14:14:04",1300200
31600,1700,1000,"bu","14:14:00",1300000
31600,1700,300,"bu","14:13:39",1299000
31600,1700,200,"bu","14:13:32",1298700
31600,1700,100,"bu","14:13:05",1298500
31600,1700,500,"bu","14:13:00",1298400
31600,1700,100,"bu","14:12:56",1297900
31500,1600,200,"sd","14:12:54",1297800
31500,1600,100,"sd","14:12:21",1297600
31600,1700,10000,"bu","14:12:17",1297500
31500,1600,300,"sd","14:11:29",1287500
31500,1600,500,"sd","14:11:05",1287200
31600,1700,100,"bu","14:10:54",1286700
31500,1600,300,"sd","14:10:01",1286600
31500,1600,1400,"bu","14:09:58",1286300
31500,1600,500,"bu","14:09:56",1284900
31500,1600,500,"bu","14:09:51",1284400
31500,1600,10000,"bu","14:09:48",1283900
31500,1600,1000,"bu","14:09:45",1273900
31500,1600,2000,"bu","14:09:29",1272900
31500,1600,10000,"bu","14:09:22",1270900
31500,1600,1000,"bu","14:09:11",1260900
31500,1600,10000,"bu","14:08:51",1259900
31500,1600,10000,"bu","14:08:34",1249900
31400,1500,1900,"sd","14:08:18",1239900
31400,1500,20000,"sd","14:08:14",1238000
31400,1500,200,"sd","14:07:40",1218000
31400,1500,800,"sd","14:07:24",1217800
31400,1500,100,"sd","14:07:21",1217000
31400,1500,600,"bu","14:07:13",1216900
31400,1500,3400,"bu","14:07:07",1216300
31400,1500,3500,"bu","14:06:59",1212900
31400,1500,3900,"bu","14:06:57",1209400
31400,1500,3400,"bu","14:06:54",1205500
31300,1400,2000,"sd","14:06:21",1202100
31300,1400,100,"sd","14:03:54",1200100
31400,1500,100,"bu","14:03:28",1200000
31300,1400,200,"sd","14:03:11",1199900
31400,1500,1000,"bu","14:03:04",1199700
31400,1500,2500,"bu","14:02:55",1198700
31400,1500,6600,"bu","14:01:59",1196200
31300,1400,500,"sd","14:01:58",1189600
31300,1400,300,"sd","13:59:10",1189100
31300,1400,700,"sd","13:58:46",1188800
31300,1400,200,"sd","13:58:20",1188100
31300,1400,4400,"sd","13:58:13",1187900
31300,1400,500,"sd","13:57:47",1183500
31400,1500,1000,"bu","13:57:12",1183000
31400,1500,3000,"bu","13:56:29",1182000
31400,1500,2700,"bu","13:55:55",1179000
31400,1500,200,"bu","13:54:51",1176300
31400,1500,3000,"bu","13:54:41",1176100
31400,1500,3000,"bu","13:54:33",1173100
31300,1400,200,"sd","13:54:24",1170100
31300,1400,1000,"sd","13:52:53",1169900
31400,1500,1700,"bu","13:52:36",1168900
31400,1500,500,"bu","13:52:10",1167200
31400,1500,4000,"bu","13:51:50",1166700
31400,1500,500,"bu","13:50:13",1162700
31400,1500,400,"bu","13:49:17",1162200
31400,1500,8100,"sd","13:48:27",1161800
31400,1500,1000,"sd","13:48:22",1153700
31400,1500,300,"sd","13:48:16",1152700
31400,1500,200,"sd","13:47:55",1152400
31400,1500,100,"sd","13:47:54",1152200
31400,1500,5000,"sd","13:47:41",1152100
31400,1500,20400,"bu","13:47:40",1147100
31400,1500,900,"bu","13:46:56",1126700
31400,1500,600,"bu","13:45:39",1125800
31300,1400,8000,"sd","13:44:29",1125200
31300,1400,1000,"bu","13:44:07",1117200
31300,1400,3000,"bu","13:43:48",1116200
31300,1400,3000,"bu","13:43:24",1113200
31300,1400,8500,"bu","13:43:10",1110200
31300,1400,1000,"bu","13:42:59",1101700
31300,1400,100,"bu","13:42:42",1100700
31300,1400,1000,"bu","13:42:36",1100600
31300,1400,1500,"bu","13:42:21",1099600
31200,1300,600,"sd","13:40:28",1098100
31300,1400,1000,"bu","13:40:00",1097500
31300,1400,500,"bu","13:39:38",1096500
31300,1400,100,"bu","13:38:06",1096000
31300,1400,500,"bu","13:37:50",1095900
31300,1400,500,"bu","13:37:13",1095400
31300,1400,1800,"bu","13:37:06",1094900
31300,1400,900,"sd","13:37:03",1093100
31300,1400,10300,"bu","13:36:41",1092200
31300,1400,1000,"bu","13:36:29",1081900
31300,1400,2000,"bu","13:35:03",1080900
31300,1400,2000,"bu","13:34:11",1078900
31300,1400,800,"sd","13:33:50",1076900
31300,1400,600,"sd","13:33:48",1076100
31300,1400,400,"bu","13:33:42",1075500
31300,1400,600,"bu","13:33:41",1075100
31300,1400,2000,"sd","13:33:34",1074500
31300,1400,10000,"sd","13:33:26",1072500
31300,1400,200,"sd","13:33:18",1062500
31300,1400,1000,"sd","13:33:14",1062300
31300,1400,700,"sd","13:32:42",1061300
31300,1400,3000,"bu","13:32:17",1060600
31300,1400,100,"bu","13:32:13",1057600
31300,1400,500,"bu","13:31:29",1057500
31300,1400,2000,"bu","13:30:08",1057000
31300,1400,200,"bu","13:30:06",1055000
31300,1400,20000,"sd","13:30:01",1054800
31300,1400,500,"sd","13:29:22",1034800
31300,1400,400,"sd","13:28:10",1034300
31300,1400,100,"sd","13:26:44",1033900
31400,1500,300,"bu","13:25:32",1033800
31400,1500,100,"bu","13:25:22",1033500
31400,1500,5200,"bu","13:25:02",1033400
31400,1500,1000,"bu","13:24:38",1028200
31400,1500,100,"bu","13:24:35",1027200
31400,1500,200,"bu","13:24:08",1027100
31400,1500,200,"bu","13:24:02",1026900
31400,1500,2600,"bu","13:23:54",1026700
31400,1500,4000,"sd","13:23:21",1024100
31400,1500,2000,"sd","13:21:54",1020100
31400,1500,100,"sd","13:21:35",1018100
31400,1500,300,"bu","13:21:28",1018000
31400,1500,9800,"sd","13:20:26",1017700
31400,1500,100,"bu","13:19:48",1007900
31400,1500,300,"bu","13:19:27",1007800
31400,1500,400,"bu","13:19:23",1007500
31400,1500,100,"sd","13:19:18",1007100
31400,1500,900,"bu","13:19:06",1007000
31400,1500,500,"sd","13:18:47",1006100
31400,1500,5800,"bu","13:18:28",1005600
31400,1500,3000,"bu","13:17:39",999800
31400,1500,1000,"bu","13:17:38",996800
31400,1500,600,"bu","13:17:26",995800
31400,1500,300,"bu","13:17:10",995200
31400,1500,2000,"bu","13:16:41",994900
31400,1500,1000,"bu","13:15:45",992900
31400,1500,500,"bu","13:15:24",991900
31400,1500,2300,"bu","13:15:09",991400
31400,1500,500,"sd","13:14:59",989100
31400,1500,400,"bu","13:14:35",988600
31400,1500,2100,"bu","13:14:30",988200
31400,1500,300,"sd","13:13:58",986100
31400,1500,4500,"sd","13:13:23",985800
31400,1500,100,"sd","13:13:19",981300
31400,1500,300,"sd","13:13:05",981200
31400,1500,1700,"sd","13:12:23",980900
31400,1500,2600,"bu","13:12:17",979200
31300,1400,500,"sd","13:12:08",976600
31300,1400,300,"sd","13:10:42",976100
31300,1400,100,"sd","13:10:24",975800
31300,1400,500,"unknown","13:10:04",975700
31300,1400,1500,"bu","13:09:22",975200
31300,1400,100,"bu","13:08:43",973700
31300,1400,1000,"bu","13:08:41",973600
31300,1400,100,"bu","13:08:37",972600
31300,1400,500,"bu","13:08:31",972500
31300,1400,500,"bu","13:08:11",972000
31300,1400,1000,"bu","13:08:07",971500
31300,1400,100,"bu","13:08:06",970500
31300,1400,300,"bu","13:07:14",970400
31300,1400,6400,"sd","13:06:59",970100
31400,1500,15000,"bu","13:06:51",963700
31300,1400,1000,"sd","13:06:31",948700
31300,1400,400,"bu","13:06:05",947700
31300,1400,400,"bu","13:05:15",947300
31300,1400,1000,"bu","13:05:10",946900
31300,1400,400,"sd","13:05:07",945900
31300,1400,600,"bu","13:05:02",945500
31300,1400,300,"bu","13:04:32",944900
31300,1400,400,"bu","13:04:23",944600
31300,1400,3000,"bu","13:04:16",944200
31300,1400,300,"sd","13:04:08",941200
31300,1400,1500,"sd","13:04:03",940900
31300,1400,100,"sd","13:03:48",939400
31300,1400,8100,"bu","13:03:40",939300
31200,1300,200,"sd","13:03:29",931200
31200,1300,2300,"sd","13:02:59",931000
31200,1300,2000,"sd","13:02:53",928700
31200,1300,2000,"sd","13:02:23",926700
31200,1300,2000,"sd","13:01:36",924700
31200,1300,2100,"sd","13:01:28",922700
31300,1400,8300,"sd","13:00:59",920600
31300,1400,300,"sd","13:00:49",912300
31300,1400,20000,"sd","13:00:46",912000
31300,1400,1800,"sd","13:00:34",892000
31300,1400,2000,"sd","13:00:26",890200
31300,1400,1000,"sd","13:00:17",888200
31400,1500,700,"bu","13:00:13",887200
31400,1500,100,"bu","13:00:09",886500
31400,1500,100,"bu","13:00:07",886400
31400,1500,1000,"bu","13:00:06",886300
31400,1500,4500,"bu","13:00:05",885300
31400,1500,1000,"bu","13:00:04",880800
31400,1500,2600,"bu","13:00:03",879800
31400,1500,1000,"bu","13:00:02",877200
31400,1500,100,"sd","11:28:29",876200
31400,1500,500,"sd","11:28:01",876100
31400,1500,500,"sd","11:27:59",875600
31400,1500,3000,"sd","11:27:50",875100
31400,1500,500,"sd","11:27:49",872100
31400,1500,200,"sd","11:25:43",871600
31400,1500,400,"sd","11:25:29",871400
31400,1500,2900,"sd","11:25:19",871000
31300,1400,100,"sd","11:23:59",868100
31300,1400,1000,"sd","11:23:52",868000
31400,1500,300,"bu","11:23:02",867000
31400,1500,800,"bu","11:22:34",866700
31400,1500,200,"bu","11:20:05",865900
31400,1500,2200,"bu","11:19:50",865700
31400,1500,100,"bu","11:19:31",863500
31400,1500,3000,"bu","11:19:21",863400
31400,1500,100,"bu","11:18:07",860400
31400,1500,100,"bu","11:17:31",860300
31400,1500,400,"bu","11:17:29",860200
31400,1500,4600,"sd","11:17:19",859800
31400,1500,1900,"sd","11:15:10",855200
31400,1500,300,"sd","11:15:03",853300
31400,1500,100,"sd","11:13:52",853000
31400,1500,300,"sd","11:13:32",852900
31400,1500,100,"sd","11:13:19",852600
31400,1500,900,"sd","11:13:17",852500
31400,1500,100,"sd","11:12:47",851600
31400,1500,200,"sd","11:10:49",851500
31400,1500,1500,"sd","11:10:46",851300
31400,1500,100,"sd","11:10:29",849800
31400,1500,400,"sd","11:10:25",849700
31400,1500,400,"sd","11:10:19",849300
31400,1500,3000,"sd","11:10:12",848900
31400,1500,200,"sd","11:09:57",845900
31400,1500,100,"sd","11:09:46",845700
31400,1500,100,"sd","11:09:09",845600
31400,1500,800,"sd","11:08:59",845500
31400,1500,5900,"bu","11:08:52",844700
31300,1400,100,"sd","11:07:39",838800
31300,1400,1300,"sd","11:07:29",838700
31300,1400,100,"sd","11:05:29",837400
31300,1400,900,"sd","11:05:26",837300
31400,1500,100,"bu","11:04:01",836400
31400,1500,200,"bu","11:02:59",836300
31400,1500,500,"bu","11:02:14",836100
31400,1500,200,"bu","10:59:55",835600
31300,1400,300,"sd","10:58:59",835400
31300,1400,400,"sd","10:58:52",835100
31300,1400,2000,"sd","10:58:51",834700
31400,1500,1700,"sd","10:58:35",832700
31400,1500,100,"sd","10:58:27",831000
31400,1500,100,"sd","10:58:09",830900
31400,1500,1000,"sd","10:57:59",830800
31400,1500,7100,"sd","10:57:56",829800
31300,1400,400,"sd","10:57:19",822700
31300,1400,3000,"sd","10:57:18",822300
31400,1500,100,"sd","10:54:39",819300
31400,1500,1000,"sd","10:54:38",819200
31400,1500,100,"sd","10:54:17",818200
31500,1600,100,"bu","10:53:51",818100
31400,1500,500,"bu","10:53:08",818000
31400,1500,1000,"bu","10:52:51",817500
31400,1500,1000,"bu","10:52:15",816500
31400,1500,3000,"bu","10:51:50",815500
31400,1500,5000,"bu","10:51:44",812500
31400,1500,200,"bu","10:51:38",807500
31400,1500,2000,"bu","10:51:33",807300
31400,1500,3000,"bu","10:51:31",805300
31400,1500,8000,"bu","10:51:26",802300
31400,1500,200,"bu","10:51:22",794300
31300,1400,700,"sd","10:51:19",794100
31300,1400,1000,"sd","10:51:10",793400
31400,1500,3600,"bu","10:51:06",792400
31300,1400,100,"sd","10:50:59",788800
31300,1400,300,"sd","10:50:56",788700
31400,1500,1000,"bu","10:50:52",788400
31300,1400,100,"sd","10:50:19",787400
31300,1400,1100,"sd","10:50:09",787300
31300,1400,7600,"bu","10:50:08",786200
31300,1400,500,"bu","10:49:45",778600
31300,1400,1700,"bu","10:49:31",778100
31200,1300,300,"sd","10:49:13",776400
31200,1300,100,"sd","10:47:19",776100
31200,1300,1000,"sd","10:47:12",776000
31300,1400,100,"bu","10:43:10",775000
31300,1400,7000,"bu","10:41:51",774900
31200,1300,200,"sd","10:36:05",767900
31200,1300,600,"sd","10:35:51",767700
31200,1300,600,"sd","10:34:59",767100
31200,1300,500,"sd","10:34:54",766500
31200,1300,3500,"sd","10:34:50",766000
31200,1300,1500,"sd","10:34:10",762500
31200,1300,100,"sd","10:33:50",761000
31200,1300,200,"sd","10:33:49",760900
31200,1300,1500,"sd","10:33:43",760700
31200,1300,400,"sd","10:33:29",759200
31200,1300,200,"sd","10:33:25",758800
31200,1300,3000,"bu","10:33:18",758600
31100,1200,100,"sd","10:33:15",755600
31100,1200,400,"unknown","10:29:30",755500
31100,1200,100,"sd","10:29:26",755100
31100,1200,100,"sd","10:29:09",755000
31100,1200,200,"sd","10:28:08",754900
31200,1300,100,"bu","10:27:15",754700
31200,1300,400,"bu","10:26:25",754600
31200,1300,10100,"bu","10:25:23",754200
31200,1300,100,"bu","10:25:08",744100
31200,1300,400,"bu","10:24:59",744000
31200,1300,4100,"sd","10:24:51",743600
31200,1300,500,"sd","10:24:07",739500
31200,1300,3900,"sd","10:23:50",739000
31200,1300,100,"sd","10:20:59",735100
31200,1300,700,"sd","10:20:49",735000
31200,1300,5000,"sd","10:20:43",734300
31300,1400,100,"bu","10:20:11",729300
31300,1400,100,"bu","10:19:04",729200
31300,1400,400,"bu","10:18:28",729100
31300,1400,200,"sd","10:18:21",728700
31300,1400,1900,"sd","10:18:12",728500
31400,1500,1100,"bu","10:16:50",726600
31400,1500,1000,"bu","10:16:05",725500
31400,1500,200,"bu","10:16:03",724500
31400,1500,1000,"sd","10:15:23",724300
31500,1600,5000,"bu","10:13:41",723300
31500,1600,3000,"bu","10:13:29",718300
31500,1600,400,"bu","10:13:07",715300
31500,1600,10000,"bu","10:12:43",714900
31400,1500,10000,"bu","10:12:28",704900
31400,1500,10000,"bu","10:12:19",694900
31200,1300,400,"sd","10:11:59",684900
31200,1300,3000,"sd","10:11:51",684500
31300,1400,200,"sd","10:11:29",681500
31300,1400,1400,"sd","10:11:23",681300
31300,1400,100,"sd","10:10:09",679900
31300,1400,300,"sd","10:09:56",679800
31400,1500,20000,"bu","10:08:29",679500
31400,1500,1000,"bu","10:08:09",659500
31400,1500,500,"bu","10:07:57",658500
31400,1500,5000,"bu","10:07:22",658000
31400,1500,10000,"bu","10:07:13",653000
31200,1300,600,"sd","10:05:59",643000
31200,1300,4400,"sd","10:05:50",642400
31200,1300,100,"bu","10:05:26",638000
31200,1300,500,"bu","10:04:46",637900
31200,1300,300,"sd","10:04:39",637400
31200,1300,2000,"sd","10:04:37",637100
31200,1300,100,"sd","10:04:19",635100
31200,1300,1000,"sd","10:04:09",635000
31200,1300,6900,"sd","10:04:05",634000
31200,1300,100,"sd","10:02:58",627100
31300,1400,1000,"bu","10:02:17",627000
31300,1400,1000,"bu","10:01:47",626000
31300,1400,900,"bu","10:01:37",625000
31300,1400,500,"bu","10:00:31",624100
31300,1400,1200,"sd","10:00:10",623600
31300,1400,100,"sd","10:00:08",622400
31300,1400,1200,"sd","10:00:07",622300
31300,1400,10100,"sd","10:00:05",621100
31300,1400,300,"sd","10:00:03",611000
31400,1500,5000,"bu","09:59:55",610700
31300,1400,200,"sd","09:59:49",605700
31300,1400,1600,"sd","09:59:45",605500
31300,1400,200,"sd","09:59:30",603900
31400,1500,2000,"bu","09:59:18",603700
31300,1400,800,"sd","09:59:13",601700
31300,1400,100,"sd","09:58:39",600900
31300,1400,500,"sd","09:58:32",600800
31400,1500,20000,"bu","09:58:26",600300
31300,1400,500,"bu","09:57:24",580300
31300,1400,200,"bu","09:57:22",579800
31300,1400,200,"bu","09:57:15",579600
31300,1400,100,"bu","09:57:04",579400
31300,1400,100,"bu","09:56:47",579300
31300,1400,4800,"bu","09:56:16",579200
31300,1400,100,"bu","09:56:02",574400
31300,1400,20000,"bu","09:55:36",574300
31100,1200,100,"unknown","09:54:55",554300
31100,1200,300,"sd","09:54:49",554200
31100,1200,1600,"bu","09:54:46",553900
31100,1200,1000,"bu","09:54:41",552300
31100,1200,3100,"sd","09:54:08",551300
31100,1200,100,"sd","09:53:58",548200
31100,1200,1000,"sd","09:53:50",548100
31100,1200,100,"sd","09:53:09",547100
31100,1200,400,"sd","09:52:48",547000
31100,1200,2100,"sd","09:52:41",546600
31100,1200,900,"sd","09:52:39",544500
31100,1200,200,"sd","09:52:19",543600
31100,1200,1900,"sd","09:52:16",543400
31100,1200,1900,"bu","09:51:56",541500
31100,1200,500,"bu","09:51:04",539600
31100,1200,1700,"unknown","09:50:24",539100
31200,1300,100,"bu","09:50:23",537400
31100,1200,300,"sd","09:49:29",537300
31100,1200,2000,"sd","09:49:24",537000
31100,1200,200,"bu","09:49:07",535000
31100,1200,100,"bu","09:48:36",534800
31000,1100,500,"sd","09:48:28",534700
31000,1100,300,"sd","09:48:09",534200
31000,1100,200,"sd","09:48:08",533900
31000,1100,2000,"sd","09:48:07",533700
31000,1100,200,"sd","09:46:09",531700
31000,1100,1500,"sd","09:45:59",531500
31000,1100,10000,"sd","09:45:54",530000
31100,1200,100,"sd","09:45:31",520000
31100,1200,600,"sd","09:45:19",519900
31100,1200,4400,"bu","09:45:12",519300
31100,1200,900,"bu","09:44:36",514900
31100,1200,400,"sd","09:44:29",514000
31100,1200,100,"sd","09:44:19",513600
31100,1200,3000,"sd","09:44:18",513500
31100,1200,700,"sd","09:44:09",510500
31100,1200,5000,"sd","09:43:58",509800
31200,1300,1000,"bu","09:43:56",504800
31200,1300,2000,"bu","09:43:51",503800
31200,1300,200,"bu","09:43:27",501800
31300,1400,100,"bu","09:42:27",501600
31200,1300,15300,"unknown","09:42:14",501500
31300,1400,400,"bu","09:41:47",486200
31300,1400,6500,"bu","09:41:35",485800
31300,1400,1000,"bu","09:40:51",479300
31200,1300,300,"sd","09:40:40",478300
31200,1300,2000,"sd","09:40:29",478000
31300,1400,400,"bu","09:40:24",476000
31200,1300,500,"sd","09:39:35",475600
31200,1300,100,"sd","09:39:20",475100
31200,1300,1000,"sd","09:39:12",475000
31300,1400,17000,"bu","09:38:59",474000
31200,1300,200,"sd","09:38:57",457000
31300,1400,3800,"bu","09:38:47",456800
31300,1400,500,"bu","09:38:32",453000
31200,1300,100,"sd","09:38:30",452500
31200,1300,1000,"sd","09:38:26",452400
31300,1400,600,"bu","09:38:10",451400
31200,1300,1000,"sd","09:37:59",450800
31300,1400,1000,"bu","09:37:08",449800
31300,1400,200,"bu","09:36:56",448800
31200,1300,200,"sd","09:36:55",448600
31200,1300,200,"sd","09:36:50",448400
31200,1300,200,"sd","09:36:42",448200
31300,1400,1600,"bu","09:36:40",448000
31200,1300,100,"sd","09:36:10",446400
31200,1300,1300,"sd","09:36:08",446300
31300,1400,1000,"sd","09:35:52",445000
31200,1300,600,"sd","09:35:40",444000
31200,1300,4000,"sd","09:35:31",443400
31200,1300,200,"sd","09:35:08",439400
31200,1300,100,"sd","09:35:00",439200
31200,1300,700,"bu","09:34:59",439100
31200,1300,400,"bu","09:34:43",438400
31200,1300,600,"sd","09:34:40",438000
31200,1300,4000,"sd","09:34:36",437400
31200,1300,100,"bu","09:34:35",433400
31200,1300,500,"bu","09:34:34",433300
31200,1300,2000,"bu","09:34:18",432800
31200,1300,1000,"bu","09:34:13",430800
31200,1300,100,"bu","09:34:08",429800
31200,1300,100,"bu","09:33:41",429700
31400,1500,10000,"bu","09:33:26",429600
31100,1200,100,"sd","09:33:07",419600
31300,1400,20000,"bu","09:32:52",419500
31100,1200,200,"sd","09:32:50",399500
31100,1200,5000,"sd","09:32:48",399300
31100,1200,1000,"sd","09:32:41",394300
31200,1300,700,"bu","09:32:39",393300
31200,1300,200,"bu","09:32:27",392600
31200,1300,500,"bu","09:32:25",392400
31200,1300,1600,"bu","09:32:13",391900
31200,1300,100,"bu","09:32:08",390300
31200,1300,100,"sd","09:32:07",390200
31200,1300,1000,"sd","09:32:05",390100
31200,1300,100,"sd","09:32:00",389100
31200,1300,600,"sd","09:31:59",389000
31200,1300,600,"bu","09:31:57",388400
31200,1300,500,"bu","09:31:54",387800
31300,1400,2100,"bu","09:31:51",387300
31200,1300,1300,"sd","09:31:49",385200
31200,1300,1000,"sd","09:31:47",383900
31200,1300,1000,"bu","09:31:43",382900
31200,1300,3800,"sd","09:31:42",381900
31200,1300,100,"sd","09:31:29",378100
31200,1300,1100,"bu","09:31:24",378000
31100,1200,100,"sd","09:31:19",376900
31100,1200,500,"sd","09:31:18",376800
31200,1300,400,"bu","09:31:15",376300
31200,1300,1500,"bu","09:31:08",375900
31100,1200,2000,"sd","09:31:06",374400
31300,1400,2000,"bu","09:31:00",372400
31200,1300,300,"sd","09:30:56",370400
31200,1300,1000,"sd","09:30:54",370100
31200,1300,100,"sd","09:30:53",369100
31200,1300,4700,"bu","09:30:50",369000
31200,1300,2300,"bu","09:30:48",364300
31200,1300,1000,"bu","09:30:43",362000
31200,1300,5000,"bu","09:30:40",361000
31100,1200,700,"sd","09:30:39",356000
31200,1300,1600,"bu","09:30:36",355300
31100,1200,200,"sd","09:30:09",353700
31100,1200,500,"sd","09:30:06",353500
31100,1200,100,"sd","09:30:02",353000
31100,1200,400,"sd","09:29:59",352900
31100,1200,200,"bu","09:29:54",352500
31100,1200,3000,"bu","09:29:50",352300
31000,1100,400,"sd","09:29:39",349300
31000,1100,100,"sd","09:29:32",348900
31000,1100,2300,"bu","09:29:31",348800
31000,1100,500,"bu","09:29:30",346500
31000,1100,300,"bu","09:29:26",346000
31000,1100,5000,"bu","09:29:19",345700
31000,1100,1000,"bu","09:29:18",340700
31100,1200,1000,"sd","09:29:09",339700
31100,1200,9000,"bu","09:29:06",338700
31000,1100,900,"sd","09:28:54",329700
31000,1100,400,"sd","09:28:52",328800
31000,1100,200,"sd","09:28:49",328400
31000,1100,1000,"sd","09:28:44",328200
31000,1100,700,"sd","09:28:39",327200
31000,1100,100,"sd","09:28:31",326500
31000,1100,3500,"bu","09:28:30",326400
30900,1000,1100,"sd","09:28:29",322900
30900,1000,5800,"sd","09:28:24",321800
30900,1000,1600,"sd","09:28:19",316000
30900,1000,100,"sd","09:28:17",314400
31000,1100,10000,"bu","09:28:14",314300
30900,1000,1000,"sd","09:28:10",304300
31000,1100,1000,"bu","09:28:08",303300
30900,1000,100,"sd","09:27:59",302300
30900,1000,800,"bu","09:27:56",302200
30900,1000,200,"bu","09:27:46",301400
30900,1000,3100,"bu","09:27:27",301200
30800,900,300,"bu","09:27:20",298100
30800,900,2700,"sd","09:27:19",297800
30800,900,500,"sd","09:27:18",295100
30800,900,9200,"sd","09:27:15",294600
30800,900,600,"bu","09:27:11",285400
30800,900,10000,"bu","09:27:09",284800
30800,900,10000,"bu","09:27:06",274800
30700,800,3700,"sd","09:27:05",264800
30700,800,400,"bu","09:26:51",261100
30700,800,100,"sd","09:26:48",260700
30700,800,300,"sd","09:26:45",260600
30700,800,1900,"bu","09:26:44",260300
30700,800,100,"sd","09:26:39",258400
30700,800,200,"sd","09:26:30",258300
30700,800,500,"sd","09:26:26",258100
30700,800,800,"unknown","09:26:25",257600
30700,800,500,"sd","09:26:23",256800
30700,800,100,"sd","09:26:19",256300
30700,800,500,"sd","09:26:11",256200
30700,800,200,"sd","09:26:10",255700
30700,800,1400,"sd","09:26:00",255500
30700,800,9500,"bu","09:25:51",254100
30600,700,100,"sd","09:25:26",244600
30600,700,300,"sd","09:25:22",244500
30700,800,1500,"bu","09:25:04",244200
30600,700,2000,"bu","09:24:59",242700
30600,700,2700,"bu","09:24:55",240700
30600,700,500,"sd","09:24:50",238000
30600,700,2000,"sd","09:24:40",237500
30700,800,1500,"bu","09:24:35",235500
30600,700,1000,"sd","09:24:34",234000
30700,800,2100,"bu","09:24:24",233000
30700,800,2300,"bu","09:24:20",230900
30700,800,1000,"sd","09:24:15",228600
30700,800,1200,"sd","09:24:14",227600
30700,800,100,"sd","09:24:13",226400
30700,800,1000,"sd","09:24:12",226300
30700,800,700,"sd","09:24:10",225300
30700,800,2000,"sd","09:24:07",224600
30700,800,700,"sd","09:24:00",222600
30700,800,2000,"sd","09:23:59",221900
30700,800,100,"sd","09:23:56",219900
30700,800,1000,"sd","09:23:53",219800
30700,800,100,"sd","09:23:51",218800
30700,800,100,"sd","09:23:50",218700
30700,800,600,"sd","09:23:49",218600
30700,800,200,"sd","09:23:47",218000
30700,800,100,"sd","09:23:46",217800
30700,800,300,"sd","09:23:45",217700
30700,800,300,"sd","09:23:43",217400
30700,800,400,"sd","09:23:40",217100
30700,800,1100,"bu","09:23:34",216700
30600,700,2000,"unknown","09:23:29",215600
30700,800,700,"bu","09:23:26",213600
30700,800,500,"bu","09:23:23",212900
30700,800,3000,"bu","09:23:21",212400
30600,700,100,"sd","09:23:20",209400
30700,800,300,"bu","09:23:17",209300
30700,800,2000,"bu","09:23:16",209000
30600,700,6300,"sd","09:23:10",207000
30700,800,5000,"bu","09:23:09",200700
30600,700,1000,"sd","09:23:05",195700
30600,700,1600,"sd","09:23:00",194700
30600,700,4000,"sd","09:22:55",193100
30600,700,500,"sd","09:22:50",189100
30600,700,2800,"sd","09:22:47",188600
30500,600,200,"sd","09:22:43",185800
30500,600,800,"sd","09:22:40",185600
30500,600,700,"sd","09:22:31",184800
30600,700,5000,"bu","09:22:29",184100
30500,600,4000,"bu","09:22:25",179100
30500,600,1200,"bu","09:22:21",175100
30500,600,2000,"bu","09:22:17",173900
30400,500,1200,"sd","09:22:10",171900
30400,500,700,"sd","09:22:06",170700
30400,500,2000,"bu","09:22:05",170000
30400,500,300,"bu","09:22:02",168000
30400,500,5000,"bu","09:22:01",167700
30300,400,200,"sd","09:22:00",162700
30300,400,1600,"sd","09:21:50",162500
30300,400,11200,"sd","09:21:48",160900
30300,400,5000,"bu","09:21:36",149700
30200,300,200,"sd","09:21:20",144700
30200,300,1600,"sd","09:21:10",144500
30200,300,1000,"bu","09:20:51",142900
30200,300,10000,"bu","09:20:45",141900
30100,200,100,"sd","09:20:00",131900
30100,200,700,"sd","09:19:50",131800
30100,200,300,"sd","09:19:48",131100
30100,200,4700,"sd","09:19:40",130800
30100,200,900,"bu","09:18:58",126100
30100,200,300,"bu","09:18:50",125200
30100,200,900,"bu","09:18:47",124900
30100,200,100,"bu","09:18:34",124000
30100,200,3800,"bu","09:18:11",123900
30100,200,600,"sd","09:17:50",120100
30100,200,4400,"sd","09:17:44",119500
30100,200,300,"sd","09:17:10",115100
30100,200,2100,"sd","09:17:00",114800
30100,200,14400,"sd","09:16:59",112700
30100,200,2000,"bu","09:16:41",98300
30100,200,500,"bu","09:16:39",96300
30100,200,1200,"bu","09:16:26",95800
30100,200,1200,"bu","09:16:17",94600
30100,200,900,"bu","09:16:12",93400
30100,200,200,"bu","09:16:10",92500
30100,200,1000,"bu","09:16:08",92300
30100,200,1000,"bu","09:16:02",91300
30100,200,5000,"bu","09:15:56",90300
30100,200,100,"bu","09:15:52",85300
30100,200,11600,"bu","09:15:46",85200
30200,300,5000,"bu","09:15:42",73600
30100,200,300,"sd","09:15:14",68600
30100,200,500,"bu","09:14:49",68300
30100,200,5400,"sd","09:14:42",67800
30100,200,600,"bu","09:14:34",62400
30100,200,1500,"bu","09:14:26",61800
30100,200,1000,"bu","09:13:57",60300
30100,200,2200,"bu","09:13:54",59300
30100,200,100,"sd","09:13:39",57100
30100,200,700,"sd","09:13:30",57000
30100,200,100,"bu","09:13:29",56300
30100,200,1000,"bu","09:13:25",56200
30100,200,200,"bu","09:12:53",55200
30100,200,3600,"sd","09:10:31",55000
30100,200,100,"sd","09:10:19",51400
30100,200,300,"sd","09:10:14",51300
30100,200,400,"sd","09:10:09",51000
30100,200,4600,"bu","09:10:08",50600
30100,200,500,"bu","09:09:59",46000
30100,200,4000,"bu","09:09:56",45500
30100,200,1000,"bu","09:09:53",41500
30000,100,500,"sd","09:09:49",40500
30100,200,8000,"bu","09:09:46",40000
30100,200,5000,"bu","09:09:43",32000
30100,200,3300,"bu","09:09:34",27000
30100,200,500,"bu","09:09:27",23700
30000,100,500,"sd","09:09:02",23200
30100,200,3000,"bu","09:08:35",22700
30000,100,100,"sd","09:08:19",19700
30000,100,1200,"sd","09:08:10",19600
30000,100,8600,"bu","09:08:03",18400
30000,100,400,"sd","09:07:33",9800
30000,100,100,"bu","09:06:58",9400
30100,200,7000,"bu","09:05:00",9300
30100,200,2000,"bu","09:02:25",2300
30000,100,300,"bu","09:00:13",300
