"price","change","match_qtty","side","time","total_vol"
22600,-200,800,"sd","14:51:09",7413800
22600,-200,400,"bu","14:45:17",7413000
22600,-200,41700,"unknown","14:45:01",7412600
22600,-200,296900,"unknown","14:45:00",7370900
0,-22800,500,"sd","14:30:01",7074000
22600,-200,2300,"sd","14:30:00",7073500
22700,-100,1000,"bu","14:29:59",7071200
22600,-200,166000,"sd","14:29:56",7070200
22600,-200,2800,"sd","14:29:54",6904200
22700,-100,9000,"bu","14:29:53",6901400
22700,-100,1000,"bu","14:29:51",6892400
22600,-200,5700,"sd","14:29:48",6891400
22600,-200,17400,"sd","14:29:46",6885700
22700,-100,400,"bu","14:29:43",6868300
22700,-100,2600,"bu","14:29:42",6867900
22700,-100,200,"bu","14:29:41",6865300
22600,-200,6600,"sd","14:29:40",6865100
22700,-100,300,"bu","14:29:38",6858500
22700,-100,5300,"bu","14:29:35",6858200
22700,-100,100,"bu","14:29:34",6852900
22700,-100,1500,"bu","14:29:33",6852800
22700,-100,400,"bu","14:29:30",6851300
22700,-100,100,"bu","14:29:28",6850900
22700,-100,200,"bu","14:29:27",6850800
22700,-100,100,"bu","14:29:25",6850600
22700,-100,100,"bu","14:29:24",6850500
22700,-100,200,"bu","14:29:22",6850400
22600,-200,100,"sd","14:29:21",6850200
22700,-100,2100,"bu","14:29:20",6850100
22700,-100,100,"bu","14:29:19",6848000
22700,-100,3000,"bu","14:29:17",6847900
22700,-100,500,"bu","14:29:16",6844900
22700,-100,6000,"bu","14:29:14",6844400
22700,-100,1000,"bu","14:29:11",6838400
22700,-100,500,"bu","14:29:09",6837400
22700,-100,1000,"bu","14:29:08",6836900
22600,-200,2000,"sd","14:29:07",6835900
22700,-100,1300,"bu","14:29:05",6833900
22700,-100,2000,"bu","14:29:04",6832600
22700,-100,100,"bu","14:29:03",6830600
22700,-100,300,"bu","14:29:02",6830500
22700,-100,500,"bu","14:29:00",6830200
22600,-200,6000,"sd","14:28:59",6829700
22700,-100,10400,"bu","14:28:54",6823700
22700,-100,1500,"bu","14:28:51",6813300
22700,-100,3000,"bu","14:28:50",6811800
22700,-100,1000,"bu","14:28:47",6808800
22700,-100,500,"bu","14:28:46",6807800
22700,-100,31000,"bu","14:28:45",6807300
22700,-100,2100,"bu","14:28:43",6776300
22600,-200,2100,"sd","14:28:42",6774200
22700,-100,1000,"bu","14:28:41",6772100
22700,-100,100,"bu","14:28:40",6771100
22700,-100,500,"bu","14:28:39",6771000
22700,-100,100,"bu","14:28:37",6770500
22700,-100,1700,"bu","14:28:36",6770400
22700,-100,900,"bu","14:28:33",6768700
22700,-100,2000,"bu","14:28:32",6767800
22700,-100,5500,"bu","14:28:29",6765800
22700,-100,900,"bu","14:28:28",6760300
22700,-100,200,"bu","14:28:23",6759400
22700,-100,1300,"bu","14:28:21",6759200
22700,-100,100,"bu","14:28:19",6757900
22700,-100,1000,"bu","14:28:16",6757800
22700,-100,1000,"bu","14:28:15",6756800
22700,-100,200,"bu","14:28:14",6755800
22700,-100,1000,"bu","14:28:13",6755600
22700,-100,600,"bu","14:28:12",6754600
22700,-100,10400,"bu","14:28:11",6754000
22700,-100,200,"bu","14:28:04",6743600
22700,-100,700,"bu","14:28:03",6743400
22700,-100,200,"bu","14:28:02",6742700
22700,-100,1500,"bu","14:28:01",6742500
22700,-100,500,"bu","14:28:00",6741000
22700,-100,800,"bu","14:27:58",6740500
22700,-100,1000,"bu","14:27:56",6739700
22700,-100,300,"bu","14:27:55",6738700
22700,-100,400,"bu","14:27:50",6738400
22600,-200,1600,"sd","14:27:49",6738000
22700,-100,900,"bu","14:27:47",6736400
22700,-100,1000,"bu","14:27:46",6735500
22700,-100,100,"bu","14:27:43",6734500
22700,-100,500,"bu","14:27:41",6734400
22700,-100,5000,"bu","14:27:34",6733900
22700,-100,20500,"bu","14:27:33",6728900
22700,-100,100,"bu","14:27:31",6708400
22700,-100,42300,"sd","14:27:29",6708300
22700,-100,600,"sd","14:27:28",6666000
22700,-100,1000,"sd","14:27:27",6665400
22700,-100,24800,"sd","14:27:24",6664400
22700,-100,48600,"sd","14:27:22",6639600
22700,-100,1200,"sd","14:27:21",6591000
22700,-100,24600,"sd","14:27:20",6589800
22700,-100,21100,"sd","14:27:19",6565200
22700,-100,9000,"sd","14:27:18",6544100
22700,-100,8000,"sd","14:27:17",6535100
22700,-100,5000,"sd","14:27:16",6527100
22700,-100,96800,"sd","14:27:14",6522100
22700,-100,1000,"sd","14:27:13",6425300
22700,-100,9100,"sd","14:27:11",6424300
22700,-100,400,"sd","14:27:10",6415200
22700,-100,9700,"sd","14:27:06",6414800
22700,-100,2900,"sd","14:27:00",6405100
22700,-100,180000,"sd","14:26:59",6402200
22700,-100,200,"sd","14:26:56",6222200
22700,-100,2000,"sd","14:26:47",6222000
22700,-100,300,"sd","14:26:43",6220000
22800,0,400,"bu","14:26:42",6219700
22700,-100,600,"sd","14:26:38",6219300
22700,-100,2000,"sd","14:26:37",6218700
22700,-100,1300,"sd","14:26:35",6216700
22700,-100,100,"sd","14:26:34",6215400
22700,-100,300,"sd","14:26:30",6215300
22700,-100,9000,"sd","14:26:21",6215000
22700,-100,500,"sd","14:26:14",6206000
22700,-100,300,"sd","14:26:12",6205500
22700,-100,200,"sd","14:26:09",6205200
22700,-100,1500,"sd","14:25:59",6205000
22700,-100,2000,"sd","14:25:57",6203500
22700,-100,100,"sd","14:25:53",6201500
22700,-100,1000,"sd","14:25:50",6201400
22700,-100,500,"sd","14:25:43",6200400
22800,0,3000,"bu","14:25:39",6199900
22700,-100,46800,"sd","14:25:37",6196900
22700,-100,4100,"sd","14:25:36",6150100
22800,0,1500,"bu","14:25:35",6146000
22800,0,100,"bu","14:25:34",6144500
22800,0,100,"bu","14:25:03",6144400
22800,0,500,"bu","14:24:59",6144300
22700,-100,500,"sd","14:24:48",6143800
22800,0,100,"bu","14:24:39",6143300
22800,0,400,"bu","14:24:30",6143200
22800,0,100,"bu","14:24:21",6142800
22700,-100,1000,"sd","14:24:12",6142700
22700,-100,5100,"sd","14:24:05",6141700
22700,-100,400,"sd","14:23:54",6136600
22700,-100,3000,"sd","14:23:53",6136200
22700,-100,1000,"sd","14:23:52",6133200
22700,-100,300,"sd","14:23:47",6132200
22800,0,500,"bu","14:23:43",6131900
22700,-100,300,"sd","14:23:40",6131400
22700,-100,1800,"sd","14:23:38",6131100
22700,-100,5000,"sd","14:23:37",6129300
22700,-100,1000,"sd","14:23:30",6124300
22800,0,1000,"bu","14:23:18",6123300
22700,-100,500,"sd","14:23:15",6122300
22800,0,10000,"bu","14:23:10",6121800
22700,-100,500,"sd","14:23:07",6111800
22700,-100,24800,"sd","14:23:04",6111300
22700,-100,100,"sd","14:23:00",6086500
22700,-100,5000,"sd","14:22:58",6086400
22700,-100,8200,"sd","14:22:53",6081400
22700,-100,200,"sd","14:22:50",6073200
22700,-100,2000,"sd","14:22:47",6073000
22700,-100,1500,"sd","14:22:46",6071000
22700,-100,5000,"sd","14:22:44",6069500
22700,-100,2000,"sd","14:22:38",6064500
22700,-100,1500,"sd","14:22:36",6062500
22700,-100,100,"sd","14:22:31",6061000
22800,0,200,"bu","14:22:28",6060900
22700,-100,500,"sd","14:22:25",6060700
22700,-100,1200,"sd","14:22:21",6060200
22700,-100,20000,"sd","14:22:19",6059000
22700,-100,200,"sd","14:22:14",6039000
22700,-100,1000,"sd","14:22:10",6038800
22700,-100,2200,"sd","14:22:08",6037800
22700,-100,1000,"sd","14:22:03",6035600
22700,-100,5000,"sd","14:22:02",6034600
22700,-100,500,"sd","14:21:59",6029600
22700,-100,5000,"sd","14:21:55",6029100
22700,-100,500,"sd","14:21:54",6024100
22800,0,1800,"bu","14:21:53",6023600
22700,-100,1000,"sd","14:21:43",6021800
22800,0,100,"bu","14:21:32",6020800
22800,0,500,"bu","14:21:29",6020700
22700,-100,2000,"sd","14:21:19",6020200
22800,0,500,"bu","14:21:14",6018200
22700,-100,4000,"sd","14:20:58",6017700
22800,0,1000,"bu","14:20:57",6013700
22800,0,200,"bu","14:20:50",6012700
22800,0,200,"bu","14:20:49",6012500
22800,0,2000,"bu","14:20:46",6012300
22800,0,100,"bu","14:20:42",6010300
22800,0,800,"bu","14:20:36",6010200
22800,0,3000,"bu","14:20:34",6009400
22700,-100,5000,"sd","14:20:32",6006400
22800,0,2400,"bu","14:20:26",6001400
22800,0,500,"bu","14:20:16",5999000
22800,0,200,"bu","14:20:07",5998500
22700,-100,1300,"sd","14:20:06",5998300
22700,-100,3000,"sd","14:20:04",5997000
22800,0,5100,"bu","14:20:00",5994000
22700,-100,500,"sd","14:19:54",5988900
22800,0,1500,"bu","14:19:53",5988400
22700,-100,4900,"sd","14:19:49",5986900
22800,0,1200,"bu","14:19:48",5982000
22700,-100,5000,"sd","14:19:46",5980800
22800,0,500,"bu","14:19:45",5975800
22800,0,100,"bu","14:19:41",5975300
22800,0,200,"bu","14:19:40",5975200
22700,-100,4400,"sd","14:19:38",5975000
22800,0,500,"bu","14:19:33",5970600
22800,0,500,"bu","14:19:32",5970100
22800,0,13000,"bu","14:19:30",5969600
22700,-100,1000,"sd","14:19:24",5956600
22800,0,10100,"bu","14:19:22",5955600
22800,0,4000,"bu","14:19:20",5945500
22800,0,100,"bu","14:19:17",5941500
22800,0,300,"bu","14:19:07",5941400
22800,0,600,"bu","14:19:06",5941100
22800,0,200,"bu","14:19:05",5940500
22800,0,800,"bu","14:19:04",5940300
22800,0,1900,"bu","14:19:02",5939500
22800,0,1000,"bu","14:19:01",5937600
22800,0,7200,"sd","14:18:54",5936600
22800,0,8000,"sd","14:18:53",5929400
22800,0,3300,"sd","14:18:52",5921400
22800,0,200,"sd","14:18:50",5918100
22800,0,5500,"sd","14:18:49",5917900
22800,0,22500,"sd","14:18:48",5912400
22800,0,12000,"sd","14:18:47",5889900
22800,0,11600,"sd","14:18:43",5877900
22800,0,13300,"sd","14:18:39",5866300
22800,0,31300,"sd","14:18:35",5853000
22800,0,1200,"sd","14:18:29",5821700
22800,0,3800,"sd","14:18:28",5820500
22800,0,200,"sd","14:18:25",5816700
22800,0,8100,"sd","14:18:24",5816500
22800,0,1000,"sd","14:18:19",5808400
22800,0,900,"sd","14:18:17",5807400
22800,0,10000,"sd","14:18:15",5806500
22800,0,10100,"sd","14:18:08",5796500
22800,0,100,"sd","14:18:04",5786400
22800,0,2200,"sd","14:18:01",5786300
22800,0,12500,"sd","14:17:51",5784100
22800,0,100,"sd","14:17:49",5771600
22800,0,2000,"sd","14:17:48",5771500
22800,0,2000,"sd","14:17:45",5769500
22800,0,100,"sd","14:17:40",5767500
22800,0,3500,"sd","14:17:39",5767400
22800,0,300,"sd","14:17:35",5763900
22800,0,5200,"sd","14:17:31",5763600
22800,0,4000,"sd","14:17:30",5758400
22800,0,1000,"sd","14:17:28",5754400
22800,0,100,"sd","14:17:27",5753400
22800,0,1000,"sd","14:17:25",5753300
22800,0,100,"sd","14:17:23",5752300
22800,0,2000,"sd","14:17:22",5752200
22800,0,100,"sd","14:17:19",5750200
22800,0,1000,"sd","14:17:15",5750100
22800,0,100,"sd","14:17:14",5749100
22800,0,1500,"sd","14:17:12",5749000
22800,0,1200,"sd","14:17:01",5747500
22800,0,10900,"sd","14:16:54",5746300
22800,0,3000,"sd","14:16:53",5735400
22800,0,6500,"sd","14:16:48",5732400
22800,0,300,"sd","14:16:43",5725900
22800,0,500,"sd","14:16:40",5725600
22800,0,200,"sd","14:16:38",5725100
22800,0,20000,"sd","14:16:31",5724900
22800,0,10600,"sd","14:16:25",5704900
22800,0,3000,"sd","14:16:21",5694300
22800,0,12100,"sd","14:16:20",5691300
22800,0,4000,"sd","14:16:18",5679200
22800,0,16500,"sd","14:16:16",5675200
22800,0,3000,"sd","14:16:08",5658700
22800,0,4000,"sd","14:15:37",5655700
22800,0,1000,"sd","14:15:29",5651700
22800,0,100,"sd","14:15:13",5650700
22900,100,100,"bu","14:15:07",5650600
22900,100,200,"bu","14:14:59",5650500
22900,100,1000,"bu","14:14:46",5650300
22800,0,200,"sd","14:14:27",5649300
22800,0,1500,"sd","14:14:23",5649100
22800,0,500,"sd","14:14:10",5647600
22800,0,5000,"sd","14:14:01",5647100
22900,100,200,"bu","14:13:37",5642100
22900,100,400,"bu","14:13:30",5641900
22900,100,2000,"bu","14:13:17",5641500
22900,100,100,"bu","14:13:15",5639500
22900,100,1400,"bu","14:13:02",5639400
22900,100,1000,"bu","14:12:44",5638000
22900,100,800,"bu","14:12:38",5637000
22900,100,200,"bu","14:12:33",5636200
22900,100,10000,"bu","14:12:30",5636000
22900,100,100,"bu","14:12:26",5626000
22900,100,900,"bu","14:12:16",5625900
22900,100,100,"bu","14:12:13",5625000
22900,100,3700,"bu","14:12:12",5624900
22900,100,200,"bu","14:11:59",5621200
22900,100,1000,"bu","14:11:56",5621000
22900,100,5600,"bu","14:11:43",5620000
22900,100,500,"bu","14:11:40",5614400
22900,100,100,"bu","14:11:38",5613900
22900,100,500,"bu","14:11:34",5613800
22900,100,300,"bu","14:11:28",5613300
22800,0,12600,"sd","14:11:23",5613000
22900,100,2600,"bu","14:11:22",5600400
22900,100,100,"bu","14:11:16",5597800
22900,100,1000,"bu","14:11:14",5597700
22900,100,100,"bu","14:11:08",5596700
22800,0,8000,"sd","14:11:07",5596600
22900,100,400,"bu","14:11:05",5588600
22900,100,10000,"bu","14:10:52",5588200
22900,100,100,"bu","14:10:50",5578200
22900,100,500,"bu","14:10:40",5578100
22900,100,1000,"bu","14:10:39",5577600
22900,100,32000,"bu","14:10:38",5576600
22800,0,400,"sd","14:10:22",5544600
22800,0,1500,"sd","14:10:17",5544200
22900,100,300,"bu","14:10:13",5542700
22900,100,300,"bu","14:10:01",5542400
22800,0,1000,"sd","14:09:56",5542100
22800,0,200,"sd","14:09:49",5541100
22800,0,2000,"sd","14:09:41",5540900
22800,0,200,"sd","14:09:36",5538900
22900,100,100,"bu","14:09:25",5538700
22800,0,2900,"sd","14:09:24",5538600
22800,0,800,"sd","14:09:06",5535700
22800,0,30000,"sd","14:09:01",5534900
22800,0,10000,"sd","14:08:59",5504900
22800,0,30000,"sd","14:08:54",5494900
22800,0,20000,"sd","14:08:52",5464900
22800,0,2500,"sd","14:08:49",5444900
22800,0,3900,"sd","14:08:36",5442400
22900,100,4000,"bu","14:08:19",5438500
22800,0,1200,"sd","14:08:16",5434500
22900,100,2900,"bu","14:08:06",5433300
22800,0,100,"sd","14:08:04",5430400
22800,0,27300,"sd","14:07:56",5430300
22800,0,3000,"sd","14:07:55",5403000
22800,0,900,"sd","14:07:54",5400000
22800,0,200,"sd","14:07:45",5399100
22800,0,2400,"sd","14:07:29",5398900
22800,0,100,"sd","14:07:24",5396500
22800,0,6000,"sd","14:07:11",5396400
22800,0,500,"sd","14:07:05",5390400
22800,0,2400,"bu","14:07:02",5389900
22800,0,5000,"bu","14:06:59",5387500
22800,0,4000,"bu","14:06:56",5382500
22800,0,200,"bu","14:06:55",5378500
22800,0,300,"bu","14:06:54",5378300
22800,0,100,"bu","14:06:53",5378000
22800,0,100,"bu","14:06:52",5377900
22800,0,4100,"bu","14:06:51",5377800
22800,0,500,"bu","14:06:47",5373700
22800,0,10000,"bu","14:06:46",5373200
22800,0,500,"bu","14:06:43",5363200
22800,0,2300,"bu","14:06:40",5362700
22800,0,2000,"bu","14:06:32",5360400
22800,0,2000,"bu","14:06:28",5358400
22800,0,100,"bu","14:06:22",5356400
22800,0,200,"bu","14:06:20",5356300
22800,0,1000,"bu","14:06:19",5356100
22800,0,1000,"bu","14:06:18",5355100
22800,0,2200,"sd","14:06:13",5354100
22800,0,2200,"sd","14:06:04",5351900
22800,0,500,"sd","14:05:59",5349700
22800,0,6500,"sd","14:05:57",5349200
22800,0,100,"sd","14:05:52",5342700
22800,0,3300,"sd","14:05:51",5342600
22800,0,200,"sd","14:05:46",5339300
22800,0,10000,"sd","14:05:42",5339100
22800,0,3000,"sd","14:05:41",5329100
22800,0,11600,"sd","14:05:39",5326100
22800,0,14000,"sd","14:05:38",5314500
22800,0,1000,"sd","14:05:36",5300500
22800,0,4000,"sd","14:05:28",5299500
22800,0,200,"sd","14:05:21",5295500
22800,0,2000,"sd","14:05:20",5295300
22800,0,1500,"sd","14:05:10",5293300
22800,0,300,"sd","14:05:05",5291800
22800,0,5000,"sd","14:05:01",5291500
22800,0,400,"sd","14:05:00",5286500
22800,0,10000,"sd","14:04:59",5286100
22800,0,39900,"sd","14:04:57",5276100
22800,0,1500,"sd","14:04:56",5236200
22800,0,40000,"sd","14:04:49",5234700
22800,0,1000,"sd","14:04:46",5194700
22800,0,600,"sd","14:04:36",5193700
22800,0,1100,"sd","14:04:32",5193100
22800,0,2000,"sd","14:04:26",5192000
22800,0,500,"sd","14:04:10",5190000
22800,0,3400,"sd","14:03:56",5189500
22800,0,3900,"sd","14:03:51",5186100
22800,0,1800,"sd","14:03:38",5182200
22800,0,10000,"sd","14:03:19",5180400
22900,100,3000,"bu","14:03:14",5170400
22900,100,800,"bu","14:03:06",5167400
22900,100,2000,"bu","14:02:51",5166600
22900,100,1000,"bu","14:02:39",5164600
22900,100,5000,"bu","14:02:28",5163600
22800,0,300,"sd","14:02:18",5158600
22800,0,4500,"sd","14:02:13",5158300
22800,0,4300,"sd","14:02:07",5153800
22900,100,3700,"bu","14:02:02",5149500
22800,0,1200,"sd","14:02:01",5145800
22800,0,20000,"sd","14:02:00",5144600
22800,0,4000,"sd","14:01:57",5124600
22800,0,300,"sd","14:01:43",5120600
22800,0,2000,"sd","14:01:42",5120300
22800,0,400,"sd","14:01:31",5118300
22800,0,100,"sd","14:01:11",5117900
22800,0,100,"sd","14:01:05",5117800
22800,0,10900,"sd","14:00:48",5117700
22900,100,13000,"bu","14:00:23",5106800
22800,0,1500,"sd","14:00:21",5093800
22800,0,10000,"sd","14:00:14",5092300
22900,100,1000,"bu","14:00:12",5082300
22900,100,100,"bu","14:00:09",5081300
22800,0,100,"sd","14:00:05",5081200
22800,0,400,"sd","13:59:55",5081100
22900,100,100,"bu","13:59:49",5080700
22800,0,17000,"sd","13:59:48",5080600
22800,0,500,"sd","13:59:46",5063600
22800,0,100,"sd","13:59:42",5063100
22800,0,900,"sd","13:59:26",5063000
22800,0,8800,"sd","13:59:22",5062100
22800,0,49700,"sd","13:59:08",5053300
22800,0,300,"sd","13:58:51",5003600
22800,0,500,"sd","13:58:24",5003300
22800,0,1000,"sd","13:58:13",5002800
22800,0,2800,"sd","13:58:09",5001800
22800,0,200,"sd","13:58:02",4999000
22800,0,1000,"sd","13:57:55",4998800
22800,0,500,"sd","13:57:51",4997800
22800,0,500,"sd","13:57:39",4997300
22800,0,1000,"sd","13:57:33",4996800
22800,0,2200,"sd","13:57:23",4995800
22800,0,300,"sd","13:57:00",4993600
22800,0,200,"sd","13:56:42",4993300
22800,0,100,"sd","13:56:35",4993100
22800,0,1000,"sd","13:56:02",4993000
22800,0,100,"sd","13:55:59",4992000
22900,100,100,"bu","13:55:47",4991900
22900,100,700,"bu","13:55:08",4991800
22900,100,3300,"bu","13:55:00",4991100
22900,100,300,"bu","13:54:49",4987800
22900,100,200,"bu","13:54:44",4987500
22900,100,6000,"bu","13:54:19",4987300
22800,0,15000,"sd","13:54:17",4981300
22900,100,700,"sd","13:54:15",4966300
22900,100,40000,"sd","13:54:14",4965600
22900,100,400,"sd","13:54:13",4925600
22900,100,5400,"sd","13:54:12",4925200
22900,100,2100,"sd","13:54:11",4919800
22900,100,1000,"sd","13:54:08",4917700
22900,100,10000,"sd","13:54:06",4916700
22900,100,5700,"sd","13:54:01",4906700
22900,100,300,"sd","13:54:00",4901000
22900,100,34400,"bu","13:53:59",4900700
22900,100,3000,"bu","13:53:54",4866300
22900,100,5000,"bu","13:53:47",4863300
22900,100,167600,"sd","13:53:46",4858300
22900,100,1000,"sd","13:53:44",4690700
22900,100,4000,"sd","13:53:43",4689700
22900,100,2200,"sd","13:53:42",4685700
22900,100,300,"sd","13:53:41",4683500
23000,200,500,"bu","13:53:40",4683200
22900,100,200,"sd","13:53:34",4682700
22900,100,700,"sd","13:53:30",4682500
22900,100,6000,"sd","13:53:25",4681800
22900,100,9000,"sd","13:53:20",4675800
22900,100,21000,"sd","13:53:14",4666800
22900,100,1000,"sd","13:53:13",4645800
22900,100,400,"sd","13:53:08",4644800
22900,100,100,"sd","13:53:05",4644400
22900,100,1300,"sd","13:53:03",4644300
22900,100,800,"sd","13:52:59",4643000
22900,100,1000,"sd","13:52:55",4642200
22900,100,300,"sd","13:52:54",4641200
22900,100,2000,"sd","13:52:52",4640900
22900,100,8000,"sd","13:52:48",4638900
22900,100,200,"sd","13:52:47",4630900
22900,100,10000,"sd","13:52:40",4630700
23000,200,1100,"bu","13:52:35",4620700
22900,100,500,"sd","13:52:25",4619600
22900,100,100,"sd","13:52:24",4619100
22900,100,3400,"sd","13:52:21",4619000
22900,100,4000,"sd","13:52:20",4615600
22900,100,1000,"sd","13:52:10",4611600
22900,100,2000,"sd","13:52:08",4610600
22900,100,2400,"sd","13:52:00",4608600
22900,100,200,"sd","13:51:55",4606200
22900,100,200,"sd","13:51:36",4606000
23000,200,100,"bu","13:51:35",4605800
22900,100,4100,"sd","13:51:32",4605700
22900,100,500,"sd","13:51:31",4601600
23000,200,1000,"bu","13:51:28",4601100
22900,100,300,"sd","13:51:15",4600100
23000,200,1000,"bu","13:51:13",4599800
23000,200,100,"bu","13:50:54",4598800
23000,200,300,"bu","13:50:53",4598700
23000,200,1800,"bu","13:50:38",4598400
23000,200,5000,"bu","13:50:31",4596600
22900,100,2000,"sd","13:50:26",4591600
23000,200,500,"bu","13:50:09",4589600
23000,200,7000,"bu","13:49:50",4589100
23000,200,500,"bu","13:49:43",4582100
23000,200,300,"bu","13:49:22",4581600
23000,200,3000,"bu","13:49:01",4581300
22900,100,3600,"sd","13:48:59",4578300
22900,100,200,"sd","13:48:48",4574700
22900,100,100,"sd","13:48:47",4574500
22900,100,500,"sd","13:48:46",4574400
22900,100,500,"sd","13:48:22",4573900
22900,100,500,"sd","13:48:15",4573400
22900,100,5100,"sd","13:48:12",4572900
22900,100,2000,"bu","13:48:11",4567800
22900,100,200,"bu","13:48:09",4565800
22900,100,2600,"bu","13:48:06",4565600
22900,100,500,"bu","13:48:05",4563000
22900,100,22300,"sd","13:48:02",4562500
22900,100,1000,"sd","13:47:57",4540200
22900,100,143900,"sd","13:47:45",4539200
22900,100,5000,"bu","13:47:44",4395300
22900,100,300,"bu","13:47:43",4390300
22800,0,300,"sd","13:47:42",4390000
22900,100,1000,"bu","13:47:41",4389700
22900,100,5000,"bu","13:47:39",4388700
22900,100,1000,"bu","13:47:33",4383700
22900,100,6200,"bu","13:47:29",4382700
22900,100,300,"bu","13:47:25",4376500
22900,100,100,"bu","13:47:04",4376200
22900,100,200,"bu","13:47:00",4376100
22900,100,1100,"bu","13:46:51",4375900
22800,0,70000,"sd","13:46:50",4374800
22900,100,400,"bu","13:46:48",4304800
22900,100,100,"bu","13:46:47",4304400
22900,100,10000,"bu","13:46:44",4304300
22900,100,200,"bu","13:46:33",4294300
22800,0,15000,"sd","13:46:26",4294100
22900,100,2000,"bu","13:46:24",4279100
22900,100,500,"bu","13:46:20",4277100
22800,0,5400,"sd","13:46:05",4276600
22800,0,500,"sd","13:45:57",4271200
22800,0,5100,"sd","13:45:44",4270700
22900,100,600,"bu","13:45:39",4265600
22900,100,500,"bu","13:45:37",4265000
22900,100,1000,"bu","13:45:35",4264500
22900,100,2000,"bu","13:45:30",4263500
22900,100,1000,"bu","13:45:27",4261500
22900,100,3000,"bu","13:45:26",4260500
22900,100,500,"bu","13:45:20",4257500
22900,100,1000,"bu","13:45:16",4257000
22900,100,900,"bu","13:45:14",4256000
22900,100,1000,"bu","13:45:05",4255100
22900,100,6000,"bu","13:45:04",4254100
22900,100,5000,"bu","13:45:03",4248100
22900,100,5100,"bu","13:44:57",4243100
22900,100,5000,"bu","13:44:54",4238000
22900,100,2000,"bu","13:44:50",4233000
22900,100,10000,"bu","13:44:43",4231000
22900,100,1000,"bu","13:44:38",4221000
22800,0,200,"sd","13:44:12",4220000
22900,100,600,"bu","13:44:11",4219800
22800,0,500,"sd","13:43:42",4219200
22900,100,300,"bu","13:43:40",4218700
22800,0,2000,"sd","13:43:31",4218400
22800,0,1200,"sd","13:43:29",4216400
22800,0,100,"sd","13:43:14",4215200
22800,0,400,"sd","13:42:49",4215100
22800,0,700,"sd","13:42:47",4214700
22900,100,100,"bu","13:42:34",4214000
22900,100,1100,"bu","13:42:32",4213900
22800,0,3000,"sd","13:41:43",4212800
22800,0,100,"sd","13:41:40",4209800
22800,0,1000,"sd","13:41:36",4209700
22800,0,10000,"sd","13:41:21",4208700
22800,0,15400,"sd","13:41:16",4198700
22800,0,1000,"sd","13:41:15",4183300
22800,0,1000,"sd","13:41:10",4182300
22800,0,2000,"sd","13:41:03",4181300
22800,0,2500,"sd","13:40:59",4179300
22800,0,1500,"sd","13:40:47",4176800
22800,0,3400,"sd","13:40:46",4175300
22800,0,100,"sd","13:40:43",4171900
22800,0,5000,"sd","13:40:42",4171800
22800,0,2000,"sd","13:40:34",4166800
22800,0,1000,"sd","13:40:30",4164800
22800,0,1000,"sd","13:40:10",4163800
22800,0,5000,"sd","13:40:00",4162800
22900,100,5000,"bu","13:39:53",4157800
22900,100,2200,"bu","13:39:22",4152800
22900,100,3100,"bu","13:38:50",4150600
22800,0,20000,"sd","13:38:46",4147500
22800,0,100,"sd","13:38:43",4127500
22900,100,100,"bu","13:38:35",4127400
22800,0,40000,"sd","13:38:27",4127300
22800,0,900,"sd","13:38:12",4087300
22900,100,500,"bu","13:37:45",4086400
22900,100,1000,"bu","13:37:44",4085900
22800,0,100,"sd","13:37:43",4084900
22900,100,2000,"bu","13:37:40",4084800
22900,100,1000,"bu","13:37:23",4082800
22900,100,100,"bu","13:37:12",4081800
22900,100,100,"bu","13:36:56",4081700
22900,100,400,"bu","13:36:53",4081600
22900,100,6700,"bu","13:36:50",4081200
22900,100,2000,"bu","13:36:45",4074500
22900,100,1000,"bu","13:36:41",4072500
22900,100,10100,"bu","13:36:29",4071500
22900,100,5000,"bu","13:36:28",4061400
22900,100,3000,"bu","13:36:17",4056400
22900,100,100,"bu","13:36:10",4053400
22900,100,200,"bu","13:36:07",4053300
22900,100,5000,"bu","13:36:02",4053100
22900,100,700,"bu","13:35:55",4048100
22900,100,700,"bu","13:35:44",4047400
22900,100,100,"bu","13:35:38",4046700
22900,100,1500,"bu","13:35:36",4046600
22900,100,100,"bu","13:35:35",4045100
22900,100,1000,"bu","13:35:33",4045000
22900,100,500,"bu","13:35:23",4044000
22900,100,100,"bu","13:35:04",4043500
22900,100,100,"bu","13:34:42",4043400
22900,100,1000,"bu","13:34:38",4043300
22900,100,900,"bu","13:34:28",4042300
22900,100,1800,"bu","13:34:18",4041400
22900,100,200,"bu","13:34:17",4039600
22900,100,600,"bu","13:34:12",4039400
22900,100,900,"bu","13:33:54",4038800
22900,100,16000,"sd","13:33:53",4037900
22900,100,5800,"sd","13:33:44",4021900
22900,100,400,"sd","13:33:43",4016100
22900,100,700,"sd","13:33:42",4015700
22900,100,15000,"sd","13:33:34",4015000
22900,100,400,"sd","13:33:33",4000000
22900,100,7200,"sd","13:33:26",3999600
22900,100,15300,"sd","13:33:22",3992400
22900,100,1000,"sd","13:33:17",3977100
22900,100,800,"sd","13:33:09",3976100
22900,100,2000,"sd","13:33:03",3975300
22900,100,13200,"sd","13:32:57",3973300
22900,100,2500,"sd","13:32:56",3960100
22900,100,10000,"sd","13:32:45",3957600
22900,100,1000,"sd","13:32:43",3947600
22900,100,6000,"sd","13:32:42",3946600
22900,100,6000,"sd","13:32:08",3940600
22900,100,1000,"sd","13:31:55",3934600
22900,100,1000,"sd","13:31:53",3933600
23000,200,3800,"bu","13:31:41",3932600
22900,100,1500,"sd","13:31:34",3928800
22900,100,3000,"sd","13:31:33",3927300
22900,100,200,"sd","13:31:18",3924300
22900,100,200,"sd","13:31:06",3924100
23000,200,100,"bu","13:30:59",3923900
22900,100,10500,"sd","13:30:56",3923800
22900,100,3000,"sd","13:30:50",3913300
23000,200,5000,"bu","13:30:45",3910300
22900,100,600,"sd","13:30:44",3905300
22900,100,1000,"sd","13:30:39",3904700
22900,100,1000,"sd","13:30:29",3903700
22900,100,200,"sd","13:30:20",3902700
22900,100,2000,"sd","13:30:08",3902500
22900,100,1000,"sd","13:30:07",3900500
22900,100,500,"sd","13:29:59",3899500
22900,100,1000,"sd","13:29:55",3899000
22900,100,700,"sd","13:29:51",3898000
22900,100,100,"sd","13:29:49",3897300
22900,100,8500,"sd","13:29:47",3897200
22900,100,2100,"bu","13:29:32",3888700
22900,100,2700,"sd","13:29:31",3886600
22900,100,8100,"sd","13:29:30",3883900
22900,100,2000,"bu","13:29:29",3875800
22900,100,1500,"bu","13:29:23",3873800
22900,100,10500,"sd","13:29:17",3872300
22900,100,300,"sd","13:29:16",3861800
22900,100,100,"sd","13:29:15",3861500
22900,100,2500,"sd","13:29:11",3861400
22900,100,11500,"sd","13:29:08",3858900
22900,100,10000,"sd","13:29:07",3847400
22900,100,100,"sd","13:29:06",3837400
22900,100,10000,"sd","13:29:05",3837300
22900,100,100,"sd","13:29:03",3827300
22900,100,1000,"sd","13:29:01",3827200
22900,100,50000,"sd","13:29:00",3826200
22900,100,200,"sd","13:28:52",3776200
22900,100,2000,"sd","13:28:49",3776000
22900,100,100,"sd","13:28:46",3774000
22900,100,1300,"sd","13:28:45",3773900
22900,100,100,"sd","13:28:36",3772600
23000,200,1300,"bu","13:28:34",3772500
22900,100,7500,"sd","13:28:30",3771200
22900,100,8000,"sd","13:28:27",3763700
22900,100,200,"sd","13:28:25",3755700
22900,100,1500,"sd","13:28:14",3755500
22900,100,500,"sd","13:28:12",3754000
22900,100,1300,"sd","13:28:04",3753500
22900,100,200,"sd","13:28:01",3752200
22900,100,1800,"sd","13:27:54",3752000
22900,100,3100,"sd","13:27:52",3750200
22900,100,1000,"sd","13:27:49",3747100
22900,100,8200,"bu","13:27:45",3746100
22900,100,4000,"bu","13:27:42",3737900
22900,100,5300,"bu","13:27:38",3733900
22900,100,5000,"bu","13:27:36",3728600
22900,100,2300,"bu","13:27:35",3723600
22900,100,2800,"sd","13:27:34",3721300
22900,100,300,"sd","13:27:33",3718500
22900,100,1000,"sd","13:27:32",3718200
22900,100,12000,"sd","13:27:29",3717200
22900,100,100,"sd","13:27:27",3705200
22900,100,30000,"sd","13:27:26",3705100
22900,100,1000,"sd","13:27:23",3675100
22900,100,6400,"sd","13:27:22",3674100
22900,100,3000,"sd","13:27:20",3667700
22900,100,1500,"sd","13:27:18",3664700
22900,100,1200,"sd","13:27:15",3663200
22900,100,1000,"sd","13:27:14",3662000
22900,100,1000,"sd","13:27:12",3661000
23000,200,5100,"bu","13:27:10",3660000
22900,100,1100,"sd","13:27:08",3654900
22900,100,10000,"sd","13:27:05",3653800
23000,200,2200,"bu","13:27:03",3643800
23000,200,500,"bu","13:27:02",3641600
23000,200,1000,"bu","13:27:01",3641100
22900,100,10300,"sd","13:26:59",3640100
23000,200,800,"bu","13:26:58",3629800
23000,200,500,"bu","13:26:57",3629000
23000,200,25500,"bu","13:26:54",3628500
23000,200,1000,"bu","13:26:52",3603000
22900,100,6100,"sd","13:26:48",3602000
23000,200,8300,"bu","13:26:43",3595900
23000,200,2300,"bu","13:26:39",3587600
23000,200,600,"bu","13:26:38",3585300
23000,200,300,"bu","13:26:36",3584700
23000,200,10800,"bu","13:26:32",3584400
23000,200,1000,"bu","13:26:31",3573600
23000,200,700,"bu","13:26:30",3572600
23000,200,2000,"bu","13:26:26",3571900
23000,200,300,"bu","13:26:22",3569900
23000,200,1600,"bu","13:26:21",3569600
23000,200,1100,"bu","13:26:20",3568000
23000,200,1600,"bu","13:26:19",3566900
23000,200,5100,"bu","13:26:18",3565300
23000,200,10000,"bu","13:26:13",3560200
23000,200,1000,"bu","13:26:12",3550200
23000,200,100,"bu","13:26:10",3549200
23000,200,4500,"bu","13:26:08",3549100
23000,200,2000,"bu","13:26:07",3544600
23000,200,2000,"bu","13:26:06",3542600
23000,200,100,"bu","13:26:03",3540600
23000,200,3800,"bu","13:26:00",3540500
23000,200,1000,"bu","13:25:59",3536700
23000,200,5200,"bu","13:25:58",3535700
23000,200,3900,"bu","13:25:55",3530500
23000,200,400,"bu","13:25:52",3526600
23000,200,100,"bu","13:25:51",3526200
23000,200,4600,"bu","13:25:49",3526100
23000,200,15000,"bu","13:25:48",3521500
23000,200,5000,"bu","13:25:47",3506500
23000,200,100,"bu","13:25:46",3501500
23000,200,200,"bu","13:25:37",3501400
22900,100,32000,"sd","13:25:36",3501200
23000,200,2000,"bu","13:25:32",3469200
23000,200,1000,"bu","13:25:31",3467200
23000,200,1500,"bu","13:25:22",3466200
22900,100,1000,"sd","13:25:21",3464700
23000,200,200,"bu","13:25:20",3463700
23000,200,200,"bu","13:25:19",3463500
22900,100,800,"sd","13:25:13",3463300
23000,200,2100,"bu","13:25:08",3462500
22900,100,10000,"unknown","13:25:06",3460400
22900,100,44300,"bu","13:25:05",3450400
22900,100,20000,"bu","13:25:04",3406100
22900,100,14000,"bu","13:25:03",3386100
22900,100,57000,"bu","13:25:02",3372100
22900,100,6200,"bu","13:25:01",3315100
22900,100,3500,"bu","13:25:00",3308900
22900,100,4200,"bu","13:24:59",3305400
22900,100,14000,"bu","13:24:58",3301200
22900,100,27400,"bu","13:24:57",3287200
22900,100,11100,"bu","13:24:56",3259800
22900,100,9100,"bu","13:24:55",3248700
22900,100,23000,"bu","13:24:54",3239600
22900,100,100,"bu","13:24:53",3216600
22900,100,13000,"bu","13:24:51",3216500
22900,100,16800,"bu","13:24:50",3203500
22900,100,34300,"bu","13:24:49",3186700
22900,100,4000,"bu","13:24:48",3152400
22900,100,9000,"bu","13:24:46",3148400
22900,100,1000,"bu","13:24:45",3139400
22900,100,300,"bu","13:24:44",3138400
22900,100,10200,"bu","13:24:43",3138100
22900,100,1000,"bu","13:24:42",3127900
22900,100,1000,"bu","13:24:39",3126900
22900,100,300,"bu","13:24:38",3125900
22900,100,5000,"bu","13:24:37",3125600
22900,100,5600,"bu","13:24:35",3120600
22900,100,10000,"bu","13:24:34",3115000
22900,100,20000,"bu","13:24:31",3105000
22900,100,300,"bu","13:24:30",3085000
22900,100,3000,"bu","13:24:29",3084700
22900,100,5000,"bu","13:24:28",3081700
22900,100,6500,"bu","13:24:27",3076700
22900,100,1600,"bu","13:24:26",3070200
22900,100,50000,"bu","13:24:22",3068600
22900,100,300,"bu","13:24:21",3018600
22900,100,900,"bu","13:24:19",3018300
22900,100,600,"bu","13:24:16",3017400
22900,100,2000,"bu","13:24:14",3016800
22900,100,1000,"bu","13:24:13",3014800
22900,100,300,"bu","13:24:11",3013800
22900,100,600,"bu","13:24:09",3013500
22900,100,5000,"bu","13:23:58",3012900
22900,100,500,"bu","13:23:57",3007900
22900,100,4500,"bu","13:23:53",3007400
22900,100,20000,"bu","13:23:49",3002900
22900,100,200,"bu","13:23:46",2982900
22900,100,1000,"bu","13:23:45",2982700
22900,100,5100,"bu","13:23:44",2981700
22900,100,1400,"bu","13:23:41",2976600
22900,100,1000,"bu","13:23:39",2975200
22900,100,4000,"bu","13:23:38",2974200
22800,0,1000,"sd","13:23:36",2970200
22900,100,600,"bu","13:23:33",2969200
22900,100,10000,"bu","13:23:31",2968600
22900,100,4000,"bu","13:23:30",2958600
22800,0,50400,"sd","13:23:21",2954600
22800,0,37400,"bu","13:23:20",2904200
22800,0,19900,"bu","13:23:19",2866800
22800,0,600,"bu","13:23:18",2846900
22800,0,10800,"bu","13:23:17",2846300
22800,0,25000,"bu","13:23:16",2835500
22800,0,3500,"bu","13:23:15",2810500
22800,0,8800,"bu","13:23:14",2807000
22800,0,139000,"bu","13:23:13",2798200
22800,0,1500,"bu","13:23:12",2659200
22800,0,42000,"bu","13:23:08",2657700
22800,0,1100,"bu","13:23:07",2615700
22800,0,50000,"bu","13:23:05",2614600
22800,0,10500,"bu","13:23:04",2564600
22800,0,5000,"bu","13:23:02",2554100
22800,0,100,"bu","13:23:00",2549100
22800,0,100,"bu","13:22:57",2549000
22800,0,2000,"bu","13:22:56",2548900
22800,0,1000,"bu","13:22:52",2546900
22800,0,100,"bu","13:22:49",2545900
22800,0,100,"bu","13:22:46",2545800
22800,0,1200,"bu","13:22:38",2545700
22800,0,600,"bu","13:22:35",2544500
22700,-100,400,"sd","13:22:33",2543900
22800,0,100,"bu","13:22:32",2543500
22800,0,300,"bu","13:22:26",2543400
22700,-100,300,"sd","13:22:22",2543100
22800,0,600,"bu","13:22:21",2542800
22800,0,400,"bu","13:22:18",2542200
22800,0,3000,"bu","13:22:16",2541800
22800,0,100,"bu","13:22:09",2538800
22800,0,5000,"bu","13:22:06",2538700
22700,-100,1000,"sd","13:21:56",2533700
22800,0,100,"bu","13:21:41",2532700
22700,-100,200,"sd","13:21:30",2532600
22700,-100,100,"sd","13:21:20",2532400
22700,-100,2500,"sd","13:21:16",2532300
22700,-100,20000,"sd","13:21:15",2529800
22700,-100,1500,"sd","13:20:52",2509800
22800,0,500,"bu","13:20:44",2508300
22700,-100,21800,"sd","13:20:36",2507800
22800,0,600,"bu","13:20:35",2486000
22800,0,1000,"bu","13:20:13",2485400
22800,0,100,"bu","13:20:07",2484400
22800,0,300,"bu","13:19:59",2484300
22800,0,1400,"bu","13:19:57",2484000
22800,0,300,"bu","13:19:47",2482600
22800,0,1000,"bu","13:19:40",2482300
22700,-100,5900,"sd","13:19:35",2481300
22700,-100,600,"sd","13:19:27",2475400
22700,-100,5000,"sd","13:18:59",2474800
22700,-100,3500,"sd","13:18:45",2469800
22700,-100,300,"sd","13:18:13",2466300
22800,0,1500,"bu","13:18:12",2466000
22800,0,20100,"bu","13:18:00",2464500
22700,-100,500,"sd","13:17:58",2444400
22800,0,200,"bu","13:17:46",2443900
22800,0,1000,"bu","13:17:45",2443700
22800,0,1300,"bu","13:17:39",2442700
22700,-100,2000,"sd","13:17:33",2441400
22800,0,1000,"bu","13:17:12",2439400
22800,0,100,"bu","13:17:03",2438400
22800,0,5000,"bu","13:17:01",2438300
22700,-100,100,"sd","13:17:00",2433300
22800,0,200,"bu","13:16:56",2433200
22800,0,300,"bu","13:16:52",2433000
22700,-100,500,"sd","13:16:49",2432700
22800,0,2000,"bu","13:16:44",2432200
22700,-100,300,"sd","13:16:26",2430200
22700,-100,200,"sd","13:16:05",2429900
22700,-100,5000,"sd","13:15:49",2429700
22800,0,3700,"bu","13:15:48",2424700
22800,0,7000,"bu","13:15:36",2421000
22800,0,100,"bu","13:15:34",2414000
22800,0,100,"bu","13:15:24",2413900
22800,0,1000,"bu","13:15:15",2413800
22700,-100,100,"sd","13:15:06",2412800
22800,0,300,"bu","13:14:53",2412700
22700,-100,100,"sd","13:14:52",2412400
22700,-100,500,"sd","13:14:49",2412300
22700,-100,500,"sd","13:14:38",2411800
22800,0,1000,"bu","13:14:37",2411300
22800,0,2000,"bu","13:14:09",2410300
22700,-100,1700,"sd","13:14:07",2408300
22800,0,500,"bu","13:14:04",2406600
22800,0,100,"bu","13:13:52",2406100
22800,0,1000,"bu","13:13:47",2406000
22800,0,2000,"bu","13:13:40",2405000
22800,0,2500,"bu","13:13:38",2403000
22800,0,1000,"bu","13:13:35",2400500
22800,0,200,"bu","13:13:30",2399500
22800,0,100,"bu","13:13:23",2399300
22800,0,100,"bu","13:13:15",2399200
22700,-100,200,"sd","13:13:14",2399100
22800,0,300,"bu","13:13:13",2398900
22800,0,100,"bu","13:12:58",2398600
22700,-100,1100,"sd","13:12:45",2398500
22700,-100,200,"sd","13:12:38",2397400
22700,-100,400,"sd","13:12:32",2397200
22800,0,5000,"bu","13:12:12",2396800
22700,-100,300,"sd","13:11:49",2391800
22800,0,300,"bu","13:11:44",2391500
22800,0,200,"bu","13:11:42",2391200
22800,0,1200,"bu","13:11:38",2391000
22700,-100,3000,"sd","13:11:34",2389800
22800,0,300,"bu","13:11:32",2386800
22700,-100,2000,"sd","13:10:53",2386500
22800,0,300,"bu","13:10:49",2384500
22800,0,1000,"bu","13:10:29",2384200
22800,0,8000,"bu","13:10:26",2383200
22800,0,500,"bu","13:10:24",2375200
22700,-100,25000,"sd","13:10:16",2374700
22800,0,200,"bu","13:10:05",2349700
22700,-100,25000,"sd","13:09:59",2349500
22800,0,500,"bu","13:09:45",2324500
22700,-100,3100,"sd","13:09:24",2324000
22800,0,1000,"bu","13:09:10",2320900
22700,-100,100,"sd","13:09:00",2319900
22700,-100,1000,"sd","13:08:58",2319800
22700,-100,10200,"sd","13:08:52",2318800
22800,0,500,"bu","13:08:44",2308600
22800,0,500,"bu","13:08:13",2308100
22800,0,1000,"bu","13:07:37",2307600
22800,0,600,"bu","13:07:22",2306600
22800,0,300,"bu","13:07:08",2306000
22800,0,500,"bu","13:06:59",2305700
22800,0,2000,"bu","13:06:48",2305200
22800,0,2000,"bu","13:06:36",2303200
22700,-100,100,"sd","13:06:28",2301200
22800,0,200,"bu","13:06:18",2301100
22700,-100,1100,"sd","13:05:59",2300900
22700,-100,1000,"sd","13:05:49",2299800
22700,-100,100,"sd","13:05:44",2298800
22700,-100,100,"sd","13:05:14",2298700
22700,-100,900,"sd","13:05:00",2298600
22700,-100,10000,"sd","13:04:55",2297700
22700,-100,100,"sd","13:04:34",2287700
22800,0,10000,"bu","13:04:28",2287600
22800,0,100,"bu","13:04:22",2277600
22800,0,100,"bu","13:04:05",2277500
22800,0,500,"bu","13:03:44",2277400
22800,0,400,"bu","13:03:35",2276900
22800,0,1000,"bu","13:03:24",2276500
22800,0,100,"bu","13:03:20",2275500
22800,0,1000,"bu","13:03:12",2275400
22700,-100,100,"sd","13:03:10",2274400
22700,-100,800,"sd","13:03:03",2274300
22700,-100,100,"sd","13:02:42",2273500
22800,0,3000,"bu","13:02:39",2273400
22800,0,3000,"bu","13:02:36",2270400
22800,0,1000,"bu","13:02:32",2267400
22800,0,6100,"bu","13:02:30",2266400
22800,0,500,"bu","13:02:07",2260300
22800,0,700,"bu","13:02:00",2259800
22800,0,1000,"bu","13:01:38",2259100
22700,-100,100,"sd","13:01:31",2258100
22700,-100,100,"sd","13:01:23",2258000
22700,-100,600,"sd","13:01:10",2257900
22700,-100,100,"sd","13:01:01",2257300
22700,-100,39300,"sd","13:00:32",2257200
22800,0,2500,"bu","13:00:09",2217900
22700,-100,4800,"sd","13:00:08",2215400
22800,0,4500,"bu","13:00:05",2210600
22800,0,400,"bu","13:00:04",2206100
22800,0,700,"bu","13:00:03",2205700
22700,-100,5200,"sd","13:00:02",2205000
22800,0,900,"bu","13:00:01",2199800
22800,0,300,"bu","11:29:47",2198900
22800,0,10000,"bu","11:29:02",2198600
22800,0,1000,"bu","11:28:27",2188600
22700,-100,200,"sd","11:28:22",2187600
22800,0,1000,"bu","11:28:09",2187400
22800,0,100,"bu","11:27:51",2186400
22800,0,300,"bu","11:27:27",2186300
22800,0,1200,"bu","11:27:09",2186000
22800,0,200,"bu","11:27:00",2184800
22700,-100,400,"sd","11:26:56",2184600
22700,-100,500,"sd","11:26:54",2184200
22700,-100,3000,"sd","11:26:49",2183700
22700,-100,1000,"sd","11:25:44",2180700
22800,0,100,"bu","11:25:40",2179700
22700,-100,1000,"sd","11:25:35",2179600
22700,-100,1000,"sd","11:25:25",2178600
22700,-100,600,"sd","11:25:03",2177600
22700,-100,1000,"sd","11:24:58",2177000
22800,0,100,"bu","11:24:53",2176000
22700,-100,1000,"sd","11:24:51",2175900
22700,-100,2200,"sd","11:24:23",2174900
22800,0,2000,"bu","11:24:19",2172700
22700,-100,2500,"sd","11:24:13",2170700
22800,0,1000,"bu","11:24:01",2168200
22700,-100,1000,"sd","11:23:58",2167200
22800,0,300,"bu","11:23:57",2166200
22800,0,400,"bu","11:23:42",2165900
22800,0,1000,"bu","11:20:49",2165500
22700,-100,400,"sd","11:20:31",2164500
22700,-100,1200,"sd","11:20:19",2164100
22700,-100,3700,"sd","11:19:54",2162900
22700,-100,4400,"sd","11:19:17",2159200
22800,0,100,"bu","11:18:53",2154800
22700,-100,9500,"sd","11:18:49",2154700
22800,0,200,"bu","11:18:29",2145200
22800,0,500,"bu","11:18:25",2145000
22800,0,100,"bu","11:18:16",2144500
22700,-100,100,"sd","11:17:23",2144400
22800,0,1000,"bu","11:17:00",2144300
22800,0,100,"bu","11:16:45",2143300
22800,0,500,"bu","11:16:41",2143200
22800,0,800,"bu","11:16:39",2142700
22800,0,200,"bu","11:16:34",2141900
22700,-100,500,"sd","11:16:33",2141700
22800,0,300,"bu","11:16:26",2141200
22800,0,100,"bu","11:16:07",2140900
22800,0,4000,"bu","11:15:35",2140800
22700,-100,300,"sd","11:15:29",2136800
22700,-100,100,"sd","11:14:48",2136500
22800,0,100,"bu","11:14:47",2136400
22800,0,500,"bu","11:14:39",2136300
22800,0,100,"bu","11:14:26",2135800
22700,-100,1000,"sd","11:14:19",2135700
22700,-100,300,"sd","11:14:02",2134700
22700,-100,500,"sd","11:13:52",2134400
22700,-100,500,"sd","11:13:21",2133900
22700,-100,1000,"sd","11:12:19",2133400
22700,-100,4000,"sd","11:12:11",2132400
22700,-100,100,"sd","11:11:59",2128400
22700,-100,500,"sd","11:11:46",2128300
22700,-100,500,"sd","11:11:44",2127800
22700,-100,200,"sd","11:11:17",2127300
22700,-100,1300,"sd","11:11:12",2127100
22700,-100,400,"sd","11:10:50",2125800
22700,-100,1000,"sd","11:10:46",2125400
22700,-100,600,"sd","11:10:27",2124400
22800,0,500,"bu","11:10:25",2123800
22700,-100,2000,"sd","11:10:04",2123300
22700,-100,2500,"sd","11:10:03",2121300
22700,-100,1800,"sd","11:09:52",2118800
22700,-100,300,"sd","11:09:26",2117000
22700,-100,100,"sd","11:09:14",2116700
22700,-100,1000,"sd","11:09:02",2116600
22700,-100,5000,"sd","11:08:50",2115600
22700,-100,700,"sd","11:08:28",2110600
22700,-100,800,"sd","11:08:26",2109900
22700,-100,1000,"sd","11:08:22",2109100
22700,-100,2000,"sd","11:08:17",2108100
22700,-100,500,"sd","11:08:04",2106100
22700,-100,6500,"sd","11:07:48",2105600
22700,-100,100,"sd","11:07:12",2099100
22700,-100,61800,"sd","11:06:57",2099000
22700,-100,800,"sd","11:06:50",2037200
22700,-100,100,"sd","11:06:31",2036400
22700,-100,8200,"sd","11:05:54",2036300
22800,0,1600,"bu","11:05:49",2028100
22800,0,2000,"bu","11:05:25",2026500
22700,-100,3000,"sd","11:04:43",2024500
22700,-100,700,"sd","11:03:54",2021500
22700,-100,100,"sd","11:03:29",2020800
22700,-100,400,"sd","11:02:39",2020700
22800,0,1000,"bu","11:02:35",2020300
22800,0,400,"bu","11:01:56",2019300
22700,-100,400,"sd","11:01:52",2018900
22700,-100,500,"sd","11:01:30",2018500
22700,-100,1000,"sd","11:01:22",2018000
22700,-100,5000,"sd","11:01:21",2017000
22800,0,800,"bu","11:01:00",2012000
22700,-100,300,"sd","11:00:51",2011200
22800,0,100,"bu","11:00:46",2010900
22700,-100,1200,"sd","11:00:29",2010800
22700,-100,600,"sd","10:59:54",2009600
22800,0,200,"bu","10:59:44",2009000
22800,0,100,"bu","10:58:59",2008800
22700,-100,3000,"sd","10:58:43",2008700
22700,-100,1000,"sd","10:58:41",2005700
22700,-100,100,"sd","10:58:33",2004700
22700,-100,500,"sd","10:58:31",2004600
22700,-100,100,"sd","10:58:27",2004100
22700,-100,900,"sd","10:57:46",2004000
22700,-100,2000,"sd","10:57:23",2003100
22700,-100,500,"sd","10:57:22",2001100
22700,-100,500,"sd","10:56:53",2000600
22800,0,600,"bu","10:56:45",2000100
22800,0,200,"bu","10:56:09",1999500
22800,0,500,"bu","10:55:01",1999300
22700,-100,1800,"sd","10:54:40",1998800
22800,0,100,"bu","10:54:18",1997000
22700,-100,1000,"sd","10:53:36",1996900
22800,0,5000,"bu","10:53:31",1995900
22700,-100,400,"sd","10:53:21",1990900
22700,-100,1500,"sd","10:53:19",1990500
22700,-100,10000,"sd","10:53:05",1989000
22700,-100,100,"sd","10:52:50",1979000
22700,-100,200,"sd","10:52:27",1978900
22700,-100,3700,"sd","10:51:46",1978700
22700,-100,3000,"sd","10:51:30",1975000
22700,-100,1200,"sd","10:50:36",1972000
22700,-100,200,"sd","10:50:13",1970800
22700,-100,7000,"sd","10:49:22",1970600
22700,-100,1300,"sd","10:49:15",1963600
22700,-100,500,"sd","10:48:56",1962300
22800,0,200,"bu","10:48:32",1961800
22800,0,2000,"bu","10:48:30",1961600
22800,0,5000,"bu","10:48:27",1959600
22800,0,100,"bu","10:48:19",1954600
22800,0,300,"bu","10:48:16",1954500
22800,0,100,"bu","10:48:09",1954200
22800,0,1000,"bu","10:47:37",1954100
22700,-100,5000,"sd","10:47:12",1953100
22700,-100,1000,"sd","10:47:03",1948100
22700,-100,1700,"sd","10:46:51",1947100
22700,-100,2300,"sd","10:46:38",1945400
22700,-100,100,"sd","10:45:12",1943100
22700,-100,8000,"sd","10:44:57",1943000
22800,0,100,"bu","10:44:40",1935000
22700,-100,300,"sd","10:44:33",1934900
22700,-100,100,"sd","10:44:24",1934600
22700,-100,800,"sd","10:44:06",1934500
22800,0,200,"bu","10:43:55",1933700
22800,0,1000,"bu","10:43:52",1933500
22800,0,9000,"bu","10:43:40",1932500
22700,-100,100,"sd","10:43:26",1923500
22700,-100,2000,"sd","10:43:06",1923400
22700,-100,1000,"sd","10:42:47",1921400
22700,-100,400,"sd","10:42:32",1920400
22700,-100,2000,"sd","10:42:26",1920000
22700,-100,4000,"sd","10:42:22",1918000
22700,-100,3200,"sd","10:42:16",1914000
22700,-100,4800,"sd","10:41:49",1910800
22800,0,1000,"bu","10:41:44",1906000
22800,0,100,"bu","10:41:40",1905000
22800,0,100,"bu","10:41:37",1904900
22800,0,1000,"bu","10:41:29",1904800
22800,0,900,"bu","10:41:18",1903800
22700,-100,8800,"sd","10:41:11",1902900
22800,0,500,"bu","10:40:58",1894100
22700,-100,1000,"sd","10:40:56",1893600
22800,0,1000,"bu","10:40:55",1892600
22800,0,3000,"bu","10:40:38",1891600
22800,0,20000,"bu","10:40:22",1888600
22800,0,1000,"bu","10:39:49",1868600
22800,0,500,"bu","10:39:26",1867600
22800,0,100,"bu","10:39:02",1867100
22700,-100,10000,"sd","10:38:47",1867000
22800,0,100,"bu","10:38:38",1857000
22800,0,200,"bu","10:38:22",1856900
22800,0,1000,"bu","10:38:20",1856700
22800,0,3000,"bu","10:38:18",1855700
22800,0,2900,"bu","10:37:08",1852700
22800,0,100,"bu","10:36:51",1849800
22800,0,100,"bu","10:36:50",1849700
22800,0,1000,"bu","10:36:36",1849600
22700,-100,300,"sd","10:35:56",1848600
22700,-100,300,"sd","10:34:20",1848300
22700,-100,1900,"sd","10:34:11",1848000
22700,-100,1500,"sd","10:34:10",1846100
22700,-100,900,"sd","10:33:59",1844600
22700,-100,10000,"sd","10:33:50",1843700
22700,-100,2000,"sd","10:33:45",1833700
22700,-100,3000,"sd","10:33:22",1831700
22700,-100,2700,"sd","10:31:34",1828700
22700,-100,4000,"sd","10:30:52",1826000
22700,-100,1000,"sd","10:30:09",1822000
22700,-100,1000,"sd","10:30:05",1821000
22700,-100,400,"sd","10:30:04",1820000
22700,-100,500,"sd","10:30:01",1819600
22700,-100,1000,"sd","10:30:00",1819100
22700,-100,1900,"sd","10:29:53",1818100
22700,-100,800,"sd","10:29:51",1816200
22700,-100,20000,"sd","10:29:50",1815400
22700,-100,500,"sd","10:29:34",1795400
22700,-100,2000,"sd","10:29:17",1794900
22700,-100,500,"sd","10:29:05",1792900
22700,-100,30000,"sd","10:28:54",1792400
22700,-100,1000,"sd","10:28:45",1762400
22700,-100,6000,"sd","10:28:39",1761400
22700,-100,100,"sd","10:28:33",1755400
22700,-100,4000,"sd","10:28:18",1755300
22700,-100,20000,"sd","10:28:13",1751300
22700,-100,10000,"sd","10:27:58",1731300
22800,0,200,"bu","10:27:56",1721300
22800,0,1000,"bu","10:27:49",1721100
22700,-100,50000,"sd","10:27:47",1720100
22700,-100,2200,"sd","10:27:21",1670100
22700,-100,500,"sd","10:27:20",1667900
22700,-100,100,"sd","10:27:02",1667400
22700,-100,800,"sd","10:26:59",1667300
22700,-100,5900,"sd","10:25:41",1666500
22700,-100,100,"sd","10:25:31",1660600
22700,-100,400,"sd","10:25:18",1660500
22700,-100,200,"sd","10:25:16",1660100
22700,-100,500,"sd","10:24:57",1659900
22700,-100,4300,"sd","10:24:40",1659400
22700,-100,1000,"bu","10:24:39",1655100
22700,-100,700,"bu","10:24:38",1654100
22700,-100,3000,"bu","10:24:31",1653400
22700,-100,3000,"bu","10:24:29",1650400
22700,-100,1000,"bu","10:24:27",1647400
22700,-100,500,"bu","10:24:06",1646400
22700,-100,41500,"bu","10:24:03",1645900
22700,-100,100,"sd","10:23:46",1604400
22700,-100,5000,"sd","10:23:19",1604300
22800,0,100,"bu","10:23:01",1599300
22700,-100,20000,"sd","10:22:50",1599200
22700,-100,3000,"sd","10:22:45",1579200
22800,0,200,"bu","10:22:20",1576200
22700,-100,3900,"sd","10:22:08",1576000
22700,-100,100,"sd","10:22:06",1572100
22700,-100,8000,"sd","10:21:53",1572000
22700,-100,300,"sd","10:21:27",1564000
22700,-100,200,"sd","10:20:58",1563700
22700,-100,300,"sd","10:20:00",1563500
22700,-100,100,"sd","10:19:14",1563200
22700,-100,1400,"sd","10:18:28",1563100
22700,-100,3600,"bu","10:18:20",1561700
22700,-100,2800,"sd","10:18:08",1558100
22700,-100,1400,"bu","10:18:04",1555300
22700,-100,600,"sd","10:17:56",1553900
22700,-100,2000,"sd","10:17:52",1553300
22700,-100,1000,"sd","10:17:50",1551300
22700,-100,2000,"sd","10:17:48",1550300
22700,-100,1000,"sd","10:17:45",1548300
22700,-100,900,"sd","10:17:38",1547300
22700,-100,50000,"sd","10:17:10",1546400
22700,-100,10000,"sd","10:17:07",1496400
22700,-100,1000,"sd","10:16:56",1486400
22700,-100,10000,"sd","10:16:54",1485400
22700,-100,2000,"sd","10:16:51",1475400
22700,-100,5000,"sd","10:16:27",1473400
22700,-100,100,"sd","10:16:02",1468400
22700,-100,200,"sd","10:15:54",1468300
22700,-100,500,"sd","10:15:29",1468100
22700,-100,1000,"sd","10:15:08",1467600
22700,-100,400,"sd","10:14:49",1466600
22700,-100,900,"sd","10:14:47",1466200
22700,-100,4000,"sd","10:14:40",1465300
22700,-100,100,"sd","10:14:12",1461300
22700,-100,4700,"sd","10:14:06",1461200
22700,-100,600,"sd","10:13:54",1456500
22700,-100,78200,"sd","10:13:31",1455900
22700,-100,1800,"sd","10:13:30",1377700
22700,-100,300,"sd","10:12:25",1375900
22800,0,400,"bu","10:11:00",1375600
22700,-100,500,"sd","10:10:52",1375200
22800,0,100,"bu","10:10:30",1374700
22700,-100,300,"sd","10:10:28",1374600
22700,-100,2000,"sd","10:09:27",1374300
22700,-100,1300,"sd","10:09:23",1372300
22700,-100,3700,"sd","10:09:20",1371000
22700,-100,100,"sd","10:08:18",1367300
22700,-100,2100,"sd","10:07:56",1367200
22800,0,10000,"bu","10:07:47",1365100
22700,-100,500,"sd","10:07:42",1355100
22800,0,1000,"bu","10:07:41",1354600
22800,0,1000,"bu","10:07:12",1353600
22700,-100,3000,"sd","10:06:38",1352600
22800,0,100,"bu","10:06:37",1349600
22700,-100,5000,"sd","10:06:26",1349500
22800,0,1000,"bu","10:06:22",1344500
22800,0,1000,"bu","10:06:13",1343500
22800,0,700,"bu","10:06:12",1342500
22800,0,100,"bu","10:05:57",1341800
22800,0,900,"bu","10:05:53",1341700
22800,0,800,"bu","10:05:34",1340800
22800,0,1000,"bu","10:05:17",1340000
22700,-100,200,"sd","10:04:42",1339000
22700,-100,3700,"sd","10:04:21",1338800
22700,-100,100,"sd","10:04:06",1335100
22700,-100,300,"sd","10:03:49",1335000
22700,-100,1000,"sd","10:03:40",1334700
22700,-100,100,"sd","10:03:33",1333700
22700,-100,11700,"sd","10:03:25",1333600
22700,-100,1000,"sd","10:03:21",1321900
22700,-100,500,"sd","10:03:17",1320900
22700,-100,15400,"sd","10:03:05",1320400
22700,-100,1000,"sd","10:02:37",1305000
22800,0,3000,"bu","10:02:24",1304000
22800,0,1000,"bu","10:01:58",1301000
22800,0,200,"bu","10:01:57",1300000
22800,0,4800,"bu","10:01:48",1299800
22800,0,200,"bu","10:01:27",1295000
22800,0,1000,"bu","10:00:47",1294800
22700,-100,300,"sd","10:00:41",1293800
22800,0,100,"bu","10:00:17",1293500
22700,-100,500,"sd","10:00:02",1293400
22700,-100,500,"sd","09:59:55",1292900
22700,-100,2000,"sd","09:59:38",1292400
22700,-100,500,"sd","09:59:11",1290400
22700,-100,200,"sd","09:58:44",1289900
22700,-100,1000,"sd","09:58:39",1289700
22700,-100,200,"sd","09:58:28",1288700
22800,0,100,"bu","09:58:26",1288500
22700,-100,5000,"sd","09:58:22",1288400
22800,0,500,"bu","09:58:14",1283400
22800,0,500,"bu","09:58:13",1282900
22800,0,400,"bu","09:58:04",1282400
22800,0,100,"bu","09:57:48",1282000
22800,0,4300,"bu","09:57:35",1281900
22700,-100,400,"sd","09:57:28",1277600
22700,-100,100,"sd","09:57:06",1277200
22800,0,300,"bu","09:57:05",1277100
22800,0,300,"bu","09:56:57",1276800
22800,0,2000,"bu","09:56:46",1276500
22800,0,300,"bu","09:56:45",1274500
22700,-100,4200,"sd","09:56:41",1274200
22700,-100,300,"sd","09:56:40",1270000
22800,0,100,"bu","09:56:28",1269700
22800,0,500,"bu","09:56:16",1269600
22800,0,100,"bu","09:56:15",1269100
22800,0,2600,"bu","09:55:59",1269000
22700,-100,1000,"sd","09:55:37",1266400
22800,0,100,"bu","09:55:36",1265400
22700,-100,3000,"sd","09:54:47",1265300
22700,-100,1100,"sd","09:54:33",1262300
22700,-100,500,"sd","09:53:56",1261200
22700,-100,8300,"sd","09:53:46",1260700
22700,-100,3300,"bu","09:53:45",1252400
22700,-100,100,"bu","09:53:44",1249100
22700,-100,3000,"bu","09:53:43",1249000
22700,-100,29100,"bu","09:53:40",1246000
22700,-100,4600,"bu","09:53:39",1216900
22700,-100,35500,"bu","09:53:38",1212300
22700,-100,500,"bu","09:53:37",1176800
22700,-100,700,"bu","09:53:36",1176300
22700,-100,4100,"bu","09:53:35",1175600
22700,-100,500,"bu","09:53:34",1171500
22700,-100,10100,"bu","09:53:33",1171000
22700,-100,300,"bu","09:53:31",1160900
22700,-100,300,"bu","09:53:30",1160600
22700,-100,5000,"bu","09:53:29",1160300
22700,-100,100,"bu","09:53:28",1155300
22700,-100,1600,"bu","09:53:27",1155200
22700,-100,11100,"bu","09:53:24",1153600
22700,-100,2000,"bu","09:53:23",1142500
22700,-100,3100,"bu","09:53:22",1140500
22700,-100,15100,"bu","09:53:20",1137400
22700,-100,10000,"bu","09:53:19",1122300
22700,-100,5000,"bu","09:53:16",1112300
22700,-100,300,"bu","09:53:15",1107300
22700,-100,3100,"bu","09:53:14",1107000
22700,-100,6500,"bu","09:53:10",1103900
22700,-100,100,"bu","09:53:08",1097400
22700,-100,2600,"bu","09:53:07",1097300
22700,-100,1100,"bu","09:53:04",1094700
22700,-100,1000,"bu","09:53:03",1093600
22700,-100,1000,"bu","09:53:02",1092600
22700,-100,4700,"bu","09:53:01",1091600
22700,-100,500,"bu","09:53:00",1086900
22700,-100,1100,"bu","09:52:59",1086400
22700,-100,800,"bu","09:52:58",1085300
22700,-100,200,"bu","09:52:54",1084500
22700,-100,11000,"bu","09:52:52",1084300
22700,-100,200,"bu","09:52:51",1073300
22700,-100,100000,"bu","09:52:50",1073100
22700,-100,100,"bu","09:52:44",973100
22700,-100,1200,"bu","09:52:43",973000
22700,-100,23300,"bu","09:52:42",971800
22700,-100,500,"bu","09:52:41",948500
22700,-100,100,"bu","09:52:37",948000
22700,-100,2800,"bu","09:52:36",947900
22700,-100,12000,"bu","09:52:28",945100
22700,-100,1000,"bu","09:52:25",933100
22700,-100,1200,"bu","09:52:23",932100
22700,-100,2600,"bu","09:52:19",930900
22700,-100,200,"bu","09:52:13",928300
22700,-100,500,"bu","09:52:11",928100
22700,-100,2000,"bu","09:52:09",927600
22700,-100,300,"bu","09:52:07",925600
22700,-100,600,"bu","09:52:04",925300
22700,-100,2000,"bu","09:52:03",924700
22700,-100,1000,"bu","09:52:00",922700
22700,-100,2000,"bu","09:51:56",921700
22700,-100,2000,"bu","09:51:54",919700
22700,-100,500,"bu","09:51:51",917700
22700,-100,100,"bu","09:51:50",917200
22700,-100,200,"bu","09:51:49",917100
22700,-100,200,"bu","09:51:47",916900
22700,-100,500,"bu","09:51:44",916700
22700,-100,400,"bu","09:51:42",916200
22700,-100,400,"bu","09:51:41",915800
22700,-100,100,"bu","09:51:24",915400
22700,-100,100,"bu","09:51:18",915300
22700,-100,500,"bu","09:51:16",915200
22700,-100,200,"bu","09:51:14",914700
22700,-100,100,"bu","09:51:13",914500
22600,-200,1700,"sd","09:51:12",914400
22700,-100,100,"bu","09:51:08",912700
22700,-100,100,"bu","09:51:07",912600
22700,-100,200,"bu","09:51:06",912500
22600,-200,3000,"sd","09:51:02",912300
22700,-100,1000,"bu","09:50:57",909300
22600,-200,400,"sd","09:50:56",908300
22700,-100,200,"bu","09:50:54",907900
22700,-100,1000,"bu","09:50:53",907700
22700,-100,1500,"bu","09:50:52",906700
22700,-100,1100,"bu","09:50:50",905200
22700,-100,1000,"bu","09:50:37",904100
22700,-100,2500,"bu","09:50:28",903100
22700,-100,100,"bu","09:50:19",900600
22700,-100,500,"bu","09:50:05",900500
22700,-100,500,"bu","09:50:02",900000
22600,-200,2000,"sd","09:49:53",899500
22700,-100,100,"bu","09:49:47",897500
22700,-100,1000,"bu","09:49:44",897400
22700,-100,200,"bu","09:49:43",896400
22700,-100,300,"bu","09:49:39",896200
22700,-100,100,"bu","09:49:38",895900
22600,-200,200,"sd","09:49:36",895800
22700,-100,100,"bu","09:49:29",895600
22700,-100,800,"bu","09:49:26",895500
22600,-200,17700,"sd","09:49:20",894700
22700,-100,500,"bu","09:49:19",877000
22700,-100,1000,"bu","09:49:16",876500
22700,-100,100,"bu","09:49:10",875500
22700,-100,500,"bu","09:48:55",875400
22700,-100,1000,"bu","09:48:50",874900
22700,-100,1000,"bu","09:48:46",873900
22700,-100,5000,"bu","09:48:44",872900
22700,-100,2000,"bu","09:48:41",867900
22700,-100,1000,"bu","09:48:37",865900
22700,-100,500,"bu","09:48:34",864900
22700,-100,100,"bu","09:48:32",864400
22700,-100,300,"bu","09:48:28",864300
22700,-100,2000,"bu","09:48:26",864000
22700,-100,3100,"bu","09:48:24",862000
22700,-100,700,"bu","09:48:22",858900
22700,-100,100,"bu","09:48:17",858200
22700,-100,1000,"bu","09:48:16",858100
22700,-100,100,"bu","09:48:14",857100
22700,-100,1000,"bu","09:48:05",857000
22700,-100,200,"bu","09:47:57",856000
22700,-100,500,"bu","09:47:56",855800
22600,-200,2000,"sd","09:47:52",855300
22700,-100,500,"bu","09:47:51",853300
22700,-100,500,"bu","09:47:47",852800
22700,-100,300,"bu","09:47:46",852300
22700,-100,200,"bu","09:47:40",852000
22700,-100,200,"bu","09:47:37",851800
22700,-100,200,"bu","09:47:35",851600
22700,-100,700,"bu","09:47:34",851400
22700,-100,400,"bu","09:47:32",850700
22700,-100,200,"bu","09:47:30",850300
22700,-100,200,"bu","09:47:24",850100
22700,-100,100,"bu","09:47:23",849900
22700,-100,1000,"bu","09:47:22",849800
22700,-100,600,"bu","09:47:21",848800
22700,-100,1000,"bu","09:47:20",848200
22700,-100,2000,"bu","09:47:19",847200
22700,-100,1100,"bu","09:47:17",845200
22700,-100,1700,"bu","09:47:16",844100
22700,-100,1300,"bu","09:47:12",842400
22700,-100,1000,"bu","09:47:11",841100
22700,-100,1000,"bu","09:47:07",840100
22700,-100,400,"bu","09:47:03",839100
22700,-100,300,"bu","09:47:01",838700
22700,-100,100,"bu","09:47:00",838400
22700,-100,500,"bu","09:46:54",838300
22700,-100,200,"bu","09:46:53",837800
22700,-100,300,"bu","09:46:51",837600
22700,-100,100,"bu","09:46:46",837300
22700,-100,1000,"bu","09:46:42",837200
22700,-100,100,"bu","09:46:39",836200
22700,-100,100,"bu","09:46:31",836100
22700,-100,1100,"bu","09:46:28",836000
22700,-100,200,"bu","09:46:27",834900
22700,-100,300,"bu","09:46:24",834700
22700,-100,2100,"bu","09:46:21",834400
22700,-100,100,"bu","09:46:19",832300
22700,-100,300,"bu","09:46:18",832200
22700,-100,100,"bu","09:46:13",831900
22700,-100,1100,"bu","09:46:11",831800
22700,-100,1000,"bu","09:46:08",830700
22700,-100,3000,"bu","09:46:00",829700
22700,-100,100,"bu","09:45:59",826700
22700,-100,200,"bu","09:45:58",826600
22700,-100,500,"bu","09:45:54",826400
22700,-100,400,"bu","09:45:52",825900
22700,-100,3100,"bu","09:45:38",825500
22600,-200,100000,"sd","09:45:27",822400
22700,-100,1200,"bu","09:45:25",722400
22700,-100,1000,"bu","09:45:18",721200
22600,-200,400,"sd","09:45:06",720200
22700,-100,400,"bu","09:45:05",719800
22700,-100,800,"bu","09:45:00",719400
22700,-100,1200,"bu","09:44:59",718600
22700,-100,2000,"bu","09:44:56",717400
22700,-100,3000,"bu","09:44:53",715400
22700,-100,100,"bu","09:44:50",712400
22700,-100,4000,"bu","09:44:49",712300
22700,-100,10000,"bu","09:44:47",708300
22700,-100,500,"bu","09:44:45",698300
22700,-100,100,"bu","09:44:44",697800
22700,-100,300,"bu","09:44:39",697700
22700,-100,200,"bu","09:44:34",697400
22700,-100,500,"bu","09:44:22",697200
22700,-100,500,"bu","09:44:20",696700
22700,-100,600,"bu","09:44:12",696200
22700,-100,100,"bu","09:44:10",695600
22700,-100,1200,"bu","09:44:08",695500
22700,-100,200,"bu","09:44:03",694300
22700,-100,3500,"bu","09:44:00",694100
22700,-100,100,"bu","09:43:57",690600
22700,-100,200,"bu","09:43:56",690500
22700,-100,1000,"bu","09:43:54",690300
22700,-100,100,"bu","09:43:50",689300
22700,-100,1000,"bu","09:43:44",689200
22700,-100,12100,"bu","09:43:36",688200
22700,-100,200,"sd","09:43:34",676100
22700,-100,1300,"sd","09:43:33",675900
22700,-100,5000,"sd","09:43:25",674600
22700,-100,3300,"sd","09:43:10",669600
22700,-100,3300,"sd","09:43:05",666300
22700,-100,5000,"sd","09:43:04",663000
22700,-100,300,"sd","09:42:56",658000
22700,-100,900,"sd","09:42:50",657700
22800,0,500,"bu","09:42:11",656800
22700,-100,5000,"sd","09:41:59",656300
22700,-100,200,"sd","09:41:56",651300
22700,-100,100,"sd","09:41:52",651100
22700,-100,100,"sd","09:41:49",651000
22700,-100,200,"sd","09:41:39",650900
22700,-100,2600,"sd","09:41:36",650700
22700,-100,300,"sd","09:41:32",648100
22700,-100,700,"sd","09:41:30",647800
22700,-100,500,"sd","09:41:25",647100
22700,-100,100,"sd","09:41:24",646600
22700,-100,100,"sd","09:41:16",646500
22700,-100,28700,"sd","09:41:09",646400
22700,-100,300,"sd","09:41:06",617700
22700,-100,1000,"sd","09:40:51",617400
22700,-100,1600,"sd","09:40:48",616400
22700,-100,400,"sd","09:40:44",614800
22700,-100,1000,"sd","09:40:36",614400
22700,-100,500,"sd","09:40:02",613400
22700,-100,300,"sd","09:39:55",612900
22700,-100,1000,"sd","09:39:54",612600
22700,-100,300,"sd","09:39:47",611600
22700,-100,500,"sd","09:39:38",611300
22700,-100,1000,"sd","09:39:37",610800
22700,-100,300,"sd","09:39:23",609800
22700,-100,400,"sd","09:39:22",609500
22700,-100,3000,"sd","09:39:02",609100
22700,-100,500,"sd","09:38:52",606100
22800,0,300,"bu","09:38:48",605600
22700,-100,10000,"sd","09:38:45",605300
22700,-100,200,"sd","09:38:42",595300
22700,-100,1000,"sd","09:38:34",595100
22700,-100,200,"sd","09:38:33",594100
22700,-100,300,"sd","09:38:30",593900
22700,-100,1500,"sd","09:38:18",593600
22700,-100,3000,"sd","09:38:12",592100
22700,-100,2000,"sd","09:38:09",589100
22700,-100,8700,"sd","09:38:03",587100
22700,-100,200,"sd","09:38:02",578400
22700,-100,5000,"sd","09:37:51",578200
22700,-100,1000,"sd","09:37:47",573200
22700,-100,1400,"sd","09:37:46",572200
22700,-100,1000,"sd","09:37:43",570800
22700,-100,500,"sd","09:37:41",569800
22700,-100,600,"sd","09:37:37",569300
22700,-100,700,"sd","09:37:25",568700
22700,-100,300,"sd","09:37:24",568000
22700,-100,1900,"sd","09:37:00",567700
22700,-100,1000,"sd","09:36:59",565800
22700,-100,300,"sd","09:36:56",564800
22700,-100,1000,"sd","09:36:44",564500
22700,-100,900,"sd","09:36:34",563500
22700,-100,6000,"sd","09:36:15",562600
22800,0,100,"bu","09:36:13",556600
22700,-100,100,"sd","09:36:02",556500
22800,0,100,"bu","09:35:57",556400
22800,0,200,"bu","09:35:47",556300
22800,0,200,"bu","09:35:45",556100
22800,0,100,"bu","09:35:39",555900
22800,0,300,"bu","09:35:23",555800
22700,-100,1000,"sd","09:35:22",555500
22700,-100,3000,"sd","09:35:21",554500
22700,-100,12300,"sd","09:35:20",551500
22800,0,100,"bu","09:35:02",539200
22800,0,100,"bu","09:34:53",539100
22700,-100,500,"sd","09:34:27",539000
22800,0,200,"bu","09:34:23",538500
22700,-100,1300,"sd","09:34:14",538300
22800,0,500,"bu","09:34:04",537000
22800,0,100,"bu","09:33:40",536500
22700,-100,9000,"sd","09:33:38",536400
22700,-100,300,"sd","09:33:25",527400
22800,0,400,"bu","09:33:08",527100
22800,0,1000,"bu","09:33:03",526700
22800,0,22000,"bu","09:33:01",525700
22700,-100,100,"sd","09:32:35",503700
22700,-100,100,"sd","09:32:29",503600
22700,-100,22100,"sd","09:32:27",503500
22700,-100,1000,"sd","09:32:25",481400
22700,-100,1400,"sd","09:32:12",480400
22700,-100,6000,"sd","09:31:48",479000
22700,-100,300,"sd","09:31:33",473000
22700,-100,10000,"sd","09:31:16",472700
22700,-100,700,"sd","09:30:49",462700
22700,-100,100,"sd","09:30:32",462000
22800,0,500,"bu","09:30:13",461900
22800,0,800,"bu","09:30:03",461400
22800,0,100,"bu","09:29:57",460600
22800,0,200,"bu","09:29:52",460500
22800,0,100,"bu","09:29:29",460300
22800,0,700,"bu","09:29:20",460200
22800,0,200,"bu","09:29:10",459500
22800,0,100,"bu","09:28:57",459300
22800,0,500,"bu","09:28:54",459200
22800,0,400,"bu","09:28:48",458700
22800,0,100,"bu","09:28:47",458300
22800,0,100,"bu","09:28:45",458200
22800,0,100,"bu","09:28:39",458100
22800,0,500,"bu","09:28:38",458000
22800,0,100,"bu","09:28:37",457500
22700,-100,500,"sd","09:28:34",457400
22800,0,200,"bu","09:28:07",456900
22800,0,1000,"bu","09:27:38",456700
22800,0,100,"bu","09:27:32",455700
22800,0,300,"bu","09:27:19",455600
22800,0,40400,"bu","09:27:12",455300
22800,0,1000,"sd","09:27:07",414900
22900,100,600,"bu","09:27:06",413900
22800,0,100,"sd","09:26:44",413300
22800,0,1200,"sd","09:26:35",413200
22800,0,400,"sd","09:26:31",412000
22800,0,900,"sd","09:25:59",411600
22800,0,100,"bu","09:25:57",410700
22800,0,1500,"bu","09:25:50",410600
22800,0,200,"sd","09:25:49",409100
22800,0,1000,"sd","09:25:41",408900
22800,0,100,"sd","09:25:29",407900
22800,0,800,"bu","09:25:26",407800
22800,0,200,"sd","09:25:24",407000
22800,0,1000,"sd","09:25:23",406800
22800,0,7000,"sd","09:25:14",405800
22800,0,100,"sd","09:25:08",398800
22800,0,1700,"sd","09:24:45",398700
22800,0,600,"sd","09:24:40",397000
22800,0,1200,"sd","09:24:39",396400
22900,100,100,"bu","09:24:36",395200
22800,0,100,"sd","09:24:30",395100
22800,0,13600,"sd","09:24:28",395000
22800,0,200,"sd","09:24:26",381400
22800,0,200,"sd","09:23:59",381200
22800,0,5000,"sd","09:23:52",381000
22800,0,400,"sd","09:23:41",376000
22800,0,1000,"sd","09:23:14",375600
22800,0,10800,"sd","09:22:14",374600
22800,0,9500,"sd","09:22:13",363800
22900,100,100,"bu","09:22:07",354300
22900,100,100,"bu","09:22:03",354200
22900,100,1000,"bu","09:21:39",354100
22900,100,1000,"bu","09:21:36",353100
22900,100,1000,"bu","09:21:28",352100
22800,0,1000,"sd","09:21:26",351100
22800,0,1400,"sd","09:21:13",350100
22800,0,2000,"sd","09:21:11",348700
22800,0,900,"sd","09:20:36",346700
22800,0,1400,"sd","09:20:33",345800
22800,0,2500,"sd","09:20:25",344400
22800,0,10000,"sd","09:20:22",341900
22800,0,100,"sd","09:19:59",331900
22800,0,400,"sd","09:19:51",331800
22800,0,200,"bu","09:19:19",331400
22800,0,1000,"bu","09:19:17",331200
22800,0,100,"bu","09:19:10",330200
22800,0,33900,"sd","09:19:08",330100
22800,0,1000,"sd","09:18:58",296200
22800,0,200,"sd","09:18:57",295200
22800,0,500,"sd","09:18:38",295000
22800,0,1500,"sd","09:18:09",294500
22800,0,500,"bu","09:17:55",293000
22800,0,100,"bu","09:17:53",292500
22800,0,2000,"bu","09:17:47",292400
22800,0,1500,"bu","09:17:46",290400
22800,0,1200,"bu","09:17:45",288900
22800,0,1000,"bu","09:17:44",287700
22800,0,8100,"bu","09:17:40",286700
22800,0,500,"bu","09:17:37",278600
22800,0,100,"bu","09:17:34",278100
22800,0,19500,"bu","09:17:32",278000
22800,0,1000,"bu","09:17:26",258500
22800,0,1700,"bu","09:17:25",257500
22800,0,500,"bu","09:17:24",255800
22800,0,1000,"bu","09:17:21",255300
22800,0,100,"bu","09:17:16",254300
22800,0,1000,"bu","09:17:14",254200
22800,0,300,"bu","09:17:10",253200
22800,0,1800,"bu","09:17:07",252900
22800,0,200,"bu","09:17:06",251100
22800,0,6000,"bu","09:17:04",250900
22800,0,5000,"bu","09:17:02",244900
22800,0,3000,"bu","09:16:59",239900
22800,0,1100,"bu","09:16:51",236900
22800,0,100,"bu","09:16:47",235800
22800,0,2000,"bu","09:16:46",235700
22800,0,4000,"bu","09:16:43",233700
22800,0,1000,"bu","09:16:40",229700
22800,0,1000,"bu","09:16:39",228700
22800,0,10000,"bu","09:16:38",227700
22800,0,200,"bu","09:16:26",217700
22800,0,800,"bu","09:16:22",217500
22800,0,500,"bu","09:16:21",216700
22800,0,1000,"bu","09:16:20",216200
22800,0,1000,"bu","09:16:18",215200
22800,0,500,"bu","09:16:14",214200
22800,0,300,"bu","09:16:09",213700
22800,0,500,"bu","09:16:00",213400
22800,0,600,"bu","09:15:52",212900
22800,0,200,"bu","09:15:38",212300
22800,0,400,"bu","09:15:36",212100
22800,0,100,"bu","09:15:34",211700
22800,0,500,"bu","09:15:33",211600
22800,0,1000,"bu","09:15:24",211100
22800,0,200,"bu","09:15:16",210100
22800,0,1000,"bu","09:14:42",209900
22800,0,300,"bu","09:14:34",208900
22800,0,200,"bu","09:14:29",208600
22800,0,200,"bu","09:14:27",208400
22800,0,5000,"bu","09:14:24",208200
22800,0,200,"bu","09:14:12",203200
22700,-100,100,"sd","09:14:04",203000
22700,-100,1700,"sd","09:13:35",202900
22700,-100,2300,"sd","09:12:32",201200
22800,0,1000,"bu","09:12:09",198900
22800,0,100,"bu","09:11:55",197900
22800,0,100,"bu","09:11:47",197800
22800,0,1300,"bu","09:11:42",197700
22800,0,1000,"bu","09:11:40",196400
22800,0,600,"bu","09:11:38",195400
22800,0,500,"bu","09:11:06",194800
22800,0,500,"bu","09:10:59",194300
22800,0,5000,"bu","09:10:46",193800
22800,0,1800,"bu","09:10:45",188800
22800,0,2000,"bu","09:10:40",187000
22800,0,500,"bu","09:10:39",185000
22800,0,100,"bu","09:10:38",184500
22800,0,500,"bu","09:10:34",184400
22800,0,50000,"bu","09:10:33",183900
22800,0,1000,"bu","09:10:30",133900
22800,0,200,"bu","09:10:25",132900
22800,0,1000,"bu","09:10:15",132700
22800,0,100,"bu","09:10:10",131700
22800,0,500,"bu","09:10:00",131600
22800,0,1000,"bu","09:09:57",131100
22800,0,100,"bu","09:09:48",130100
22800,0,300,"bu","09:09:39",130000
22800,0,100,"bu","09:09:25",129700
22800,0,100,"bu","09:09:19",129600
22800,0,1500,"bu","09:09:17",129500
22800,0,100,"bu","09:08:47",128000
22800,0,1000,"bu","09:08:42",127900
22800,0,500,"bu","09:08:40",126900
22800,0,3000,"bu","09:08:21",126400
22800,0,1000,"bu","09:08:13",123400
22800,0,200,"bu","09:08:04",122400
22800,0,500,"bu","09:07:53",122200
22800,0,100,"bu","09:07:41",121700
22800,0,5200,"bu","09:07:33",121600
22800,0,200,"bu","09:07:20",116400
22800,0,25000,"bu","09:07:13",116200
22800,0,3000,"bu","09:07:06",91200
22800,0,1000,"bu","09:07:03",88200
22800,0,100,"bu","09:06:53",87200
22800,0,2000,"bu","09:06:46",87100
22800,0,500,"bu","09:06:40",85100
22800,0,100,"bu","09:06:33",84600
22800,0,800,"bu","09:06:23",84500
22800,0,3000,"bu","09:06:19",83700
22800,0,2500,"bu","09:06:06",80700
22800,0,200,"bu","09:06:01",78200
22800,0,5000,"bu","09:05:58",78000
22800,0,2000,"bu","09:05:01",73000
22800,0,300,"bu","09:04:30",71000
22700,-100,200,"sd","09:04:28",70700
22800,0,200,"bu","09:04:22",70500
22800,0,100,"bu","09:04:20",70300
22800,0,2000,"bu","09:04:09",70200
22800,0,200,"bu","09:04:05",68200
22800,0,1700,"sd","09:03:46",68000
22800,0,4200,"sd","09:03:19",66300
22800,0,100,"sd","09:03:07",62100
22800,0,400,"sd","09:02:18",62000
22800,0,700,"bu","09:02:13",61600
22800,0,100,"bu","09:02:07",60900
22800,0,100,"bu","09:02:03",60800
22800,0,300,"bu","09:02:01",60700
22800,0,1000,"bu","09:01:45",60400
22700,-100,1000,"sd","09:01:44",59400
22800,0,700,"bu","09:01:39",58400
22800,0,500,"bu","09:01:35",57700
22800,0,300,"bu","09:01:20",57200
22600,-200,50000,"sd","09:00:55",56900
22800,0,200,"sd","09:00:21",6900
22900,100,400,"bu","09:00:14",6700
22800,0,300,"sd","09:00:09",6300
22700,-100,2000,"sd","09:00:05",6000
22900,100,1000,"bu","09:00:04",4000
23000,200,1500,"bu","09:00:03",3000
23000,200,1500,"bu","09:00:02",1500
