"price","change","match_qtty","side","time","total_vol"
23150,-50,150800,"unknown","14:45:01",1244000
23100,-100,1000,"bu","14:29:58",1093200
23100,-100,500,"bu","14:29:58",1092200
23100,-100,1000,"bu","14:29:58",1091700
23100,-100,600,"bu","14:29:58",1090700
23100,-100,100,"bu","14:29:58",1090100
23100,-100,1000,"bu","14:29:58",1090000
23100,-100,2700,"bu","14:29:58",1089000
23100,-100,100,"bu","14:29:57",1086300
23100,-100,1000,"bu","14:29:55",1086200
23100,-100,1000,"bu","14:29:45",1085200
23100,-100,900,"bu","14:29:44",1084200
23100,-100,4300,"bu","14:29:41",1083300
23100,-100,5000,"bu","14:29:41",1079000
23100,-100,100,"bu","14:29:40",1074000
23100,-100,300,"bu","14:29:40",1073900
23100,-100,1200,"bu","14:29:30",1073600
23100,-100,1000,"bu","14:29:28",1072400
23100,-100,500,"bu","14:29:26",1071400
23100,-100,300,"bu","14:29:19",1070900
23100,-100,300,"bu","14:29:19",1070600
23100,-100,400,"bu","14:29:18",1070300
23050,-150,2000,"sd","14:29:04",1069900
23050,-150,1600,"sd","14:28:56",1067900
23050,-150,5000,"sd","14:28:56",1066300
23050,-150,200,"sd","14:28:56",1061300
23050,-150,300,"sd","14:28:56",1061100
23050,-150,2900,"sd","14:28:56",1060800
23050,-150,1500,"sd","14:28:38",1057900
23050,-150,1000,"sd","14:28:37",1056400
23050,-150,200,"sd","14:28:32",1055400
23050,-150,200,"sd","14:28:24",1055200
23050,-150,400,"sd","14:27:40",1055000
23050,-150,200,"sd","14:27:39",1054600
23100,-100,100,"bu","14:27:32",1054400
23100,-100,500,"bu","14:27:32",1054300
23100,-100,100,"bu","14:27:32",1053800
23100,-100,100,"bu","14:27:32",1053700
23100,-100,100,"bu","14:27:32",1053600
23100,-100,100,"bu","14:27:32",1053500
23050,-150,400,"bu","14:27:21",1053400
23050,-150,2400,"bu","14:27:21",1053000
23050,-150,500,"bu","14:27:18",1050600
23050,-150,200,"bu","14:27:16",1050100
23050,-150,100,"bu","14:27:14",1049900
23050,-150,500,"bu","14:27:12",1049800
23050,-150,100,"bu","14:27:07",1049300
23050,-150,300,"bu","14:26:57",1049200
23050,-150,900,"bu","14:26:56",1048900
23050,-150,500,"bu","14:26:56",1048000
23050,-150,500,"bu","14:26:56",1047500
23050,-150,500,"bu","14:26:54",1047000
23050,-150,100,"bu","14:26:54",1046500
23050,-150,700,"bu","14:26:54",1046400
23050,-150,400,"bu","14:26:45",1045700
23050,-150,1000,"bu","14:26:30",1045300
23050,-150,200,"bu","14:26:29",1044300
23050,-150,100,"bu","14:26:16",1044100
23000,-200,100,"sd","14:26:09",1044000
23050,-150,300,"sd","14:26:08",1043900
23050,-150,2300,"sd","14:26:08",1043600
23050,-150,1000,"bu","14:26:07",1041300
23050,-150,1100,"bu","14:26:07",1040300
23050,-150,2600,"bu","14:26:07",1039200
23050,-150,500,"bu","14:25:44",1036600
23050,-150,500,"bu","14:25:44",1036100
23050,-150,600,"bu","14:25:44",1035600
23050,-150,400,"bu","14:25:43",1035000
23050,-150,100,"bu","14:25:43",1034600
23050,-150,100,"bu","14:25:43",1034500
23050,-150,1000,"bu","14:25:42",1034400
23050,-150,100,"bu","14:25:41",1033400
23000,-200,100,"sd","14:25:36",1033300
23050,-150,100,"bu","14:25:35",1033200
23050,-150,100,"bu","14:25:35",1033100
23050,-150,600,"bu","14:25:35",1033000
23050,-150,900,"sd","14:25:28",1032400
23050,-150,9100,"bu","14:25:25",1031500
23050,-150,100,"bu","14:25:23",1022400
23050,-150,200,"bu","14:25:13",1022300
23050,-150,100,"sd","14:25:11",1022100
23050,-150,100,"sd","14:25:11",1022000
23050,-150,400,"sd","14:25:11",1021900
23050,-150,4000,"sd","14:25:07",1021500
23050,-150,600,"sd","14:24:55",1017500
23050,-150,200,"sd","14:24:55",1016900
23050,-150,100,"sd","14:24:55",1016700
23050,-150,400,"bu","14:24:51",1016600
23050,-150,100,"bu","14:24:46",1016200
23050,-150,3000,"bu","14:24:41",1016100
23050,-150,1500,"sd","14:24:20",1013100
23100,-100,400,"bu","14:24:15",1011600
23050,-150,300,"sd","14:24:14",1011200
23050,-150,200,"sd","14:24:07",1010900
23050,-150,300,"sd","14:24:07",1010700
23050,-150,4000,"sd","14:24:07",1010400
23050,-150,300,"sd","14:24:07",1006400
23050,-150,100,"sd","14:23:53",1006100
23050,-150,200,"sd","14:23:53",1006000
23050,-150,100,"sd","14:23:41",1005800
23050,-150,100,"bu","14:23:25",1005700
23050,-150,200,"bu","14:23:25",1005600
23050,-150,1000,"bu","14:23:24",1005400
23050,-150,3000,"bu","14:23:16",1004400
23050,-150,500,"bu","14:23:16",1001400
23050,-150,200,"bu","14:23:14",1000900
23050,-150,500,"bu","14:23:14",1000700
23050,-150,800,"bu","14:23:14",1000200
23050,-150,100,"bu","14:23:14",999400
23050,-150,100,"bu","14:23:07",999300
23050,-150,1000,"bu","14:22:57",999200
23050,-150,1200,"bu","14:22:57",998200
23050,-150,800,"bu","14:22:53",997000
23050,-150,1200,"bu","14:22:53",996200
23000,-200,400,"sd","14:22:51",995000
23050,-150,500,"bu","14:22:49",994600
23050,-150,1000,"bu","14:22:46",994100
23050,-150,1000,"bu","14:22:44",993100
23050,-150,2500,"bu","14:22:43",992100
23050,-150,1000,"bu","14:22:40",989600
23000,-200,400,"sd","14:22:28",988600
23000,-200,100,"sd","14:22:28",988200
23050,-150,1000,"bu","14:22:27",988100
23050,-150,300,"bu","14:22:22",987100
23050,-150,200,"bu","14:22:17",986800
23050,-150,1000,"bu","14:22:07",986600
23050,-150,300,"bu","14:21:50",985600
23100,-100,200,"bu","14:21:31",985300
23100,-100,400,"bu","14:21:31",985100
23050,-150,1000,"sd","14:21:20",984700
23050,-150,500,"sd","14:21:20",983700
23050,-150,100,"sd","14:21:20",983200
23050,-150,400,"sd","14:21:20",983100
23050,-150,500,"sd","14:21:17",982700
23100,-100,300,"bu","14:20:26",982200
23050,-150,1800,"sd","14:20:13",981900
23050,-150,400,"sd","14:20:13",980100
23050,-150,200,"sd","14:20:13",979700
23050,-150,500,"sd","14:20:13",979500
23050,-150,2100,"sd","14:20:13",979000
23100,-100,300,"bu","14:19:49",976900
23100,-100,1000,"bu","14:19:41",976600
23050,-150,900,"sd","14:19:39",975600
23100,-100,200,"bu","14:19:39",974700
23100,-100,100,"bu","14:19:39",974500
23100,-100,100,"bu","14:19:39",974400
23100,-100,100,"bu","14:19:39",974300
23100,-100,100,"bu","14:19:33",974200
23100,-100,1000,"bu","14:19:33",974100
23100,-100,500,"bu","14:19:33",973100
23100,-100,2600,"bu","14:19:33",972600
23050,-150,2000,"sd","14:19:19",970000
23050,-150,1000,"sd","14:19:19",968000
23050,-150,500,"sd","14:19:19",967000
23050,-150,500,"sd","14:19:19",966500
23050,-150,100,"sd","14:19:19",966000
23050,-150,500,"sd","14:19:19",965900
23050,-150,1000,"sd","14:19:19",965400
23050,-150,200,"sd","14:19:19",964400
23050,-150,200,"sd","14:19:19",964200
23100,-100,1400,"bu","14:19:19",964000
23100,-100,800,"bu","14:19:19",962600
23100,-100,1800,"bu","14:19:19",961800
23050,-150,400,"sd","14:19:17",960000
23050,-150,600,"sd","14:19:17",959600
23100,-100,2000,"bu","14:19:06",959000
23050,-150,300,"sd","14:19:00",957000
23100,-100,1000,"bu","14:18:48",956700
23100,-100,200,"bu","14:18:38",955700
23100,-100,200,"bu","14:18:38",955500
23100,-100,100,"bu","14:18:38",955300
23100,-100,1500,"bu","14:18:38",955200
23050,-150,4100,"sd","14:17:45",953700
23050,-150,5000,"bu","14:17:40",949600
23050,-150,1000,"sd","14:17:28",944600
23050,-150,200,"sd","14:17:28",943600
23050,-150,300,"sd","14:17:28",943400
23050,-150,100,"sd","14:17:28",943100
23050,-150,300,"sd","14:17:28",943000
23100,-100,500,"bu","14:16:58",942700
23100,-100,500,"bu","14:16:58",942200
23100,-100,100,"bu","14:16:22",941700
23100,-100,200,"bu","14:16:17",941600
23100,-100,200,"bu","14:16:07",941400
23100,-100,1000,"bu","14:16:07",941200
23100,-100,100,"bu","14:16:07",940200
23100,-100,100,"bu","14:16:07",940100
23100,-100,200,"bu","14:16:07",940000
23100,-100,1000,"bu","14:16:07",939800
23100,-100,100,"bu","14:16:07",938800
23050,-150,7300,"sd","14:16:07",938700
23050,-150,1600,"sd","14:16:07",931400
23050,-150,100,"sd","14:16:07",929800
23050,-150,1000,"sd","14:16:07",929700
23050,-150,700,"sd","14:15:58",928700
23050,-150,300,"sd","14:15:58",928000
23050,-150,1900,"sd","14:15:47",927700
23050,-150,200,"bu","14:15:39",925800
23050,-150,5000,"bu","14:15:39",925600
23050,-150,1000,"bu","14:15:39",920600
23050,-150,100,"bu","14:15:39",919600
23050,-150,1500,"bu","14:15:39",919500
23050,-150,2000,"bu","14:15:35",918000
23050,-150,100,"bu","14:15:32",916000
23050,-150,400,"bu","14:15:24",915900
23000,-200,800,"bu","14:14:42",915500
23000,-200,200,"bu","14:14:39",914700
23000,-200,100,"bu","14:14:39",914500
23000,-200,100,"bu","14:14:39",914400
23000,-200,200,"bu","14:14:32",914300
23000,-200,800,"bu","14:14:32",914100
23000,-200,1000,"bu","14:14:29",913300
23000,-200,100,"bu","14:14:24",912300
23000,-200,100,"bu","14:14:22",912200
23000,-200,200,"bu","14:14:22",912100
23000,-200,700,"bu","14:14:22",911900
23000,-200,300,"bu","14:14:13",911200
23000,-200,200,"bu","14:14:13",910900
23000,-200,200,"bu","14:14:13",910700
23000,-200,100,"bu","14:14:13",910500
23000,-200,200,"bu","14:14:13",910400
23000,-200,200,"bu","14:14:13",910200
23000,-200,300,"bu","14:14:13",910000
23000,-200,400,"bu","14:14:13",909700
23000,-200,100,"bu","14:14:13",909300
23000,-200,400,"bu","14:14:12",909200
23000,-200,1000,"bu","14:14:12",908800
23000,-200,200,"bu","14:14:12",907800
23000,-200,400,"bu","14:14:12",907600
23000,-200,1000,"bu","14:14:09",907200
23000,-200,1600,"bu","14:14:05",906200
23000,-200,100,"bu","14:14:05",904600
23000,-200,1300,"bu","14:14:05",904500
23000,-200,100,"bu","14:13:56",903200
23000,-200,100,"bu","14:13:53",903100
23000,-200,100,"bu","14:13:47",903000
23000,-200,200,"bu","14:13:46",902900
23000,-200,100,"bu","14:13:42",902700
23000,-200,100,"bu","14:13:40",902600
23000,-200,400,"bu","14:13:33",902500
22950,-250,100,"sd","14:13:12",902100
22950,-250,100,"sd","14:13:12",902000
22950,-250,800,"sd","14:13:12",901900
22950,-250,2000,"sd","14:13:12",901100
22950,-250,1800,"bu","14:12:47",899100
22950,-250,100,"bu","14:12:43",897300
22950,-250,100,"bu","14:12:42",897200
22950,-250,200,"bu","14:12:42",897100
22950,-250,100,"bu","14:12:42",896900
22950,-250,7900,"bu","14:12:42",896800
22950,-250,200,"bu","14:12:42",888900
22950,-250,1500,"bu","14:12:42",888700
22950,-250,300,"bu","14:12:39",887200
22950,-250,100,"bu","14:12:23",886900
22950,-250,300,"bu","14:11:46",886800
22950,-250,100,"bu","14:11:44",886500
22950,-250,500,"bu","14:11:30",886400
22950,-250,200,"bu","14:11:29",885900
22950,-250,4800,"bu","14:11:29",885700
22950,-250,3000,"bu","14:11:24",880900
22950,-250,300,"bu","14:11:06",877900
22950,-250,500,"bu","14:11:05",877600
22900,-300,800,"sd","14:10:37",877100
22900,-300,100,"sd","14:10:37",876300
22900,-300,500,"sd","14:10:37",876200
22900,-300,400,"sd","14:10:37",875700
22900,-300,100,"sd","14:10:37",875300
22900,-300,100,"sd","14:10:37",875200
22900,-300,400,"sd","14:10:08",875100
22900,-300,100,"sd","14:10:08",874700
22900,-300,1000,"sd","14:10:08",874600
22900,-300,500,"sd","14:10:08",873600
22900,-300,4500,"sd","14:09:45",873100
22900,-300,500,"sd","14:09:45",868600
22900,-300,500,"sd","14:09:42",868100
22900,-300,400,"sd","14:09:41",867600
22900,-300,400,"sd","14:09:41",867200
22900,-300,800,"sd","14:09:37",866800
22900,-300,900,"sd","14:09:03",866000
22900,-300,1900,"bu","14:08:54",865100
22900,-300,100,"bu","14:08:48",863200
22900,-300,300,"bu","14:08:48",863100
22900,-300,400,"bu","14:08:48",862800
22900,-300,200,"bu","14:08:48",862400
22900,-300,500,"bu","14:08:44",862200
22900,-300,7000,"bu","14:08:39",861700
22900,-300,200,"bu","14:08:35",854700
22900,-300,100,"bu","14:08:30",854500
22900,-300,600,"bu","14:08:24",854400
22900,-300,200,"bu","14:08:22",853800
22900,-300,500,"bu","14:08:05",853600
22900,-300,2000,"bu","14:07:56",853100
22900,-300,200,"bu","14:07:44",851100
22900,-300,100,"bu","14:07:01",850900
22850,-350,300,"sd","14:06:44",850800
22850,-350,200,"sd","14:06:44",850500
22900,-300,100,"bu","14:06:42",850300
22900,-300,300,"bu","14:06:40",850200
22900,-300,200,"sd","14:06:10",849900
22900,-300,200,"sd","14:06:10",849700
22900,-300,100,"sd","14:06:10",849500
22900,-300,500,"sd","14:05:59",849400
22900,-300,300,"sd","14:05:54",848900
22900,-300,400,"sd","14:05:54",848600
22900,-300,100,"sd","14:05:54",848200
22900,-300,300,"sd","14:05:54",848100
22900,-300,500,"sd","14:05:54",847800
22900,-300,500,"sd","14:05:54",847300
22900,-300,1000,"sd","14:05:54",846800
22900,-300,200,"sd","14:05:54",845800
22900,-300,1000,"sd","14:05:54",845600
22900,-300,700,"sd","14:05:54",844600
22900,-300,300,"sd","14:05:42",843900
22900,-300,4700,"sd","14:05:42",843600
22900,-300,300,"sd","14:04:36",838900
22900,-300,200,"sd","14:04:36",838600
22900,-300,100,"sd","14:04:36",838400
22900,-300,1100,"bu","14:03:59",838300
22900,-300,300,"bu","14:03:59",837200
22900,-300,100,"bu","14:03:59",836900
22900,-300,500,"bu","14:03:59",836800
22900,-300,1000,"bu","14:03:56",836300
22900,-300,100,"bu","14:03:53",835300
22900,-300,300,"bu","14:03:49",835200
22900,-300,100,"bu","14:03:04",834900
22850,-350,300,"sd","14:02:24",834800
22850,-350,700,"sd","14:02:24",834500
22900,-300,100,"bu","14:02:20",833800
22900,-300,1500,"bu","14:02:13",833700
22900,-300,100,"bu","14:02:07",832200
22900,-300,100,"bu","14:01:58",832100
22900,-300,200,"sd","14:01:38",832000
22850,-350,100,"sd","14:01:30",831800
22900,-300,300,"sd","14:01:30",831700
22900,-300,100,"sd","14:01:30",831400
22900,-300,900,"sd","14:01:18",831300
22900,-300,4100,"sd","14:01:18",830400
22950,-250,1400,"bu","14:01:15",826300
22950,-250,5000,"bu","14:01:15",824900
22950,-250,300,"bu","14:01:15",819900
22950,-250,900,"bu","14:01:15",819600
22900,-300,300,"sd","14:01:08",818700
22900,-300,6400,"sd","14:01:08",818400
22900,-300,900,"sd","14:01:08",812000
22900,-300,100,"sd","14:01:08",811100
22900,-300,1000,"sd","14:01:08",811000
22900,-300,1000,"sd","14:01:08",810000
22900,-300,300,"sd","14:01:08",809000
22950,-250,100,"bu","14:00:43",808700
22950,-250,200,"bu","13:59:55",808600
22950,-250,200,"bu","13:59:55",808400
22950,-250,200,"bu","13:59:24",808200
22950,-250,100,"bu","13:59:14",808000
22900,-300,200,"bu","13:58:09",807900
22900,-300,3400,"bu","13:58:09",807700
22900,-300,200,"bu","13:57:59",804300
22900,-300,200,"bu","13:57:57",804100
22900,-300,1000,"sd","13:57:39",803900
22900,-300,100,"sd","13:57:39",802900
22900,-300,300,"sd","13:57:39",802800
22900,-300,200,"bu","13:57:14",802500
22900,-300,100,"bu","13:57:12",802300
22900,-300,100,"bu","13:57:10",802200
22900,-300,200,"bu","13:57:10",802100
22900,-300,400,"bu","13:57:03",801900
22900,-300,400,"bu","13:57:03",801500
22900,-300,1000,"bu","13:57:01",801100
22900,-300,200,"bu","13:56:58",800100
22900,-300,1000,"bu","13:56:56",799900
22900,-300,2400,"bu","13:56:44",798900
22900,-300,100,"bu","13:56:44",796500
22900,-300,200,"bu","13:56:44",796400
22900,-300,100,"bu","13:56:44",796200
22900,-300,1000,"bu","13:56:44",796100
22900,-300,1500,"bu","13:56:44",795100
22900,-300,4700,"bu","13:56:44",793600
22900,-300,1000,"bu","13:56:32",788900
22900,-300,300,"bu","13:56:24",787900
22900,-300,700,"bu","13:56:24",787600
22900,-300,1000,"bu","13:56:24",786900
22900,-300,1800,"bu","13:56:18",785900
22850,-350,200,"sd","13:55:55",784100
22850,-350,1000,"sd","13:55:55",783900
22850,-350,500,"sd","13:55:55",782900
22850,-350,400,"sd","13:55:55",782400
22850,-350,200,"sd","13:55:34",782000
22850,-350,400,"sd","13:55:02",781800
22850,-350,200,"sd","13:55:02",781400
22850,-350,200,"sd","13:55:02",781200
22850,-350,500,"sd","13:55:02",781000
22850,-350,100,"sd","13:55:02",780500
22850,-350,200,"sd","13:55:02",780400
22850,-350,100,"sd","13:55:02",780200
22850,-350,400,"sd","13:54:54",780100
22850,-350,500,"sd","13:54:54",779700
22850,-350,100,"sd","13:54:54",779200
22900,-300,200,"bu","13:54:35",779100
22900,-300,100,"bu","13:53:07",778900
22900,-300,100,"bu","13:52:28",778800
22850,-350,200,"sd","13:52:00",778700
22850,-350,500,"sd","13:52:00",778500
22850,-350,300,"sd","13:52:00",778000
22850,-350,400,"sd","13:51:56",777700
22850,-350,200,"sd","13:51:56",777300
22850,-350,100,"sd","13:51:56",777100
22850,-350,100,"sd","13:51:56",777000
22850,-350,200,"sd","13:51:56",776900
22850,-350,500,"sd","13:51:38",776700
22850,-350,400,"sd","13:51:18",776200
22900,-300,500,"bu","13:51:08",775800
22900,-300,100,"bu","13:50:53",775300
22850,-350,400,"sd","13:50:21",775200
22850,-350,100,"sd","13:48:21",774800
22850,-350,600,"bu","13:47:07",774700
22850,-350,500,"bu","13:46:59",774100
22850,-350,3900,"sd","13:46:35",773600
22850,-350,6000,"bu","13:46:19",769700
22850,-350,100,"bu","13:46:19",763700
22850,-350,400,"bu","13:46:18",763600
22850,-350,100,"bu","13:46:18",763200
22800,-400,100,"sd","13:45:36",763100
22850,-350,900,"bu","13:44:58",763000
22850,-350,100,"bu","13:44:58",762100
22850,-350,100,"bu","13:44:12",762000
22850,-350,200,"bu","13:43:36",761900
22850,-350,100,"sd","13:43:03",761700
22850,-350,100,"sd","13:42:10",761600
22800,-400,100,"sd","13:41:57",761500
22800,-400,100,"sd","13:41:57",761400
22800,-400,600,"sd","13:41:57",761300
22800,-400,100,"sd","13:41:57",760700
22800,-400,100,"sd","13:41:57",760600
22800,-400,100,"sd","13:41:57",760500
22800,-400,300,"sd","13:41:57",760400
22800,-400,300,"sd","13:41:57",760100
22800,-400,100,"sd","13:41:57",759800
22800,-400,1000,"sd","13:41:57",759700
22800,-400,100,"sd","13:41:57",758700
22850,-350,100,"sd","13:41:57",758600
22850,-350,1600,"bu","13:41:56",758500
22850,-350,500,"bu","13:41:56",756900
22850,-350,800,"bu","13:41:56",756400
22850,-350,700,"bu","13:41:54",755600
22850,-350,100,"bu","13:41:54",754900
22850,-350,100,"bu","13:41:42",754800
22850,-350,200,"bu","13:41:40",754700
22850,-350,100,"bu","13:41:38",754500
22850,-350,100,"bu","13:41:26",754400
22850,-350,100,"bu","13:41:14",754300
22850,-350,100,"bu","13:40:51",754200
22850,-350,300,"bu","13:40:44",754100
22800,-400,200,"sd","13:40:42",753800
22850,-350,100,"bu","13:40:05",753600
22850,-350,100,"bu","13:39:39",753500
22800,-400,1000,"sd","13:38:40",753400
22800,-400,300,"sd","13:38:40",752400
22800,-400,500,"sd","13:38:40",752100
22800,-400,300,"sd","13:38:40",751600
22800,-400,100,"sd","13:38:40",751300
22800,-400,1000,"sd","13:38:40",751200
22800,-400,200,"sd","13:38:40",750200
22800,-400,100,"sd","13:38:40",750000
22800,-400,500,"sd","13:38:40",749900
22800,-400,600,"sd","13:38:40",749400
22800,-400,500,"sd","13:38:40",748800
22850,-350,900,"sd","13:38:40",748300
22800,-400,1000,"sd","13:38:40",747400
22800,-400,2000,"sd","13:38:40",746400
22800,-400,300,"sd","13:38:40",744400
22800,-400,400,"sd","13:38:40",744100
22800,-400,200,"sd","13:38:40",743700
22800,-400,100,"sd","13:38:40",743500
22850,-350,100,"sd","13:38:32",743400
22850,-350,200,"sd","13:38:32",743300
22850,-350,300,"sd","13:38:32",743100
22850,-350,100,"sd","13:38:32",742800
22850,-350,100,"sd","13:38:32",742700
22850,-350,300,"sd","13:38:32",742600
22850,-350,600,"sd","13:38:32",742300
22850,-350,2100,"sd","13:38:32",741700
22850,-350,300,"sd","13:38:32",739600
22850,-350,5000,"sd","13:38:32",739300
22850,-350,5000,"sd","13:38:32",734300
22850,-350,3000,"sd","13:38:32",729300
22850,-350,1900,"sd","13:38:32",726300
22850,-350,100,"sd","13:37:59",724400
22850,-350,500,"sd","13:37:54",724300
22850,-350,300,"sd","13:37:54",723800
22900,-300,500,"bu","13:37:50",723500
22900,-300,100,"bu","13:37:19",723000
22900,-300,100,"bu","13:37:14",722900
22900,-300,200,"bu","13:37:08",722800
22900,-300,200,"bu","13:37:00",722600
22900,-300,100,"sd","13:36:40",722400
22900,-300,500,"sd","13:36:24",722300
22900,-300,100,"sd","13:36:20",721800
22950,-250,100,"bu","13:36:16",721700
22900,-300,100,"sd","13:36:08",721600
22900,-300,900,"sd","13:36:08",721500
22900,-300,100,"sd","13:35:54",720600
22900,-300,100,"sd","13:35:54",720500
22900,-300,4800,"sd","13:35:54",720400
22900,-300,1800,"sd","13:35:34",715600
22900,-300,200,"sd","13:35:34",713800
22900,-300,100,"sd","13:35:34",713600
22900,-300,300,"sd","13:35:34",713500
22900,-300,700,"sd","13:35:13",713200
22900,-300,1300,"sd","13:35:13",712500
22900,-300,100,"sd","13:34:41",711200
22900,-300,100,"sd","13:34:38",711100
22950,-250,200,"bu","13:34:24",711000
22900,-300,500,"unknown","13:34:24",710800
22900,-300,200,"bu","13:33:55",710300
22900,-300,400,"bu","13:33:51",710100
22900,-300,100,"bu","13:33:49",709700
22900,-300,100,"bu","13:33:49",709600
22900,-300,800,"bu","13:33:49",709500
22900,-300,200,"bu","13:33:47",708700
22900,-300,500,"bu","13:33:47",708500
22900,-300,300,"bu","13:33:47",708000
22900,-300,400,"bu","13:33:46",707700
22900,-300,2000,"bu","13:33:38",707300
22900,-300,100,"bu","13:33:34",705300
22900,-300,2500,"bu","13:33:31",705200
22900,-300,200,"bu","13:33:31",702700
22900,-300,200,"bu","13:33:30",702500
22900,-300,100,"bu","13:33:29",702300
22900,-300,2000,"bu","13:33:28",702200
22900,-300,1000,"bu","13:33:26",700200
22900,-300,500,"bu","13:33:25",699200
22900,-300,1000,"bu","13:33:25",698700
22900,-300,100,"bu","13:33:24",697700
22900,-300,1000,"bu","13:33:23",697600
22900,-300,5000,"bu","13:33:23",696600
22900,-300,200,"bu","13:33:21",691600
22900,-300,2000,"bu","13:33:16",691400
22900,-300,100,"bu","13:33:15",689400
22900,-300,200,"bu","13:33:06",689300
22900,-300,10000,"bu","13:33:00",689100
22900,-300,5000,"bu","13:33:00",679100
22900,-300,2900,"bu","13:33:00",674100
22900,-300,1100,"bu","13:33:00",671200
22900,-300,1000,"bu","13:33:00",670100
22900,-300,100,"bu","13:32:44",669100
22900,-300,400,"bu","13:32:44",669000
22850,-350,1400,"sd","13:32:41",668600
22850,-350,500,"sd","13:32:16",667200
22850,-350,500,"bu","13:32:13",666700
22850,-350,200,"bu","13:32:13",666200
22850,-350,4900,"bu","13:32:13",666000
22850,-350,100,"bu","13:32:13",661100
22850,-350,300,"bu","13:32:13",661000
22850,-350,5000,"bu","13:32:13",660700
22850,-350,300,"bu","13:32:13",655700
22850,-350,100,"bu","13:32:10",655400
22800,-400,400,"sd","13:32:05",655300
22800,-400,600,"sd","13:32:05",654900
22850,-350,200,"bu","13:32:01",654300
22850,-350,400,"bu","13:32:00",654100
22850,-350,100,"bu","13:32:00",653700
22850,-350,100,"bu","13:32:00",653600
22850,-350,2400,"bu","13:32:00",653500
22850,-350,2000,"bu","13:31:56",651100
22850,-350,5000,"bu","13:31:53",649100
22850,-350,200,"bu","13:31:46",644100
22850,-350,100,"bu","13:31:33",643900
22850,-350,200,"bu","13:31:23",643800
22850,-350,100,"bu","13:31:21",643600
22850,-350,900,"bu","13:31:21",643500
22850,-350,300,"bu","13:30:01",642600
22850,-350,1000,"bu","13:29:59",642300
22850,-350,100,"bu","13:29:59",641300
22850,-350,200,"bu","13:29:54",641200
22850,-350,100,"bu","13:29:45",641000
22850,-350,1000,"bu","13:29:42",640900
22850,-350,100,"bu","13:29:16",639900
22850,-350,300,"bu","13:28:51",639800
22800,-400,500,"bu","13:28:24",639500
22800,-400,400,"bu","13:28:24",639000
22800,-400,500,"bu","13:28:24",638600
22800,-400,100,"bu","13:28:23",638100
22800,-400,100,"bu","13:28:22",638000
22800,-400,1000,"bu","13:28:22",637900
22800,-400,500,"bu","13:28:20",636900
22800,-400,200,"bu","13:28:20",636400
22800,-400,1000,"bu","13:28:20",636200
22800,-400,100,"bu","13:28:20",635200
22800,-400,100,"bu","13:28:20",635100
22800,-400,800,"bu","13:28:18",635000
22800,-400,1200,"bu","13:28:18",634200
22800,-400,100,"bu","13:28:15",633000
22800,-400,200,"bu","13:28:08",632900
22800,-400,500,"bu","13:27:54",632700
22800,-400,1500,"bu","13:27:54",632200
22800,-400,100,"bu","13:27:50",630700
22800,-400,100,"bu","13:27:48",630600
22800,-400,2000,"bu","13:27:44",630500
22800,-400,500,"bu","13:27:42",628500
22800,-400,500,"bu","13:27:40",628000
22800,-400,500,"bu","13:27:33",627500
22800,-400,1000,"bu","13:27:33",627000
22800,-400,5000,"bu","13:27:29",626000
22800,-400,300,"bu","13:27:27",621000
22800,-400,300,"bu","13:27:18",620700
22800,-400,1000,"bu","13:27:12",620400
22800,-400,400,"bu","13:27:07",619400
22800,-400,100,"bu","13:27:06",619000
22800,-400,300,"bu","13:26:51",618900
22750,-450,500,"sd","13:26:20",618600
22800,-400,100,"bu","13:26:08",618100
22800,-400,1000,"bu","13:26:00",618000
22800,-400,700,"bu","13:25:54",617000
22800,-400,2000,"bu","13:25:54",616300
22800,-400,100,"bu","13:25:54",614300
22800,-400,100,"bu","13:25:54",614200
22800,-400,2000,"bu","13:25:54",614100
22800,-400,200,"bu","13:25:54",612100
22800,-400,1000,"bu","13:25:54",611900
22800,-400,3000,"bu","13:25:54",610900
22800,-400,1200,"bu","13:25:54",607900
22800,-400,200,"sd","13:25:46",606700
22800,-400,1000,"sd","13:25:46",606500
22800,-400,100,"bu","13:24:55",605500
22800,-400,1000,"bu","13:24:42",605400
22800,-400,100,"bu","13:24:37",604400
22800,-400,400,"bu","13:24:35",604300
22800,-400,400,"bu","13:24:31",603900
22800,-400,700,"bu","13:24:31",603500
22800,-400,200,"bu","13:24:31",602800
22800,-400,300,"bu","13:24:31",602600
22800,-400,200,"bu","13:24:26",602300
22800,-400,3000,"bu","13:24:25",602100
22800,-400,100,"bu","13:24:16",599100
22800,-400,100,"bu","13:24:13",599000
22800,-400,400,"bu","13:24:12",598900
22800,-400,900,"bu","13:24:09",598500
22800,-400,100,"bu","13:24:09",597600
22800,-400,1000,"bu","13:24:00",597500
22800,-400,1000,"bu","13:23:53",596500
22800,-400,100,"bu","13:23:49",595500
22800,-400,500,"bu","13:23:47",595400
22800,-400,100,"bu","13:23:41",594900
22800,-400,800,"bu","13:23:39",594800
22800,-400,100,"bu","13:23:38",594000
22800,-400,100,"bu","13:23:30",593900
22800,-400,500,"bu","13:23:14",593800
22800,-400,200,"bu","13:23:08",593300
22800,-400,1000,"bu","13:23:04",593100
22800,-400,100,"bu","13:22:37",592100
22800,-400,100,"bu","13:22:31",592000
22800,-400,3000,"bu","13:22:27",591900
22800,-400,100,"sd","13:22:18",588900
22800,-400,500,"sd","13:22:18",588800
22800,-400,100,"sd","13:22:18",588300
22800,-400,600,"sd","13:22:18",588200
22800,-400,500,"sd","13:21:44",587600
22800,-400,900,"sd","13:21:43",587100
22800,-400,300,"bu","13:21:39",586200
22800,-400,100,"bu","13:21:33",585900
22800,-400,200,"sd","13:21:32",585800
22800,-400,400,"sd","13:21:32",585600
22800,-400,100,"sd","13:21:22",585200
22800,-400,500,"sd","13:21:14",585100
22800,-400,4900,"sd","13:21:14",584600
22800,-400,2300,"sd","13:21:14",579700
22800,-400,100,"sd","13:21:14",577400
22800,-400,200,"sd","13:21:14",577300
22800,-400,100,"bu","13:19:26",577100
22800,-400,200,"bu","13:19:13",577000
22800,-400,100,"sd","13:19:02",576800
22800,-400,200,"sd","13:19:02",576700
22800,-400,300,"sd","13:19:02",576500
22800,-400,100,"sd","13:19:02",576200
22850,-350,100,"bu","13:18:44",576100
22800,-400,900,"sd","13:18:28",576000
22800,-400,100,"sd","13:17:46",575100
22800,-400,100,"sd","13:17:46",575000
22800,-400,900,"sd","13:17:37",574900
22800,-400,100,"sd","13:17:37",574000
22800,-400,800,"sd","13:17:37",573900
22800,-400,100,"sd","13:17:37",573100
22800,-400,100,"sd","13:17:37",573000
22800,-400,100,"sd","13:17:15",572900
22800,-400,100,"bu","13:16:13",572800
22800,-400,400,"bu","13:15:59",572700
22800,-400,100,"bu","13:15:50",572300
22800,-400,900,"bu","13:15:49",572200
22800,-400,1000,"bu","13:15:49",571300
22800,-400,500,"bu","13:15:49",570300
22850,-350,100,"bu","13:15:38",569800
22800,-400,100,"sd","13:15:23",569700
22800,-400,15000,"sd","13:15:23",569600
22800,-400,100,"sd","13:15:23",554600
22800,-400,200,"sd","13:15:23",554500
22800,-400,300,"sd","13:15:23",554300
22800,-400,100,"sd","13:15:23",554000
22800,-400,1700,"sd","13:15:23",553900
22800,-400,200,"sd","13:15:23",552200
22800,-400,200,"sd","13:15:23",552000
22800,-400,100,"sd","13:15:23",551800
22800,-400,100,"sd","13:15:19",551700
22800,-400,1000,"sd","13:15:14",551600
22800,-400,100,"sd","13:15:14",550600
22800,-400,400,"sd","13:15:14",550500
22800,-400,300,"sd","13:14:26",550100
22800,-400,100,"sd","13:14:26",549800
22850,-350,100,"bu","13:14:11",549700
22850,-350,100,"bu","13:13:20",549600
22850,-350,3000,"bu","13:11:55",549500
22850,-350,2600,"bu","13:11:41",546500
22850,-350,200,"bu","13:11:41",543900
22850,-350,10000,"bu","13:11:41",543700
22850,-350,2200,"bu","13:11:41",533700
22850,-350,2000,"bu","13:11:22",531500
22850,-350,100,"bu","13:10:19",529500
22800,-400,300,"sd","13:09:51",529400
22800,-400,1000,"bu","13:08:43",529100
22800,-400,200,"sd","13:08:28",528100
22800,-400,200,"sd","13:08:28",527900
22800,-400,100,"sd","13:08:28",527700
22850,-350,500,"bu","13:08:24",527600
22850,-350,100,"bu","13:07:41",527100
22800,-400,1000,"sd","13:07:16",527000
22800,-400,100,"sd","13:07:16",526000
22800,-400,1600,"sd","13:07:16",525900
22800,-400,300,"sd","13:07:16",524300
22800,-400,200,"sd","13:07:16",524000
22800,-400,600,"sd","13:07:16",523800
22800,-400,400,"sd","13:07:16",523200
22800,-400,300,"sd","13:07:16",522800
22800,-400,200,"sd","13:07:16",522500
22800,-400,300,"sd","13:07:16",522300
22800,-400,300,"sd","13:07:02",522000
22800,-400,400,"sd","13:07:02",521700
22800,-400,300,"sd","13:07:02",521300
22800,-400,300,"sd","13:05:55",521000
22800,-400,300,"sd","13:04:38",520700
22800,-400,100,"sd","13:04:19",520400
22800,-400,100,"sd","13:04:19",520300
22800,-400,300,"sd","13:04:08",520200
22850,-350,500,"bu","13:03:39",519900
22800,-400,500,"sd","13:03:23",519400
22800,-400,100,"sd","13:03:23",518900
22800,-400,500,"sd","13:03:23",518800
22800,-400,400,"sd","13:03:23",518300
22800,-400,200,"sd","13:03:23",517900
22800,-400,300,"sd","13:03:23",517700
22800,-400,500,"sd","13:03:23",517400
22800,-400,1200,"sd","13:03:23",516900
22800,-400,500,"sd","13:03:23",515700
22800,-400,200,"sd","13:03:23",515200
22800,-400,1000,"sd","13:03:23",515000
22800,-400,20000,"sd","13:03:23",514000
22800,-400,300,"sd","13:03:23",494000
22800,-400,1500,"sd","13:03:23",493700
22800,-400,400,"sd","13:03:23",492200
22800,-400,100,"sd","13:03:23",491800
22800,-400,100,"sd","13:03:23",491700
22800,-400,400,"sd","13:03:23",491600
22800,-400,1100,"sd","13:03:23",491200
22800,-400,200,"sd","13:03:23",490100
22800,-400,300,"sd","13:03:23",489900
22800,-400,100,"sd","13:03:23",489600
22800,-400,100,"sd","13:03:23",489500
22800,-400,500,"sd","13:03:19",489400
22800,-400,3000,"sd","13:02:47",488900
22800,-400,200,"sd","13:02:44",485900
22800,-400,400,"sd","13:02:41",485700
22800,-400,500,"sd","13:01:44",485300
22850,-350,100,"bu","13:00:15",484800
22850,-350,500,"bu","13:00:13",484700
22800,-400,100,"sd","13:00:13",484200
22800,-400,1000,"sd","13:00:12",484100
22800,-400,200,"sd","13:00:11",483100
22850,-350,300,"bu","13:00:11",482900
22800,-400,600,"sd","13:00:09",482600
22800,-400,400,"sd","13:00:06",482000
22800,-400,300,"sd","13:00:06",481600
22850,-350,100,"bu","13:00:05",481300
22850,-350,500,"bu","11:28:24",481200
22800,-400,100,"sd","11:28:09",480700
22800,-400,300,"sd","11:27:45",480600
22850,-350,200,"bu","11:27:28",480300
22850,-350,100,"bu","11:27:18",480100
22800,-400,100,"sd","11:26:43",480000
22850,-350,100,"bu","11:26:26",479900
22850,-350,100,"bu","11:25:55",479800
22800,-400,1000,"sd","11:25:42",479700
22800,-400,1000,"sd","11:22:07",478700
22800,-400,100,"sd","11:22:07",477700
22800,-400,200,"sd","11:22:07",477600
22800,-400,500,"sd","11:22:06",477400
22800,-400,100,"sd","11:22:06",476900
22800,-400,100,"sd","11:22:06",476800
22850,-350,2500,"bu","11:21:49",476700
22850,-350,200,"bu","11:21:49",474200
22850,-350,1200,"bu","11:21:49",474000
22850,-350,100,"bu","11:21:15",472800
22850,-350,1000,"bu","11:21:11",472700
22850,-350,5000,"bu","11:21:02",471700
22850,-350,800,"bu","11:20:54",466700
22850,-350,100,"bu","11:20:46",465900
22850,-350,600,"bu","11:20:17",465800
22850,-350,100,"bu","11:19:50",465200
22850,-350,10000,"bu","11:19:28",465100
22850,-350,1100,"bu","11:19:07",455100
22850,-350,3000,"bu","11:19:07",454000
22850,-350,2200,"bu","11:19:07",451000
22850,-350,1800,"bu","11:18:45",448800
22850,-350,200,"bu","11:18:45",447000
22800,-400,100,"sd","11:18:36",446800
22800,-400,100,"sd","11:18:36",446700
22800,-400,100,"bu","11:16:02",446600
22800,-400,100,"bu","11:15:55",446500
22800,-400,100,"bu","11:15:36",446400
22800,-400,300,"bu","11:15:29",446300
22800,-400,100,"bu","11:15:22",446000
22800,-400,100,"bu","11:15:15",445900
22800,-400,2000,"bu","11:15:00",445800
22800,-400,200,"bu","11:14:42",443800
22800,-400,1000,"bu","11:14:25",443600
22750,-450,200,"sd","11:14:24",442600
22800,-400,1000,"sd","11:14:08",442400
22800,-400,500,"sd","11:13:48",441400
22800,-400,100,"sd","11:13:43",440900
22800,-400,400,"sd","11:13:28",440800
22800,-400,100,"sd","11:13:27",440400
22800,-400,1000,"sd","11:13:27",440300
22800,-400,5000,"sd","11:13:27",439300
22800,-400,500,"sd","11:13:27",434300
22800,-400,1000,"sd","11:13:27",433800
22800,-400,4500,"sd","11:13:27",432800
22800,-400,100,"sd","11:13:27",428300
22800,-400,100,"sd","11:13:27",428200
22800,-400,100,"sd","11:13:27",428100
22800,-400,100,"sd","11:13:27",428000
22800,-400,400,"sd","11:13:27",427900
22800,-400,200,"sd","11:13:27",427500
22800,-400,100,"sd","11:13:27",427300
22800,-400,500,"sd","11:13:27",427200
22800,-400,100,"sd","11:13:27",426700
22800,-400,200,"sd","11:13:27",426600
22800,-400,100,"sd","11:13:27",426400
22800,-400,400,"sd","11:13:27",426300
22800,-400,100,"sd","11:13:27",425900
22800,-400,500,"sd","11:13:27",425800
22800,-400,100,"sd","11:13:27",425300
22800,-400,200,"sd","11:13:27",425200
22800,-400,100,"sd","11:13:27",425000
22800,-400,200,"sd","11:13:27",424900
22800,-400,300,"sd","11:13:27",424700
22800,-400,500,"sd","11:13:27",424400
22800,-400,100,"sd","11:13:27",423900
22800,-400,2000,"sd","11:13:27",423800
22850,-350,200,"bu","11:12:06",421800
22850,-350,500,"bu","11:11:50",421600
22850,-350,2000,"bu","11:11:25",421100
22850,-350,2000,"bu","11:11:10",419100
22850,-350,200,"bu","11:10:13",417100
22850,-350,200,"bu","11:10:13",416900
22850,-350,600,"bu","11:09:29",416700
22850,-350,100,"bu","11:08:54",416100
22850,-350,100,"sd","11:07:40",416000
22800,-400,500,"sd","11:06:57",415900
22800,-400,1000,"sd","11:06:57",415400
22800,-400,100,"sd","11:06:57",414400
22800,-400,100,"sd","11:06:57",414300
22800,-400,100,"sd","11:06:57",414200
22800,-400,100,"sd","11:06:57",414100
22800,-400,600,"sd","11:06:57",414000
22800,-400,400,"sd","11:06:57",413400
22800,-400,100,"sd","11:06:57",413000
22800,-400,200,"sd","11:06:57",412900
22800,-400,100,"sd","11:06:57",412700
22800,-400,5000,"sd","11:06:57",412600
22800,-400,100,"sd","11:06:57",407600
22800,-400,700,"sd","11:06:57",407500
22800,-400,100,"sd","11:06:57",406800
22800,-400,100,"sd","11:06:57",406700
22800,-400,700,"sd","11:06:57",406600
22800,-400,5000,"sd","11:06:46",405900
22800,-400,700,"sd","11:03:27",400900
22850,-350,100,"bu","11:03:20",400200
22850,-350,1000,"sd","11:02:56",400100
22850,-350,500,"sd","11:02:56",399100
22850,-350,400,"sd","11:02:56",398600
22900,-300,100,"bu","11:02:50",398200
22850,-350,600,"sd","11:02:13",398100
22850,-350,400,"sd","11:02:13",397500
22850,-350,100,"sd","11:02:10",397100
22850,-350,100,"sd","11:02:10",397000
22850,-350,200,"sd","11:02:10",396900
22850,-350,100,"sd","10:59:11",396700
22850,-350,1700,"bu","10:57:30",396600
22850,-350,300,"bu","10:56:59",394900
22850,-350,200,"bu","10:56:59",394600
22850,-350,500,"bu","10:56:21",394400
22850,-350,400,"sd","10:55:33",393900
22850,-350,700,"sd","10:55:33",393500
22850,-350,1600,"sd","10:55:33",392800
22850,-350,1600,"sd","10:55:33",391200
22850,-350,400,"sd","10:53:37",389600
22850,-350,100,"sd","10:53:37",389200
22850,-350,200,"bu","10:50:07",389100
22850,-350,500,"bu","10:49:37",388900
22850,-350,3000,"bu","10:49:16",388400
22850,-350,100,"bu","10:48:59",385400
22850,-350,200,"bu","10:48:24",385300
22850,-350,200,"sd","10:47:32",385100
22850,-350,800,"sd","10:47:32",384900
22850,-350,1000,"sd","10:47:10",384100
22850,-350,400,"sd","10:47:01",383100
22850,-350,300,"sd","10:46:23",382700
22900,-300,1700,"bu","10:46:22",382400
22900,-300,100,"bu","10:45:44",380700
22900,-300,500,"bu","10:44:11",380600
22850,-350,100,"sd","10:43:53",380100
22850,-350,100,"sd","10:42:55",380000
22850,-350,300,"bu","10:42:29",379900
22850,-350,100,"bu","10:42:29",379600
22850,-350,100,"bu","10:42:21",379500
22850,-350,100,"bu","10:42:19",379400
22850,-350,500,"bu","10:41:58",379300
22800,-400,1300,"sd","10:40:51",378800
22800,-400,100,"sd","10:40:51",377500
22800,-400,300,"sd","10:40:51",377400
22800,-400,100,"sd","10:40:51",377100
22800,-400,100,"sd","10:40:51",377000
22800,-400,200,"sd","10:40:51",376900
22800,-400,500,"sd","10:40:51",376700
22800,-400,100,"sd","10:40:51",376200
22800,-400,500,"sd","10:40:51",376100
22800,-400,100,"sd","10:40:51",375600
22800,-400,300,"sd","10:40:51",375500
22850,-350,1400,"sd","10:40:51",375200
22800,-400,2700,"sd","10:40:40",373800
22800,-400,2300,"sd","10:40:40",371100
22900,-300,100,"bu","10:40:22",368800
22800,-400,1000,"sd","10:40:05",368700
22800,-400,1700,"sd","10:39:42",367700
22800,-400,300,"sd","10:39:42",366000
22800,-400,100,"sd","10:39:04",365700
22800,-400,100,"sd","10:39:04",365600
22800,-400,200,"sd","10:39:04",365500
22800,-400,600,"sd","10:39:04",365300
22850,-350,100,"sd","10:39:04",364700
22850,-350,400,"sd","10:39:04",364600
22850,-350,200,"sd","10:38:03",364200
22850,-350,300,"sd","10:37:51",364000
22850,-350,200,"sd","10:37:51",363700
22850,-350,500,"sd","10:37:51",363500
22900,-300,1000,"bu","10:36:46",363000
22900,-300,200,"bu","10:35:42",362000
22850,-350,5100,"sd","10:34:18",361800
22850,-350,1000,"sd","10:34:18",356700
22850,-350,100,"sd","10:34:18",355700
22850,-350,100,"sd","10:34:18",355600
22850,-350,500,"sd","10:34:18",355500
22850,-350,200,"sd","10:34:18",355000
22850,-350,2900,"sd","10:34:18",354800
22900,-300,100,"bu","10:33:01",351900
22850,-350,100,"sd","10:28:35",351800
22850,-350,100,"sd","10:28:35",351700
22850,-350,900,"sd","10:27:29",351600
22850,-350,100,"bu","10:27:28",350700
22850,-350,7200,"bu","10:27:26",350600
22850,-350,2800,"bu","10:27:26",343400
22850,-350,100,"bu","10:27:16",340600
22850,-350,7100,"bu","10:27:05",340500
22850,-350,2900,"bu","10:27:05",333400
22850,-350,1400,"bu","10:26:53",330500
22850,-350,500,"bu","10:25:58",329100
22850,-350,100,"bu","10:25:51",328600
22850,-350,100,"bu","10:25:44",328500
22850,-350,4900,"bu","10:25:44",328400
22850,-350,100,"bu","10:25:28",323500
22850,-350,100,"bu","10:25:22",323400
22850,-350,100,"bu","10:25:08",323300
22850,-350,200,"bu","10:24:50",323200
22850,-350,200,"bu","10:24:47",323000
22850,-350,4400,"sd","10:24:35",322800
22850,-350,5000,"sd","10:24:23",318400
22850,-350,600,"sd","10:24:23",313400
22850,-350,100,"bu","10:24:03",312800
22850,-350,1000,"bu","10:24:02",312700
22850,-350,200,"bu","10:23:54",311700
22850,-350,3100,"bu","10:23:53",311500
22850,-350,600,"sd","10:23:53",308400
22850,-350,300,"bu","10:23:42",307800
22850,-350,4700,"sd","10:23:36",307500
22850,-350,300,"bu","10:23:25",302800
22850,-350,300,"bu","10:23:11",302500
22850,-350,100,"bu","10:23:11",302200
22850,-350,300,"bu","10:23:11",302100
22850,-350,1000,"sd","10:22:57",301800
22850,-350,100,"sd","10:22:41",300800
22850,-350,2000,"sd","10:22:26",300700
22850,-350,5000,"bu","10:21:46",298700
22850,-350,1600,"bu","10:21:46",293700
22850,-350,1000,"bu","10:21:21",292100
22850,-350,2400,"sd","10:20:56",291100
22850,-350,5100,"sd","10:20:53",288700
22850,-350,100,"sd","10:20:53",283600
22850,-350,200,"sd","10:20:53",283500
22850,-350,1600,"sd","10:20:53",283300
22900,-300,800,"bu","10:20:51",281700
22900,-300,100,"bu","10:20:51",280900
22850,-350,5000,"bu","10:19:59",280800
22850,-350,1000,"bu","10:19:59",275800
22850,-350,2400,"bu","10:19:59",274800
22850,-350,1600,"bu","10:19:27",272400
22850,-350,800,"bu","10:19:06",270800
22850,-350,100,"bu","10:18:56",270000
22850,-350,100,"bu","10:18:44",269900
22850,-350,100,"bu","10:18:37",269800
22850,-350,200,"bu","10:18:29",269700
22800,-400,600,"sd","10:18:27",269500
22800,-400,100,"sd","10:18:27",268900
22800,-400,200,"sd","10:18:27",268800
22800,-400,100,"sd","10:18:27",268600
22800,-400,100,"sd","10:18:27",268500
22800,-400,200,"sd","10:18:27",268400
22800,-400,500,"sd","10:18:27",268200
22800,-400,500,"sd","10:18:27",267700
22800,-400,200,"sd","10:18:27",267200
22800,-400,100,"sd","10:18:27",267000
22800,-400,100,"sd","10:18:27",266900
22800,-400,300,"sd","10:18:27",266800
22800,-400,200,"sd","10:17:28",266500
22800,-400,300,"sd","10:17:28",266300
22850,-350,100,"bu","10:17:18",266000
22800,-400,1000,"sd","10:17:17",265900
22850,-350,200,"bu","10:15:59",264900
22850,-350,100,"bu","10:15:13",264700
22850,-350,4000,"sd","10:14:28",264600
22850,-350,300,"sd","10:14:28",260600
22850,-350,5000,"sd","10:13:43",260300
22850,-350,300,"bu","10:13:23",255300
22850,-350,100,"bu","10:13:23",255000
22850,-350,500,"bu","10:13:23",254900
22850,-350,5000,"bu","10:13:23",254400
22850,-350,2900,"bu","10:13:23",249400
22850,-350,1000,"bu","10:13:23",246500
22850,-350,600,"bu","10:13:23",245500
22850,-350,4300,"bu","10:13:23",244900
22850,-350,500,"bu","10:13:05",240600
22850,-350,200,"bu","10:13:05",240100
22850,-350,600,"bu","10:13:05",239900
22850,-350,700,"bu","10:13:05",239300
22800,-400,500,"sd","10:10:12",238600
22850,-350,1000,"bu","10:09:47",238100
22850,-350,2500,"bu","10:08:37",237100
22800,-400,100,"sd","10:08:20",234600
22800,-400,200,"sd","10:07:41",234500
22800,-400,400,"sd","10:06:50",234300
22800,-400,100,"sd","10:06:50",233900
22850,-350,900,"bu","10:06:25",233800
22850,-350,100,"bu","10:06:25",232900
22850,-350,1000,"bu","10:06:15",232800
22850,-350,5400,"bu","10:05:23",231800
22800,-400,100,"sd","10:04:43",226400
22850,-350,1100,"bu","10:03:06",226300
22800,-400,300,"sd","10:01:18",225200
22800,-400,500,"sd","10:01:06",224900
22800,-400,700,"sd","10:00:59",224400
22800,-400,100,"sd","10:00:59",223700
22800,-400,100,"sd","10:00:59",223600
22800,-400,100,"sd","10:00:59",223500
22800,-400,100,"sd","10:00:59",223400
22800,-400,500,"sd","10:00:59",223300
22800,-400,300,"sd","09:59:56",222800
22800,-400,200,"sd","09:59:56",222500
22800,-400,100,"sd","09:59:56",222300
22800,-400,1000,"sd","09:59:56",222200
22800,-400,100,"sd","09:59:56",221200
22800,-400,900,"sd","09:59:56",221100
22800,-400,1000,"sd","09:59:20",220200
22800,-400,400,"sd","09:58:11",219200
22800,-400,700,"sd","09:58:01",218800
22800,-400,3300,"sd","09:58:01",218100
22800,-400,400,"sd","09:57:29",214800
22800,-400,400,"bu","09:57:05",214400
22800,-400,900,"bu","09:57:05",214000
22800,-400,100,"bu","09:57:04",213100
22800,-400,900,"bu","09:57:04",213000
22800,-400,1000,"bu","09:56:41",212100
22800,-400,100,"bu","09:56:40",211100
22800,-400,600,"bu","09:56:40",211000
22800,-400,200,"bu","09:56:07",210400
22800,-400,100,"bu","09:55:50",210200
22800,-400,100,"sd","09:55:43",210100
22850,-350,500,"bu","09:55:21",210000
22800,-400,100,"sd","09:55:06",209500
22800,-400,100,"sd","09:54:45",209400
22800,-400,100,"sd","09:54:45",209300
22800,-400,100,"sd","09:54:45",209200
22800,-400,100,"bu","09:54:20",209100
22800,-400,200,"bu","09:53:56",209000
22800,-400,100,"bu","09:53:56",208800
22800,-400,200,"bu","09:53:56",208700
22800,-400,1000,"bu","09:53:48",208500
22800,-400,100,"bu","09:53:33",207500
22800,-400,1000,"bu","09:53:17",207400
22800,-400,200,"bu","09:53:04",206400
22800,-400,200,"bu","09:52:37",206200
22850,-350,3000,"bu","09:52:05",206000
22850,-350,3900,"bu","09:51:41",203000
22800,-400,500,"sd","09:51:30",199100
22800,-400,1000,"sd","09:51:30",198600
22800,-400,600,"sd","09:51:30",197600
22800,-400,500,"sd","09:51:30",197000
22800,-400,100,"sd","09:51:30",196500
22800,-400,200,"sd","09:51:30",196400
22800,-400,100,"sd","09:51:30",196200
22800,-400,500,"sd","09:51:30",196100
22800,-400,200,"sd","09:51:30",195600
22800,-400,200,"sd","09:51:30",195400
22800,-400,100,"sd","09:51:30",195200
22800,-400,100,"sd","09:51:30",195100
22800,-400,100,"sd","09:51:30",195000
22800,-400,100,"sd","09:51:30",194900
22800,-400,1200,"sd","09:51:30",194800
22800,-400,500,"sd","09:51:30",193600
22800,-400,200,"sd","09:51:30",193100
22800,-400,2000,"sd","09:51:30",192900
22800,-400,500,"sd","09:51:30",190900
22800,-400,100,"sd","09:51:30",190400
22800,-400,3000,"sd","09:51:30",190300
22800,-400,400,"sd","09:51:30",187300
22850,-350,100,"sd","09:51:30",186900
22850,-350,100,"sd","09:51:30",186800
22850,-350,600,"sd","09:51:30",186700
22850,-350,100,"sd","09:51:30",186100
22850,-350,100,"sd","09:51:30",186000
22850,-350,900,"sd","09:50:57",185900
22850,-350,300,"sd","09:50:34",185000
22850,-350,3000,"sd","09:50:26",184700
22850,-350,200,"sd","09:50:26",181700
22850,-350,1800,"sd","09:50:26",181500
22850,-350,2000,"sd","09:49:11",179700
22850,-350,3000,"sd","09:48:56",177700
22900,-300,100,"bu","09:47:38",174700
22900,-300,100,"bu","09:47:31",174600
22850,-350,200,"sd","09:47:25",174500
22850,-350,100,"sd","09:47:25",174300
22850,-350,900,"bu","09:46:28",174200
22850,-350,100,"bu","09:45:52",173300
22800,-400,600,"sd","09:45:01",173200
22800,-400,500,"sd","09:45:01",172600
22800,-400,1100,"sd","09:45:01",172100
22800,-400,500,"sd","09:45:01",171000
22800,-400,1600,"sd","09:44:42",170500
22800,-400,100,"sd","09:44:42",168900
22800,-400,1000,"sd","09:44:42",168800
22800,-400,300,"sd","09:44:42",167800
22800,-400,300,"sd","09:44:42",167500
22800,-400,100,"sd","09:44:42",167200
22800,-400,500,"sd","09:44:42",167100
22800,-400,600,"sd","09:44:42",166600
22800,-400,1500,"sd","09:44:07",166000
22800,-400,600,"sd","09:43:38",164500
22850,-350,200,"unknown","09:43:38",163900
22850,-350,1000,"unknown","09:43:38",163700
22850,-350,100,"unknown","09:43:38",162700
22850,-350,1000,"unknown","09:43:38",162600
22800,-400,2900,"sd","09:43:38",161600
22800,-400,100,"sd","09:43:38",158700
22800,-400,100,"sd","09:43:38",158600
22900,-300,100,"bu","09:42:37",158500
22900,-300,200,"bu","09:42:18",158400
22900,-300,200,"bu","09:42:18",158200
22900,-300,300,"bu","09:42:18",158000
22900,-300,1300,"bu","09:42:18",157700
22900,-300,1700,"bu","09:41:14",156400
22850,-350,1300,"bu","09:41:14",154700
22850,-350,100,"sd","09:41:13",153400
22850,-350,1600,"sd","09:41:13",153300
22850,-350,4000,"bu","09:40:39",151700
22850,-350,400,"bu","09:40:39",147700
22850,-350,100,"bu","09:39:44",147300
22850,-350,900,"bu","09:39:33",147200
22850,-350,500,"sd","09:39:31",146300
22850,-350,300,"sd","09:39:27",145800
22850,-350,700,"sd","09:39:27",145500
22850,-350,200,"sd","09:39:18",144800
22850,-350,100,"sd","09:39:00",144600
22850,-350,500,"sd","09:38:54",144500
22850,-350,1000,"sd","09:38:44",144000
22850,-350,200,"sd","09:38:44",143000
22850,-350,6000,"bu","09:38:44",142800
22850,-350,300,"bu","09:38:12",136800
22850,-350,100,"bu","09:37:51",136500
22850,-350,300,"bu","09:37:11",136400
22850,-350,1000,"bu","09:37:11",136100
22850,-350,700,"bu","09:37:11",135100
22800,-400,400,"sd","09:36:28",134400
22800,-400,100,"sd","09:36:28",134000
22850,-350,200,"bu","09:36:12",133900
22850,-350,300,"bu","09:35:42",133700
22850,-350,100,"bu","09:35:37",133400
22850,-350,100,"bu","09:35:28",133300
22850,-350,400,"bu","09:35:28",133200
22850,-350,1000,"bu","09:35:10",132800
22850,-350,100,"bu","09:35:07",131800
22800,-400,200,"sd","09:34:55",131700
22800,-400,200,"sd","09:34:04",131500
22800,-400,100,"sd","09:34:04",131300
22800,-400,500,"sd","09:34:04",131200
22800,-400,200,"sd","09:34:04",130700
22800,-400,100,"sd","09:34:04",130500
22800,-400,100,"sd","09:34:04",130400
22800,-400,100,"sd","09:34:04",130300
22800,-400,500,"sd","09:34:04",130200
22800,-400,100,"sd","09:34:04",129700
22800,-400,500,"sd","09:34:04",129600
22800,-400,300,"sd","09:34:04",129100
22850,-350,200,"bu","09:33:46",128800
22850,-350,300,"bu","09:33:27",128600
22850,-350,1000,"sd","09:32:42",128300
22850,-350,500,"sd","09:32:35",127300
22900,-300,300,"bu","09:32:29",126800
22800,-400,200,"sd","09:32:20",126500
22800,-400,200,"sd","09:32:17",126300
22850,-350,100,"sd","09:32:17",126100
22850,-350,500,"sd","09:32:17",126000
22900,-300,100,"bu","09:32:15",125500
22900,-300,100,"bu","09:32:10",125400
22850,-350,500,"bu","09:31:34",125300
22850,-350,200,"bu","09:31:29",124800
22850,-350,300,"bu","09:31:17",124600
22850,-350,700,"bu","09:31:16",124300
22850,-350,200,"bu","09:30:58",123600
22850,-350,100,"bu","09:30:51",123400
22850,-350,300,"sd","09:30:48",123300
22850,-350,100,"sd","09:30:48",123000
22850,-350,100,"sd","09:30:48",122900
22850,-350,1000,"sd","09:30:48",122800
22850,-350,2000,"sd","09:30:48",121800
22850,-350,100,"sd","09:30:48",119800
22850,-350,500,"sd","09:30:48",119700
22850,-350,300,"sd","09:30:48",119200
22850,-350,4000,"sd","09:30:48",118900
22850,-350,500,"sd","09:30:48",114900
22850,-350,100,"sd","09:30:48",114400
22900,-300,500,"bu","09:30:41",114300
22900,-300,600,"bu","09:30:41",113800
22900,-300,800,"bu","09:30:35",113200
22900,-300,200,"bu","09:30:14",112400
22900,-300,100,"bu","09:30:04",112200
22900,-300,200,"bu","09:29:50",112100
22900,-300,100,"bu","09:29:47",111900
22900,-300,100,"bu","09:29:30",111800
22900,-300,2000,"bu","09:29:30",111700
22900,-300,1000,"bu","09:28:48",109700
22900,-300,200,"bu","09:28:20",108700
22900,-300,300,"bu","09:28:20",108500
22850,-350,400,"sd","09:28:05",108200
22850,-350,200,"sd","09:27:47",107800
22850,-350,200,"sd","09:27:47",107600
22850,-350,400,"sd","09:27:47",107400
22900,-300,100,"bu","09:27:39",107000
22900,-300,2000,"bu","09:27:29",106900
22850,-350,100,"sd","09:27:26",104900
22850,-350,500,"sd","09:27:26",104800
22850,-350,400,"sd","09:27:26",104300
22850,-350,500,"sd","09:27:23",103900
22900,-300,100,"bu","09:25:51",103400
22900,-300,1600,"bu","09:25:48",103300
22900,-300,500,"bu","09:25:41",101700
22900,-300,400,"bu","09:25:39",101200
22900,-300,100,"bu","09:25:39",100800
22900,-300,1000,"bu","09:25:02",100700
22850,-350,300,"sd","09:24:58",99700
22850,-350,100,"sd","09:24:58",99400
22850,-350,100,"sd","09:24:58",99300
22900,-300,500,"bu","09:24:06",99200
22900,-300,2400,"bu","09:23:37",98700
22900,-300,200,"bu","09:23:04",96300
22900,-300,600,"sd","09:22:45",96100
22900,-300,5200,"sd","09:22:45",95500
22900,-300,5000,"sd","09:22:42",90300
22900,-300,2000,"sd","09:22:41",85300
22900,-300,1600,"sd","09:22:20",83300
22900,-300,4000,"sd","09:22:16",81700
22900,-300,5000,"sd","09:22:04",77700
22900,-300,500,"bu","09:21:37",72700
22900,-300,5000,"bu","09:21:37",72200
22900,-300,200,"bu","09:21:37",67200
22850,-350,900,"bu","09:21:37",67000
22800,-400,500,"bu","09:21:37",66100
22800,-400,100,"bu","09:21:37",65600
22800,-400,300,"bu","09:21:28",65500
22800,-400,100,"bu","09:21:27",65200
22800,-400,2500,"bu","09:21:24",65100
22800,-400,1500,"bu","09:21:24",62600
22800,-400,100,"bu","09:21:19",61100
22800,-400,100,"sd","09:21:01",61000
22800,-400,100,"sd","09:21:01",60900
22800,-400,100,"sd","09:21:01",60800
22800,-400,100,"sd","09:21:01",60700
22800,-400,200,"sd","09:21:01",60600
22800,-400,200,"sd","09:21:01",60400
22800,-400,100,"sd","09:21:01",60200
22850,-350,100,"bu","09:20:39",60100
22900,-300,100,"bu","09:20:30",60000
22850,-350,400,"bu","09:20:05",59900
22850,-350,200,"bu","09:19:59",59500
22800,-400,300,"bu","09:19:59",59300
22800,-400,500,"sd","09:19:53",59000
22850,-350,300,"bu","09:19:51",58500
22850,-350,100,"sd","09:19:44",58200
22850,-350,500,"sd","09:19:31",58100
22850,-350,100,"sd","09:19:31",57600
22750,-450,300,"sd","09:19:16",57500
22750,-450,200,"sd","09:19:16",57200
22850,-350,500,"unknown","09:18:59",57000
22700,-500,100,"bu","09:17:11",56500
22700,-500,500,"bu","09:16:59",56400
22700,-500,200,"bu","09:16:59",55900
22700,-500,700,"bu","09:16:58",55700
22550,-650,500,"sd","09:16:51",55000
22550,-650,200,"sd","09:16:51",54500
22550,-650,200,"sd","09:16:50",54300
22600,-600,500,"sd","09:16:50",54100
22600,-600,1000,"sd","09:16:50",53600
22600,-600,700,"sd","09:16:50",52600
22600,-600,700,"sd","09:16:50",51900
22600,-600,500,"sd","09:16:50",51200
22600,-600,1000,"sd","09:16:50",50700
22650,-550,200,"sd","09:16:50",49700
22600,-600,300,"sd","09:16:50",49500
22650,-550,1200,"sd","09:16:50",49200
22600,-600,1000,"sd","09:16:50",48000
22650,-550,1000,"sd","09:16:50",47000
22650,-550,500,"sd","09:16:50",46000
22700,-500,100,"sd","09:16:50",45500
22700,-500,500,"sd","09:16:50",45400
22700,-500,1000,"sd","09:16:50",44900
22700,-500,500,"sd","09:16:50",43900
22700,-500,200,"sd","09:16:50",43400
22700,-500,500,"sd","09:16:50",43200
22800,-400,1000,"sd","09:16:50",42700
22750,-450,1000,"sd","09:16:50",41700
22800,-400,200,"sd","09:16:50",40700
22750,-450,1000,"sd","09:16:50",40500
22800,-400,2300,"sd","09:16:50",39500
22750,-450,500,"sd","09:16:50",37200
22850,-350,300,"sd","09:16:50",36700
22750,-450,2000,"sd","09:16:50",36400
22850,-350,1000,"sd","09:16:50",34400
22800,-400,2000,"sd","09:16:50",33400
22900,-300,1200,"sd","09:16:50",31400
22800,-400,100,"sd","09:16:50",30200
22900,-300,2000,"sd","09:16:50",30100
22800,-400,1000,"sd","09:16:50",28100
22900,-300,500,"sd","09:16:50",27100
22800,-400,400,"sd","09:16:50",26600
22800,-400,200,"sd","09:16:50",26200
22800,-400,200,"sd","09:16:50",26000
22800,-400,300,"sd","09:16:50",25800
22800,-400,100,"sd","09:16:50",25500
22900,-300,500,"sd","09:16:46",25400
22950,-250,100,"sd","09:16:32",24900
23000,-200,1000,"bu","09:16:26",24800
23000,-200,1200,"sd","09:16:04",23800
23000,-200,1200,"sd","09:16:04",22600
23000,-200,8000,"sd","09:16:02",21400
23000,-200,800,"sd","09:16:00",13400
23000,-200,200,"sd","09:16:00",12600
23000,-200,800,"sd","09:16:00",12400
23000,-200,100,"sd","09:16:00",11600
23000,-200,100,"sd","09:16:00",11500
23000,-200,100,"sd","09:15:59",11400
23000,-200,100,"sd","09:15:57",11300
23000,-200,1000,"sd","09:15:46",11200
23000,-200,100,"sd","09:15:44",10200
23000,-200,100,"sd","09:15:38",10100
23000,-200,200,"sd","09:15:35",10000
23000,-200,200,"sd","09:15:34",9800
23000,-200,100,"sd","09:15:25",9600
23050,-150,1000,"bu","09:15:25",9500
23100,-100,8500,"sd","09:15:01",8500
