"price","change","match_qtty","side","time","total_vol"
14400,100,28100,"unknown","14:45:02",415400
14450,150,100,"bu","14:29:48",387300
14400,100,500,"sd","14:28:42",387200
14400,100,1500,"sd","14:28:35",386700
14400,100,400,"sd","14:28:35",385200
14400,100,100,"sd","14:28:22",384800
14400,100,2500,"sd","14:27:58",384700
14400,100,200,"sd","14:27:58",382200
14400,100,1300,"sd","14:27:58",382000
14450,150,200,"bu","14:27:52",380700
14450,150,100,"bu","14:27:44",380500
14450,150,1700,"bu","14:27:40",380400
14450,150,1400,"bu","14:27:36",378700
14400,100,600,"sd","14:27:27",377300
14400,100,100,"sd","14:26:35",376700
14400,100,200,"sd","14:26:35",376600
14400,100,1300,"sd","14:26:28",376400
14400,100,500,"sd","14:26:28",375100
14400,100,200,"sd","14:26:28",374600
14400,100,1000,"sd","14:26:28",374400
14400,100,1600,"sd","14:26:12",373400
14450,150,200,"bu","14:25:53",371800
14450,150,1000,"bu","14:24:58",371600
14400,100,2000,"sd","14:24:54",370600
14400,100,200,"sd","14:23:17",368600
14400,100,200,"sd","14:22:22",368400
14400,100,100,"sd","14:22:22",368200
14400,100,200,"sd","14:22:22",368100
14450,150,4100,"bu","14:21:43",367900
14450,150,900,"bu","14:21:43",363800
14450,150,100,"bu","14:21:26",362900
14450,150,100,"bu","14:21:26",362800
14400,100,1800,"sd","14:21:13",362700
14400,100,200,"sd","14:21:13",360900
14400,100,100,"sd","14:20:56",360700
14400,100,300,"sd","14:20:51",360600
14400,100,500,"sd","14:20:34",360300
14400,100,500,"sd","14:20:34",359800
14400,100,100,"sd","14:20:34",359300
14400,100,900,"sd","14:20:34",359200
14400,100,100,"sd","14:19:11",358300
14400,100,200,"sd","14:19:11",358200
14400,100,100,"sd","14:18:51",358000
14400,100,700,"bu","14:18:47",357900
14400,100,300,"bu","14:18:13",357200
14400,100,500,"bu","14:18:13",356900
14400,100,1200,"bu","14:18:13",356400
14400,100,1800,"bu","14:17:52",355200
14400,100,800,"bu","14:17:52",353400
14400,100,100,"sd","14:16:37",352600
14400,100,900,"bu","14:15:44",352500
14400,100,1000,"bu","14:15:37",351600
14400,100,5000,"sd","14:15:15",350600
14400,100,100,"sd","14:15:15",345600
14400,100,3000,"sd","14:15:15",345500
14400,100,1400,"sd","14:15:14",342500
14400,100,5000,"sd","14:14:12",341100
14400,100,3000,"sd","14:14:09",336100
14400,100,100,"sd","14:13:12",333100
14400,100,100,"sd","14:13:02",333000
14400,100,2000,"sd","14:12:47",332900
14400,100,100,"sd","14:11:58",330900
14400,100,100,"sd","14:11:22",330800
14400,100,800,"sd","14:11:21",330700
14400,100,100,"sd","14:11:03",329900
14400,100,500,"sd","14:10:20",329800
14400,100,2000,"bu","14:09:24",329300
14400,100,2800,"bu","14:09:24",327300
14400,100,2000,"sd","14:08:02",324500
14400,100,200,"sd","14:08:02",322500
14400,100,100,"sd","14:07:02",322300
14400,100,1500,"sd","14:05:51",322200
14400,100,100,"sd","14:05:15",320700
14400,100,300,"sd","14:05:11",320600
14400,100,2000,"bu","14:04:34",320300
14400,100,300,"bu","14:04:34",318300
14400,100,500,"bu","14:04:34",318000
14400,100,100,"bu","14:04:34",317500
14400,100,1000,"bu","14:04:34",317400
14400,100,1000,"bu","14:04:34",316400
14400,100,10000,"bu","14:04:34",315400
14400,100,2100,"bu","14:04:34",305400
14400,100,1000,"bu","14:04:34",303300
14400,100,1000,"bu","14:04:34",302300
14400,100,1000,"bu","14:04:34",301300
14400,100,3000,"bu","14:04:34",300300
14350,50,1000,"bu","14:03:53",297300
14350,50,700,"bu","14:03:53",296300
14350,50,1300,"bu","14:03:41",295600
14350,50,3000,"bu","14:03:41",294300
14350,50,100,"bu","14:03:41",291300
14350,50,600,"bu","14:03:41",291200
14350,50,900,"bu","14:03:32",290600
14350,50,300,"bu","14:02:17",289700
14350,50,1000,"bu","14:02:17",289400
14350,50,2000,"sd","14:02:17",288400
14350,50,300,"sd","14:02:17",286400
14350,50,5000,"sd","14:02:05",286100
14350,50,900,"unknown","13:57:28",281100
14350,50,500,"unknown","13:57:28",280200
14350,50,1600,"unknown","13:57:28",279700
14350,50,3000,"bu","13:56:00",278100
14350,50,300,"bu","13:55:02",275100
14350,50,700,"sd","13:54:32",274800
14350,50,1000,"sd","13:54:32",274100
14350,50,500,"sd","13:54:32",273100
14350,50,100,"sd","13:54:32",272600
14350,50,1800,"sd","13:54:32",272500
14350,50,2000,"sd","13:54:19",270700
14350,50,1000,"sd","13:52:38",268700
14350,50,1000,"bu","13:49:04",267700
14350,50,200,"bu","13:49:04",266700
14350,50,300,"bu","13:49:03",266500
14350,50,200,"bu","13:49:03",266200
14350,50,1000,"bu","13:48:42",266000
14350,50,100,"bu","13:46:35",265000
14350,50,700,"bu","13:46:16",264900
14350,50,500,"bu","13:44:15",264200
14350,50,500,"bu","13:44:15",263700
14300,0,1500,"sd","13:44:07",263200
14300,0,500,"sd","13:41:59",261700
14300,0,2900,"sd","13:41:36",261200
14300,0,300,"sd","13:41:36",258300
14300,0,200,"sd","13:41:36",258000
14300,0,600,"sd","13:41:36",257800
14300,0,500,"sd","13:38:04",257200
14300,0,900,"sd","13:34:16",256700
14350,50,1000,"bu","13:34:09",255800
14350,50,1000,"bu","13:33:23",254800
14350,50,500,"bu","13:32:57",253800
14350,50,200,"bu","13:32:22",253300
14350,50,200,"bu","13:32:21",253100
14350,50,100,"bu","13:32:16",252900
14350,50,100,"bu","13:32:16",252800
14350,50,400,"bu","13:31:33",252700
14350,50,200,"bu","13:31:33",252300
14350,50,400,"bu","13:31:33",252100
14300,0,3000,"sd","13:30:19",251700
14350,50,1000,"bu","13:30:02",248700
14350,50,500,"bu","13:29:58",247700
14350,50,500,"bu","13:29:45",247200
14350,50,500,"bu","13:29:09",246700
14300,0,300,"sd","13:28:26",246200
14300,0,2300,"bu","13:27:25",245900
14300,0,100,"bu","13:27:08",243600
14300,0,1000,"sd","13:26:42",243500
14300,0,100,"sd","13:26:42",242500
14300,0,1000,"sd","13:26:42",242400
14300,0,200,"sd","13:26:42",241400
14300,0,100,"sd","13:26:42",241200
14300,0,200,"sd","13:26:42",241100
14300,0,500,"bu","13:23:50",240900
14300,0,500,"bu","13:22:26",240400
14300,0,300,"bu","13:22:26",239900
14300,0,2000,"bu","13:22:26",239600
14300,0,1000,"bu","13:22:26",237600
14300,0,1200,"bu","13:22:26",236600
14300,0,200,"bu","13:21:25",235400
14300,0,400,"bu","13:13:53",235200
14300,0,1000,"bu","13:12:22",234800
14300,0,2000,"bu","13:10:59",233800
14250,-50,500,"sd","13:10:57",231800
14300,0,1000,"sd","13:10:41",231300
14300,0,200,"sd","13:10:41",230300
14300,0,100,"sd","13:10:40",230100
14300,0,600,"sd","13:10:29",230000
14300,0,100,"sd","13:10:19",229400
14300,0,100,"sd","13:09:27",229300
14300,0,700,"sd","13:09:27",229200
14300,0,300,"sd","13:09:27",228500
14300,0,200,"sd","13:09:27",228200
14300,0,8700,"sd","13:09:27",228000
14350,50,100,"bu","13:07:22",219300
14350,50,100,"bu","13:07:22",219200
14300,0,1000,"sd","13:05:56",219100
14300,0,300,"sd","13:05:27",218100
14300,0,700,"sd","13:05:27",217800
14300,0,300,"sd","13:01:54",217100
14300,0,100,"sd","13:01:54",216800
14300,0,100,"sd","13:01:54",216700
14300,0,1000,"sd","13:01:54",216600
14300,0,200,"sd","13:01:54",215600
14300,0,100,"sd","13:01:54",215400
14350,50,100,"sd","13:01:54",215300
14350,50,100,"sd","13:01:54",215200
14300,0,700,"sd","13:00:14",215100
14400,100,100,"bu","13:00:13",214400
14300,0,300,"sd","13:00:12",214300
14300,0,100,"sd","13:00:08",214000
14300,0,100,"sd","13:00:07",213900
14300,0,500,"sd","13:00:06",213800
14350,50,800,"sd","11:29:18",213300
14350,50,100,"sd","11:29:18",212500
14350,50,200,"sd","11:29:18",212400
14350,50,900,"sd","11:29:18",212200
14350,50,3000,"sd","11:27:50",211300
14350,50,5000,"sd","11:21:23",208300
14350,50,600,"bu","11:20:42",203300
14350,50,500,"bu","11:20:42",202700
14350,50,500,"bu","11:20:22",202200
14350,50,500,"bu","11:20:22",201700
14350,50,100,"bu","11:19:57",201200
14350,50,100,"bu","11:19:45",201100
14300,0,1300,"sd","11:18:07",201000
14300,0,500,"sd","11:18:07",199700
14300,0,500,"sd","11:18:07",199200
14300,0,2700,"sd","11:18:07",198700
14350,50,100,"bu","11:17:04",196000
14300,0,12500,"sd","11:14:22",195900
14350,50,200,"bu","11:06:46",183400
14350,50,100,"bu","11:06:05",183200
14350,50,500,"sd","11:02:46",183100
14350,50,1000,"sd","11:02:46",182600
14350,50,1000,"sd","11:02:46",181600
14350,50,500,"sd","11:02:46",180600
14350,50,500,"sd","11:02:36",180100
14350,50,500,"sd","11:02:36",179600
14350,50,1000,"sd","11:02:07",179100
14350,50,3000,"sd","11:01:13",178100
14350,50,100,"sd","10:51:12",175100
14350,50,400,"sd","10:48:48",175000
14350,50,100,"sd","10:48:48",174600
14400,100,300,"bu","10:41:42",174500
14400,100,2000,"sd","10:40:49",174200
14400,100,200,"sd","10:40:49",172200
14400,100,100,"sd","10:40:49",172000
14400,100,100,"sd","10:40:49",171900
14400,100,2200,"sd","10:40:49",171800
14400,100,1000,"sd","10:36:13",169600
14400,100,1000,"sd","10:35:21",168600
14450,150,100,"bu","10:32:48",167600
14450,150,400,"bu","10:32:38",167500
14450,150,400,"bu","10:32:38",167100
14450,150,100,"sd","10:31:44",166700
14450,150,500,"sd","10:28:05",166600
14450,150,400,"sd","10:28:05",166100
14450,150,100,"bu","10:27:21",165700
14450,150,1000,"bu","10:25:12",165600
14450,150,1000,"bu","10:24:28",164600
14400,100,200,"sd","10:21:30",163600
14400,100,3000,"bu","10:21:18",163400
14350,50,1000,"sd","10:19:25",160400
14300,0,8800,"sd","10:19:25",159400
14350,50,100,"sd","10:19:25",150600
14300,0,200,"sd","10:19:25",150500
14350,50,200,"sd","10:19:25",150300
14300,0,1000,"sd","10:19:25",150100
14350,50,200,"sd","10:19:25",149100
14300,0,3000,"sd","10:19:25",148900
14400,100,100,"sd","10:19:25",145900
14300,0,600,"sd","10:19:25",145800
14350,50,2000,"sd","10:19:25",145200
14350,50,200,"sd","10:19:25",143200
14350,50,1500,"sd","10:19:25",143000
14350,50,1000,"sd","10:19:25",141500
14350,50,100,"sd","10:19:25",140500
14400,100,500,"bu","10:19:03",140400
14400,100,500,"sd","10:17:28",139900
14400,100,100,"sd","10:17:28",139400
14400,100,900,"sd","10:17:28",139300
14400,100,400,"sd","10:15:56",138400
14400,100,100,"sd","10:15:56",138000
14400,100,100,"sd","10:15:30",137900
14400,100,200,"sd","10:14:42",137800
14400,100,300,"sd","10:14:42",137600
14450,150,500,"bu","10:14:33",137300
14450,150,200,"bu","10:14:33",136800
14400,100,100,"sd","10:13:49",136600
14400,100,200,"sd","10:13:40",136500
14400,100,700,"sd","10:12:00",136300
14400,100,1000,"sd","10:12:00",135600
14400,100,100,"sd","10:12:00",134600
14400,100,3000,"sd","10:12:00",134500
14400,100,200,"sd","10:12:00",131500
14450,150,100,"bu","10:10:22",131300
14450,150,700,"bu","10:10:10",131200
14450,150,300,"bu","10:10:10",130500
14400,100,200,"sd","10:09:12",130200
14400,100,600,"unknown","10:08:43",130000
14350,50,900,"sd","10:06:37",129400
14350,50,100,"sd","10:06:37",128500
14450,150,1000,"sd","10:05:47",128400
14500,200,500,"sd","10:05:36",127400
14500,200,1000,"sd","10:05:36",126900
14500,200,400,"sd","10:05:36",125900
14600,300,2400,"bu","10:05:15",125500
14600,300,600,"bu","10:05:15",123100
14500,200,100,"sd","10:05:01",122500
14600,300,2400,"bu","10:04:51",122400
14600,300,200,"bu","10:04:51",120000
14600,300,100,"bu","10:04:51",119800
14600,300,400,"bu","10:04:51",119700
14550,250,100,"bu","10:04:51",119300
14600,300,500,"bu","10:04:44",119200
14600,300,1100,"bu","10:04:35",118700
14600,300,600,"bu","10:04:34",117600
14600,300,100,"bu","10:04:34",117000
14600,300,100,"bu","10:04:34",116900
14600,300,200,"bu","10:04:34",116800
14600,300,1000,"bu","10:04:34",116400
14600,300,200,"bu","10:04:34",116600
14550,250,200,"bu","10:04:31",115400
14500,200,100,"bu","10:04:25",115200
14500,200,100,"bu","10:04:25",115100
14500,200,100,"bu","10:04:25",115000
14500,200,300,"bu","10:04:25",114900
14500,200,1000,"bu","10:04:25",114600
14500,200,600,"bu","10:04:25",113600
14500,200,400,"bu","10:04:22",113000
14500,200,1000,"bu","10:04:22",112600
14500,200,300,"bu","10:04:22",111600
14500,200,100,"bu","10:04:22",111300
14500,200,500,"bu","10:04:22",111200
14500,200,1400,"bu","10:04:22",110700
14500,200,2200,"bu","10:04:22",109300
14500,200,600,"bu","10:04:22",107100
14500,200,400,"bu","10:04:08",106500
14450,150,100,"bu","10:03:58",106100
14450,150,300,"bu","10:03:58",106000
14450,150,300,"bu","10:03:58",104700
14450,150,1000,"bu","10:03:58",105700
14400,100,200,"bu","10:03:43",104400
14400,100,1000,"bu","10:03:43",104200
14400,100,1100,"bu","10:03:42",103200
14400,100,1500,"bu","10:03:42",102100
14400,100,1500,"bu","10:03:42",100600
14350,50,1900,"bu","10:03:31",99100
14350,50,100,"bu","10:03:31",97200
14350,50,300,"bu","10:03:31",97100
14350,50,100,"bu","10:03:28",96800
14350,50,600,"bu","10:03:27",96700
14350,50,100,"bu","10:03:27",96100
14350,50,900,"bu","10:03:19",96000
14350,50,500,"bu","10:02:59",95100
14350,50,500,"bu","10:01:17",94600
14350,50,500,"bu","10:00:41",94100
14350,50,2500,"bu","10:00:41",93600
14300,0,500,"sd","10:00:29",91100
14300,0,200,"sd","10:00:21",90600
14300,0,700,"sd","09:59:29",90400
14300,0,2800,"sd","09:59:29",89700
14300,0,300,"sd","09:57:44",86900
14300,0,6800,"sd","09:54:53",86600
14300,0,300,"sd","09:54:44",79800
14300,0,1000,"sd","09:54:00",79500
14300,0,100,"sd","09:51:46",78500
14300,0,100,"sd","09:51:46",78400
14300,0,2200,"sd","09:51:46",78300
14300,0,9800,"bu","09:51:12",76100
14300,0,500,"bu","09:51:12",66300
14300,0,500,"bu","09:51:12",65800
14300,0,200,"bu","09:51:12",65300
14300,0,1000,"bu","09:51:12",65100
14300,0,200,"bu","09:51:12",64100
14300,0,1000,"bu","09:51:12",63900
14300,0,500,"bu","09:51:12",62900
14300,0,2000,"bu","09:51:12",62400
14250,-50,200,"sd","09:47:15",60400
14250,-50,1000,"sd","09:46:39",60200
14250,-50,100,"sd","09:45:59",59200
14300,0,100,"bu","09:45:59",59100
14300,0,4900,"bu","09:45:11",59000
14250,-50,2000,"bu","09:41:51",54100
14250,-50,4000,"bu","09:41:51",52100
14250,-50,200,"bu","09:41:51",48100
14250,-50,100,"bu","09:41:51",47900
14250,-50,400,"bu","09:39:50",47800
14200,-100,100,"unknown","09:39:42",47400
14200,-100,1000,"sd","09:38:13",47300
14200,-100,1000,"sd","09:38:13",46300
14200,-100,200,"sd","09:37:13",45300
14200,-100,300,"sd","09:36:56",45100
14200,-100,100,"sd","09:36:56",44800
14200,-100,500,"sd","09:36:56",44700
14200,-100,2300,"sd","09:36:56",44200
14250,-50,200,"bu","09:36:29",41900
14200,-100,100,"sd","09:36:18",41700
14250,-50,300,"bu","09:35:50",41600
14250,-50,200,"bu","09:35:50",41300
14250,-50,1800,"bu","09:34:32",41100
14250,-50,1000,"bu","09:34:32",39300
14250,-50,200,"bu","09:34:32",38300
14200,-100,1500,"sd","09:33:08",38100
14200,-100,100,"sd","09:33:06",36600
14200,-100,200,"sd","09:33:06",36500
14200,-100,300,"sd","09:32:49",36300
14200,-100,500,"bu","09:31:53",36000
14200,-100,1300,"bu","09:31:41",35500
14200,-100,3700,"bu","09:31:41",34200
14200,-100,100,"bu","09:30:59",30500
14200,-100,1000,"bu","09:30:57",30400
14200,-100,5000,"bu","09:29:23",29400
14150,-150,100,"sd","09:28:53",24400
14200,-100,200,"bu","09:28:36",24300
14150,-150,300,"sd","09:28:28",24100
14150,-150,400,"sd","09:28:28",23800
14200,-100,100,"bu","09:27:46",23400
14200,-100,100,"bu","09:27:06",23300
14200,-100,100,"bu","09:27:04",23200
14200,-100,300,"sd","09:26:02",23100
14150,-150,100,"sd","09:25:20",22800
14150,-150,2000,"sd","09:25:20",22700
14150,-150,1000,"sd","09:25:20",20700
14200,-100,100,"bu","09:24:54",19700
14200,-100,200,"bu","09:24:30",19600
14250,-50,100,"bu","09:22:00",19400
14250,-50,200,"bu","09:21:39",19300
14250,-50,200,"bu","09:21:39",19100
14250,-50,100,"bu","09:21:22",18900
14100,-200,200,"sd","09:19:40",18800
14100,-200,1000,"sd","09:19:40",18600
14100,-200,500,"sd","09:19:40",17600
14100,-200,800,"sd","09:19:40",17100
14200,-100,500,"sd","09:19:40",16300
14250,-50,3000,"bu","09:19:02",15800
14250,-50,2000,"bu","09:19:02",12800
14200,-100,500,"bu","09:18:45",10800
14200,-100,100,"bu","09:18:43",10300
14200,-100,400,"bu","09:18:43",10200
14200,-100,1000,"bu","09:18:34",9800
14200,-100,300,"bu","09:18:28",8800
14200,-100,300,"sd","09:17:39",8500
14200,-100,700,"bu","09:17:37",8200
14200,-100,300,"bu","09:16:56",7500
14100,-200,7200,"sd","09:15:01",7200
