"price","change","match_qtty","side","time","total_vol"
12300,300,2400,"sd","14:37:38",63900
12300,300,100,"sd","14:36:37",61500
12300,300,200,"sd","14:27:22",61400
12300,300,500,"sd","14:21:27",61200
12300,300,1300,"unknown","14:16:45",60700
12300,300,100,"unknown","14:09:53",59400
12300,300,400,"unknown","14:08:14",59300
12200,200,400,"sd","13:45:42",58900
12200,200,100,"sd","13:31:02",58500
12300,300,300,"unknown","13:29:52",58400
12300,300,100,"bu","13:26:01",58100
12300,300,200,"bu","13:25:11",58000
12300,300,400,"bu","13:23:51",57800
12300,300,200,"bu","13:22:41",57400
12200,200,100,"sd","13:15:41",57200
12200,200,700,"sd","13:11:29",57100
12200,200,800,"unknown","13:06:08",56400
12200,200,500,"sd","11:14:07",55600
12200,200,300,"sd","11:13:54",55100
12200,200,3500,"sd","11:00:42",54800
12200,200,400,"bu","10:53:04",51300
12200,200,600,"bu","10:52:06",50900
12200,200,500,"bu","10:40:06",50300
12200,200,300,"bu","10:37:52",49800
12200,200,100,"bu","10:34:52",49500
12200,200,300,"bu","10:27:21",49400
12200,200,100,"unknown","10:22:43",49100
12200,200,700,"bu","10:22:11",49000
12200,200,200,"bu","10:22:09",48300
12200,200,3100,"unknown","10:18:52",48100
12300,300,1900,"unknown","10:17:55",45000
12300,300,400,"sd","10:14:35",43100
12400,400,500,"sd","10:10:03",42700
12500,500,2500,"bu","10:05:31",42200
12500,500,5000,"bu","10:05:22",39700
12400,400,1000,"bu","10:04:49",34700
12400,400,100,"bu","10:04:24",33700
12400,400,500,"bu","10:04:12",33600
12300,300,700,"bu","10:03:37",33100
12300,300,100,"bu","10:03:35",32400
12300,300,19000,"bu","10:03:06",32300
12200,200,100,"bu","10:02:55",13300
12200,200,1000,"bu","10:02:43",13200
12100,100,1900,"bu","10:02:25",12200
12100,100,1500,"bu","10:02:14",10300
12100,100,1000,"bu","10:02:02",8800
12000,0,1000,"sd","09:55:55",7800
12000,0,700,"sd","09:52:00",6800
12000,0,1200,"sd","09:50:53",6100
12000,0,100,"sd","09:30:15",4900
12000,0,1700,"sd","09:28:15",4800
12000,0,500,"unknown","09:20:13",3100
12000,0,2000,"sd","09:19:32",2600
12000,0,500,"sd","09:17:52",600
11900,-100,100,"bu","09:03:06",100
