"price","change","match_qtty","side","time","total_vol"
17050,150,61800,"unknown","14:45:01",1218400
17350,450,200,"bu","14:29:58",1156600
17350,450,100,"bu","14:29:37",1156400
17250,350,2400,"sd","14:29:26",1156300
17300,400,700,"sd","14:29:19",1153900
17300,400,200,"sd","14:29:16",1153200
17300,400,600,"sd","14:29:16",1153000
17300,400,2300,"sd","14:29:16",1152400
17300,400,600,"sd","14:28:54",1150100
17300,400,800,"bu","14:27:54",1149500
17300,400,200,"unknown","14:27:45",1148700
17350,450,100,"bu","14:27:06",1148500
17350,450,900,"bu","14:27:06",1148400
17350,450,100,"bu","14:25:47",1147500
17200,300,200,"bu","14:23:55",1147400
17200,300,1000,"bu","14:23:55",1147200
17200,300,1500,"bu","14:23:55",1146200
17200,300,3000,"bu","14:23:21",1144700
17200,300,1700,"bu","14:22:53",1141700
17200,300,1000,"bu","14:22:53",1140000
17200,300,100,"bu","14:22:19",1139000
17200,300,900,"bu","14:21:54",1138900
17150,250,1100,"sd","14:21:41",1138000
17150,250,100,"sd","14:21:35",1136900
17100,200,600,"sd","14:21:25",1136800
17100,200,200,"sd","14:21:25",1136200
17100,200,100,"sd","14:21:25",1136000
17100,200,500,"sd","14:21:25",1135900
17100,200,100,"sd","14:21:25",1135400
17150,250,900,"sd","14:21:25",1135300
17100,200,1000,"sd","14:21:25",1134400
17100,200,100,"sd","14:21:25",1133400
17100,200,300,"sd","14:21:25",1133300
17100,200,100,"sd","14:21:25",1133000
17100,200,1100,"sd","14:21:25",1132900
17100,200,200,"sd","14:21:25",1131800
17100,200,300,"sd","14:21:25",1131600
17150,250,500,"sd","14:21:25",1131300
17150,250,200,"sd","14:21:25",1130800
17150,250,300,"sd","14:20:53",1130600
17150,250,100,"sd","14:20:53",1130300
17150,250,200,"sd","14:20:53",1130200
17150,250,5000,"sd","14:20:53",1130000
17150,250,500,"sd","14:20:53",1125000
17150,250,100,"sd","14:20:53",1124500
17200,300,100,"sd","14:19:49",1124400
17200,300,600,"sd","14:19:48",1124300
17200,300,1000,"sd","14:19:48",1123700
17200,300,1500,"sd","14:19:48",1122700
17200,300,1000,"sd","14:19:37",1121200
17200,300,1000,"sd","14:19:37",1120200
17200,300,1000,"sd","14:19:37",1119200
17200,300,500,"sd","14:19:37",1118200
17200,300,100,"sd","14:19:37",1117700
17200,300,300,"sd","14:19:37",1117600
17200,300,100,"sd","14:19:37",1117300
17200,300,4700,"sd","14:19:37",1117200
17200,300,500,"sd","14:19:37",1112500
17200,300,100,"sd","14:19:37",1112000
17250,350,2000,"sd","14:18:37",1111900
17400,500,100,"bu","14:17:47",1109900
17400,500,200,"bu","14:17:12",1109800
17200,300,4300,"sd","14:16:53",1109600
17200,300,200,"sd","14:16:53",1105300
17200,300,1600,"sd","14:16:53",1105100
17250,350,100,"sd","14:16:53",1103500
17250,350,100,"bu","14:16:22",1103400
17200,300,1100,"sd","14:15:59",1103300
17200,300,100,"sd","14:15:59",1102200
17250,350,1000,"sd","14:15:59",1102100
17250,350,300,"sd","14:15:59",1101100
17250,350,700,"sd","14:15:46",1100800
17250,350,5500,"sd","14:15:46",1100100
17250,350,4500,"sd","14:15:45",1094600
17250,350,200,"sd","14:15:45",1090100
17250,350,200,"sd","14:15:45",1089900
17250,350,100,"sd","14:15:45",1089700
17300,400,1000,"sd","14:15:45",1089600
17300,400,1000,"sd","14:15:45",1088600
17300,400,200,"sd","14:15:45",1087600
17300,400,200,"sd","14:15:45",1087400
17300,400,1900,"sd","14:15:45",1087200
17300,400,1100,"sd","14:15:43",1085300
17300,400,300,"sd","14:15:43",1084200
17300,400,3700,"sd","14:15:43",1083900
17300,400,1300,"sd","14:15:35",1080200
17300,400,300,"sd","14:15:35",1078900
17350,450,5000,"sd","14:15:35",1078600
17350,450,2700,"sd","14:15:35",1073600
17350,450,5400,"sd","14:15:29",1070900
17350,450,1900,"sd","14:15:24",1065500
17400,500,1000,"sd","14:15:24",1063600
17400,500,3300,"sd","14:15:24",1062600
17400,500,9300,"sd","14:15:23",1059300
17400,500,2900,"sd","14:15:15",1050000
17400,500,200,"sd","14:15:15",1047100
17400,500,2200,"sd","14:15:15",1046900
17400,500,9300,"sd","14:15:12",1044700
17400,500,3100,"sd","14:15:11",1035400
17400,500,5100,"sd","14:15:06",1032300
17400,500,300,"sd","14:15:03",1027200
17400,500,9000,"sd","14:15:03",1026900
17400,500,3100,"sd","14:14:58",1017900
17400,500,3100,"sd","14:14:53",1014800
17400,500,9300,"sd","14:14:52",1011700
17400,500,100,"sd","14:14:05",1002400
17450,550,100,"bu","14:13:50",1002300
17450,550,500,"bu","14:13:08",1002200
17450,550,100,"bu","14:13:04",1001700
17450,550,200,"bu","14:13:04",1001600
17450,550,1000,"bu","14:13:04",1001400
17450,550,100,"bu","14:13:04",1000400
17450,550,100,"bu","14:13:04",1000300
17450,550,200,"bu","14:13:04",1000200
17450,550,200,"bu","14:13:04",1000000
17450,550,1000,"bu","14:13:04",999800
17450,550,1900,"bu","14:12:54",998800
17450,550,200,"bu","14:12:54",996900
17450,550,800,"bu","14:12:54",996700
17450,550,200,"bu","14:12:45",995900
17450,550,100,"bu","14:12:45",995700
17450,550,1000,"bu","14:12:45",995600
17450,550,800,"bu","14:12:45",994600
17450,550,800,"bu","14:12:45",993800
17450,550,2900,"bu","14:12:36",993000
17450,550,900,"bu","14:11:20",990100
17450,550,5000,"bu","14:11:20",989200
17450,550,100,"bu","14:11:20",984200
17400,500,5000,"bu","14:09:36",984100
17400,500,400,"bu","14:09:36",979100
17400,500,1000,"bu","14:09:31",978700
17400,500,1000,"sd","14:08:13",977700
17400,500,2000,"sd","14:07:55",976700
17400,500,5000,"sd","14:07:51",974700
17400,500,1700,"sd","14:07:37",969700
17400,500,300,"bu","14:06:37",968000
17400,500,1000,"sd","14:06:35",967700
17400,500,200,"sd","14:06:35",966700
17400,500,5000,"sd","14:06:20",966500
17400,500,5000,"sd","14:06:00",961500
17400,500,2000,"sd","14:05:58",956500
17400,500,400,"sd","14:05:54",954500
17400,500,500,"sd","14:05:50",954100
17400,500,5000,"sd","14:05:46",953600
17400,500,5000,"sd","14:05:39",948600
17400,500,3100,"sd","14:05:38",943600
17400,500,500,"sd","14:05:36",940500
17400,500,9300,"sd","14:05:27",940000
17400,500,3100,"sd","14:05:22",930700
17400,500,9300,"sd","14:05:15",927600
17400,500,3100,"sd","14:05:10",918300
17400,500,3100,"sd","14:04:54",915200
17400,500,5000,"sd","14:04:04",912100
17400,500,5000,"sd","14:03:55",907100
17400,500,100,"sd","14:02:14",902100
17450,550,100,"bu","14:01:17",902000
17450,550,500,"bu","14:01:17",901900
17450,550,100,"bu","14:01:17",901400
17450,550,500,"bu","14:01:17",901300
17450,550,200,"bu","14:01:17",900800
17450,550,1000,"bu","13:59:40",900600
17400,500,200,"sd","13:59:07",899600
17450,550,200,"bu","13:59:03",899400
17400,500,900,"sd","13:58:42",899200
17400,500,100,"sd","13:58:19",898300
17400,500,500,"sd","13:57:47",898200
17400,500,2000,"sd","13:57:44",897700
17400,500,100,"bu","13:57:40",895700
17400,500,10000,"bu","13:57:40",895600
17400,500,900,"bu","13:57:40",885600
17400,500,500,"bu","13:57:40",884700
17400,500,3000,"bu","13:57:40",884200
17400,500,200,"bu","13:57:40",881200
17400,500,1000,"bu","13:57:40",881000
17400,500,10000,"bu","13:57:40",880000
17400,500,1000,"bu","13:57:40",870000
17400,500,100,"bu","13:57:40",869000
17400,500,1000,"bu","13:57:40",868900
17400,500,3800,"bu","13:57:40",867900
17300,400,900,"sd","13:57:25",864100
17300,400,100,"sd","13:56:53",863200
17300,400,3500,"sd","13:56:52",863100
17350,450,2700,"sd","13:56:52",859600
17350,450,300,"bu","13:56:52",856900
17350,450,1000,"bu","13:56:52",856600
17350,450,500,"bu","13:56:52",855600
17350,450,500,"bu","13:56:52",855100
17300,400,1000,"sd","13:56:30",854600
17300,400,1000,"sd","13:56:10",853600
17300,400,1000,"sd","13:56:08",852600
17300,400,2400,"sd","13:55:19",851600
17350,450,700,"sd","13:55:19",849200
17350,450,500,"sd","13:55:18",848500
17350,450,3100,"sd","13:55:03",848000
17350,450,100,"sd","13:54:52",844900
17350,450,600,"sd","13:54:47",844800
17350,450,400,"sd","13:54:47",844200
17400,500,100,"bu","13:53:17",843800
17350,450,2200,"bu","13:53:17",843700
17350,450,2400,"bu","13:53:17",841500
17300,400,3100,"sd","13:52:05",839100
17300,400,100,"sd","13:52:01",836000
17300,400,2400,"sd","13:52:01",835900
17300,400,100,"sd","13:52:01",833500
17300,400,100,"sd","13:52:01",833400
17300,400,500,"sd","13:52:01",833300
17300,400,100,"sd","13:51:49",832800
17300,400,3300,"sd","13:51:49",832700
17300,400,5300,"sd","13:51:49",829400
17300,400,300,"sd","13:51:49",824100
17300,400,300,"sd","13:51:49",823800
17350,450,2000,"sd","13:51:36",823500
17350,450,600,"sd","13:51:36",821500
17350,450,100,"sd","13:51:09",820900
17350,450,1000,"sd","13:51:09",820800
17350,450,3900,"sd","13:51:09",819800
17400,500,3100,"bu","13:51:09",815900
17400,500,3000,"bu","13:51:06",812800
17400,500,100,"bu","13:51:06",809800
17350,450,1100,"sd","13:50:38",809700
17350,450,300,"sd","13:50:38",808600
17350,450,7900,"sd","13:50:38",808300
17350,450,200,"sd","13:50:23",800400
17350,450,5000,"sd","13:50:23",800200
17350,450,4100,"sd","13:50:23",795200
17350,450,200,"sd","13:50:20",791100
17350,450,100,"sd","13:50:14",790900
17350,450,500,"sd","13:49:24",790800
17350,450,3300,"sd","13:47:26",790300
17400,500,100,"bu","13:45:20",787000
17400,500,100,"bu","13:45:10",786900
17400,500,900,"bu","13:45:10",786800
17400,500,500,"bu","13:45:10",785900
17400,500,900,"bu","13:45:10",785400
17400,500,1000,"bu","13:45:10",784500
17400,500,900,"bu","13:45:10",783500
17400,500,100,"bu","13:45:10",782600
17400,500,5600,"bu","13:45:10",782500
17350,450,200,"sd","13:44:49",776900
17350,450,500,"sd","13:44:35",776700
17400,500,100,"bu","13:36:03",776200
17400,500,100,"bu","13:36:02",776100
17400,500,4200,"bu","13:35:01",776000
17400,500,1000,"bu","13:35:01",771800
17400,500,100,"bu","13:35:01",770800
17400,500,3000,"bu","13:35:01",770700
17400,500,300,"bu","13:35:01",767700
17400,500,200,"bu","13:35:01",767400
17400,500,1000,"bu","13:35:01",767200
17400,500,200,"bu","13:35:01",766200
17400,500,500,"bu","13:33:36",766000
17400,500,2100,"bu","13:31:30",765500
17400,500,100,"bu","13:31:30",763400
17400,500,900,"bu","13:31:30",763300
17350,450,1000,"sd","13:31:29",762400
17350,450,100,"sd","13:30:12",761400
17400,500,100,"sd","13:29:44",761300
17400,500,100,"sd","13:29:32",761200
17400,500,5000,"sd","13:29:09",761100
17400,500,4800,"sd","13:29:08",756100
17400,500,100,"sd","13:29:08",751300
17400,500,100,"sd","13:29:08",751200
17400,500,100,"sd","13:28:54",751100
17400,500,6100,"sd","13:28:53",751000
17400,500,200,"sd","13:28:53",744900
17400,500,200,"sd","13:28:53",744700
17400,500,9300,"sd","13:28:53",744500
17400,500,34200,"sd","13:28:53",735200
17400,500,100,"sd","13:28:28",701000
17400,500,100,"sd","13:28:26",700900
17450,550,7900,"bu","13:28:19",700800
17400,500,1000,"sd","13:28:04",692900
17400,500,2000,"sd","13:27:16",691900
17400,500,5000,"sd","13:26:52",689900
17400,500,200,"sd","13:26:36",684900
17400,500,500,"sd","13:26:29",684700
17400,500,100,"sd","13:26:12",684200
17400,500,300,"sd","13:25:08",684100
17400,500,500,"bu","13:24:59",683800
17400,500,6000,"bu","13:24:59",683300
17300,400,100,"sd","13:24:56",677300
17400,500,24000,"bu","13:24:47",677200
17400,500,100,"bu","13:24:47",653200
17400,500,5900,"bu","13:24:47",653100
17400,500,700,"bu","13:24:47",647200
17400,500,2000,"bu","13:24:47",646500
17400,500,5300,"bu","13:24:47",644500
17400,500,1000,"bu","13:24:47",639200
17400,500,300,"bu","13:24:47",638200
17400,500,1000,"bu","13:24:47",637900
17400,500,3000,"bu","13:24:47",636900
17400,500,1000,"bu","13:24:47",633900
17400,500,500,"bu","13:24:47",632900
17400,500,100,"bu","13:24:47",632400
17400,500,1000,"bu","13:24:47",632300
17400,500,2900,"bu","13:24:47",631300
17350,450,500,"bu","13:24:47",628400
17350,450,700,"bu","13:24:47",627900
17350,450,300,"sd","13:24:32",627200
17350,450,5500,"sd","13:24:31",626900
17350,450,1000,"sd","13:24:14",621400
17350,450,1000,"sd","13:24:02",620400
17350,450,200,"sd","13:23:26",619400
17350,450,2000,"bu","13:23:19",619200
17400,500,3000,"bu","13:17:52",617200
17400,500,1100,"sd","13:17:00",614200
17400,500,3900,"sd","13:16:48",613100
17400,500,1100,"sd","13:16:48",609200
17400,500,100,"sd","13:16:38",608100
17400,500,100,"sd","13:16:01",608000
17400,500,100,"sd","13:15:56",607900
17400,500,3600,"sd","13:15:39",607800
17400,500,1400,"sd","13:15:39",604200
17400,500,200,"sd","13:15:36",602800
17400,500,1200,"sd","13:15:26",602600
17400,500,2000,"sd","13:15:19",601400
17450,550,700,"bu","13:15:18",599400
17450,550,100,"bu","13:15:18",598700
17450,550,1800,"bu","13:15:18",598600
17400,500,200,"sd","13:14:52",596800
17400,500,3100,"sd","13:14:52",596600
17400,500,1700,"sd","13:14:52",593500
17400,500,1500,"sd","13:14:45",591800
17400,500,2000,"sd","13:14:41",590300
17400,500,4100,"sd","13:14:28",588300
17400,500,5900,"sd","13:14:28",584200
17400,500,2000,"sd","13:14:23",578300
17400,500,100,"sd","13:14:18",576300
17400,500,300,"sd","13:14:13",576200
17400,500,300,"sd","13:14:12",575900
17400,500,700,"sd","13:13:42",575600
17400,500,300,"sd","13:13:42",574900
17400,500,100,"sd","13:13:41",574600
17400,500,1000,"bu","13:13:24",574500
17400,500,5000,"bu","13:13:24",573500
17400,500,100,"bu","13:13:24",568500
17400,500,1000,"bu","13:13:24",568400
17400,500,500,"bu","13:13:24",567400
17350,450,100,"bu","13:13:24",566900
17350,450,1200,"bu","13:13:24",566800
17350,450,2000,"bu","13:13:22",565600
17300,400,600,"sd","13:12:59",563600
17300,400,2400,"sd","13:12:59",563000
17300,400,2000,"sd","13:12:47",560600
17350,450,1800,"sd","13:11:48",558600
17350,450,19000,"sd","13:11:21",556800
17350,450,100,"sd","13:10:33",537800
17400,500,20000,"bu","13:10:23",537700
17350,450,1000,"sd","13:10:06",517700
17350,450,600,"sd","13:09:17",516700
17350,450,19900,"bu","13:09:12",516100
17350,450,5000,"bu","13:09:11",496200
17350,450,200,"bu","13:09:11",491200
17350,450,2400,"bu","13:09:11",491000
17350,450,1000,"bu","13:08:59",488600
17350,450,1000,"sd","13:07:59",487600
17350,450,5000,"sd","13:07:46",486600
17350,450,500,"bu","13:07:14",481600
17350,450,3500,"bu","13:07:14",481100
17350,450,1500,"bu","13:07:02",477600
17350,450,4500,"bu","13:07:02",476100
17300,400,100,"sd","13:05:43",471600
17300,400,100,"sd","13:04:21",471500
17350,450,500,"sd","13:02:26",471400
17400,500,100,"bu","13:01:41",470900
17400,500,6600,"bu","13:00:17",470800
17400,500,1000,"bu","13:00:17",464200
17400,500,13700,"bu","13:00:17",463200
17400,500,200,"bu","13:00:17",449500
17350,450,1500,"bu","13:00:17",449300
17350,450,100,"bu","13:00:17",447800
17350,450,3200,"bu","13:00:17",447700
17350,450,300,"bu","13:00:17",444500
17350,450,3700,"bu","13:00:17",444200
17300,400,400,"sd","13:00:07",440500
17300,400,900,"sd","13:00:07",440100
17300,400,100,"sd","13:00:05",439200
17300,400,600,"sd","13:00:05",439100
17350,450,100,"bu","13:00:05",438500
17300,400,1100,"sd","13:00:04",438400
17300,400,300,"sd","13:00:04",437300
17350,450,500,"bu","13:00:01",437000
17300,400,700,"sd","13:00:00",436500
17300,400,1000,"sd","13:00:00",435800
17300,400,500,"sd","11:29:10",434800
17300,400,400,"sd","11:28:46",434300
17300,400,2500,"sd","11:28:44",433900
17300,400,500,"sd","11:28:43",431400
17300,400,100,"sd","11:28:26",430900
17300,400,1000,"sd","11:26:23",430800
17300,400,1000,"sd","11:26:12",429800
17350,450,700,"bu","11:26:11",428800
17350,450,400,"bu","11:26:11",428100
17300,400,100,"sd","11:26:04",427700
17300,400,2300,"sd","11:25:36",427600
17300,400,7700,"sd","11:25:36",425300
17300,400,2300,"sd","11:23:37",417600
17300,400,100,"sd","11:23:37",415300
17300,400,200,"sd","11:23:37",415200
17300,400,900,"sd","11:19:23",415000
17300,400,500,"sd","11:19:19",414100
17300,400,100,"sd","11:18:45",413600
17300,400,1400,"sd","11:18:26",413500
17300,400,500,"sd","11:18:13",412100
17300,400,6400,"sd","11:18:07",411600
17300,400,1000,"sd","11:18:07",405200
17300,400,2600,"sd","11:18:07",404200
17300,400,400,"sd","11:18:03",401600
17300,400,500,"sd","11:17:38",401200
17350,450,900,"bu","11:14:21",400700
17350,450,3700,"bu","11:13:12",399800
17350,450,1200,"bu","11:13:12",396100
17350,450,100,"bu","11:13:12",394900
17300,400,400,"sd","11:11:14",394800
17300,400,300,"sd","11:10:55",394400
17300,400,100,"sd","11:10:15",394100
17300,400,700,"sd","11:10:07",394000
17300,400,3100,"sd","11:10:07",393300
17300,400,3100,"sd","11:10:07",390200
17300,400,3100,"sd","11:10:07",387100
17300,400,1000,"sd","11:09:19",384000
17350,450,5000,"bu","11:00:20",383000
17350,450,100,"bu","11:00:20",378000
17350,450,500,"bu","11:00:20",377900
17350,450,800,"bu","11:00:20",377400
17350,450,3600,"bu","11:00:20",376600
17300,400,300,"sd","10:59:30",373000
17300,400,500,"sd","10:55:33",372700
17300,400,1000,"sd","10:54:56",372200
17300,400,3100,"sd","10:53:19",371200
17300,400,300,"sd","10:49:24",368100
17300,400,4700,"sd","10:47:52",367800
17300,400,500,"sd","10:47:52",363100
17300,400,4100,"sd","10:47:52",362600
17300,400,200,"sd","10:47:52",358500
17300,400,1400,"sd","10:47:52",358300
17300,400,7100,"sd","10:47:52",356900
17300,400,500,"sd","10:47:15",349800
17350,450,1400,"bu","10:47:12",349300
17350,450,100,"bu","10:47:12",347900
17300,400,500,"sd","10:43:58",347800
17350,450,300,"bu","10:42:19",347300
17350,450,9600,"sd","10:42:13",347000
17350,450,400,"sd","10:42:05",337400
17350,450,1600,"sd","10:42:05",337000
17350,450,500,"sd","10:41:59",335400
17400,500,200,"sd","10:40:15",334900
17400,500,4900,"sd","10:40:15",334700
17400,500,100,"sd","10:40:12",329800
17450,550,3200,"bu","10:35:47",329700
17450,550,1800,"bu","10:35:47",326500
17450,550,3200,"bu","10:35:41",324700
17450,550,3800,"bu","10:35:41",321500
17400,500,3000,"bu","10:35:41",317700
17400,500,2000,"sd","10:35:40",314700
17400,500,1000,"unknown","10:35:00",312700
17450,550,1200,"bu","10:34:51",311700
17450,550,700,"bu","10:34:51",310500
17450,550,2400,"bu","10:32:01",309800
17450,550,10000,"bu","10:32:01",307400
17450,550,600,"bu","10:32:01",297400
17450,550,100,"bu","10:31:25",296800
17450,550,800,"bu","10:31:18",296700
17450,550,1400,"bu","10:31:18",295900
17400,500,700,"bu","10:31:18",294500
17450,550,1800,"bu","10:31:05",293800
17450,550,100,"bu","10:31:05",292000
17450,550,900,"bu","10:31:05",291900
17450,550,100,"bu","10:31:05",291000
17450,550,1200,"bu","10:30:58",290900
17400,500,1700,"bu","10:30:58",289700
17400,500,1000,"bu","10:30:52",288000
17400,500,2300,"bu","10:30:52",287000
17400,500,100,"bu","10:30:52",284700
17400,500,100,"bu","10:30:52",284600
17400,500,200,"bu","10:30:52",284500
17400,500,100,"bu","10:30:52",284300
17400,500,3200,"bu","10:30:52",284200
17400,500,100,"bu","10:30:52",281000
17400,500,300,"bu","10:30:52",280900
17400,500,100,"bu","10:30:52",280600
17400,500,1000,"bu","10:30:52",280500
17400,500,100,"bu","10:30:52",279500
17400,500,100,"bu","10:30:52",279400
17400,500,5000,"bu","10:30:52",279300
17400,500,5000,"bu","10:30:52",274300
17400,500,200,"bu","10:30:52",269300
17400,500,100,"bu","10:30:52",269100
17400,500,100,"bu","10:30:52",269000
17400,500,100,"bu","10:30:52",268900
17400,500,800,"bu","10:30:52",268800
17350,450,200,"sd","10:30:52",268000
17400,500,2900,"bu","10:30:48",267800
17350,450,100,"sd","10:30:44",264900
17350,450,700,"bu","10:30:38",264800
17300,400,800,"sd","10:30:37",264100
17350,450,1300,"bu","10:30:35",263300
17350,450,200,"bu","10:30:35",262000
17350,450,100,"bu","10:30:34",261800
17350,450,5000,"bu","10:30:34",261700
17350,450,3300,"bu","10:30:34",256700
17350,450,100,"bu","10:30:34",253400
17350,450,4000,"bu","10:30:34",253300
17350,450,2900,"bu","10:30:26",249300
17300,400,100,"sd","10:30:22",246400
17350,450,2900,"bu","10:30:15",246300
17300,400,100,"sd","10:27:20",243400
17300,400,900,"sd","10:27:00",243300
17300,400,100,"sd","10:27:00",242400
17300,400,100,"sd","10:26:47",242300
17350,450,100,"bu","10:26:45",242200
17350,450,500,"bu","10:26:35",242100
17350,450,2500,"bu","10:26:35",241600
17350,450,100,"bu","10:26:35",239100
17300,400,500,"sd","10:25:10",239000
17300,400,200,"sd","10:24:54",238500
17300,400,100,"sd","10:23:30",238300
17350,450,200,"bu","10:23:29",238200
17350,450,3000,"bu","10:22:38",238000
17300,400,100,"bu","10:22:38",235000
17300,400,5000,"bu","10:22:26",234900
17300,400,4900,"bu","10:22:08",229900
17300,400,300,"bu","10:22:08",225000
17300,400,3100,"bu","10:22:08",224700
17300,400,1000,"bu","10:22:08",221600
17300,400,4000,"bu","10:21:49",220600
17300,400,200,"bu","10:21:49",216600
17300,400,300,"bu","10:21:48",216400
17300,400,2800,"bu","10:21:48",216100
17300,400,7200,"bu","10:21:43",213300
17300,400,100,"bu","10:21:43",206100
17300,400,2000,"bu","10:21:43",206000
17250,350,700,"sd","10:21:39",204000
17250,350,500,"sd","10:21:19",203300
17300,400,2400,"bu","10:21:15",202800
17300,400,200,"bu","10:21:15",200400
17300,400,2300,"bu","10:21:15",200200
17250,350,400,"sd","10:19:28",197900
17250,350,500,"sd","10:19:28",197500
17250,350,100,"sd","10:19:28",197000
17250,350,500,"sd","10:19:28",196900
17250,350,3200,"sd","10:19:28",196400
17250,350,100,"sd","10:18:59",193200
17300,400,200,"bu","10:18:52",193100
17250,350,1700,"sd","10:17:33",192900
17250,350,400,"sd","10:17:33",191200
17250,350,800,"sd","10:17:33",190800
17300,400,200,"bu","10:12:40",190000
17250,350,100,"sd","10:11:50",189800
17300,400,500,"bu","10:11:49",189700
17300,400,100,"bu","10:11:33",189200
17250,350,200,"sd","10:10:33",189100
17300,400,100,"bu","10:08:50",188900
17300,400,6600,"bu","10:07:51",188800
17300,400,200,"bu","10:07:51",182200
17300,400,200,"bu","10:07:51",182000
17250,350,200,"sd","10:06:27",181800
17250,350,200,"sd","10:04:45",181600
17250,350,800,"sd","10:02:34",181400
17250,350,2600,"sd","10:01:48",180600
17250,350,100,"sd","09:59:46",178000
17300,400,800,"bu","09:59:37",177900
17300,400,3100,"bu","09:59:37",177100
17300,400,5000,"bu","09:59:37",174000
17300,400,100,"bu","09:59:37",169000
17300,400,100,"bu","09:59:37",168900
17300,400,300,"bu","09:59:37",168800
17300,400,600,"bu","09:59:36",168500
17200,300,1700,"sd","09:59:36",167900
17250,350,3300,"sd","09:59:36",166200
17250,350,500,"bu","09:59:26",162900
17250,350,1000,"bu","09:59:26",162400
17250,350,200,"bu","09:59:26",161400
17250,350,500,"sd","09:58:15",161200
17250,350,300,"sd","09:58:15",160700
17250,350,100,"sd","09:56:29",160400
17250,350,100,"sd","09:55:28",160300
17250,350,100,"bu","09:53:12",160200
17250,350,500,"bu","09:52:49",160100
17300,400,2600,"bu","09:52:19",159600
17300,400,300,"bu","09:52:19",157000
17300,400,1000,"bu","09:52:19",156700
17300,400,5000,"bu","09:52:19",155700
17300,400,3100,"bu","09:52:19",150700
17300,400,300,"bu","09:51:14",147600
17250,350,100,"bu","09:51:14",147300
17250,350,100,"bu","09:51:14",147200
17200,300,100,"sd","09:49:16",147100
17200,300,2900,"bu","09:49:14",147000
17150,250,100,"sd","09:48:23",144100
17150,250,600,"sd","09:47:56",144000
17200,300,500,"sd","09:47:49",143400
17200,300,10000,"sd","09:47:49",142900
17200,300,2600,"sd","09:47:49",132900
17200,300,700,"sd","09:47:36",130300
17200,300,800,"sd","09:47:36",129600
17250,350,100,"bu","09:47:12",128800
17200,300,200,"sd","09:46:56",128700
17250,350,4200,"sd","09:46:51",128500
17250,350,500,"sd","09:45:50",124300
17250,350,200,"sd","09:45:26",123800
17300,400,4700,"bu","09:45:21",123600
17300,400,200,"bu","09:45:21",118900
17300,400,100,"bu","09:45:21",118700
17250,350,100,"bu","09:45:15",118600
17300,400,100,"bu","09:40:26",118500
17300,400,200,"bu","09:40:26",118400
17350,450,3100,"bu","09:38:31",118200
17350,450,3100,"bu","09:38:25",115100
17350,450,3100,"bu","09:38:19",112000
17400,500,1300,"bu","09:37:32",108900
17400,500,200,"bu","09:37:31",107600
17400,500,1800,"bu","09:37:23",107400
17400,500,1000,"bu","09:37:23",105600
17400,500,100,"bu","09:37:23",104600
17300,400,300,"bu","09:37:21",104500
17300,400,500,"bu","09:37:21",104200
17300,400,100,"bu","09:37:21",103700
17300,400,200,"bu","09:37:21",103600
17300,400,1000,"bu","09:37:21",103400
17300,400,300,"bu","09:37:21",102400
17300,400,400,"bu","09:37:21",102100
17200,300,3200,"bu","09:37:14",101700
17200,300,2600,"bu","09:37:14",98500
17200,300,200,"bu","09:37:14",95900
17200,300,100,"bu","09:37:14",95700
17150,250,5000,"bu","09:37:10",95600
17150,250,300,"bu","09:37:10",90600
17150,250,3300,"bu","09:37:10",90300
17150,250,2000,"bu","09:37:10",87000
17150,250,1000,"bu","09:37:10",85000
17150,250,500,"bu","09:37:10",84000
17150,250,500,"bu","09:37:10",83500
17100,200,1000,"bu","09:37:10",83000
17100,200,600,"bu","09:37:10",82000
17100,200,200,"bu","09:37:10",81400
17100,200,2700,"bu","09:37:10",81200
17100,200,500,"bu","09:37:10",78500
17100,200,400,"bu","09:37:10",78000
17100,200,200,"bu","09:37:10",77600
17100,200,1000,"bu","09:37:10",77400
17100,200,1000,"bu","09:33:06",76400
17100,200,900,"bu","09:32:34",75400
17100,200,200,"bu","09:31:08",74500
17100,200,100,"bu","09:30:55",74300
17050,150,2100,"sd","09:30:42",74200
17050,150,1200,"sd","09:30:09",72100
17100,200,200,"sd","09:29:18",70900
17100,200,100,"sd","09:29:18",70700
17100,200,1000,"sd","09:29:18",70600
17100,200,200,"sd","09:29:18",69600
17100,200,500,"sd","09:29:18",69400
17100,200,300,"sd","09:29:18",68900
17100,200,500,"sd","09:29:18",68600
17100,200,100,"sd","09:29:18",68100
17100,200,1000,"sd","09:29:18",68000
17100,200,100,"sd","09:29:18",67000
17100,200,200,"sd","09:29:18",66900
17100,200,200,"sd","09:29:18",66700
17100,200,300,"sd","09:29:18",66500
17100,200,200,"sd","09:29:18",66200
17100,200,4300,"sd","09:29:18",66000
17100,200,500,"sd","09:29:15",61700
17100,200,200,"sd","09:28:35",61200
17100,200,500,"sd","09:28:25",61000
17100,200,200,"sd","09:27:49",60500
17100,200,300,"sd","09:27:41",60300
17100,200,200,"sd","09:27:41",60000
17150,250,600,"bu","09:27:17",59800
17100,200,200,"sd","09:26:53",59200
17150,250,100,"bu","09:26:42",59000
17150,250,200,"bu","09:26:30",58900
17150,250,400,"bu","09:26:28",58700
17150,250,100,"bu","09:26:23",58300
17150,250,700,"bu","09:25:33",58200
17150,250,600,"bu","09:25:22",57500
17150,250,600,"bu","09:24:36",56900
17150,250,3100,"bu","09:24:18",56300
17150,250,100,"bu","09:24:11",53200
17150,250,100,"bu","09:24:03",53100
17150,250,3000,"bu","09:23:24",53000
17150,250,800,"bu","09:23:20",50000
17150,250,800,"bu","09:23:01",49200
17150,250,200,"bu","09:22:57",48400
17150,250,1800,"bu","09:22:45",48200
17150,250,1000,"bu","09:21:47",46400
17150,250,3000,"bu","09:21:34",45400
17150,250,100,"bu","09:21:24",42400
17150,250,100,"bu","09:21:16",42300
17100,200,300,"sd","09:21:08",42200
17150,250,100,"bu","09:21:07",41900
17150,250,1800,"bu","09:20:28",41800
17150,250,2000,"bu","09:20:16",40000
17150,250,100,"bu","09:20:15",38000
17150,250,200,"bu","09:19:36",37900
17100,200,300,"sd","09:19:29",37700
17100,200,900,"sd","09:19:29",37400
17100,200,800,"sd","09:19:29",36500
17150,250,100,"bu","09:19:20",35700
17100,200,200,"bu","09:16:38",35600
17000,100,300,"sd","09:16:13",35400
17000,100,100,"bu","09:16:11",35100
17000,100,400,"bu","09:16:11",35000
17000,100,1000,"bu","09:16:04",34600
17000,100,1000,"bu","09:15:56",33600
17000,100,500,"bu","09:15:43",32600
17000,100,1500,"bu","09:15:42",32100
17000,100,100,"bu","09:15:08",30600
17000,100,1000,"bu","09:15:05",30500
17000,100,29500,"bu","09:15:01",29500
