"price","change","match_qtty","side","time","total_vol"
12100,-800,361600,"sd","14:45:02",7381900
12300,-600,1100,"bu","14:29:56",7020300
12300,-600,500,"bu","14:29:43",7019200
12300,-600,500,"sd","14:29:35",7018700
12300,-600,100,"sd","14:29:35",7018200
12300,-600,2000,"sd","14:29:32",7018100
12300,-600,4800,"sd","14:29:16",7016100
12300,-600,100,"sd","14:29:14",7011300
12300,-600,400,"bu","14:28:57",7011200
12300,-600,1600,"bu","14:28:57",7010800
12300,-600,1000,"bu","14:28:57",7009200
12350,-550,800,"bu","14:28:48",7008200
12300,-600,2100,"bu","14:28:48",7007400
12300,-600,100,"bu","14:28:48",7005300
12300,-600,2000,"bu","14:28:48",7005200
12300,-600,200,"bu","14:28:37",7003200
12300,-600,9800,"bu","14:28:27",7003000
12300,-600,10200,"bu","14:28:27",6993200
12300,-600,500,"bu","14:28:08",6983000
12300,-600,100,"bu","14:28:08",6982500
12300,-600,300,"bu","14:28:08",6982400
12300,-600,200,"bu","14:28:01",6982100
12300,-600,300,"sd","14:27:57",6981900
12300,-600,1000,"sd","14:27:57",6981600
12300,-600,2400,"sd","14:27:57",6980600
12300,-600,100,"sd","14:27:53",6978200
12300,-600,1000,"sd","14:27:53",6978100
12300,-600,900,"sd","14:27:53",6977100
12300,-600,1000,"sd","14:27:49",6976200
12300,-600,8100,"sd","14:27:41",6975200
12300,-600,6900,"sd","14:27:41",6967100
12300,-600,1000,"sd","14:27:38",6960200
12300,-600,200,"bu","14:27:35",6959200
12300,-600,2200,"bu","14:27:35",6959000
12250,-650,4700,"sd","14:27:33",6956800
12250,-650,500,"sd","14:27:33",6952100
12300,-600,5000,"bu","14:27:30",6951600
12300,-600,100,"bu","14:27:28",6946600
12300,-600,300,"sd","14:27:15",6946500
12350,-550,400,"sd","14:27:15",6946200
12350,-550,100,"sd","14:27:08",6945800
12350,-550,200,"sd","14:27:07",6945700
12350,-550,1000,"bu","14:27:05",6945500
12350,-550,2000,"bu","14:27:05",6944500
12350,-550,300,"bu","14:27:05",6942500
12350,-550,3000,"bu","14:27:05",6942200
12350,-550,1900,"bu","14:27:05",6939200
12350,-550,100,"bu","14:27:05",6937300
12300,-600,3000,"sd","14:27:03",6937200
12300,-600,1000,"sd","14:26:53",6934200
12300,-600,1000,"bu","14:26:44",6933200
12300,-600,3000,"bu","14:26:44",6932200
12300,-600,500,"bu","14:26:44",6929200
12300,-600,500,"bu","14:26:44",6928700
12300,-600,1000,"bu","14:26:44",6928200
12300,-600,600,"bu","14:26:44",6927200
12300,-600,400,"bu","14:26:40",6926600
12300,-600,500,"bu","14:26:40",6926200
12300,-600,500,"bu","14:26:40",6925700
12300,-600,3600,"bu","14:26:39",6925200
12300,-600,1000,"bu","14:26:35",6921600
12300,-600,500,"bu","14:26:35",6920600
12250,-650,1000,"sd","14:26:28",6920100
12300,-600,2500,"bu","14:26:25",6919100
12300,-600,1000,"bu","14:26:25",6916600
12300,-600,100,"bu","14:26:25",6915600
12250,-650,500,"sd","14:26:11",6915500
12250,-650,500,"bu","14:26:09",6915000
12200,-700,500,"sd","14:26:08",6914500
12200,-700,100,"sd","14:26:08",6914000
12200,-700,1400,"sd","14:26:08",6913900
12250,-650,1500,"bu","14:26:06",6912500
12250,-650,1000,"bu","14:26:06",6911000
12250,-650,500,"bu","14:26:06",6910000
12250,-650,2000,"bu","14:26:06",6909500
12200,-700,100,"bu","14:25:42",6907500
12200,-700,4000,"bu","14:25:42",6907400
12200,-700,100,"bu","14:25:42",6903400
12200,-700,4700,"bu","14:25:42",6903300
12200,-700,5000,"bu","14:25:42",6898600
12200,-700,1000,"bu","14:25:42",6893600
12200,-700,500,"bu","14:25:42",6892600
12200,-700,3000,"bu","14:25:42",6892100
12200,-700,200,"bu","14:25:42",6889100
12150,-750,100,"bu","14:25:26",6888900
12150,-750,100,"bu","14:25:17",6888800
12150,-750,200,"bu","14:25:12",6888700
12150,-750,100,"sd","14:24:31",6888500
12100,-800,200,"sd","14:24:17",6888400
12100,-800,10000,"bu","14:24:06",6888200
12100,-800,6200,"bu","14:24:06",6878200
12100,-800,100,"sd","14:23:51",6872000
12100,-800,10000,"sd","14:23:51",6871900
12100,-800,2000,"sd","14:23:51",6861900
12100,-800,200,"sd","14:23:51",6859900
12100,-800,2200,"sd","14:23:51",6859700
12100,-800,500,"sd","14:23:51",6857500
12100,-800,500,"sd","14:23:51",6857000
12100,-800,4000,"sd","14:23:51",6856500
12100,-800,300,"sd","14:23:51",6852500
12150,-750,200,"bu","14:23:46",6852200
12150,-750,1000,"bu","14:23:46",6852000
12150,-750,1000,"bu","14:23:46",6851000
12150,-750,300,"bu","14:23:46",6850000
12150,-750,500,"bu","14:23:46",6849700
12150,-750,1600,"bu","14:23:46",6849200
12100,-800,1000,"sd","14:23:04",6847600
12100,-800,200,"sd","14:23:04",6846600
12100,-800,1100,"sd","14:23:04",6846400
12100,-800,200,"sd","14:23:04",6845300
12100,-800,2500,"sd","14:23:04",6845100
12100,-800,2000,"sd","14:22:54",6842600
12100,-800,200,"sd","14:22:43",6840600
12100,-800,9800,"sd","14:22:43",6840400
12100,-800,100,"sd","14:22:41",6830600
12100,-800,3000,"sd","14:22:33",6830500
12100,-800,2400,"sd","14:22:16",6827500
12100,-800,200,"sd","14:22:16",6825100
12100,-800,700,"sd","14:22:16",6824900
12100,-800,800,"sd","14:22:16",6824200
12100,-800,100,"sd","14:22:13",6823400
12100,-800,100,"sd","14:22:12",6823300
12100,-800,1000,"sd","14:21:55",6823200
12100,-800,1000,"sd","14:21:48",6822200
12100,-800,100,"sd","14:21:48",6821200
12100,-800,100,"sd","14:21:48",6821100
12100,-800,100,"sd","14:21:48",6821000
12100,-800,800,"sd","14:21:43",6820900
12100,-800,100,"sd","14:21:43",6820100
12100,-800,1000,"sd","14:21:43",6820000
12100,-800,200,"sd","14:21:43",6819000
12100,-800,1000,"sd","14:21:43",6818800
12100,-800,500,"sd","14:21:43",6817800
12100,-800,1000,"sd","14:21:43",6817300
12100,-800,500,"sd","14:21:43",6816300
12100,-800,1000,"sd","14:21:43",6815800
12100,-800,100,"sd","14:21:43",6814800
12100,-800,3000,"sd","14:21:43",6814700
12100,-800,800,"sd","14:21:43",6811700
12100,-800,200,"sd","14:21:38",6810900
12100,-800,100,"sd","14:21:38",6810700
12100,-800,700,"sd","14:21:38",6810600
12100,-800,600,"sd","14:21:19",6809900
12100,-800,400,"sd","14:21:19",6809300
12100,-800,3000,"sd","14:21:08",6808900
12100,-800,9000,"sd","14:20:41",6805900
12150,-750,200,"bu","14:20:18",6796900
12100,-800,500,"sd","14:20:17",6796700
12100,-800,500,"sd","14:20:01",6796200
12100,-800,900,"sd","14:19:39",6795700
12100,-800,100,"sd","14:19:28",6794800
12100,-800,200,"bu","14:19:10",6794700
12100,-800,400,"bu","14:19:10",6794500
12100,-800,300,"bu","14:19:05",6794100
12100,-800,300,"bu","14:19:02",6793800
12100,-800,3000,"bu","14:19:02",6793500
12100,-800,5700,"bu","14:19:02",6790500
12100,-800,1000,"bu","14:18:54",6784800
12050,-850,500,"sd","14:18:48",6783800
12050,-850,1000,"sd","14:18:48",6783300
12050,-850,500,"sd","14:18:48",6782300
12050,-850,500,"sd","14:18:48",6781800
12050,-850,500,"sd","14:18:48",6781300
12100,-800,900,"bu","14:18:47",6780800
12050,-850,200,"sd","14:18:42",6779900
12100,-800,11500,"bu","14:18:23",6779700
12050,-850,1000,"sd","14:18:13",6768200
12050,-850,100,"sd","14:18:13",6767200
12050,-850,300,"sd","14:18:13",6767100
12050,-850,300,"sd","14:18:13",6766800
12050,-850,1000,"sd","14:18:13",6766500
12050,-850,200,"sd","14:18:13",6765500
12050,-850,200,"sd","14:18:13",6765300
12050,-850,200,"sd","14:18:13",6765100
12100,-800,100,"bu","14:18:12",6764900
12100,-800,100,"sd","14:18:04",6764800
12100,-800,700,"sd","14:18:04",6764700
12100,-800,2000,"sd","14:18:04",6764000
12100,-800,100,"sd","14:18:04",6762000
12100,-800,2900,"sd","14:18:04",6761900
12100,-800,2000,"sd","14:17:42",6759000
12100,-800,400,"sd","14:17:41",6757000
12100,-800,4700,"sd","14:17:30",6756600
12100,-800,1000,"sd","14:17:30",6751900
12100,-800,100,"sd","14:17:30",6750900
12100,-800,100,"sd","14:17:30",6750800
12100,-800,100,"sd","14:17:30",6750700
12100,-800,500,"sd","14:17:30",6750600
12100,-800,300,"sd","14:17:30",6750100
12100,-800,11900,"sd","14:17:30",6749800
12100,-800,1000,"sd","14:17:21",6737900
12100,-800,300,"sd","14:17:15",6736900
12100,-800,200,"sd","14:17:08",6736600
12150,-750,100,"bu","14:17:08",6736400
12100,-800,6600,"sd","14:17:01",6736300
12100,-800,100,"sd","14:17:01",6729700
12100,-800,400,"sd","14:17:01",6729600
12100,-800,1000,"sd","14:17:01",6729200
12100,-800,2100,"sd","14:17:01",6728200
12100,-800,300,"sd","14:17:01",6726100
12100,-800,100,"sd","14:17:01",6725800
12100,-800,100,"sd","14:17:01",6725700
12100,-800,300,"sd","14:17:01",6725600
12100,-800,3000,"sd","14:16:43",6725300
12150,-750,100,"sd","14:16:41",6722300
12150,-750,300,"sd","14:16:39",6722200
12150,-750,1300,"sd","14:16:39",6721900
12150,-750,2400,"sd","14:16:39",6720600
12150,-750,900,"sd","14:16:34",6718200
12150,-750,100,"sd","14:16:21",6717300
12200,-700,200,"bu","14:16:21",6717200
12150,-750,1600,"sd","14:16:19",6717000
12150,-750,100,"sd","14:16:19",6715400
12150,-750,2000,"sd","14:16:19",6715300
12150,-750,2000,"sd","14:16:19",6713300
12150,-750,300,"sd","14:16:19",6711300
12150,-750,200,"sd","14:16:04",6711000
12150,-750,100,"sd","14:16:04",6710800
12150,-750,900,"sd","14:15:54",6710700
12150,-750,200,"sd","14:15:54",6709800
12150,-750,400,"sd","14:15:54",6709600
12150,-750,100,"sd","14:15:54",6709200
12150,-750,2900,"sd","14:15:46",6709100
12150,-750,100,"sd","14:15:40",6706200
12150,-750,100,"bu","14:15:30",6706100
12150,-750,200,"bu","14:15:30",6706000
12150,-750,200,"bu","14:15:30",6705800
12150,-750,800,"bu","14:15:30",6705600
12100,-800,1500,"sd","14:15:29",6704800
12100,-800,200,"sd","14:15:24",6703300
12100,-800,200,"sd","14:15:24",6703100
12100,-800,100,"bu","14:15:04",6702900
12100,-800,100,"bu","14:15:02",6702800
12100,-800,600,"bu","14:15:02",6702700
12100,-800,300,"bu","14:15:02",6702100
12100,-800,100,"bu","14:15:02",6701800
12100,-800,900,"bu","14:15:02",6701700
12100,-800,900,"bu","14:14:56",6700800
12100,-800,300,"bu","14:14:51",6699900
12100,-800,1000,"bu","14:14:50",6699600
12100,-800,100,"bu","14:14:47",6698600
12100,-800,1800,"bu","14:14:36",6698500
12100,-800,700,"bu","14:14:36",6696700
12100,-800,500,"bu","14:14:36",6696000
12100,-800,500,"bu","14:14:30",6695500
12100,-800,100,"bu","14:14:28",6695000
12100,-800,100,"bu","14:14:26",6694900
12100,-800,1000,"bu","14:14:23",6694800
12100,-800,800,"bu","14:14:22",6693800
12100,-800,1800,"bu","14:14:22",6693000
12100,-800,10000,"bu","14:14:19",6691200
12100,-800,100,"bu","14:14:12",6681200
12100,-800,100,"bu","14:14:09",6681100
12100,-800,900,"bu","14:14:09",6681000
12100,-800,10000,"bu","14:14:05",6680100
12050,-850,800,"sd","14:14:02",6670100
12050,-850,500,"sd","14:14:02",6669300
12050,-850,3300,"sd","14:14:02",6668800
12050,-850,1500,"sd","14:13:56",6665500
12100,-800,10000,"bu","14:13:53",6664000
12100,-800,10000,"bu","14:13:48",6654000
12050,-850,200,"sd","14:13:41",6644000
12050,-850,200,"sd","14:13:41",6643800
12100,-800,100,"bu","14:13:41",6643600
12050,-850,3800,"sd","14:13:20",6643500
12050,-850,2000,"sd","14:13:20",6639700
12050,-850,1000,"sd","14:13:20",6637700
12100,-800,5000,"bu","14:13:17",6636700
12100,-800,500,"bu","14:13:05",6631700
12100,-800,300,"bu","14:13:03",6631200
12100,-800,500,"sd","14:13:02",6630900
12100,-800,5000,"sd","14:13:02",6630400
12100,-800,1000,"sd","14:13:02",6625400
12100,-800,200,"sd","14:13:02",6624400
12100,-800,500,"sd","14:13:02",6624200
12100,-800,500,"sd","14:13:02",6623700
12100,-800,15500,"sd","14:13:02",6623200
12150,-750,100,"bu","14:13:01",6607700
12150,-750,1000,"bu","14:12:47",6607600
12100,-800,300,"sd","14:12:42",6606600
12100,-800,300,"sd","14:12:42",6606300
12100,-800,800,"sd","14:12:42",6606000
12100,-800,2000,"sd","14:12:42",6605200
12100,-800,100,"sd","14:12:42",6603200
12100,-800,1400,"sd","14:12:42",6603100
12100,-800,3600,"sd","14:12:37",6601700
12100,-800,500,"sd","14:12:37",6598100
12100,-800,200,"sd","14:12:37",6597600
12100,-800,1000,"sd","14:12:37",6597400
12100,-800,1000,"sd","14:12:37",6596400
12100,-800,500,"sd","14:12:37",6595400
12150,-750,100,"bu","14:12:37",6594900
12100,-800,100,"sd","14:12:37",6594800
12150,-750,200,"bu","14:12:37",6594700
12100,-800,23100,"sd","14:12:37",6594500
12150,-750,100,"bu","14:12:35",6571400
12150,-750,2900,"bu","14:12:35",6571300
12150,-750,100,"bu","14:12:10",6568400
12150,-750,1900,"bu","14:12:06",6568300
12150,-750,100,"bu","14:12:06",6566400
12150,-750,100,"bu","14:11:59",6566300
12100,-800,200,"sd","14:11:55",6566200
12150,-750,100,"bu","14:11:46",6566000
12150,-750,200,"bu","14:11:28",6565900
12100,-800,100,"sd","14:11:17",6565700
12200,-700,300,"bu","14:11:16",6565600
12200,-700,200,"bu","14:11:16",6565300
12200,-700,200,"bu","14:11:16",6565100
12200,-700,700,"bu","14:11:16",6564900
12150,-750,100,"bu","14:11:16",6564200
12150,-750,100,"bu","14:11:12",6564100
12150,-750,1800,"sd","14:11:02",6564000
12150,-750,100,"sd","14:10:59",6562200
12150,-750,1000,"sd","14:10:59",6562100
12150,-750,100,"sd","14:10:59",6561100
12150,-750,100,"sd","14:10:59",6561000
12150,-750,5000,"sd","14:10:59",6560900
12150,-750,100,"sd","14:10:59",6555900
12150,-750,4000,"sd","14:10:59",6555800
12150,-750,100,"sd","14:10:59",6551800
12150,-750,600,"sd","14:10:59",6551700
12150,-750,2000,"sd","14:10:59",6551100
12150,-750,1000,"sd","14:10:59",6549100
12150,-750,300,"sd","14:10:59",6548100
12150,-750,800,"sd","14:10:59",6547800
12150,-750,100,"sd","14:10:59",6547000
12150,-750,2000,"sd","14:10:59",6546900
12150,-750,500,"sd","14:10:59",6544900
12150,-750,500,"sd","14:10:59",6544400
12150,-750,500,"sd","14:10:59",6543900
12150,-750,200,"sd","14:10:59",6543400
12150,-750,2000,"sd","14:10:59",6543200
12150,-750,300,"sd","14:10:59",6541200
12150,-750,400,"sd","14:10:59",6540900
12150,-750,1000,"sd","14:10:59",6540500
12150,-750,500,"sd","14:10:59",6539500
12200,-700,200,"bu","14:10:47",6539000
12150,-750,100,"sd","14:10:39",6538800
12200,-700,1200,"bu","14:10:22",6538700
12150,-750,400,"sd","14:10:07",6537500
12150,-750,200,"sd","14:10:07",6537100
12150,-750,400,"sd","14:10:07",6536900
12200,-700,1000,"bu","14:10:05",6536500
12200,-700,100,"bu","14:10:03",6535500
12200,-700,100,"bu","14:09:38",6535400
12200,-700,1900,"bu","14:09:08",6535300
12150,-750,100,"sd","14:08:58",6533400
12150,-750,2900,"sd","14:08:58",6533300
12200,-700,4500,"bu","14:08:43",6530400
12200,-700,1000,"bu","14:08:34",6525900
12200,-700,1000,"bu","14:08:24",6524900
12200,-700,3300,"bu","14:08:22",6523900
12200,-700,300,"bu","14:08:22",6520600
12200,-700,1400,"bu","14:08:22",6520300
12200,-700,1000,"bu","14:08:22",6518900
12200,-700,300,"bu","14:07:55",6517900
12150,-750,100,"sd","14:07:42",6517600
12200,-700,1000,"bu","14:07:42",6517500
12200,-700,100,"bu","14:07:04",6516500
12200,-700,500,"bu","14:06:50",6516400
12200,-700,2000,"bu","14:06:39",6515900
12200,-700,1000,"bu","14:06:39",6513900
12200,-700,2000,"bu","14:06:39",6512900
12200,-700,200,"bu","14:06:33",6510900
12200,-700,100,"bu","14:06:17",6510700
12200,-700,700,"sd","14:06:16",6510600
12200,-700,400,"bu","14:06:15",6509900
12200,-700,500,"bu","14:06:15",6509500
12200,-700,8400,"bu","14:06:15",6509000
12200,-700,400,"bu","14:06:11",6500600
12150,-750,2000,"sd","14:06:08",6500200
12150,-750,200,"sd","14:06:08",6498200
12150,-750,200,"sd","14:06:08",6498000
12150,-750,500,"sd","14:06:08",6497800
12150,-750,1000,"sd","14:06:08",6497300
12150,-750,100,"sd","14:06:08",6496300
12200,-700,200,"bu","14:06:00",6496200
12200,-700,500,"bu","14:05:58",6496000
12200,-700,4000,"bu","14:05:50",6495500
12200,-700,500,"sd","14:05:49",6491500
12200,-700,2000,"sd","14:05:49",6491000
12200,-700,400,"sd","14:05:49",6489000
12200,-700,2600,"sd","14:05:41",6488600
12200,-700,500,"sd","14:05:41",6486000
12200,-700,100,"sd","14:05:41",6485500
12200,-700,200,"sd","14:05:41",6485400
12200,-700,100,"sd","14:05:41",6485200
12200,-700,200,"sd","14:05:41",6485100
12200,-700,1000,"sd","14:05:41",6484900
12200,-700,300,"sd","14:05:41",6483900
12200,-700,4000,"sd","14:05:41",6483600
12200,-700,100,"sd","14:05:41",6479600
12200,-700,100,"sd","14:05:41",6479500
12200,-700,500,"sd","14:05:41",6479400
12200,-700,300,"sd","14:05:41",6478900
12250,-650,300,"sd","14:05:38",6478600
12250,-650,400,"sd","14:05:31",6478300
12250,-650,500,"sd","14:05:31",6477900
12250,-650,100,"sd","14:05:31",6477400
12250,-650,5000,"sd","14:05:31",6477300
12250,-650,7000,"sd","14:05:25",6472300
12250,-650,100,"sd","14:05:24",6465300
12250,-650,100,"sd","14:05:11",6465200
12300,-600,3600,"bu","14:05:03",6465100
12300,-600,1100,"bu","14:05:03",6461500
12300,-600,300,"bu","14:05:03",6460400
12250,-650,2000,"sd","14:05:00",6460100
12300,-600,200,"bu","14:04:57",6458100
12300,-600,500,"bu","14:04:51",6457900
12300,-600,500,"bu","14:04:51",6457400
12300,-600,2500,"bu","14:04:51",6456900
12250,-650,500,"sd","14:04:48",6454400
12300,-600,2000,"bu","14:04:43",6453900
12250,-650,1000,"sd","14:04:41",6451900
12250,-650,200,"sd","14:04:41",6450900
12250,-650,400,"sd","14:04:41",6450700
12300,-600,500,"bu","14:04:36",6450300
12250,-650,200,"bu","14:04:13",6449800
12250,-650,800,"bu","14:04:09",6449600
12250,-650,300,"bu","14:04:09",6448800
12250,-650,900,"bu","14:04:09",6448500
12250,-650,100,"bu","14:04:07",6447600
12250,-650,500,"bu","14:04:01",6447500
12250,-650,200,"bu","14:04:01",6447000
12250,-650,500,"bu","14:04:01",6446800
12250,-650,800,"bu","14:04:01",6446300
12250,-650,200,"bu","14:03:52",6445500
12250,-650,300,"bu","14:03:52",6445300
12250,-650,200,"bu","14:03:44",6445000
12250,-650,500,"bu","14:03:44",6444800
12250,-650,300,"bu","14:03:44",6444300
12250,-650,1000,"bu","14:03:44",6444000
12250,-650,500,"bu","14:03:42",6443000
12250,-650,100,"bu","14:03:37",6442500
12250,-650,100,"bu","14:03:37",6442400
12250,-650,1800,"bu","14:03:37",6442300
12250,-650,400,"bu","14:03:31",6440500
12200,-700,400,"sd","14:03:17",6440100
12250,-650,1000,"bu","14:03:12",6439700
12250,-650,1200,"bu","14:03:09",6438700
12250,-650,2000,"bu","14:03:07",6437500
12250,-650,10000,"bu","14:03:03",6435500
12200,-700,1000,"sd","14:02:54",6425500
12200,-700,500,"bu","14:02:49",6424500
12200,-700,100,"bu","14:02:48",6424000
12200,-700,5000,"bu","14:02:48",6423900
12200,-700,500,"bu","14:02:48",6418900
12200,-700,1000,"bu","14:02:48",6418400
12200,-700,8100,"bu","14:02:42",6417400
12200,-700,900,"bu","14:02:40",6409300
12200,-700,4100,"bu","14:02:40",6408400
12200,-700,1600,"bu","14:02:28",6404300
12200,-700,2000,"bu","14:02:26",6402700
12150,-750,200,"sd","14:02:21",6400700
12150,-750,4700,"sd","14:02:03",6400500
12150,-750,300,"sd","14:02:03",6395800
12200,-700,2300,"bu","14:02:03",6395500
12200,-700,5100,"bu","14:02:03",6393200
12200,-700,200,"bu","14:01:58",6388100
12200,-700,200,"bu","14:01:46",6387900
12200,-700,10000,"bu","14:01:37",6387700
12200,-700,12500,"bu","14:01:34",6377700
12150,-750,400,"sd","14:01:23",6365200
12200,-700,4500,"bu","14:01:10",6364800
12200,-700,100,"bu","14:01:10",6360300
12200,-700,100,"bu","14:00:45",6360200
12200,-700,100,"bu","14:00:45",6360100
12200,-700,100,"bu","14:00:35",6360000
12150,-750,600,"bu","14:00:19",6359900
12150,-750,1500,"bu","14:00:19",6359300
12150,-750,3000,"bu","14:00:14",6357800
12150,-750,100,"bu","14:00:01",6354800
12150,-750,400,"sd","13:59:59",6354700
12250,-650,5500,"bu","13:59:59",6354300
12250,-650,2000,"bu","13:59:59",6348800
12200,-700,500,"bu","13:59:59",6346800
12150,-750,600,"sd","13:59:59",6346300
12200,-700,400,"bu","13:59:54",6345700
12150,-750,100,"bu","13:59:54",6345300
12100,-800,500,"sd","13:59:52",6345200
12100,-800,6100,"sd","13:59:44",6344700
12100,-800,500,"sd","13:59:44",6338600
12150,-750,4500,"sd","13:59:44",6338100
12150,-750,500,"sd","13:59:44",6333600
12150,-750,1000,"sd","13:59:43",6333100
12150,-750,4200,"sd","13:59:43",6332100
12200,-700,100,"bu","13:59:41",6327900
12200,-700,100,"bu","13:59:36",6327800
12200,-700,100,"bu","13:59:26",6327700
12200,-700,100,"bu","13:59:26",6327600
12150,-750,1000,"bu","13:59:26",6327500
12150,-750,4800,"bu","13:59:26",6326500
12150,-750,200,"bu","13:59:24",6321700
12150,-750,500,"bu","13:59:24",6321500
12150,-750,1000,"bu","13:59:22",6321000
12150,-750,100,"bu","13:59:21",6320000
12150,-750,1000,"bu","13:59:10",6319900
12150,-750,500,"bu","13:59:10",6318900
12100,-800,500,"sd","13:59:04",6318400
12100,-800,500,"sd","13:59:04",6317900
12150,-750,200,"bu","13:59:00",6317400
12100,-800,500,"bu","13:58:55",6317200
12100,-800,2000,"bu","13:58:54",6316700
12100,-800,800,"bu","13:58:45",6314700
12100,-800,4800,"bu","13:58:44",6313900
12100,-800,200,"bu","13:58:44",6309100
12000,-900,100,"bu","13:58:38",6308900
12000,-900,100,"bu","13:58:37",6308800
12000,-900,800,"bu","13:58:37",6308700
12000,-900,400,"bu","13:58:37",6307900
12000,-900,10000,"bu","13:58:37",6307500
12000,-900,900,"bu","13:58:37",6297500
12000,-900,1000,"bu","13:58:37",6296600
12000,-900,1900,"bu","13:58:37",6295600
12000,-900,1000,"bu","13:58:36",6293700
12000,-900,500,"bu","13:58:36",6292700
12000,-900,1000,"bu","13:58:36",6292200
12000,-900,200,"bu","13:58:36",6291200
12000,-900,300,"bu","13:58:36",6291000
12000,-900,3000,"bu","13:58:36",6290700
12000,-900,1000,"bu","13:58:35",6287700
12000,-900,100,"bu","13:58:35",6286700
12000,-900,100,"bu","13:58:35",6286600
12000,-900,1000,"bu","13:58:35",6286500
12000,-900,1000,"bu","13:58:35",6285500
12000,-900,1000,"bu","13:58:35",6284500
12000,-900,1000,"bu","13:58:35",6283500
12000,-900,500,"bu","13:58:35",6282500
12000,-900,1000,"bu","13:58:35",6282000
12000,-900,700,"bu","13:58:35",6281000
12000,-900,1000,"bu","13:58:34",6280300
12000,-900,200,"bu","13:58:34",6279300
12000,-900,3000,"bu","13:58:34",6279100
12000,-900,5600,"bu","13:58:34",6276100
12000,-900,500,"bu","13:58:34",6270500
12000,-900,2000,"bu","13:58:33",6270000
12000,-900,4000,"bu","13:58:33",6268000
12000,-900,3000,"bu","13:58:33",6264000
12000,-900,1000,"bu","13:58:33",6261000
12000,-900,1000,"bu","13:58:33",6260000
12000,-900,300,"bu","13:58:33",6259000
12000,-900,500,"bu","13:58:32",6258700
12000,-900,100,"bu","13:58:32",6258200
12000,-900,4000,"bu","13:58:31",6258100
12000,-900,1200,"bu","13:58:31",6254100
12000,-900,1800,"bu","13:58:31",6252900
12000,-900,6800,"bu","13:58:31",6251100
12000,-900,1000,"bu","13:58:31",6244300
12000,-900,5000,"bu","13:58:31",6243300
12000,-900,100,"bu","13:58:31",6238300
12000,-900,100,"bu","13:58:31",6238200
12000,-900,2700,"bu","13:58:30",6238100
12000,-900,500,"bu","13:58:30",6235400
12000,-900,2000,"bu","13:58:30",6234900
12000,-900,2000,"bu","13:58:29",6232900
12000,-900,1000,"bu","13:58:29",6230900
12000,-900,10000,"bu","13:58:29",6229900
12000,-900,1400,"bu","13:58:29",6219900
12000,-900,10000,"bu","13:58:29",6218500
12000,-900,3000,"bu","13:58:29",6208500
12000,-900,20000,"bu","13:58:29",6205500
12000,-900,10500,"bu","13:58:29",6185500
12000,-900,5000,"bu","13:58:28",6175000
12000,-900,400,"bu","13:58:28",6170000
12000,-900,10000,"bu","13:58:27",6169600
12000,-900,100,"bu","13:58:27",6159600
12000,-900,4000,"bu","13:58:26",6159500
12000,-900,500,"bu","13:58:26",6155500
12000,-900,100,"bu","13:58:26",6155000
12000,-900,2000,"bu","13:58:25",6154900
12000,-900,1000,"bu","13:58:24",6152900
12000,-900,2000,"bu","13:58:24",6151900
12000,-900,1000,"bu","13:58:23",6149900
12000,-900,1000,"bu","13:58:22",6148900
12000,-900,200,"bu","13:58:22",6147900
12000,-900,1000,"bu","13:58:22",6147700
12000,-900,300,"bu","13:58:20",6146700
12000,-900,100,"bu","13:58:18",6146400
12000,-900,3000,"bu","13:58:17",6146300
12000,-900,20000,"bu","13:58:16",6143300
12000,-900,500,"bu","13:58:15",6123300
12000,-900,200,"bu","13:58:14",6122800
12000,-900,30000,"bu","13:58:08",6122600
12000,-900,2000,"bu","13:58:06",6092600
12000,-900,100,"bu","13:58:06",6090600
12000,-900,1000,"bu","13:58:06",6090500
12000,-900,700,"bu","13:58:05",6089500
12000,-900,1000,"bu","13:58:05",6088800
12000,-900,200,"bu","13:58:04",6087800
12000,-900,2200,"bu","13:58:04",6087600
12000,-900,500,"bu","13:58:04",6085400
12000,-900,300,"bu","13:58:04",6084900
12000,-900,9200,"bu","13:58:03",6084600
12000,-900,500,"bu","13:58:03",6075400
12000,-900,5000,"bu","13:58:03",6074900
12000,-900,5300,"bu","13:58:03",6069900
12000,-900,3000,"bu","13:58:03",6064600
12000,-900,500,"bu","13:58:03",6061600
12000,-900,10000,"bu","13:58:03",6061100
12000,-900,300,"bu","13:58:02",6051100
12000,-900,100,"bu","13:58:02",6050800
12000,-900,14700,"bu","13:58:00",6050700
12000,-900,32000,"bu","13:58:00",6036000
12000,-900,3100,"bu","13:57:58",6004000
12000,-900,500,"bu","13:57:58",6000900
12000,-900,2000,"bu","13:57:58",6000400
12000,-900,100,"bu","13:57:53",5998400
12000,-900,1900,"bu","13:57:53",5998300
12000,-900,10000,"bu","13:57:52",5996400
12000,-900,500,"bu","13:57:50",5986400
12000,-900,4000,"bu","13:57:49",5985900
12000,-900,100,"bu","13:57:47",5981900
12000,-900,100,"bu","13:57:47",5981800
12000,-900,100,"bu","13:57:47",5981700
12000,-900,200,"bu","13:57:46",5981600
12000,-900,3000,"bu","13:57:44",5981400
12000,-900,1000,"bu","13:57:44",5978400
12000,-900,7500,"bu","13:57:43",5977400
12000,-900,12500,"bu","13:57:43",5969900
12000,-900,1000,"bu","13:57:43",5957400
12000,-900,1000,"bu","13:57:42",5956400
12000,-900,100,"bu","13:57:42",5955400
12000,-900,200,"bu","13:57:42",5955300
12000,-900,100,"bu","13:57:42",5955100
12000,-900,100,"bu","13:57:42",5955000
12000,-900,700,"bu","13:57:41",5954900
12000,-900,3000,"bu","13:57:41",5954200
12000,-900,1300,"bu","13:57:41",5951200
12000,-900,1000,"bu","13:57:41",5949900
12000,-900,500,"bu","13:57:40",5948900
12000,-900,100,"bu","13:57:40",5948400
12000,-900,5000,"bu","13:57:40",5948300
12000,-900,5000,"bu","13:57:40",5943300
12000,-900,1000,"bu","13:57:40",5938300
12000,-900,5600,"bu","13:57:39",5937300
12000,-900,24400,"bu","13:57:39",5931700
12000,-900,200,"bu","13:57:38",5907300
12000,-900,3000,"bu","13:57:37",5907100
12000,-900,4000,"bu","13:57:37",5904100
12000,-900,100,"bu","13:57:37",5900100
12000,-900,100,"bu","13:57:36",5900000
12000,-900,2000,"bu","13:57:35",5899900
12000,-900,500,"bu","13:57:35",5897900
12000,-900,17600,"bu","13:57:35",5897400
12000,-900,1400,"bu","13:57:35",5879800
12000,-900,500,"bu","13:57:35",5878400
12000,-900,1000,"bu","13:57:33",5877900
12000,-900,3000,"bu","13:57:33",5876900
12000,-900,500,"bu","13:57:32",5873900
12000,-900,3000,"bu","13:57:30",5873400
12000,-900,200,"bu","13:57:28",5870400
12000,-900,4700,"bu","13:57:28",5870200
12000,-900,300,"bu","13:57:28",5865500
12000,-900,200,"bu","13:57:27",5865200
12000,-900,100,"bu","13:57:27",5865000
12000,-900,100,"bu","13:57:27",5864900
12000,-900,100,"bu","13:57:26",5864800
12000,-900,700,"bu","13:57:25",5864700
12000,-900,6000,"bu","13:57:25",5864000
12000,-900,10000,"bu","13:57:25",5858000
12000,-900,2000,"bu","13:57:25",5848000
12000,-900,3800,"bu","13:57:25",5846000
12000,-900,1000,"bu","13:57:25",5842200
12000,-900,36500,"bu","13:57:25",5841200
12000,-900,1000,"bu","13:57:24",5804700
12000,-900,500,"bu","13:57:24",5803700
12000,-900,700,"bu","13:57:23",5803200
12000,-900,21300,"bu","13:57:19",5802500
12000,-900,700,"bu","13:57:19",5781200
12000,-900,5000,"bu","13:57:17",5780500
12000,-900,100,"bu","13:57:14",5775500
12000,-900,200,"bu","13:57:10",5775400
12000,-900,500,"bu","13:57:03",5775200
12000,-900,1500,"bu","13:57:03",5774700
12000,-900,100,"bu","13:56:55",5773200
12000,-900,100,"bu","13:56:46",5773100
12000,-900,100,"bu","13:56:45",5773000
12000,-900,2000,"bu","13:56:42",5772900
12000,-900,600,"bu","13:56:41",5770900
12000,-900,500,"bu","13:56:40",5770300
12000,-900,25000,"bu","13:56:36",5769800
12000,-900,300,"bu","13:56:34",5744800
12000,-900,1000,"bu","13:56:29",5744500
12000,-900,1000,"bu","13:56:29",5743500
12000,-900,2000,"bu","13:56:28",5742500
12000,-900,200,"bu","13:56:27",5740500
12000,-900,3000,"bu","13:56:26",5740300
12000,-900,3100,"bu","13:56:24",5737300
12000,-900,100,"bu","13:56:22",5734200
12000,-900,500,"bu","13:56:19",5734100
12000,-900,1000,"bu","13:56:19",5733600
12000,-900,600,"bu","13:56:18",5732600
12000,-900,2000,"bu","13:56:18",5732000
12000,-900,1000,"bu","13:56:17",5730000
12000,-900,100,"bu","13:56:17",5729000
12000,-900,400,"bu","13:56:16",5728900
12000,-900,1000,"bu","13:56:16",5728500
12000,-900,100,"bu","13:56:12",5727500
12000,-900,100,"bu","13:56:11",5727400
12000,-900,500,"bu","13:56:10",5727300
12000,-900,700,"bu","13:56:06",5726800
12000,-900,44900,"bu","13:56:06",5726100
12000,-900,300,"bu","13:56:06",5681200
12000,-900,600,"bu","13:56:06",5680900
12000,-900,4200,"bu","13:56:06",5680300
12000,-900,100,"bu","13:56:01",5676100
12000,-900,1000,"bu","13:55:59",5676000
12000,-900,300,"bu","13:55:58",5675000
12000,-900,6000,"bu","13:55:57",5674700
12000,-900,100,"bu","13:55:57",5668700
12000,-900,1000,"bu","13:55:55",5668600
12000,-900,1000,"bu","13:55:55",5667600
12000,-900,100,"bu","13:55:55",5666600
12000,-900,500,"bu","13:55:55",5666500
12000,-900,500,"bu","13:55:52",5666000
12000,-900,2500,"bu","13:55:51",5665500
12000,-900,1000,"bu","13:55:46",5663000
12000,-900,1700,"bu","13:55:44",5662000
12000,-900,7500,"bu","13:55:43",5660300
12000,-900,200,"bu","13:55:43",5652800
12000,-900,300,"bu","13:55:43",5652600
12000,-900,600,"bu","13:55:41",5652300
12000,-900,400,"bu","13:55:41",5651700
12000,-900,200,"bu","13:55:36",5651300
12000,-900,800,"bu","13:55:36",5651100
12000,-900,5000,"bu","13:55:34",5650300
12000,-900,300,"bu","13:55:31",5645300
12000,-900,800,"bu","13:55:29",5645000
12000,-900,200,"bu","13:55:29",5644200
12000,-900,1000,"bu","13:55:29",5644000
12000,-900,1000,"bu","13:55:28",5643000
12000,-900,4500,"bu","13:55:27",5642000
12000,-900,2000,"bu","13:55:27",5637500
12000,-900,100,"bu","13:55:26",5635500
12000,-900,100,"bu","13:55:24",5635400
12000,-900,24600,"bu","13:55:21",5635300
12000,-900,5400,"bu","13:55:21",5610700
12000,-900,2000,"bu","13:55:16",5605300
12000,-900,7000,"bu","13:55:15",5603300
12000,-900,700,"bu","13:55:15",5596300
12000,-900,500,"bu","13:55:13",5595600
12000,-900,100,"bu","13:55:11",5595100
12000,-900,1000,"bu","13:55:08",5595000
12000,-900,500,"bu","13:55:06",5594000
12000,-900,200,"bu","13:55:06",5593500
12000,-900,1000,"bu","13:55:05",5593300
12000,-900,800,"bu","13:55:05",5592300
12000,-900,600,"bu","13:55:05",5591500
12000,-900,1000,"bu","13:55:05",5590900
12000,-900,300,"bu","13:55:04",5589900
12000,-900,500,"bu","13:55:03",5589600
12000,-900,1400,"bu","13:55:02",5589100
12000,-900,500,"bu","13:55:02",5587700
12000,-900,4400,"bu","13:55:01",5587200
12000,-900,10000,"bu","13:55:00",5582800
12000,-900,100,"bu","13:55:00",5572800
12000,-900,600,"bu","13:54:59",5572700
12000,-900,5000,"bu","13:54:58",5572100
12000,-900,200,"bu","13:54:57",5567100
12000,-900,10000,"bu","13:54:57",5566900
12000,-900,100,"bu","13:54:57",5556900
12000,-900,10000,"bu","13:54:56",5556800
12000,-900,2500,"bu","13:54:55",5546800
12000,-900,2000,"bu","13:54:53",5544300
12000,-900,3000,"bu","13:54:53",5542300
12000,-900,3000,"bu","13:54:52",5539300
12000,-900,1000,"bu","13:54:52",5536300
12000,-900,5000,"bu","13:54:52",5535300
12000,-900,5000,"bu","13:54:52",5530300
12000,-900,14600,"sd","13:54:52",5525300
12000,-900,5000,"sd","13:54:49",5510700
12050,-850,3000,"bu","13:54:49",5505700
12000,-900,800,"bu","13:54:48",5502700
12000,-900,23100,"bu","13:54:48",5501900
12000,-900,1000,"bu","13:54:48",5478800
12000,-900,100,"bu","13:54:47",5477800
12000,-900,100,"bu","13:54:46",5477700
12000,-900,100,"bu","13:54:46",5477600
12000,-900,800,"bu","13:54:44",5477500
12000,-900,200,"bu","13:54:44",5476700
12000,-900,800,"bu","13:54:43",5476500
12000,-900,4200,"bu","13:54:43",5475700
12000,-900,2000,"bu","13:54:43",5471500
12000,-900,100,"bu","13:54:42",5469500
12000,-900,100,"bu","13:54:41",5469400
12000,-900,200,"bu","13:54:40",5469300
12000,-900,500,"bu","13:54:39",5469100
12000,-900,1200,"bu","13:54:38",5468600
12000,-900,100,"bu","13:54:38",5467400
12000,-900,1000,"bu","13:54:38",5467300
12000,-900,2000,"bu","13:54:38",5466300
12000,-900,700,"bu","13:54:38",5464300
12000,-900,300,"bu","13:54:38",5463600
12000,-900,600,"bu","13:54:38",5463300
12000,-900,1000,"bu","13:54:36",5462700
12000,-900,5000,"bu","13:54:36",5461700
12000,-900,1000,"bu","13:54:34",5456700
12000,-900,500,"bu","13:54:34",5455700
12000,-900,600,"bu","13:54:34",5455200
12000,-900,400,"bu","13:54:34",5454600
12000,-900,600,"bu","13:54:33",5454200
12000,-900,100,"bu","13:54:32",5453600
12000,-900,1000,"bu","13:54:32",5453500
12000,-900,5000,"bu","13:54:32",5452500
12000,-900,500,"bu","13:54:32",5447500
12000,-900,3000,"bu","13:54:31",5447000
12000,-900,100,"bu","13:54:30",5444000
12000,-900,1000,"bu","13:54:28",5443900
12000,-900,200,"bu","13:54:27",5442900
12000,-900,200,"bu","13:54:26",5442700
12000,-900,100,"bu","13:54:25",5442500
12000,-900,500,"bu","13:54:25",5442400
12000,-900,500,"sd","13:54:24",5441900
12000,-900,600,"sd","13:54:24",5441400
12000,-900,300,"sd","13:54:24",5440800
12000,-900,100,"sd","13:54:24",5440500
12000,-900,400,"sd","13:54:24",5440400
12000,-900,600,"sd","13:54:21",5440000
12000,-900,200,"sd","13:54:21",5439400
12000,-900,100,"sd","13:54:21",5439200
12000,-900,200,"sd","13:54:21",5439100
12000,-900,300,"sd","13:54:21",5438900
12000,-900,200,"sd","13:54:21",5438600
12000,-900,3000,"sd","13:54:21",5438400
12000,-900,300,"sd","13:54:21",5435400
12050,-850,500,"bu","13:54:18",5435100
12000,-900,100,"bu","13:54:17",5434600
12000,-900,900,"sd","13:54:17",5434500
12000,-900,100,"bu","13:54:16",5433600
12000,-900,1000,"bu","13:54:16",5433500
12000,-900,2000,"bu","13:54:15",5432500
12000,-900,100,"bu","13:54:15",5430500
12000,-900,400,"bu","13:54:14",5430400
12000,-900,1600,"bu","13:54:14",5430000
12000,-900,300,"sd","13:54:13",5428400
12000,-900,700,"sd","13:54:13",5428100
12000,-900,2000,"sd","13:54:13",5427400
12000,-900,1000,"sd","13:54:13",5425400
12000,-900,5000,"sd","13:54:13",5424400
12000,-900,2000,"sd","13:54:13",5419400
12000,-900,10000,"sd","13:54:13",5417400
12000,-900,10000,"sd","13:54:13",5407400
12000,-900,200,"sd","13:54:13",5397400
12000,-900,5000,"sd","13:54:13",5397200
12000,-900,200,"sd","13:54:13",5392200
12000,-900,500,"sd","13:54:13",5392000
12000,-900,500,"sd","13:54:13",5391500
12000,-900,5000,"sd","13:54:13",5391000
12000,-900,2400,"sd","13:54:13",5386000
12000,-900,2600,"sd","13:54:10",5383600
12000,-900,2400,"sd","13:54:10",5381000
12000,-900,500,"sd","13:54:06",5378600
12050,-850,1200,"sd","13:54:05",5378100
12000,-900,2000,"sd","13:54:05",5376900
12050,-850,5100,"sd","13:54:05",5374900
12050,-850,100,"bu","13:54:03",5369800
12050,-850,800,"bu","13:54:03",5369700
12000,-900,400,"sd","13:54:03",5368900
12000,-900,100,"sd","13:54:01",5368500
12050,-850,200,"bu","13:54:01",5368400
12050,-850,3500,"bu","13:54:01",5368200
12000,-900,4600,"sd","13:54:01",5364700
12000,-900,400,"sd","13:54:01",5360100
12000,-900,1600,"bu","13:53:57",5359700
12000,-900,3000,"bu","13:53:57",5358100
12000,-900,400,"bu","13:53:57",5355100
12000,-900,4600,"bu","13:53:57",5354700
12000,-900,1000,"bu","13:53:56",5350100
12000,-900,200,"sd","13:53:56",5349100
12000,-900,21500,"sd","13:53:56",5348900
12050,-850,100,"bu","13:53:56",5327400
12000,-900,40000,"sd","13:53:55",5327300
12000,-900,3000,"sd","13:53:54",5287300
12000,-900,100,"sd","13:53:54",5284300
12000,-900,1600,"sd","13:53:54",5284200
12000,-900,800,"sd","13:53:54",5282600
12000,-900,16500,"sd","13:53:54",5281800
12000,-900,2000,"sd","13:53:54",5265300
12000,-900,500,"sd","13:53:54",5263300
12000,-900,500,"sd","13:53:54",5262800
12000,-900,1000,"sd","13:53:54",5262300
12000,-900,3000,"sd","13:53:54",5261300
12000,-900,300,"sd","13:53:54",5258300
12000,-900,400,"sd","13:53:54",5258000
12000,-900,100,"sd","13:53:54",5257600
12000,-900,1000,"sd","13:53:54",5257500
12000,-900,200,"sd","13:53:54",5256500
12000,-900,500,"sd","13:53:54",5256300
12000,-900,200,"sd","13:53:54",5255800
12000,-900,1000,"sd","13:53:54",5255600
12000,-900,400,"sd","13:53:54",5254600
12000,-900,1900,"sd","13:53:54",5254200
12000,-900,8100,"sd","13:53:53",5252300
12000,-900,800,"sd","13:53:53",5244200
12000,-900,300,"sd","13:53:53",5243400
12000,-900,800,"sd","13:53:53",5243100
12050,-850,400,"bu","13:53:53",5242300
12050,-850,100,"bu","13:53:53",5241900
12050,-850,300,"bu","13:53:51",5241800
12000,-900,100,"sd","13:53:50",5241500
12000,-900,120000,"sd","13:53:50",5241400
12000,-900,100,"sd","13:53:50",5121400
12000,-900,500,"sd","13:53:50",5121300
12000,-900,200,"sd","13:53:50",5120800
12000,-900,300,"sd","13:53:50",5120600
12000,-900,31000,"sd","13:53:50",5120300
12000,-900,200,"sd","13:53:50",5089300
12000,-900,500,"sd","13:53:50",5089100
12000,-900,9800,"sd","13:53:50",5088600
12000,-900,200,"sd","13:53:50",5078800
12000,-900,7500,"sd","13:53:50",5078600
12000,-900,3000,"sd","13:53:50",5071100
12000,-900,300,"sd","13:53:50",5068100
12000,-900,15600,"sd","13:53:50",5067800
12000,-900,1900,"sd","13:53:50",5052200
12000,-900,500,"sd","13:53:50",5050300
12000,-900,5000,"sd","13:53:50",5049800
12000,-900,11700,"sd","13:53:50",5044800
12000,-900,1000,"sd","13:53:50",5033100
12000,-900,100,"sd","13:53:50",5032100
12000,-900,1200,"sd","13:53:50",5032000
12000,-900,1500,"sd","13:53:50",5030800
12000,-900,100,"sd","13:53:50",5029300
12000,-900,400,"sd","13:53:50",5029200
12000,-900,500,"sd","13:53:50",5028800
12000,-900,1000,"sd","13:53:50",5028300
12000,-900,100,"sd","13:53:50",5027300
12000,-900,5000,"sd","13:53:50",5027200
12000,-900,6000,"sd","13:53:50",5022200
12000,-900,7400,"sd","13:53:50",5016200
12000,-900,4100,"sd","13:53:50",5008800
12000,-900,20000,"sd","13:53:50",5004700
12000,-900,2000,"sd","13:53:50",4984700
12000,-900,2000,"sd","13:53:50",4982700
12000,-900,100,"sd","13:53:50",4980700
12000,-900,2000,"sd","13:53:50",4980600
12000,-900,200,"sd","13:53:50",4978600
12000,-900,4000,"sd","13:53:50",4978400
12000,-900,100,"sd","13:53:50",4974400
12000,-900,1600,"sd","13:53:50",4974300
12000,-900,2000,"sd","13:53:50",4972700
12000,-900,100,"sd","13:53:50",4970700
12000,-900,3000,"sd","13:53:50",4970600
12000,-900,300,"sd","13:53:50",4967600
12000,-900,2300,"sd","13:53:50",4967300
12000,-900,1200,"sd","13:53:50",4965000
12000,-900,200,"sd","13:53:50",4963800
12000,-900,200,"sd","13:53:50",4963600
12000,-900,200,"sd","13:53:50",4963400
12000,-900,25500,"sd","13:53:50",4963200
12000,-900,12900,"sd","13:53:50",4937700
12000,-900,100,"sd","13:53:50",4924800
12000,-900,300,"sd","13:53:50",4924700
12000,-900,800,"sd","13:53:50",4924400
12000,-900,25600,"sd","13:53:50",4923600
12000,-900,100,"sd","13:53:50",4898000
12000,-900,5000,"sd","13:53:50",4897900
12000,-900,1000,"sd","13:53:50",4892900
12000,-900,2000,"sd","13:53:50",4891900
12000,-900,5000,"sd","13:53:50",4889900
12000,-900,2000,"sd","13:53:50",4884900
12000,-900,1900,"sd","13:53:50",4882900
12000,-900,500,"sd","13:53:50",4881000
12000,-900,100,"sd","13:53:50",4880500
12000,-900,4200,"sd","13:53:50",4880400
12000,-900,1300,"sd","13:53:50",4876200
12000,-900,2000,"sd","13:53:50",4874900
12000,-900,4000,"sd","13:53:50",4872900
12000,-900,300,"sd","13:53:50",4868900
12000,-900,2000,"sd","13:53:50",4868600
12000,-900,2500,"sd","13:53:50",4866600
12000,-900,1000,"sd","13:53:50",4864100
12000,-900,500,"sd","13:53:50",4863100
12000,-900,20600,"sd","13:53:50",4862600
12000,-900,4000,"sd","13:53:50",4842000
12000,-900,2000,"sd","13:53:50",4838000
12000,-900,1500,"sd","13:53:50",4836000
12000,-900,5000,"sd","13:53:50",4834500
12000,-900,500,"sd","13:53:50",4829500
12000,-900,60200,"sd","13:53:50",4829000
12000,-900,4100,"sd","13:53:50",4768800
12000,-900,5100,"sd","13:53:50",4764700
12000,-900,700,"sd","13:53:50",4759600
12000,-900,100,"sd","13:53:50",4758900
12000,-900,100,"sd","13:53:50",4758800
12000,-900,5000,"sd","13:53:50",4758700
12000,-900,1000,"sd","13:53:50",4753700
12000,-900,10800,"sd","13:53:50",4752700
12000,-900,1200,"sd","13:53:50",4741900
12000,-900,4100,"sd","13:53:50",4740700
12000,-900,200,"sd","13:53:50",4736600
12000,-900,1000,"sd","13:53:50",4736400
12000,-900,200,"sd","13:53:50",4735400
12000,-900,3100,"sd","13:53:50",4735200
12000,-900,300,"sd","13:53:50",4732100
12000,-900,4000,"sd","13:53:50",4731800
12000,-900,5000,"sd","13:53:50",4727800
12000,-900,400,"sd","13:53:50",4722800
12000,-900,500,"sd","13:53:50",4722400
12000,-900,3000,"sd","13:53:50",4721900
12000,-900,11600,"sd","13:53:50",4718900
12000,-900,20100,"sd","13:53:50",4707300
12000,-900,3500,"sd","13:53:50",4687200
12000,-900,1000,"sd","13:53:50",4683700
12000,-900,4000,"sd","13:53:50",4682700
12000,-900,300,"sd","13:53:50",4678700
12000,-900,500,"sd","13:53:50",4678400
12000,-900,1200,"sd","13:53:50",4677900
12000,-900,5100,"sd","13:53:50",4676700
12000,-900,1000,"sd","13:53:50",4671600
12000,-900,100,"sd","13:53:50",4670600
12000,-900,12500,"sd","13:53:50",4670500
12000,-900,2100,"sd","13:53:50",4658000
12000,-900,5500,"sd","13:53:50",4655900
12000,-900,5000,"sd","13:53:50",4650400
12000,-900,6000,"sd","13:53:50",4645400
12000,-900,5500,"sd","13:53:50",4639400
12000,-900,60900,"sd","13:53:50",4633900
12000,-900,10000,"sd","13:53:50",4573000
12000,-900,6200,"sd","13:53:50",4563000
12000,-900,700,"sd","13:53:50",4556800
12000,-900,1500,"sd","13:53:50",4556100
12000,-900,500,"sd","13:53:50",4554600
12000,-900,1000,"sd","13:53:50",4554100
12000,-900,100,"sd","13:53:50",4553100
12000,-900,2000,"sd","13:53:50",4553000
12000,-900,4100,"sd","13:53:50",4551000
12000,-900,300,"sd","13:53:50",4546900
12000,-900,5000,"sd","13:53:50",4546600
12000,-900,10000,"sd","13:53:50",4541600
12000,-900,4600,"sd","13:53:50",4531600
12000,-900,2500,"sd","13:53:50",4527000
12000,-900,6000,"sd","13:53:50",4524500
12000,-900,10000,"sd","13:53:50",4518500
12000,-900,1000,"sd","13:53:50",4508500
12000,-900,4000,"sd","13:53:50",4507500
12000,-900,200,"sd","13:53:50",4503500
12000,-900,2000,"sd","13:53:50",4503300
12000,-900,500,"sd","13:53:50",4501300
12000,-900,300,"sd","13:53:50",4500800
12000,-900,600,"sd","13:53:50",4500500
12000,-900,100,"sd","13:53:50",4499900
12000,-900,1000,"sd","13:53:50",4499800
12000,-900,200,"sd","13:53:50",4498800
12000,-900,300,"sd","13:53:50",4498600
12000,-900,5500,"sd","13:53:50",4498300
12000,-900,2000,"sd","13:53:50",4492800
12000,-900,100,"sd","13:53:50",4490800
12000,-900,5000,"sd","13:53:50",4490700
12000,-900,100,"sd","13:53:50",4485700
12000,-900,10000,"sd","13:53:50",4485600
12000,-900,300,"sd","13:53:50",4475600
12000,-900,100,"sd","13:53:50",4475300
12000,-900,5000,"sd","13:53:50",4475200
12000,-900,500,"sd","13:53:50",4470200
12000,-900,20000,"sd","13:53:50",4469700
12000,-900,1000,"sd","13:53:50",4449700
12000,-900,1000,"sd","13:53:50",4448700
12000,-900,1000,"sd","13:53:50",4447700
12000,-900,13300,"sd","13:53:50",4446700
12000,-900,100,"sd","13:53:50",4433400
12000,-900,500,"sd","13:53:50",4433300
12000,-900,100,"sd","13:53:50",4432800
12000,-900,200,"sd","13:53:50",4432700
12000,-900,1000,"sd","13:53:50",4432500
12050,-850,600,"bu","13:53:49",4431500
12050,-850,300,"bu","13:53:49",4430900
12050,-850,1000,"bu","13:53:49",4430600
12050,-850,100,"bu","13:53:49",4429600
12050,-850,100,"bu","13:53:46",4429500
12050,-850,500,"bu","13:53:46",4429400
12050,-850,100,"bu","13:53:45",4428900
12050,-850,200,"bu","13:53:45",4428800
12000,-900,3700,"sd","13:53:43",4428600
12050,-850,5000,"sd","13:53:43",4424900
12050,-850,1300,"sd","13:53:43",4419900
12050,-850,100,"sd","13:53:43",4418600
12050,-850,600,"sd","13:53:43",4418500
12050,-850,200,"sd","13:53:43",4417900
12050,-850,500,"sd","13:53:43",4417700
12050,-850,10000,"bu","13:53:38",4417200
12050,-850,4500,"bu","13:53:38",4407200
12050,-850,200,"bu","13:53:37",4402700
12050,-850,700,"bu","13:53:36",4402500
12000,-900,1000,"sd","13:53:35",4401800
12050,-850,4600,"bu","13:53:32",4400800
12050,-850,100,"bu","13:53:32",4396200
12050,-850,300,"bu","13:53:32",4396100
12050,-850,1000,"bu","13:53:32",4395800
12000,-900,3000,"sd","13:53:28",4394800
12050,-850,4500,"bu","13:53:27",4391800
12000,-900,200,"sd","13:53:27",4387300
12000,-900,200,"sd","13:53:27",4387100
12000,-900,5000,"sd","13:53:27",4386900
12000,-900,500,"sd","13:53:27",4381900
12000,-900,2000,"sd","13:53:27",4381400
12000,-900,100,"sd","13:53:27",4379400
12000,-900,2000,"sd","13:53:27",4379300
12000,-900,1000,"sd","13:53:27",4377300
12000,-900,100,"sd","13:53:27",4376300
12000,-900,500,"sd","13:53:27",4376200
12000,-900,500,"sd","13:53:27",4375700
12000,-900,29000,"sd","13:53:27",4375200
12000,-900,200,"sd","13:53:27",4346200
12000,-900,5000,"sd","13:53:27",4346000
12000,-900,9400,"sd","13:53:27",4341000
12000,-900,300,"sd","13:53:27",4331600
12050,-850,5000,"bu","13:53:26",4331300
12000,-900,600,"sd","13:53:26",4326300
12000,-900,200,"sd","13:53:26",4325700
12050,-850,1000,"bu","13:53:22",4325500
12000,-900,1800,"sd","13:53:21",4324500
12000,-900,300,"sd","13:53:21",4322700
12000,-900,2000,"sd","13:53:21",4322400
12000,-900,100,"sd","13:53:21",4320400
12000,-900,800,"sd","13:53:21",4320300
12050,-850,2300,"bu","13:53:21",4319500
12000,-900,1000,"sd","13:53:18",4317200
12000,-900,500,"sd","13:53:18",4316200
12000,-900,500,"sd","13:53:18",4315700
12000,-900,100,"sd","13:53:18",4315200
12000,-900,1000,"sd","13:53:18",4315100
12000,-900,100,"sd","13:53:18",4314100
12000,-900,1200,"sd","13:53:18",4314000
12000,-900,2000,"sd","13:53:18",4312800
12000,-900,500,"sd","13:53:18",4310800
12000,-900,1000,"sd","13:53:18",4310300
12000,-900,2000,"sd","13:53:18",4309300
12000,-900,2000,"sd","13:53:18",4307300
12000,-900,500,"sd","13:53:18",4305300
12000,-900,2500,"sd","13:53:18",4304800
12000,-900,500,"sd","13:53:18",4302300
12000,-900,1000,"sd","13:53:18",4301800
12000,-900,100,"sd","13:53:18",4300800
12000,-900,700,"sd","13:53:18",4300700
12000,-900,100,"sd","13:53:18",4300000
12000,-900,100,"sd","13:53:18",4299900
12000,-900,200,"sd","13:53:18",4299800
12000,-900,100,"sd","13:53:18",4299600
12000,-900,100,"sd","13:53:18",4299500
12000,-900,100,"sd","13:53:18",4299400
12000,-900,500,"sd","13:53:18",4299300
12000,-900,500,"sd","13:53:16",4298800
12000,-900,500,"sd","13:53:16",4298300
12050,-850,1000,"bu","13:53:15",4297800
12050,-850,700,"bu","13:53:12",4296800
12050,-850,1000,"sd","13:53:12",4296100
12050,-850,100,"sd","13:53:12",4295100
12050,-850,4400,"sd","13:53:12",4295000
12050,-850,15600,"sd","13:53:10",4290600
12050,-850,400,"sd","13:53:10",4275000
12050,-850,5000,"sd","13:53:10",4274600
12050,-850,500,"sd","13:53:10",4269600
12050,-850,100,"sd","13:53:10",4269100
12050,-850,400,"sd","13:53:10",4269000
12050,-850,10200,"sd","13:53:06",4268600
12050,-850,1400,"sd","13:53:05",4258400
12050,-850,300,"sd","13:53:05",4257000
12050,-850,100,"sd","13:53:05",4256700
12050,-850,700,"sd","13:53:05",4256600
12050,-850,2000,"sd","13:53:05",4255900
12050,-850,5000,"sd","13:53:05",4253900
12050,-850,500,"sd","13:53:05",4248900
12050,-850,4500,"sd","13:53:03",4248400
12050,-850,1100,"sd","13:53:03",4243900
12050,-850,100,"sd","13:53:03",4242800
12050,-850,2000,"sd","13:53:03",4242700
12050,-850,600,"sd","13:53:03",4240700
12050,-850,3000,"sd","13:53:03",4240100
12050,-850,700,"sd","13:53:03",4237100
12050,-850,10000,"sd","13:53:03",4236400
12050,-850,500,"sd","13:53:03",4226400
12050,-850,500,"sd","13:53:03",4225900
12050,-850,5000,"sd","13:53:03",4225400
12050,-850,10000,"sd","13:53:03",4220400
12050,-850,3400,"sd","13:53:03",4210400
12050,-850,3000,"sd","13:53:03",4207000
12050,-850,3000,"sd","13:53:03",4204000
12050,-850,100,"sd","13:53:03",4201000
12050,-850,2000,"sd","13:53:03",4200900
12050,-850,500,"sd","13:53:03",4198900
12100,-800,200,"bu","13:53:01",4198400
12050,-850,1600,"sd","13:53:00",4198200
12050,-850,3300,"sd","13:53:00",4196600
12050,-850,400,"sd","13:53:00",4193300
12050,-850,4000,"sd","13:53:00",4192900
12050,-850,100,"sd","13:53:00",4188900
12050,-850,2500,"sd","13:53:00",4188800
12050,-850,2000,"sd","13:53:00",4186300
12100,-800,1000,"bu","13:53:00",4184300
12050,-850,100,"sd","13:52:56",4183300
12050,-850,400,"sd","13:52:55",4183200
12050,-850,3000,"sd","13:52:55",4182800
12050,-850,500,"sd","13:52:55",4179800
12050,-850,1000,"sd","13:52:55",4179300
12050,-850,100,"sd","13:52:55",4178300
12100,-800,2000,"bu","13:52:54",4178200
12100,-800,2000,"bu","13:52:54",4176200
12100,-800,500,"bu","13:52:54",4174200
12100,-800,500,"bu","13:52:54",4173700
12100,-800,2000,"unknown","13:52:54",4173200
12100,-800,1000,"sd","13:52:54",4171200
12100,-800,100,"sd","13:52:54",4170200
12100,-800,600,"sd","13:52:54",4170100
12100,-800,200,"sd","13:52:54",4169500
12100,-800,3000,"sd","13:52:54",4169300
12100,-800,6000,"sd","13:52:54",4166300
12100,-800,600,"sd","13:52:54",4160300
12100,-800,500,"sd","13:52:54",4159700
12100,-800,500,"sd","13:52:54",4159200
12100,-800,1000,"sd","13:52:54",4158700
12100,-800,1000,"sd","13:52:54",4157700
12100,-800,500,"sd","13:52:54",4156700
12100,-800,5000,"sd","13:52:54",4156200
12100,-800,500,"sd","13:52:54",4151200
12100,-800,600,"sd","13:52:54",4150700
12100,-800,1000,"sd","13:52:54",4150100
12100,-800,1900,"sd","13:52:54",4149100
12100,-800,500,"sd","13:52:54",4147200
12100,-800,1000,"sd","13:52:54",4146700
12100,-800,1000,"sd","13:52:54",4145700
12100,-800,100,"sd","13:52:54",4144700
12100,-800,1000,"sd","13:52:54",4144600
12100,-800,100,"sd","13:52:54",4143600
12100,-800,200,"sd","13:52:54",4143500
12100,-800,1000,"sd","13:52:54",4143300
12100,-800,5000,"sd","13:52:54",4142300
12100,-800,2000,"sd","13:52:54",4137300
12100,-800,1000,"sd","13:52:54",4135300
12100,-800,400,"sd","13:52:54",4134300
12100,-800,5000,"sd","13:52:54",4133900
12100,-800,3600,"sd","13:52:54",4128900
12100,-800,16400,"sd","13:52:50",4125300
12100,-800,1000,"sd","13:52:50",4108900
12100,-800,1000,"sd","13:52:50",4107900
12100,-800,3900,"sd","13:52:50",4106900
12100,-800,1100,"sd","13:52:46",4103000
12100,-800,400,"sd","13:52:46",4101900
12100,-800,1200,"sd","13:52:46",4101500
12100,-800,19600,"sd","13:52:46",4100300
12100,-800,1000,"sd","13:52:46",4080700
12100,-800,10000,"sd","13:52:46",4079700
12100,-800,2000,"sd","13:52:46",4069700
12100,-800,1000,"sd","13:52:46",4067700
12100,-800,1000,"sd","13:52:46",4066700
12100,-800,800,"sd","13:52:46",4065700
12100,-800,100,"sd","13:52:46",4064900
12100,-800,5800,"sd","13:52:46",4064800
12100,-800,4200,"sd","13:52:45",4059000
12100,-800,500,"sd","13:52:45",4054800
12100,-800,300,"sd","13:52:45",4054300
12100,-800,10000,"sd","13:52:45",4054000
12100,-800,300,"sd","13:52:45",4044000
12100,-800,2000,"sd","13:52:45",4043700
12100,-800,1000,"sd","13:52:45",4041700
12100,-800,1000,"sd","13:52:45",4040700
12100,-800,300,"sd","13:52:45",4039700
12100,-800,200,"sd","13:52:45",4039400
12100,-800,200,"sd","13:52:45",4039200
12150,-750,1000,"bu","13:52:38",4039000
12150,-750,100,"sd","13:52:31",4038000
12150,-750,2000,"sd","13:52:31",4037900
12150,-750,100,"sd","13:52:31",4035900
12150,-750,2500,"sd","13:52:31",4035800
12150,-750,300,"sd","13:52:31",4033300
12150,-750,100,"sd","13:52:31",4033000
12150,-750,1000,"sd","13:52:31",4032900
12150,-750,3000,"sd","13:52:31",4031900
12150,-750,800,"sd","13:52:31",4028900
12150,-750,8400,"sd","13:52:31",4028100
12150,-750,1000,"sd","13:52:31",4019700
12150,-750,10000,"sd","13:52:31",4018700
12150,-750,16400,"sd","13:52:31",4008700
12150,-750,600,"sd","13:52:31",3992300
12150,-750,1000,"sd","13:52:09",3991700
12150,-750,400,"sd","13:52:09",3990700
12150,-750,500,"sd","13:52:09",3990300
12150,-750,100,"sd","13:52:09",3989800
12150,-750,1000,"sd","13:52:09",3989700
12150,-750,300,"sd","13:52:09",3988700
12150,-750,2000,"sd","13:52:09",3988400
12150,-750,200,"sd","13:52:09",3986400
12150,-750,200,"sd","13:52:09",3986200
12150,-750,500,"sd","13:52:09",3986000
12150,-750,500,"sd","13:52:09",3985500
12150,-750,400,"sd","13:52:09",3985000
12150,-750,2000,"sd","13:52:09",3984600
12150,-750,100,"sd","13:52:09",3982600
12150,-750,900,"sd","13:52:09",3982500
12150,-750,100,"sd","13:52:09",3981600
12150,-750,100,"sd","13:52:09",3981500
12150,-750,200,"sd","13:52:09",3981400
12150,-750,3500,"sd","13:52:09",3981200
12200,-700,200,"bu","13:52:09",3977700
12200,-700,200,"bu","13:52:06",3977500
12200,-700,100,"bu","13:51:59",3977300
12200,-700,300,"bu","13:51:57",3977200
12200,-700,1000,"bu","13:51:27",3976900
12200,-700,1000,"bu","13:51:08",3975900
12200,-700,3000,"bu","13:51:00",3974900
12200,-700,3000,"bu","13:50:59",3971900
12200,-700,100,"bu","13:50:56",3968900
12150,-750,500,"sd","13:50:55",3968800
12150,-750,500,"sd","13:50:55",3968300
12150,-750,500,"sd","13:50:55",3967800
12150,-750,100,"sd","13:50:55",3967300
12150,-750,400,"sd","13:50:55",3967200
12150,-750,2000,"sd","13:50:55",3966800
12150,-750,200,"sd","13:50:55",3964800
12150,-750,200,"sd","13:50:55",3964600
12150,-750,100,"sd","13:50:55",3964400
12150,-750,1600,"sd","13:50:55",3964300
12150,-750,200,"sd","13:50:55",3962700
12150,-750,500,"sd","13:50:55",3962500
12150,-750,100,"sd","13:50:55",3962000
12150,-750,3000,"sd","13:50:55",3961900
12150,-750,100,"sd","13:50:55",3958900
12150,-750,5000,"sd","13:50:55",3958800
12150,-750,300,"sd","13:50:55",3953800
12150,-750,100,"sd","13:50:55",3953500
12150,-750,2000,"sd","13:50:55",3953400
12150,-750,100,"sd","13:50:55",3951400
12150,-750,300,"sd","13:50:55",3951300
12150,-750,5000,"sd","13:50:55",3951000
12150,-750,1000,"sd","13:50:55",3946000
12150,-750,30000,"sd","13:50:55",3945000
12150,-750,2000,"sd","13:50:55",3915000
12150,-750,100,"sd","13:50:55",3913000
12150,-750,1000,"sd","13:50:55",3912900
12150,-750,300,"sd","13:50:55",3911900
12150,-750,100,"sd","13:50:55",3911600
12150,-750,20000,"sd","13:50:55",3911500
12150,-750,100,"sd","13:50:55",3891500
12150,-750,2000,"sd","13:50:55",3891400
12150,-750,3700,"sd","13:50:55",3889400
12150,-750,4200,"sd","13:50:53",3885700
12200,-700,200,"bu","13:50:51",3881500
12200,-700,25300,"bu","13:50:50",3881300
12200,-700,30000,"bu","13:50:50",3856000
12200,-700,32200,"bu","13:50:50",3826000
12150,-750,10100,"sd","13:50:42",3793800
12150,-750,900,"sd","13:50:42",3783700
12200,-700,2000,"bu","13:50:40",3782800
12200,-700,100,"bu","13:50:38",3780800
12200,-700,700,"bu","13:50:37",3780700
12200,-700,4300,"bu","13:50:37",3780000
12150,-750,500,"sd","13:50:36",3775700
12150,-750,1300,"sd","13:50:36",3775200
12150,-750,100,"sd","13:50:35",3773900
12200,-700,200,"sd","13:50:26",3773800
12200,-700,1000,"sd","13:50:26",3773600
12200,-700,200,"sd","13:50:26",3772600
12200,-700,100,"sd","13:50:26",3772400
12200,-700,100,"sd","13:50:26",3772300
12200,-700,1000,"sd","13:50:26",3772200
12200,-700,3100,"sd","13:50:26",3771200
12200,-700,100,"sd","13:50:24",3768100
12200,-700,100,"sd","13:50:24",3768000
12200,-700,5000,"sd","13:50:24",3767900
12200,-700,3200,"sd","13:50:24",3762900
12200,-700,10000,"sd","13:50:24",3759700
12200,-700,200,"sd","13:50:24",3749700
12200,-700,1000,"sd","13:50:24",3749500
12200,-700,600,"sd","13:50:24",3748500
12200,-700,500,"sd","13:50:24",3747900
12200,-700,100,"sd","13:50:24",3747400
12200,-700,1000,"sd","13:50:24",3747300
12200,-700,100,"sd","13:50:24",3746300
12200,-700,2900,"sd","13:50:24",3746200
12200,-700,1000,"sd","13:50:24",3743300
12200,-700,1000,"sd","13:50:24",3742300
12200,-700,100,"sd","13:50:24",3741300
12200,-700,100,"sd","13:50:24",3741200
12200,-700,3000,"sd","13:50:24",3741100
12250,-650,200,"bu","13:50:24",3738100
12200,-700,300,"sd","13:50:10",3737900
12200,-700,800,"sd","13:50:10",3737600
12200,-700,900,"sd","13:50:10",3736800
12250,-650,500,"sd","13:50:02",3735900
12250,-650,4100,"sd","13:50:02",3735400
12250,-650,500,"sd","13:50:01",3731300
12250,-650,400,"bu","13:49:57",3730800
12250,-650,600,"bu","13:49:55",3730400
12250,-650,400,"bu","13:49:55",3729800
12250,-650,500,"bu","13:49:44",3729400
12200,-700,1100,"sd","13:49:43",3728900
12200,-700,20000,"sd","13:49:43",3727800
12200,-700,1000,"sd","13:49:43",3707800
12200,-700,500,"sd","13:49:43",3706800
12200,-700,3400,"sd","13:49:43",3706300
12200,-700,1200,"sd","13:49:41",3702900
12200,-700,300,"sd","13:49:41",3701700
12200,-700,4700,"sd","13:49:40",3701400
12200,-700,1000,"sd","13:49:40",3696700
12200,-700,1000,"sd","13:49:40",3695700
12200,-700,500,"sd","13:49:40",3694700
12200,-700,500,"sd","13:49:38",3694200
12200,-700,500,"sd","13:49:38",3693700
12200,-700,100,"sd","13:49:38",3693200
12200,-700,400,"sd","13:49:38",3693100
12200,-700,200,"sd","13:49:38",3692700
12200,-700,100,"sd","13:49:38",3692500
12200,-700,400,"sd","13:49:33",3692400
12200,-700,3000,"sd","13:49:33",3692000
12200,-700,1400,"sd","13:49:33",3689000
12200,-700,100,"sd","13:49:33",3687600
12200,-700,500,"sd","13:49:33",3687500
12200,-700,2000,"sd","13:49:33",3687000
12200,-700,2100,"sd","13:49:33",3685000
12200,-700,300,"sd","13:49:33",3682900
12200,-700,100,"sd","13:49:33",3682600
12200,-700,5000,"sd","13:49:33",3682500
12200,-700,100,"sd","13:49:33",3677500
12250,-650,1000,"sd","13:49:23",3677400
12250,-650,100,"sd","13:49:23",3676400
12250,-650,1100,"sd","13:49:23",3676300
12250,-650,100,"sd","13:49:23",3675200
12250,-650,500,"sd","13:49:23",3675100
12250,-650,600,"sd","13:49:23",3674600
12250,-650,100,"sd","13:49:23",3674000
12250,-650,3000,"sd","13:49:23",3673900
12250,-650,200,"sd","13:49:23",3670900
12250,-650,3700,"sd","13:49:23",3670700
12250,-650,2300,"sd","13:49:23",3667000
12250,-650,200,"sd","13:49:23",3664700
12250,-650,200,"sd","13:49:23",3664500
12250,-650,300,"sd","13:49:23",3664300
12250,-650,3900,"sd","13:49:08",3664000
12300,-600,200,"bu","13:48:52",3660100
12300,-600,500,"bu","13:48:39",3659900
12300,-600,1000,"bu","13:48:16",3659400
12250,-650,4200,"sd","13:48:14",3658400
12250,-650,1000,"sd","13:48:14",3654200
12250,-650,10600,"sd","13:48:14",3653200
12250,-650,400,"sd","13:48:14",3642600
12250,-650,400,"sd","13:48:14",3642200
12250,-650,300,"sd","13:48:14",3641800
12250,-650,100,"sd","13:48:14",3641500
12250,-650,3000,"sd","13:48:14",3641400
12300,-600,200,"bu","13:48:04",3638400
12300,-600,1500,"sd","13:47:52",3638200
12300,-600,100,"sd","13:47:52",3636700
12300,-600,100,"sd","13:47:52",3636600
12300,-600,100,"sd","13:47:52",3636500
12300,-600,500,"sd","13:47:52",3636400
12300,-600,500,"sd","13:47:52",3635900
12300,-600,1000,"sd","13:47:52",3635400
12300,-600,300,"sd","13:47:52",3634400
12300,-600,8800,"sd","13:47:52",3634100
12300,-600,2000,"sd","13:47:51",3625300
12300,-600,2000,"sd","13:47:43",3623300
12300,-600,1200,"sd","13:47:33",3621300
12300,-600,300,"sd","13:47:00",3620100
12300,-600,3000,"sd","13:46:46",3619800
12300,-600,5000,"sd","13:46:32",3616800
12350,-550,100,"bu","13:46:28",3611800
12300,-600,2000,"bu","13:45:48",3611700
12300,-600,8700,"bu","13:45:48",3609700
12300,-600,1000,"bu","13:45:32",3601000
12300,-600,1000,"bu","13:45:31",3600000
12300,-600,500,"bu","13:45:21",3599000
12300,-600,3000,"sd","13:45:15",3598500
12300,-600,1000,"sd","13:45:15",3595500
12300,-600,100,"sd","13:45:15",3594500
12300,-600,100,"sd","13:45:15",3594400
12300,-600,500,"sd","13:45:15",3594300
12300,-600,200,"sd","13:45:15",3593800
12300,-600,1500,"sd","13:45:15",3593600
12300,-600,3600,"sd","13:45:15",3592100
12300,-600,100,"sd","13:45:08",3588500
12350,-550,1000,"bu","13:45:06",3588400
12300,-600,1300,"sd","13:44:31",3587400
12300,-600,200,"sd","13:44:31",3586100
12300,-600,2000,"sd","13:44:31",3585900
12300,-600,500,"sd","13:44:31",3583900
12300,-600,1000,"sd","13:44:31",3583400
12300,-600,2500,"sd","13:44:31",3582400
12300,-600,500,"sd","13:44:31",3579900
12300,-600,600,"sd","13:44:31",3579400
12300,-600,200,"sd","13:44:31",3578800
12300,-600,1200,"sd","13:44:31",3578600
12300,-600,500,"sd","13:44:05",3577400
12300,-600,800,"sd","13:43:52",3576900
12300,-600,2000,"sd","13:43:47",3576100
12300,-600,600,"sd","13:43:36",3574100
12300,-600,1000,"sd","13:43:35",3573500
12300,-600,1000,"sd","13:43:12",3572500
12300,-600,1900,"bu","13:42:59",3571500
12300,-600,100,"bu","13:42:59",3569600
12300,-600,10000,"bu","13:42:59",3569500
12300,-600,900,"bu","13:42:59",3559500
12300,-600,1000,"bu","13:42:48",3558600
12300,-600,100,"bu","13:42:26",3557600
12300,-600,100,"bu","13:42:18",3557500
12300,-600,100,"bu","13:42:12",3557400
12300,-600,300,"bu","13:42:11",3557300
12300,-600,2000,"bu","13:42:11",3557000
12300,-600,1000,"bu","13:42:11",3555000
12300,-600,4500,"unknown","13:42:11",3554000
12300,-600,300,"sd","13:42:07",3549500
12300,-600,500,"bu","13:41:52",3549200
12300,-600,300,"sd","13:41:47",3548700
12300,-600,200,"sd","13:41:47",3548400
12300,-600,1000,"sd","13:41:45",3548200
12300,-600,800,"bu","13:41:36",3547200
12300,-600,700,"bu","13:41:35",3546400
12300,-600,200,"bu","13:41:35",3545700
12300,-600,2000,"bu","13:41:35",3545500
12300,-600,200,"bu","13:41:35",3543500
12300,-600,1000,"bu","13:41:35",3543300
12300,-600,200,"bu","13:41:35",3542300
12300,-600,100,"bu","13:41:35",3542100
12300,-600,100,"bu","13:41:35",3542000
12300,-600,500,"bu","13:41:35",3541900
12300,-600,500,"bu","13:41:35",3541400
12300,-600,100,"bu","13:41:30",3540900
12300,-600,2000,"bu","13:41:24",3540800
12300,-600,1000,"bu","13:41:03",3538800
12300,-600,3000,"bu","13:40:34",3537800
12250,-650,200,"sd","13:40:33",3534800
12250,-650,3000,"sd","13:40:26",3534600
12250,-650,1500,"bu","13:40:12",3531600
12250,-650,500,"bu","13:40:11",3530100
12250,-650,2000,"sd","13:40:03",3529600
12250,-650,100,"sd","13:40:03",3527600
12250,-650,300,"sd","13:40:03",3527500
12250,-650,200,"sd","13:40:03",3527200
12250,-650,1000,"sd","13:40:03",3527000
12250,-650,400,"sd","13:40:03",3526000
12250,-650,1000,"sd","13:40:03",3525600
12250,-650,5000,"sd","13:40:03",3524600
12250,-650,200,"sd","13:40:03",3519600
12250,-650,500,"sd","13:40:03",3519400
12250,-650,5000,"sd","13:40:03",3518900
12250,-650,300,"sd","13:40:03",3513900
12250,-650,600,"sd","13:40:03",3513600
12250,-650,10400,"sd","13:40:03",3513000
12250,-650,200,"sd","13:40:03",3502600
12250,-650,800,"sd","13:40:03",3502400
12300,-600,500,"bu","13:40:01",3501600
12300,-600,200,"bu","13:39:53",3501100
12300,-600,300,"sd","13:39:44",3500900
12300,-600,200,"sd","13:39:44",3500600
12300,-600,5000,"sd","13:39:44",3500400
12300,-600,1700,"sd","13:39:44",3495400
12300,-600,1000,"sd","13:39:36",3493700
12300,-600,3000,"bu","13:39:26",3492700
12300,-600,4000,"bu","13:39:26",3489700
12300,-600,100,"bu","13:39:26",3485700
12300,-600,5200,"bu","13:39:26",3485600
12300,-600,1000,"bu","13:39:18",3480400
12300,-600,100,"bu","13:39:15",3479400
12300,-600,1000,"sd","13:39:03",3479300
12300,-600,23600,"sd","13:39:03",3478300
12300,-600,6400,"sd","13:38:58",3454700
12300,-600,100,"sd","13:38:58",3448300
12300,-600,1500,"sd","13:38:58",3448200
12300,-600,3500,"sd","13:38:54",3446700
12300,-600,5000,"sd","13:38:54",3443200
12300,-600,100,"sd","13:38:54",3438200
12300,-600,500,"sd","13:38:54",3438100
12300,-600,900,"sd","13:38:54",3437600
12300,-600,300,"sd","13:38:42",3436700
12300,-600,3800,"sd","13:38:37",3436400
12300,-600,100,"sd","13:38:37",3432600
12300,-600,200,"sd","13:38:37",3432500
12300,-600,3100,"sd","13:38:37",3432300
12300,-600,500,"sd","13:38:31",3429200
12300,-600,100,"sd","13:38:03",3428700
12300,-600,1400,"sd","13:37:54",3428600
12300,-600,5700,"sd","13:37:54",3427200
12300,-600,2900,"sd","13:37:54",3421500
12350,-550,300,"bu","13:37:34",3418600
12300,-600,300,"sd","13:37:22",3418300
12300,-600,1700,"sd","13:37:22",3418000
12300,-600,300,"sd","13:37:20",3416300
12300,-600,900,"sd","13:37:20",3416000
12300,-600,500,"sd","13:37:20",3415100
12300,-600,1300,"sd","13:37:20",3414600
12350,-550,38500,"bu","13:37:10",3413300
12350,-550,200,"bu","13:37:04",3374800
12300,-600,700,"sd","13:36:31",3374600
12300,-600,200,"sd","13:36:31",3373900
12300,-600,500,"sd","13:36:31",3373700
12300,-600,800,"sd","13:36:31",3373200
12300,-600,200,"sd","13:36:22",3372400
12300,-600,200,"sd","13:36:22",3372200
12300,-600,1300,"sd","13:36:22",3372000
12300,-600,3000,"sd","13:36:22",3370700
12300,-600,4900,"sd","13:36:16",3367700
12300,-600,800,"sd","13:36:14",3362800
12300,-600,200,"sd","13:36:14",3362000
12300,-600,200,"sd","13:36:08",3361800
12300,-600,100,"sd","13:36:08",3361600
12300,-600,8700,"sd","13:36:08",3361500
12350,-550,200,"sd","13:36:00",3352800
12350,-550,1000,"sd","13:36:00",3352600
12350,-550,100,"sd","13:36:00",3351600
12350,-550,500,"sd","13:36:00",3351500
12350,-550,100,"sd","13:36:00",3351000
12350,-550,100,"sd","13:36:00",3350900
12350,-550,500,"sd","13:36:00",3350800
12350,-550,500,"sd","13:36:00",3350300
12350,-550,1000,"sd","13:36:00",3349800
12350,-550,2000,"sd","13:36:00",3348800
12350,-550,100,"sd","13:36:00",3346800
12350,-550,5000,"sd","13:36:00",3346700
12350,-550,100,"sd","13:36:00",3341700
12350,-550,1200,"sd","13:36:00",3341600
12400,-500,400,"bu","13:35:57",3340400
12400,-500,100,"bu","13:35:48",3340000
12400,-500,300,"sd","13:35:43",3339900
12400,-500,300,"sd","13:35:43",3339600
12400,-500,2000,"sd","13:35:43",3339300
12400,-500,2000,"sd","13:35:43",3337300
12450,-450,100,"bu","13:35:39",3335300
12450,-450,500,"bu","13:35:26",3335200
12450,-450,400,"bu","13:35:20",3334700
12450,-450,1000,"sd","13:34:55",3334300
12450,-450,1000,"sd","13:34:55",3333300
12450,-450,6100,"sd","13:34:55",3332300
12450,-450,1000,"bu","13:34:46",3326200
12450,-450,10000,"bu","13:34:46",3325200
12450,-450,1000,"bu","13:34:46",3315200
12450,-450,1000,"bu","13:34:46",3314200
12450,-450,500,"bu","13:34:46",3313200
12450,-450,500,"bu","13:34:46",3312700
12450,-450,5000,"bu","13:34:46",3312200
12450,-450,100,"bu","13:34:46",3307200
12450,-450,100,"bu","13:34:46",3307100
12450,-450,300,"bu","13:34:46",3307000
12450,-450,100,"bu","13:34:34",3306700
12450,-450,100,"bu","13:34:27",3306600
12450,-450,500,"bu","13:34:27",3306500
12450,-450,2400,"bu","13:34:27",3306000
12450,-450,1000,"bu","13:34:25",3303600
12450,-450,100,"bu","13:34:06",3302600
12450,-450,1000,"bu","13:33:56",3302500
12450,-450,100,"bu","13:33:55",3301500
12450,-450,400,"bu","13:33:50",3301400
12450,-450,100,"bu","13:33:50",3301000
12450,-450,300,"bu","13:33:43",3300900
12400,-500,4800,"sd","13:33:41",3300600
12400,-500,100,"sd","13:33:41",3295800
12400,-500,500,"sd","13:33:41",3295700
12450,-450,100,"bu","13:33:38",3295200
12450,-450,100,"bu","13:33:37",3295100
12450,-450,3000,"bu","13:33:15",3295000
12450,-450,4000,"bu","13:32:18",3292000
12450,-450,100,"sd","13:31:53",3288000
12450,-450,100,"sd","13:31:53",3287900
12450,-450,200,"sd","13:31:53",3287800
12450,-450,100,"sd","13:31:53",3287600
12450,-450,600,"sd","13:31:53",3287500
12450,-450,1700,"sd","13:31:53",3286900
12450,-450,1300,"sd","13:31:40",3285200
12450,-450,100,"sd","13:31:40",3283900
12450,-450,3600,"sd","13:31:40",3283800
12450,-450,1000,"sd","13:31:29",3280200
12450,-450,3000,"bu","13:31:25",3279200
12450,-450,4000,"bu","13:31:25",3276200
12450,-450,1000,"bu","13:31:25",3272200
12450,-450,1000,"bu","13:31:25",3271200
12450,-450,500,"bu","13:31:25",3270200
12450,-450,100,"bu","13:31:25",3269700
12450,-450,4800,"bu","13:31:25",3269600
12450,-450,500,"bu","13:31:25",3264800
12450,-450,500,"bu","13:31:25",3264300
12450,-450,100,"bu","13:31:23",3263800
12450,-450,100,"bu","13:31:22",3263700
12450,-450,100,"bu","13:31:21",3263600
12450,-450,2000,"bu","13:31:08",3263500
12450,-450,2500,"bu","13:31:03",3261500
12450,-450,1000,"bu","13:30:51",3259000
12450,-450,2000,"bu","13:30:36",3258000
12400,-500,700,"sd","13:30:25",3256000
12400,-500,300,"sd","13:30:25",3255300
12400,-500,700,"bu","13:30:10",3255000
12400,-500,300,"bu","13:29:52",3254300
12400,-500,100,"bu","13:29:52",3254000
12400,-500,300,"bu","13:29:47",3253900
12400,-500,900,"bu","13:29:43",3253600
12400,-500,1000,"bu","13:29:41",3252700
12400,-500,500,"bu","13:29:27",3251700
12400,-500,200,"bu","13:29:24",3251200
12400,-500,800,"bu","13:29:24",3251000
12400,-500,200,"bu","13:29:21",3250200
12400,-500,800,"bu","13:29:21",3250000
12400,-500,1000,"bu","13:29:21",3249200
12400,-500,100,"bu","13:29:21",3248200
12400,-500,900,"bu","13:29:21",3248100
12400,-500,1000,"bu","13:29:19",3247200
12400,-500,100,"bu","13:29:13",3246200
12400,-500,200,"bu","13:29:12",3246100
12400,-500,200,"bu","13:29:10",3245900
12400,-500,800,"bu","13:29:10",3245700
12400,-500,1000,"bu","13:29:05",3244900
12400,-500,5000,"bu","13:29:03",3243900
12400,-500,1000,"bu","13:29:01",3238900
12400,-500,5000,"bu","13:28:51",3237900
12400,-500,200,"bu","13:28:46",3232900
12400,-500,4000,"bu","13:28:43",3232700
12400,-500,600,"bu","13:28:23",3228700
12400,-500,400,"bu","13:28:23",3228100
12350,-550,500,"sd","13:27:54",3227700
12400,-500,2000,"bu","13:27:53",3227200
12400,-500,100,"bu","13:27:46",3225200
12400,-500,300,"bu","13:27:46",3225100
12400,-500,200,"bu","13:27:43",3224800
12400,-500,100,"bu","13:27:43",3224600
12400,-500,100,"bu","13:27:43",3224500
12400,-500,1600,"bu","13:27:43",3224400
12400,-500,400,"bu","13:27:40",3222800
12400,-500,100,"bu","13:27:40",3222400
12400,-500,100,"bu","13:27:40",3222300
12400,-500,1000,"bu","13:27:29",3222200
12400,-500,100,"bu","13:27:28",3221200
12400,-500,700,"bu","13:27:27",3221100
12400,-500,100,"bu","13:27:27",3220400
12400,-500,200,"bu","13:27:27",3220300
12350,-550,1000,"sd","13:27:26",3220100
12350,-550,2000,"sd","13:27:18",3219100
12350,-550,1000,"sd","13:27:12",3217100
12350,-550,300,"sd","13:26:48",3216100
12350,-550,200,"bu","13:26:38",3215800
12350,-550,100,"bu","13:26:38",3215600
12300,-600,1500,"sd","13:26:35",3215500
12300,-600,100,"bu","13:26:23",3214000
12300,-600,7700,"bu","13:26:23",3213900
12300,-600,2200,"bu","13:26:21",3206200
12300,-600,2800,"bu","13:26:21",3204000
12300,-600,500,"bu","13:26:20",3201200
12250,-650,500,"sd","13:26:14",3200700
12250,-650,400,"sd","13:26:14",3200200
12300,-600,500,"bu","13:26:04",3199800
12250,-650,600,"sd","13:26:03",3199300
12250,-650,400,"sd","13:26:03",3198700
12300,-600,100,"bu","13:26:03",3198300
12300,-600,100,"bu","13:26:01",3198200
12250,-650,1000,"sd","13:25:54",3198100
12250,-650,200,"bu","13:25:53",3197100
12250,-650,500,"bu","13:25:53",3196900
12250,-650,2700,"bu","13:25:53",3196400
12250,-650,1000,"bu","13:25:52",3193700
12250,-650,2000,"bu","13:25:52",3192700
12250,-650,1000,"bu","13:25:51",3190700
12250,-650,1000,"bu","13:25:50",3189700
12250,-650,800,"bu","13:25:49",3188700
12250,-650,1000,"bu","13:25:47",3187900
12250,-650,1000,"bu","13:25:46",3186900
12250,-650,500,"bu","13:25:46",3185900
12250,-650,2000,"bu","13:25:43",3185400
12250,-650,500,"bu","13:25:40",3183400
12250,-650,2000,"bu","13:25:38",3182900
12200,-700,600,"sd","13:25:36",3180900
12250,-650,1300,"bu","13:25:32",3180300
12200,-700,1000,"bu","13:25:12",3179000
12200,-700,1200,"bu","13:25:12",3178000
12200,-700,12000,"bu","13:25:12",3176800
12200,-700,10000,"bu","13:25:12",3164800
12200,-700,500,"bu","13:25:12",3154800
12200,-700,1000,"bu","13:25:12",3154300
12200,-700,100,"bu","13:25:12",3153300
12200,-700,13600,"bu","13:25:12",3153200
12150,-750,200,"sd","13:25:12",3139600
12200,-700,8000,"bu","13:25:10",3139400
12150,-750,500,"sd","13:24:58",3131400
12150,-750,100,"sd","13:24:58",3130900
12150,-750,400,"sd","13:24:58",3130800
12150,-750,200,"sd","13:24:53",3130400
12200,-700,17000,"bu","13:24:53",3130200
12150,-750,400,"sd","13:24:52",3113200
12150,-750,100,"sd","13:24:52",3112800
12150,-750,500,"sd","13:24:50",3112700
12150,-750,1100,"sd","13:24:48",3112200
12150,-750,800,"sd","13:24:47",3111100
12150,-750,3000,"sd","13:24:47",3110300
12150,-750,2700,"sd","13:24:47",3107300
12200,-700,1000,"bu","13:24:44",3104600
12150,-750,100,"sd","13:24:36",3103600
12150,-750,2000,"sd","13:24:33",3103500
12150,-750,200,"sd","13:24:31",3101500
12150,-750,1500,"sd","13:24:31",3101300
12150,-750,200,"sd","13:24:31",3099800
12150,-750,100,"sd","13:24:31",3099600
12150,-750,4200,"sd","13:24:31",3099500
12150,-750,100,"sd","13:24:23",3095300
12150,-750,700,"sd","13:24:21",3095200
12150,-750,100,"sd","13:24:21",3094500
12150,-750,2000,"sd","13:24:21",3094400
12150,-750,10000,"sd","13:24:21",3092400
12150,-750,1000,"sd","13:24:21",3082400
12150,-750,2000,"sd","13:24:21",3081400
12150,-750,9200,"sd","13:24:21",3079400
12150,-750,800,"sd","13:24:17",3070200
12150,-750,300,"sd","13:24:17",3069400
12150,-750,100,"sd","13:24:17",3069100
12150,-750,3800,"sd","13:24:17",3069000
12150,-750,4500,"sd","13:24:13",3065200
12150,-750,1700,"sd","13:24:08",3060700
12150,-750,500,"sd","13:24:08",3059000
12150,-750,500,"sd","13:24:08",3058500
12150,-750,900,"sd","13:24:08",3058000
12150,-750,500,"sd","13:24:08",3057100
12150,-750,1900,"sd","13:24:08",3056600
12150,-750,1000,"sd","13:24:03",3054700
12150,-750,100,"sd","13:24:00",3053700
12150,-750,4200,"sd","13:24:00",3053600
12150,-750,200,"sd","13:24:00",3049400
12150,-750,3000,"sd","13:24:00",3049200
12150,-750,2600,"sd","13:23:41",3046200
12150,-750,300,"sd","13:23:41",3043600
12150,-750,1300,"sd","13:23:41",3043300
12150,-750,500,"sd","13:23:41",3042000
12150,-750,500,"sd","13:23:41",3041500
12150,-750,1000,"sd","13:23:41",3041000
12150,-750,4000,"sd","13:23:41",3040000
12150,-750,100,"sd","13:23:41",3036000
12150,-750,2000,"sd","13:23:41",3035900
12150,-750,100,"sd","13:23:41",3033900
12150,-750,100,"sd","13:23:41",3033800
12150,-750,500,"sd","13:23:41",3033700
12150,-750,1000,"sd","13:23:41",3033200
12150,-750,3000,"sd","13:23:41",3032200
12150,-750,1000,"sd","13:23:41",3029200
12150,-750,3000,"sd","13:23:41",3028200
12150,-750,100,"sd","13:23:41",3025200
12150,-750,2000,"sd","13:23:41",3025100
12150,-750,500,"sd","13:23:41",3023100
12150,-750,100,"sd","13:23:41",3022600
12150,-750,100,"sd","13:23:41",3022500
12150,-750,6200,"sd","13:23:41",3022400
12200,-700,100,"bu","13:23:41",3016200
12200,-700,100,"bu","13:23:38",3016100
12150,-750,600,"sd","13:23:33",3016000
12150,-750,3200,"sd","13:23:28",3015400
12150,-750,500,"sd","13:23:28",3012200
12150,-750,1000,"sd","13:23:28",3011700
12150,-750,100,"sd","13:23:28",3010700
12150,-750,500,"sd","13:23:28",3010600
12150,-750,100,"sd","13:23:28",3010100
12150,-750,1000,"sd","13:23:28",3010000
12150,-750,1600,"sd","13:23:28",3009000
12200,-700,500,"bu","13:23:26",3007400
12150,-750,100,"sd","13:23:25",3006900
12150,-750,1200,"sd","13:23:25",3006800
12150,-750,1800,"sd","13:23:25",3005600
12150,-750,200,"sd","13:23:17",3003800
12200,-700,1000,"bu","13:23:16",3003600
12200,-700,500,"bu","13:23:10",3002600
12200,-700,300,"sd","13:23:07",3002100
12200,-700,1000,"sd","13:23:07",3001800
12200,-700,4300,"sd","13:23:07",3000800
12250,-650,6200,"bu","13:23:06",2996500
12250,-650,3800,"bu","13:23:06",2990300
12200,-700,6000,"sd","13:23:03",2986500
12200,-700,4700,"sd","13:23:03",2980500
12200,-700,500,"sd","13:23:03",2975800
12200,-700,2000,"sd","13:23:03",2975300
12200,-700,2500,"bu","13:22:58",2973300
12200,-700,500,"sd","13:22:56",2970800
12200,-700,500,"bu","13:22:56",2970300
12200,-700,4500,"sd","13:22:56",2969800
12200,-700,500,"bu","13:22:55",2965300
12200,-700,100,"sd","13:22:55",2964800
12200,-700,500,"sd","13:22:55",2964700
12200,-700,500,"sd","13:22:55",2964200
12200,-700,500,"sd","13:22:55",2963700
12200,-700,100,"sd","13:22:55",2963200
12200,-700,100,"sd","13:22:55",2963100
12200,-700,100,"sd","13:22:55",2963000
12200,-700,500,"sd","13:22:55",2962900
12200,-700,2100,"sd","13:22:55",2962400
12250,-650,100,"bu","13:22:53",2960300
12200,-700,300,"sd","13:22:51",2960200
12200,-700,1000,"sd","13:22:50",2959900
12200,-700,5000,"sd","13:22:49",2958900
12200,-700,100,"sd","13:22:49",2953900
12200,-700,100,"sd","13:22:49",2953800
12200,-700,2000,"sd","13:22:49",2953700
12200,-700,20000,"sd","13:22:49",2951700
12200,-700,300,"sd","13:22:49",2931700
12200,-700,1500,"sd","13:22:49",2931400
12200,-700,8200,"sd","13:22:49",2929900
12200,-700,300,"sd","13:22:49",2921700
12200,-700,100,"sd","13:22:49",2921400
12200,-700,100,"sd","13:22:49",2921300
12200,-700,200,"sd","13:22:49",2921200
12200,-700,500,"sd","13:22:49",2921000
12200,-700,1000,"sd","13:22:49",2920500
12200,-700,500,"sd","13:22:49",2919500
12200,-700,200,"sd","13:22:49",2919000
12200,-700,1000,"sd","13:22:48",2918800
12200,-700,5000,"sd","13:22:44",2917800
12200,-700,1300,"sd","13:22:43",2912800
12200,-700,5000,"sd","13:22:43",2911500
12200,-700,1000,"sd","13:22:42",2906500
12200,-700,61300,"sd","13:22:37",2905500
12250,-650,100,"bu","13:22:36",2844200
12250,-650,100,"bu","13:22:35",2844100
12200,-700,2000,"sd","13:22:33",2844000
12200,-700,1000,"sd","13:22:33",2842000
12250,-650,400,"bu","13:22:27",2841000
12250,-650,500,"bu","13:22:27",2840600
12250,-650,500,"bu","13:22:26",2840100
12250,-650,100,"bu","13:22:25",2839600
12200,-700,2000,"sd","13:22:25",2839500
12250,-650,500,"bu","13:22:24",2837500
12250,-650,400,"bu","13:22:23",2837000
12250,-650,100,"bu","13:22:23",2836600
12250,-650,500,"bu","13:22:23",2836500
12200,-700,5000,"sd","13:22:19",2836000
12200,-700,2000,"sd","13:22:16",2831000
12200,-700,1000,"sd","13:22:16",2829000
12200,-700,50000,"sd","13:22:16",2828000
12200,-700,4200,"sd","13:22:16",2778000
12200,-700,1000,"sd","13:22:16",2773800
12200,-700,100,"sd","13:22:16",2772800
12200,-700,400,"sd","13:22:16",2772700
12200,-700,3000,"sd","13:22:16",2772300
12200,-700,300,"sd","13:22:16",2769300
12200,-700,1000,"sd","13:22:16",2769000
12200,-700,100,"sd","13:22:16",2768000
12200,-700,1900,"sd","13:22:16",2767900
12250,-650,500,"bu","13:22:15",2766000
12250,-650,100,"bu","13:22:14",2765500
12250,-650,1900,"bu","13:22:13",2765400
12250,-650,100,"bu","13:22:13",2763500
12250,-650,200,"bu","13:22:13",2763400
12250,-650,300,"bu","13:22:12",2763200
12250,-650,1000,"bu","13:22:09",2762900
12250,-650,1000,"bu","13:22:09",2761900
12250,-650,100,"bu","13:22:08",2760900
12250,-650,100,"bu","13:22:08",2760800
12250,-650,500,"sd","13:22:06",2760700
12250,-650,800,"sd","13:22:06",2760200
12250,-650,1000,"sd","13:22:06",2759400
12250,-650,1000,"sd","13:22:04",2758400
12250,-650,2100,"sd","13:22:04",2757400
12250,-650,5100,"bu","13:22:00",2755300
12250,-650,300,"sd","13:21:57",2750200
12250,-650,500,"sd","13:21:57",2749900
12300,-600,1000,"sd","13:21:57",2749400
12300,-600,2000,"sd","13:21:56",2748400
12300,-600,1000,"sd","13:21:52",2746400
12200,-700,5000,"sd","13:21:51",2745400
12200,-700,200,"sd","13:21:51",2740400
12200,-700,700,"sd","13:21:51",2740200
12200,-700,1000,"sd","13:21:51",2739500
12200,-700,5000,"sd","13:21:51",2738500
12200,-700,100,"sd","13:21:51",2733500
12200,-700,2000,"sd","13:21:51",2733400
12250,-650,1000,"unknown","13:21:51",2731400
12200,-700,100,"sd","13:21:51",2730400
12250,-650,3000,"unknown","13:21:51",2730300
12200,-700,200,"sd","13:21:51",2727300
12250,-650,1500,"unknown","13:21:51",2727100
12200,-700,3000,"sd","13:21:51",2725600
12250,-650,1000,"unknown","13:21:51",2722600
12200,-700,100,"sd","13:21:51",2721600
12300,-600,700,"unknown","13:21:51",2721500
12200,-700,200,"sd","13:21:51",2720800
12300,-600,100,"unknown","13:21:51",2720600
12200,-700,1000,"sd","13:21:51",2720500
12300,-600,800,"sd","13:21:51",2719500
12300,-600,100,"sd","13:21:51",2718700
12200,-700,100,"sd","13:21:51",2718600
12200,-700,1000,"sd","13:21:51",2718500
12300,-600,1000,"sd","13:21:51",2717500
12200,-700,2000,"sd","13:21:51",2716500
12300,-600,800,"sd","13:21:51",2714500
12200,-700,100,"sd","13:21:51",2713700
12300,-600,100,"sd","13:21:51",2713600
12200,-700,200,"sd","13:21:51",2713500
12300,-600,1000,"sd","13:21:51",2713300
12200,-700,200,"sd","13:21:51",2712300
12250,-650,10000,"sd","13:21:51",2712100
12300,-600,2000,"sd","13:21:51",2702100
12200,-700,400,"sd","13:21:51",2700100
12250,-650,3000,"sd","13:21:51",2699700
12300,-600,4000,"sd","13:21:51",2696700
12250,-650,1000,"sd","13:21:51",2692700
12300,-600,500,"sd","13:21:51",2691700
12250,-650,3000,"sd","13:21:51",2691200
12250,-650,300,"sd","13:21:51",2688200
12300,-600,1000,"sd","13:21:51",2687900
12300,-600,1500,"sd","13:21:51",2686900
12300,-600,1000,"sd","13:21:50",2685400
12350,-550,1000,"bu","13:21:47",2684400
12300,-600,2000,"sd","13:21:44",2683400
12300,-600,600,"sd","13:21:43",2681400
12300,-600,1000,"sd","13:21:34",2680800
12300,-600,8900,"sd","13:21:32",2679800
12300,-600,500,"sd","13:21:32",2670900
12300,-600,3200,"sd","13:21:32",2670400
12300,-600,1800,"sd","13:21:30",2667200
12300,-600,100,"sd","13:21:30",2665400
12300,-600,300,"sd","13:21:30",2665300
12300,-600,800,"sd","13:21:30",2665000
12350,-550,1000,"bu","13:21:30",2664200
12350,-550,1000,"bu","13:21:30",2663200
12350,-550,100,"bu","13:21:27",2662200
12350,-550,100,"bu","13:21:22",2662100
12350,-550,1000,"bu","13:21:20",2662000
12300,-600,200,"sd","13:21:17",2661000
12300,-600,200,"sd","13:21:17",2660800
12350,-550,9500,"sd","13:21:15",2660600
12350,-550,500,"sd","13:21:10",2651100
12350,-550,10000,"sd","13:21:07",2650600
12300,-600,800,"sd","13:21:03",2640600
12300,-600,600,"sd","13:21:03",2639800
12300,-600,1000,"sd","13:21:03",2639200
12300,-600,1500,"sd","13:21:03",2638200
12300,-600,200,"sd","13:21:03",2636700
12300,-600,700,"sd","13:21:03",2636500
12300,-600,600,"sd","13:21:03",2635800
12350,-550,3000,"sd","13:21:03",2635200
12350,-550,2000,"sd","13:21:03",2632200
12350,-550,100,"sd","13:21:03",2630200
12350,-550,1000,"sd","13:21:03",2630100
12350,-550,2000,"sd","13:21:03",2629100
12350,-550,100,"sd","13:21:03",2627100
12350,-550,300,"sd","13:21:03",2627000
12350,-550,100,"sd","13:21:03",2626700
12350,-550,4000,"sd","13:21:03",2626600
12350,-550,500,"sd","13:21:03",2622600
12350,-550,100,"sd","13:21:03",2622100
12350,-550,5000,"sd","13:21:03",2622000
12350,-550,200,"sd","13:21:03",2617000
12350,-550,300,"sd","13:21:03",2616800
12350,-550,800,"sd","13:21:03",2616500
12350,-550,2000,"sd","13:21:03",2615700
12350,-550,500,"sd","13:21:03",2613700
12350,-550,100,"sd","13:21:00",2613200
12400,-500,2000,"bu","13:20:57",2613100
12400,-500,100,"bu","13:20:43",2611100
12400,-500,1000,"bu","13:20:43",2611000
12350,-550,900,"sd","13:20:42",2610000
12350,-550,1000,"sd","13:20:42",2609100
12350,-550,2000,"sd","13:20:42",2608100
12350,-550,1000,"sd","13:20:42",2606100
12350,-550,500,"sd","13:20:42",2605100
12350,-550,500,"sd","13:20:42",2604600
12350,-550,1000,"sd","13:20:42",2604100
12350,-550,3000,"sd","13:20:42",2603100
12350,-550,100,"sd","13:20:42",2600100
12400,-500,500,"bu","13:20:39",2600000
12400,-500,100,"bu","13:20:36",2599500
12400,-500,300,"bu","13:20:35",2599400
12400,-500,1000,"sd","13:20:30",2599100
12400,-500,11000,"sd","13:20:30",2598100
12400,-500,400,"sd","13:20:30",2587100
12400,-500,500,"sd","13:20:30",2586700
12400,-500,300,"sd","13:20:30",2586200
12400,-500,1000,"sd","13:20:30",2585900
12400,-500,500,"sd","13:20:30",2584900
12400,-500,5400,"sd","13:20:30",2584400
12400,-500,2000,"sd","13:20:27",2579000
12400,-500,100,"sd","13:20:27",2577000
12400,-500,100,"sd","13:20:27",2576900
12400,-500,900,"sd","13:20:27",2576800
12400,-500,300,"sd","13:20:27",2575900
12400,-500,1000,"sd","13:20:27",2575600
12400,-500,100,"sd","13:20:27",2574600
12400,-500,500,"sd","13:20:27",2574500
12400,-500,1000,"sd","13:20:27",2574000
12400,-500,100,"sd","13:20:27",2573000
12400,-500,600,"sd","13:20:27",2572900
12400,-500,200,"sd","13:20:27",2572300
12400,-500,100,"sd","13:20:27",2572100
12400,-500,5000,"sd","13:20:27",2572000
12400,-500,9600,"sd","13:20:27",2567000
12400,-500,7000,"sd","13:20:27",2557400
12400,-500,1000,"sd","13:20:27",2550400
12400,-500,100,"sd","13:20:27",2549400
12400,-500,300,"sd","13:20:27",2549300
12450,-450,200,"bu","13:20:20",2549000
12450,-450,500,"bu","13:20:13",2548800
12400,-500,1000,"sd","13:20:09",2548300
12450,-450,3400,"sd","13:20:07",2547300
12500,-400,100,"bu","13:20:06",2543900
12500,-400,500,"bu","13:20:04",2543800
12450,-450,200,"sd","13:20:00",2543300
12450,-450,200,"sd","13:20:00",2543100
12450,-450,1000,"bu","13:20:00",2542900
12450,-450,200,"bu","13:20:00",2541900
12400,-500,1000,"sd","13:20:00",2541700
12450,-450,1000,"bu","13:19:46",2540700
12450,-450,100,"bu","13:19:42",2539700
12450,-450,100,"bu","13:19:30",2539600
12450,-450,500,"sd","13:19:30",2539500
12450,-450,1000,"sd","13:19:30",2539000
12450,-450,200,"sd","13:19:30",2538000
12450,-450,900,"sd","13:19:30",2537800
12450,-450,300,"sd","13:19:18",2536900
12450,-450,10000,"sd","13:19:18",2536600
12450,-450,3000,"sd","13:19:18",2526600
12450,-450,100,"sd","13:19:18",2523600
12450,-450,1000,"sd","13:19:18",2523500
12450,-450,600,"sd","13:19:18",2522500
12550,-350,4700,"bu","13:19:14",2521900
12500,-400,2000,"bu","13:19:14",2517200
12500,-400,1800,"bu","13:19:14",2515200
12500,-400,2000,"bu","13:19:14",2513400
12500,-400,5000,"bu","13:19:14",2511400
12500,-400,30000,"bu","13:19:14",2506400
12500,-400,4000,"bu","13:19:14",2476400
12500,-400,500,"bu","13:19:14",2472400
12450,-450,900,"sd","13:19:04",2471900
12450,-450,700,"sd","13:19:04",2471000
12450,-450,900,"sd","13:19:04",2470300
12500,-400,900,"bu","13:19:00",2469400
12450,-450,400,"sd","13:18:58",2468500
12450,-450,500,"sd","13:18:55",2468100
12450,-450,200,"sd","13:18:53",2467600
12450,-450,100,"sd","13:18:53",2467400
12450,-450,1000,"sd","13:18:53",2467300
12450,-450,200,"sd","13:18:53",2466300
12450,-450,800,"sd","13:18:52",2466100
12450,-450,200,"sd","13:18:52",2465300
12450,-450,14000,"sd","13:18:52",2465100
12500,-400,100,"bu","13:18:50",2451100
12450,-450,700,"sd","13:18:46",2451000
12450,-450,300,"sd","13:18:43",2450300
12450,-450,500,"sd","13:18:43",2450000
12450,-450,500,"sd","13:18:43",2449500
12450,-450,100,"sd","13:18:43",2449000
12450,-450,2000,"sd","13:18:43",2448900
12450,-450,2000,"sd","13:18:43",2446900
12450,-450,300,"sd","13:18:43",2444900
12450,-450,100,"sd","13:18:43",2444600
12450,-450,800,"sd","13:18:43",2444500
12450,-450,400,"sd","13:18:43",2443700
12450,-450,2000,"sd","13:18:36",2443300
12500,-400,1200,"bu","13:18:25",2441300
12500,-400,2800,"bu","13:18:24",2440100
12500,-400,200,"bu","13:18:24",2437300
12500,-400,100,"sd","13:18:18",2437100
12500,-400,1000,"sd","13:18:18",2437000
12500,-400,1000,"sd","13:18:18",2436000
12500,-400,1200,"sd","13:18:18",2435000
12500,-400,7000,"sd","13:18:18",2433800
12500,-400,1000,"bu","13:18:09",2426800
12500,-400,800,"bu","13:18:09",2425800
12500,-400,1600,"bu","13:18:08",2425000
12500,-400,8400,"bu","13:18:08",2423400
12500,-400,2000,"bu","13:18:03",2415000
12500,-400,200,"bu","13:18:03",2413000
12500,-400,100,"bu","13:17:53",2412800
12500,-400,500,"sd","13:17:52",2412700
12500,-400,500,"sd","13:17:52",2412200
12500,-400,10000,"sd","13:17:52",2411700
12500,-400,100,"sd","13:17:52",2401700
12500,-400,100,"sd","13:17:52",2401600
12500,-400,1000,"sd","13:17:52",2401500
12500,-400,1100,"sd","13:17:52",2400500
12500,-400,100,"sd","13:17:52",2399400
12500,-400,5000,"sd","13:17:52",2399300
12500,-400,1000,"sd","13:17:52",2394300
12500,-400,800,"sd","13:17:52",2393300
12500,-400,1000,"sd","13:17:52",2392500
12500,-400,100,"sd","13:17:52",2391500
12500,-400,3000,"sd","13:17:52",2391400
12500,-400,900,"sd","13:17:51",2388400
12550,-350,4300,"bu","13:17:49",2387500
12550,-350,700,"bu","13:17:49",2383200
12550,-350,100,"bu","13:17:48",2382500
12500,-400,1000,"sd","13:17:47",2382400
12550,-350,200,"bu","13:17:46",2381400
12550,-350,1000,"bu","13:17:29",2381200
12500,-400,100,"sd","13:17:12",2380200
12500,-400,200,"sd","13:17:12",2380100
12500,-400,1000,"sd","13:17:12",2379900
12500,-400,1000,"sd","13:17:12",2378900
12500,-400,100,"sd","13:17:12",2377900
12500,-400,2700,"sd","13:17:12",2377800
12500,-400,3300,"sd","13:17:12",2375100
12500,-400,300,"sd","13:17:12",2371800
12500,-400,1300,"sd","13:17:12",2371500
12550,-350,3800,"bu","13:17:08",2370200
12500,-400,1500,"sd","13:17:03",2366400
12500,-400,5000,"sd","13:16:59",2364900
12550,-350,100,"bu","13:16:30",2359900
12550,-350,100,"bu","13:16:08",2359800
12500,-400,22200,"sd","13:15:56",2359700
12500,-400,5000,"sd","13:15:56",2337500
12500,-400,2000,"sd","13:15:56",2332500
12500,-400,800,"sd","13:15:56",2330500
12550,-350,100,"bu","13:15:52",2329700
12500,-400,500,"sd","13:15:48",2329600
12550,-350,700,"sd","13:15:48",2329100
12550,-350,100,"sd","13:15:48",2328400
12550,-350,1500,"sd","13:15:48",2328300
12550,-350,2200,"sd","13:15:48",2326800
12550,-350,900,"sd","13:15:46",2324600
12550,-350,100,"sd","13:15:46",2323700
12500,-400,200,"sd","13:15:28",2323600
12500,-400,500,"sd","13:15:28",2323400
12500,-400,100,"sd","13:15:28",2322900
12500,-400,500,"sd","13:15:28",2322800
12500,-400,1000,"sd","13:15:28",2322300
12500,-400,2000,"sd","13:15:28",2321300
12500,-400,100,"sd","13:15:28",2319300
12500,-400,700,"sd","13:15:28",2319200
12500,-400,500,"sd","13:15:28",2318500
12500,-400,1800,"sd","13:15:28",2318000
12500,-400,10000,"sd","13:15:28",2316200
12500,-400,800,"sd","13:15:28",2306200
12500,-400,1700,"sd","13:15:28",2305400
12550,-350,100,"bu","13:15:25",2303700
12550,-350,100,"bu","13:15:25",2303600
12550,-350,100,"bu","13:15:18",2303500
12550,-350,500,"bu","13:15:16",2303400
12550,-350,2000,"bu","13:15:12",2302900
12550,-350,100,"bu","13:15:07",2300900
12550,-350,1000,"bu","13:15:04",2300800
12550,-350,500,"bu","13:15:04",2299800
12550,-350,100,"bu","13:15:00",2299300
12550,-350,300,"bu","13:14:53",2299200
12550,-350,100,"bu","13:14:31",2298900
12500,-400,300,"sd","13:14:28",2298800
12500,-400,3200,"sd","13:14:28",2298500
12550,-350,500,"bu","13:14:17",2295300
12550,-350,700,"bu","13:14:10",2294800
12550,-350,1000,"sd","13:14:08",2294100
12550,-350,1000,"sd","13:14:07",2293100
12500,-400,300,"sd","13:14:01",2292100
12550,-350,100,"sd","13:14:01",2291800
12600,-300,4000,"bu","13:14:01",2291700
12500,-400,1200,"sd","13:13:49",2287700
12550,-350,300,"sd","13:13:47",2286500
12550,-350,200,"bu","13:13:45",2286200
12550,-350,100,"bu","13:13:45",2286000
12550,-350,2000,"bu","13:13:45",2285900
12550,-350,5000,"bu","13:13:45",2283900
12550,-350,12400,"bu","13:13:45",2278900
12500,-400,5000,"sd","13:13:35",2266500
12500,-400,300,"bu","13:13:35",2261500
12500,-400,1000,"bu","13:13:32",2261200
12500,-400,500,"bu","13:13:31",2260200
12450,-450,1200,"sd","13:13:28",2259700
12500,-400,500,"sd","13:13:27",2258500
12500,-400,1700,"sd","13:13:27",2258000
12500,-400,400,"sd","13:13:26",2256300
12500,-400,2000,"bu","13:13:25",2255900
12500,-400,3000,"bu","13:13:25",2253900
12500,-400,7900,"bu","13:13:25",2250900
12500,-400,600,"bu","13:13:22",2243000
12500,-400,1000,"bu","13:13:22",2242400
12500,-400,900,"bu","13:13:22",2241400
12500,-400,500,"bu","13:13:22",2240500
12500,-400,2000,"bu","13:13:21",2240000
12500,-400,100,"bu","13:13:20",2238000
12500,-400,500,"bu","13:13:20",2237900
12500,-400,400,"bu","13:13:18",2237400
12500,-400,400,"bu","13:13:17",2237000
12500,-400,100,"bu","13:13:17",2236600
12500,-400,200,"bu","13:13:13",2236500
12500,-400,500,"bu","13:13:13",2236300
12500,-400,500,"bu","13:13:13",2235800
12500,-400,2000,"bu","13:13:13",2235300
12500,-400,10000,"bu","13:13:07",2233300
12500,-400,200,"bu","13:13:06",2223300
12500,-400,1000,"bu","13:12:59",2223100
12500,-400,200,"bu","13:12:58",2222100
12500,-400,1500,"bu","13:12:57",2221900
12500,-400,10000,"bu","13:12:56",2220400
12450,-450,1000,"sd","13:12:54",2210400
12500,-400,1000,"bu","13:12:53",2209400
12500,-400,2000,"bu","13:12:51",2208400
12500,-400,2000,"bu","13:12:51",2206400
12500,-400,5000,"bu","13:12:49",2204400
12500,-400,100,"bu","13:12:46",2199400
12500,-400,1000,"bu","13:12:28",2199300
12500,-400,1000,"sd","13:12:22",2198300
12500,-400,10000,"unknown","13:12:13",2197300
12500,-400,100,"unknown","13:12:13",2187300
12500,-400,500,"unknown","13:12:13",2187200
12500,-400,5000,"sd","13:12:13",2186700
12500,-400,200,"sd","13:12:13",2181700
12500,-400,500,"sd","13:12:13",2181500
12500,-400,100,"sd","13:12:13",2181000
12500,-400,1000,"sd","13:12:13",2180900
12500,-400,500,"sd","13:12:13",2179900
12500,-400,100,"sd","13:12:13",2179400
12500,-400,500,"sd","13:12:13",2179300
12500,-400,100,"sd","13:12:13",2178800
12500,-400,100,"sd","13:12:13",2178700
12500,-400,100,"sd","13:12:13",2178600
12500,-400,500,"sd","13:12:13",2178500
12500,-400,200,"sd","13:12:13",2178000
12500,-400,500,"sd","13:12:13",2177800
12500,-400,1500,"sd","13:12:04",2177300
12500,-400,500,"sd","13:12:02",2175800
12500,-400,2800,"sd","13:12:01",2175300
12500,-400,500,"sd","13:12:01",2172500
12500,-400,100,"sd","13:12:01",2172000
12500,-400,700,"sd","13:12:01",2171900
12500,-400,300,"sd","13:12:01",2171200
12500,-400,2900,"sd","13:12:01",2170900
12500,-400,1000,"sd","13:12:01",2168000
12500,-400,1000,"sd","13:12:01",2167000
12500,-400,400,"sd","13:12:01",2166000
12500,-400,700,"sd","13:12:01",2165600
12500,-400,2000,"sd","13:11:55",2164900
12500,-400,300,"sd","13:11:55",2162900
12500,-400,200,"sd","13:11:55",2162600
12500,-400,500,"sd","13:11:52",2162400
12500,-400,2000,"sd","13:11:52",2161900
12500,-400,700,"sd","13:11:50",2159900
12500,-400,200,"sd","13:11:49",2159200
12550,-350,5000,"bu","13:11:47",2159000
12500,-400,3300,"sd","13:11:45",2154000
12550,-350,500,"bu","13:11:38",2150700
12500,-400,100,"sd","13:11:36",2150200
12500,-400,3000,"sd","13:11:34",2150100
12500,-400,4000,"sd","13:11:34",2147100
12500,-400,3900,"sd","13:11:32",2143100
12500,-400,100,"sd","13:11:32",2139200
12500,-400,700,"sd","13:11:32",2139100
12500,-400,1000,"sd","13:11:32",2138400
12500,-400,500,"sd","13:11:32",2137400
12500,-400,200,"sd","13:11:32",2136900
12500,-400,1000,"sd","13:11:32",2136700
12500,-400,2600,"sd","13:11:32",2135700
12500,-400,3900,"sd","13:11:28",2133100
12500,-400,3500,"sd","13:11:25",2129200
12500,-400,1000,"sd","13:11:25",2125700
12500,-400,2000,"sd","13:11:25",2124700
12500,-400,300,"sd","13:11:25",2122700
12500,-400,4700,"sd","13:11:25",2122400
12500,-400,200,"sd","13:11:22",2117700
12500,-400,2000,"sd","13:11:19",2117500
12500,-400,3000,"sd","13:11:08",2115500
12500,-400,100,"sd","13:11:08",2112500
12500,-400,100,"sd","13:11:08",2112400
12500,-400,800,"sd","13:11:08",2112300
12500,-400,4100,"sd","13:11:07",2111500
12500,-400,3100,"sd","13:11:02",2107400
12500,-400,600,"sd","13:11:02",2104300
12500,-400,500,"sd","13:11:02",2103700
12500,-400,100,"sd","13:11:02",2103200
12500,-400,2300,"sd","13:11:02",2103100
12500,-400,5000,"sd","13:11:00",2100800
12500,-400,10000,"sd","13:11:00",2095800
12500,-400,1000,"sd","13:11:00",2085800
12500,-400,100,"sd","13:11:00",2084800
12500,-400,1000,"sd","13:11:00",2084700
12500,-400,2000,"sd","13:11:00",2083700
12500,-400,500,"sd","13:11:00",2081700
12500,-400,8000,"sd","13:11:00",2081200
12500,-400,500,"sd","13:11:00",2073200
12500,-400,1300,"sd","13:11:00",2072700
12500,-400,1500,"sd","13:11:00",2071400
12500,-400,2000,"sd","13:11:00",2069900
12500,-400,2000,"sd","13:11:00",2067900
12500,-400,1600,"sd","13:11:00",2065900
12500,-400,1000,"sd","13:11:00",2064300
12500,-400,1000,"sd","13:11:00",2063300
12500,-400,2200,"sd","13:11:00",2062300
12500,-400,1000,"sd","13:11:00",2060100
12500,-400,4000,"sd","13:11:00",2059100
12500,-400,1000,"sd","13:11:00",2055100
12500,-400,2000,"sd","13:11:00",2054100
12500,-400,100,"sd","13:11:00",2052100
12500,-400,500,"sd","13:11:00",2052000
12500,-400,2000,"sd","13:11:00",2051500
12500,-400,1000,"sd","13:11:00",2049500
12500,-400,200,"sd","13:11:00",2048500
12500,-400,500,"sd","13:11:00",2048300
12500,-400,2000,"sd","13:11:00",2047800
12500,-400,100,"sd","13:11:00",2045800
12500,-400,1000,"sd","13:11:00",2045700
12500,-400,1000,"sd","13:11:00",2044700
12500,-400,3000,"sd","13:11:00",2043700
12500,-400,500,"sd","13:11:00",2040700
12500,-400,500,"sd","13:11:00",2040200
12500,-400,400,"sd","13:11:00",2039700
12500,-400,1000,"sd","13:11:00",2039300
12500,-400,200,"sd","13:11:00",2038300
12500,-400,400,"sd","13:11:00",2038100
12500,-400,300,"sd","13:11:00",2037700
12500,-400,200,"sd","13:11:00",2037400
12500,-400,500,"sd","13:11:00",2037200
12500,-400,500,"sd","13:11:00",2036700
12500,-400,15400,"sd","13:11:00",2036200
12500,-400,2900,"sd","13:10:57",2020800
12500,-400,1500,"sd","13:10:57",2017900
12550,-350,500,"bu","13:10:57",2016400
12500,-400,10000,"sd","13:10:55",2015900
12500,-400,3000,"sd","13:10:50",2005900
12500,-400,1000,"sd","13:10:46",2002900
12550,-350,200,"bu","13:10:45",2001900
12500,-400,1000,"sd","13:10:44",2001700
12500,-400,500,"sd","13:10:36",2000700
12550,-350,1000,"bu","13:10:31",2000200
12550,-350,200,"bu","13:10:28",1999200
12500,-400,5000,"sd","13:10:25",1999000
12550,-350,200,"bu","13:10:21",1994000
12500,-400,9700,"sd","13:10:06",1993800
12500,-400,100,"sd","13:10:06",1984100
12500,-400,100,"sd","13:10:06",1984000
12500,-400,2000,"sd","13:10:06",1983900
12500,-400,3000,"sd","13:10:06",1981900
12500,-400,500,"sd","13:10:06",1978900
12500,-400,4000,"sd","13:10:06",1978400
12500,-400,1000,"sd","13:10:06",1974400
12500,-400,19600,"sd","13:10:06",1973400
12500,-400,1000,"sd","13:10:06",1953800
12550,-350,500,"bu","13:10:00",1952800
12550,-350,1000,"bu","13:09:57",1952300
12550,-350,1000,"bu","13:09:56",1951300
12500,-400,3000,"sd","13:09:52",1950300
12550,-350,300,"bu","13:09:50",1947300
12500,-400,7000,"sd","13:09:49",1947000
12550,-350,10000,"bu","13:09:46",1940000
12500,-400,1500,"sd","13:09:44",1930000
12500,-400,600,"sd","13:09:40",1928500
12500,-400,300,"sd","13:09:31",1927900
12500,-400,1100,"sd","13:09:30",1927600
12550,-350,900,"bu","13:09:30",1926500
12500,-400,900,"sd","13:09:26",1925600
12500,-400,2100,"sd","13:09:26",1924700
12550,-350,2000,"bu","13:09:24",1922600
12500,-400,3000,"sd","13:09:21",1920600
12500,-400,900,"sd","13:09:19",1917600
12500,-400,2500,"sd","13:09:18",1916700
12500,-400,1000,"sd","13:09:18",1914200
12500,-400,500,"sd","13:09:18",1913200
12500,-400,1000,"sd","13:09:18",1912700
12500,-400,5000,"sd","13:09:18",1911700
12500,-400,1000,"sd","13:09:18",1906700
12500,-400,1000,"sd","13:09:18",1905700
12500,-400,200,"sd","13:09:18",1904700
12500,-400,1000,"sd","13:09:18",1904500
12500,-400,4000,"sd","13:09:18",1903500
12500,-400,100,"sd","13:09:18",1899500
12500,-400,1000,"sd","13:09:18",1899400
12500,-400,100,"sd","13:09:18",1898400
12500,-400,100,"sd","13:09:18",1898300
12550,-350,200,"bu","13:09:18",1898200
12550,-350,100,"bu","13:09:02",1898000
12550,-350,100,"sd","13:09:01",1897900
12550,-350,1000,"sd","13:09:01",1897800
12550,-350,1000,"sd","13:09:01",1896800
12550,-350,2000,"sd","13:09:01",1895800
12550,-350,500,"sd","13:09:01",1893800
12550,-350,20000,"sd","13:09:01",1893300
12550,-350,1000,"sd","13:09:01",1873300
12550,-350,800,"sd","13:09:01",1872300
12550,-350,1000,"sd","13:09:01",1871500
12550,-350,100,"sd","13:09:01",1870500
12550,-350,100,"sd","13:09:01",1870400
12550,-350,100,"sd","13:09:01",1870300
12550,-350,900,"sd","13:09:01",1870200
12550,-350,2000,"sd","13:09:01",1869300
12550,-350,7900,"sd","13:09:01",1867300
12550,-350,1000,"sd","13:09:01",1859400
12550,-350,600,"sd","13:09:01",1858400
12550,-350,5000,"sd","13:09:01",1857800
12550,-350,2000,"sd","13:09:01",1852800
12550,-350,100,"sd","13:09:01",1850800
12550,-350,500,"sd","13:09:01",1850700
12550,-350,1000,"sd","13:09:01",1850200
12550,-350,1000,"sd","13:09:01",1849200
12550,-350,5500,"sd","13:09:01",1848200
12550,-350,3800,"sd","13:09:01",1842700
12550,-350,3000,"sd","13:09:01",1838900
12550,-350,1000,"sd","13:09:01",1835900
12550,-350,500,"sd","13:09:01",1834900
12550,-350,500,"sd","13:09:01",1834400
12600,-300,1000,"bu","13:09:00",1833900
12550,-350,10000,"sd","13:08:58",1832900
12550,-350,4500,"sd","13:08:57",1822900
12550,-350,1000,"sd","13:08:57",1818400
12550,-350,1000,"sd","13:08:56",1817400
12600,-300,100,"sd","13:08:46",1816400
12600,-300,800,"sd","13:08:46",1816300
12600,-300,100,"sd","13:08:46",1815500
12600,-300,100,"sd","13:08:46",1815400
12600,-300,100,"sd","13:08:46",1815300
12600,-300,1000,"sd","13:08:46",1815200
12600,-300,100,"sd","13:08:46",1814200
12600,-300,17000,"sd","13:08:46",1814100
12600,-300,2000,"sd","13:08:46",1797100
12600,-300,9500,"sd","13:08:46",1795100
12600,-300,7500,"sd","13:08:42",1785600
12600,-300,2000,"sd","13:08:42",1778100
12600,-300,300,"sd","13:08:42",1776100
12600,-300,200,"sd","13:08:42",1775800
12600,-300,6000,"sd","13:08:41",1775600
12600,-300,1000,"sd","13:08:28",1769600
12600,-300,2600,"sd","13:08:23",1768600
12650,-250,2000,"bu","13:08:15",1766000
12650,-250,1000,"bu","13:07:56",1764000
12650,-250,200,"bu","13:07:52",1763000
12650,-250,2500,"bu","13:07:52",1762800
12650,-250,3000,"bu","13:07:52",1760300
12650,-250,3000,"bu","13:07:52",1757300
12650,-250,1600,"bu","13:07:52",1754300
12650,-250,5000,"sd","13:06:56",1752700
12650,-250,3000,"sd","13:06:50",1747700
12650,-250,400,"sd","13:06:39",1744700
12700,-200,300,"bu","13:06:28",1744300
12700,-200,500,"bu","13:06:28",1744000
12700,-200,700,"bu","13:05:27",1743500
12700,-200,5000,"bu","13:05:23",1742800
12600,-300,200,"sd","13:05:07",1737800
12600,-300,500,"sd","13:05:07",1737600
12600,-300,100,"sd","13:05:07",1737100
12600,-300,2000,"sd","13:05:07",1737000
12600,-300,1000,"sd","13:05:07",1735000
12600,-300,300,"sd","13:05:07",1734000
12600,-300,1400,"sd","13:05:07",1733700
12650,-250,200,"sd","13:05:07",1732300
12650,-250,100,"sd","13:05:07",1732100
12650,-250,3000,"sd","13:05:07",1732000
12650,-250,100,"sd","13:05:07",1729000
12650,-250,1000,"sd","13:05:07",1728900
12650,-250,5000,"sd","13:05:07",1727900
12650,-250,200,"sd","13:05:07",1722900
12650,-250,500,"sd","13:05:07",1722700
12650,-250,100,"sd","13:05:07",1722200
12650,-250,900,"sd","13:05:07",1722100
12700,-200,3000,"bu","13:05:06",1721200
12650,-250,200,"sd","13:04:59",1718200
12650,-250,100,"sd","13:04:42",1718000
12700,-200,100,"bu","13:04:29",1717900
