"price","change","match_qtty","side","time","total_vol"
19550,1250,321900,"sd","14:45:01",27165400
19550,1250,500,"sd","14:29:57",26843500
19550,1250,6500,"sd","14:29:56",26843000
19550,1250,100,"sd","14:29:52",26836500
19550,1250,200,"sd","14:29:51",26836400
19550,1250,100,"sd","14:29:51",26836200
19550,1250,100,"sd","14:29:49",26836100
19550,1250,300,"sd","14:29:47",26836000
19550,1250,5000,"sd","14:29:46",26835700
19550,1250,2000,"sd","14:29:45",26830700
19550,1250,500,"sd","14:29:45",26828700
19550,1250,3000,"sd","14:29:44",26828200
19550,1250,500,"sd","14:29:43",26825200
19550,1250,1800,"sd","14:29:41",26824700
19550,1250,100,"sd","14:29:41",26822900
19550,1250,100,"sd","14:29:40",26822800
19550,1250,6400,"sd","14:29:39",26822700
19550,1250,200,"sd","14:29:37",26816300
19550,1250,1700,"sd","14:29:37",26816100
19550,1250,5000,"sd","14:29:36",26814400
19550,1250,500,"sd","14:29:36",26809400
19550,1250,400,"sd","14:29:32",26808900
19550,1250,100,"sd","14:29:32",26808500
19550,1250,400,"sd","14:29:31",26808400
19550,1250,100,"sd","14:29:28",26808000
19550,1250,1000,"sd","14:29:27",26807900
19550,1250,1600,"sd","14:29:26",26806900
19550,1250,1000,"sd","14:29:24",26805300
19550,1250,1000,"sd","14:29:24",26804300
19550,1250,200,"sd","14:29:21",26803300
19550,1250,500,"sd","14:29:19",26803100
19550,1250,2000,"sd","14:29:19",26802600
19550,1250,100,"sd","14:29:19",26800600
19550,1250,100,"sd","14:29:19",26800500
19550,1250,10000,"sd","14:29:19",26800400
19550,1250,100,"sd","14:29:15",26790400
19550,1250,9200,"sd","14:29:14",26790300
19550,1250,100,"sd","14:29:14",26781100
19550,1250,100,"sd","14:29:12",26781000
19550,1250,300,"sd","14:29:08",26780900
19550,1250,800,"sd","14:29:00",26780600
19550,1250,50000,"sd","14:29:00",26779800
19550,1250,1000,"sd","14:28:59",26729800
19550,1250,200,"sd","14:28:55",26728800
19550,1250,500,"sd","14:28:53",26728600
19550,1250,200,"sd","14:28:49",26728100
19550,1250,200,"sd","14:28:49",26727900
19550,1250,100,"sd","14:28:49",26727700
19550,1250,200,"sd","14:28:42",26727600
19550,1250,100,"sd","14:28:38",26727400
19550,1250,300,"sd","14:28:36",26727300
19550,1250,1000,"sd","14:28:36",26727000
19550,1250,1000,"sd","14:28:34",26726000
19550,1250,3000,"sd","14:28:31",26725000
19550,1250,200,"sd","14:28:30",26722000
19550,1250,300,"sd","14:28:30",26721800
19550,1250,2000,"sd","14:28:30",26721500
19550,1250,100,"sd","14:28:30",26719500
19550,1250,200,"sd","14:28:28",26719400
19550,1250,100,"sd","14:28:27",26719200
19550,1250,200,"sd","14:28:25",26719100
19550,1250,500,"sd","14:28:16",26718900
19550,1250,500,"sd","14:28:15",26718400
19550,1250,10000,"sd","14:28:15",26717900
19550,1250,2000,"sd","14:28:13",26707900
19550,1250,100,"sd","14:28:12",26705900
19550,1250,700,"sd","14:28:07",26705800
19550,1250,200,"sd","14:28:05",26705100
19550,1250,4000,"sd","14:28:01",26704900
19550,1250,700,"sd","14:28:01",26700900
19550,1250,500,"sd","14:28:00",26700200
19550,1250,200,"sd","14:27:58",26699700
19550,1250,100,"sd","14:27:58",26699500
19550,1250,500,"sd","14:27:54",26699400
19550,1250,200,"sd","14:27:54",26698900
19550,1250,200,"sd","14:27:53",26698700
19550,1250,1300,"sd","14:27:53",26698500
19550,1250,600,"sd","14:27:43",26697200
19550,1250,300,"sd","14:27:43",26696600
19550,1250,100,"sd","14:27:41",26696300
19550,1250,100,"sd","14:27:40",26696200
19550,1250,1000,"sd","14:27:40",26696100
19550,1250,900,"sd","14:27:39",26695100
19550,1250,100,"sd","14:27:37",26694200
19550,1250,7500,"sd","14:27:36",26694100
19550,1250,1000,"sd","14:27:36",26686600
19550,1250,1000,"sd","14:27:36",26685600
19550,1250,1000,"sd","14:27:36",26684600
19550,1250,100,"sd","14:27:36",26683600
19550,1250,200,"sd","14:27:36",26683500
19550,1250,1000,"sd","14:27:36",26683300
19550,1250,500,"sd","14:27:36",26682300
19550,1250,10000,"sd","14:27:36",26681800
19550,1250,1000,"sd","14:27:36",26671800
19550,1250,1000,"sd","14:27:36",26670800
19550,1250,2000,"sd","14:27:36",26669800
19550,1250,2000,"sd","14:27:36",26667800
19550,1250,100,"sd","14:27:34",26665800
19550,1250,1500,"sd","14:27:32",26665700
19550,1250,900,"sd","14:27:30",26664200
19550,1250,3000,"sd","14:27:27",26663300
19550,1250,500,"sd","14:27:26",26660300
19550,1250,400,"sd","14:27:24",26659800
19550,1250,200,"sd","14:27:23",26659400
19550,1250,200,"sd","14:27:21",26659200
19550,1250,3000,"sd","14:27:20",26659000
19550,1250,200,"sd","14:27:19",26656000
19550,1250,5000,"sd","14:27:18",26655800
19550,1250,1000,"sd","14:27:17",26650800
19550,1250,100,"sd","14:27:16",26649800
19550,1250,300,"sd","14:27:14",26649700
19550,1250,1000,"sd","14:27:13",26649400
19550,1250,100,"sd","14:27:12",26648400
19550,1250,10000,"sd","14:27:10",26648300
19550,1250,500,"sd","14:27:10",26638300
19550,1250,500,"sd","14:27:10",26637800
19550,1250,400,"sd","14:27:10",26637300
19550,1250,300,"sd","14:27:10",26636900
19550,1250,300,"sd","14:27:10",26636600
19550,1250,400,"sd","14:27:08",26636300
19550,1250,100,"sd","14:27:08",26635900
19550,1250,300,"sd","14:27:08",26635800
19550,1250,100,"sd","14:27:01",26635500
19550,1250,100,"sd","14:27:01",26635400
19550,1250,900,"sd","14:27:01",26635300
19550,1250,2100,"sd","14:26:58",26634400
19550,1250,400,"sd","14:26:58",26632300
19550,1250,500,"sd","14:26:58",26631900
19550,1250,300,"sd","14:26:57",26631400
19550,1250,700,"sd","14:26:57",26631100
19550,1250,400,"sd","14:26:56",26630400
19550,1250,500,"sd","14:26:56",26630000
19550,1250,100,"sd","14:26:56",26629500
19550,1250,400,"sd","14:26:55",26629400
19550,1250,600,"sd","14:26:55",26629000
19550,1250,100,"sd","14:26:54",26628400
19550,1250,900,"sd","14:26:54",26628300
19550,1250,1000,"sd","14:26:54",26627400
19550,1250,500,"sd","14:26:53",26626400
19550,1250,100,"sd","14:26:53",26625900
19550,1250,100,"sd","14:26:52",26625800
19550,1250,100,"sd","14:26:50",26625700
19550,1250,1000,"sd","14:26:45",26625600
19550,1250,300,"sd","14:26:44",26624600
19550,1250,1000,"sd","14:26:43",26624300
19550,1250,500,"sd","14:26:40",26623300
19550,1250,1500,"sd","14:26:40",26622800
19550,1250,500,"sd","14:26:39",26621300
19550,1250,1000,"sd","14:26:37",26620800
19550,1250,3000,"sd","14:26:33",26619800
19550,1250,500,"sd","14:26:33",26616800
19550,1250,200,"sd","14:26:31",26616300
19550,1250,200,"sd","14:26:31",26616100
19550,1250,1000,"sd","14:26:30",26615900
19550,1250,1600,"sd","14:26:30",26614900
19550,1250,400,"sd","14:26:30",26613300
19550,1250,2000,"sd","14:26:28",26612900
19550,1250,300,"sd","14:26:24",26610900
19550,1250,100,"sd","14:26:19",26610600
19550,1250,3000,"sd","14:26:19",26610500
19550,1250,200,"sd","14:26:17",26607500
19550,1250,500,"sd","14:26:16",26607300
19550,1250,1500,"sd","14:26:16",26606800
19550,1250,100,"sd","14:26:15",26605300
19550,1250,100,"sd","14:26:12",26605200
19550,1250,1800,"sd","14:26:12",26605100
19550,1250,100,"sd","14:26:12",26603300
19550,1250,100,"sd","14:26:12",26603200
19550,1250,500,"sd","14:26:11",26603100
19550,1250,1400,"sd","14:26:09",26602600
19550,1250,1000,"sd","14:26:09",26601200
19550,1250,500,"sd","14:26:09",26600200
19550,1250,2100,"sd","14:26:09",26599700
19550,1250,400,"sd","14:26:07",26597600
19550,1250,1800,"sd","14:26:06",26597200
19550,1250,300,"sd","14:26:05",26595400
19550,1250,100,"sd","14:26:05",26595100
19550,1250,1000,"sd","14:26:04",26595000
19550,1250,200,"sd","14:26:03",26594000
19550,1250,200,"sd","14:26:03",26593800
19550,1250,1500,"sd","14:26:02",26593600
19550,1250,100,"sd","14:26:01",26592100
19550,1250,500,"sd","14:26:00",26592000
19550,1250,1800,"sd","14:25:58",26591500
19550,1250,2000,"sd","14:25:58",26589700
19550,1250,500,"sd","14:25:58",26587700
19550,1250,200,"sd","14:25:58",26587200
19550,1250,1500,"sd","14:25:58",26587000
19550,1250,4000,"sd","14:25:58",26585500
19550,1250,2000,"sd","14:25:57",26581500
19550,1250,2700,"sd","14:25:55",26579500
19550,1250,3000,"sd","14:25:55",26576800
19550,1250,200,"sd","14:25:54",26573800
19550,1250,500,"sd","14:25:51",26573600
19550,1250,5000,"sd","14:25:48",26573100
19550,1250,400,"sd","14:25:47",26568100
19550,1250,600,"sd","14:25:46",26567700
19550,1250,1600,"sd","14:25:45",26567100
19550,1250,700,"sd","14:25:45",26565500
19550,1250,7700,"sd","14:25:45",26564800
19550,1250,300,"sd","14:25:45",26557100
19550,1250,1000,"sd","14:25:44",26556800
19550,1250,200,"sd","14:25:43",26555800
19550,1250,800,"sd","14:25:41",26555600
19550,1250,1000,"sd","14:25:39",26554800
19550,1250,1500,"sd","14:25:37",26553800
19550,1250,1000,"sd","14:25:36",26552300
19550,1250,1900,"sd","14:25:34",26551300
19550,1250,400,"sd","14:25:32",26549400
19550,1250,4200,"sd","14:25:31",26549000
19550,1250,800,"sd","14:25:31",26544800
19550,1250,2200,"sd","14:25:31",26544000
19550,1250,500,"sd","14:25:31",26541800
19550,1250,300,"sd","14:25:31",26541300
19550,1250,300,"sd","14:25:30",26541000
19550,1250,3400,"sd","14:25:28",26540700
19550,1250,1000,"sd","14:25:28",26537300
19550,1250,100,"sd","14:25:28",26536300
19550,1250,500,"sd","14:25:28",26536200
19550,1250,100,"sd","14:25:24",26535700
19550,1250,900,"sd","14:25:23",26535600
19550,1250,100,"sd","14:25:23",26534700
19550,1250,1000,"sd","14:25:23",26534600
19550,1250,200,"sd","14:25:23",26533600
19550,1250,200,"sd","14:25:23",26533400
19550,1250,1000,"sd","14:25:23",26533200
19550,1250,1600,"sd","14:25:23",26532200
19550,1250,100,"sd","14:25:20",26530600
19550,1250,200,"sd","14:25:18",26530500
19550,1250,1000,"sd","14:25:17",26530300
19550,1250,2000,"sd","14:25:17",26529300
19550,1250,1000,"sd","14:25:17",26527300
19550,1250,100,"sd","14:25:14",26526300
19550,1250,300,"sd","14:25:12",26526200
19550,1250,100,"sd","14:25:11",26525900
19550,1250,900,"sd","14:25:11",26525800
19550,1250,1000,"sd","14:25:04",26524900
19550,1250,500,"sd","14:25:03",26523900
19550,1250,10000,"sd","14:25:02",26523400
19550,1250,100,"sd","14:25:01",26513400
19550,1250,200,"sd","14:25:00",26513300
19550,1250,3000,"sd","14:24:59",26513100
19550,1250,5000,"sd","14:24:56",26510100
19550,1250,100,"sd","14:24:48",26505100
19550,1250,400,"sd","14:24:48",26505000
19550,1250,200,"sd","14:24:47",26504600
19550,1250,100,"sd","14:24:45",26504400
19550,1250,400,"sd","14:24:45",26504300
19550,1250,500,"sd","14:24:45",26503900
19550,1250,100,"sd","14:24:45",26503400
19550,1250,100,"sd","14:24:41",26503300
19550,1250,800,"sd","14:24:37",26503200
19550,1250,200,"sd","14:24:37",26502400
19550,1250,100,"sd","14:24:34",26502200
19550,1250,200,"sd","14:24:34",26502100
19550,1250,1800,"sd","14:24:34",26501900
19550,1250,100,"sd","14:24:29",26500100
19550,1250,1000,"sd","14:24:28",26500000
19550,1250,1000,"sd","14:24:26",26499000
19550,1250,200,"sd","14:24:25",26498000
19550,1250,900,"sd","14:24:24",26497800
19550,1250,200,"sd","14:24:24",26496900
19550,1250,300,"sd","14:24:24",26496700
19550,1250,300,"sd","14:24:24",26496400
19550,1250,2700,"sd","14:24:24",26496100
19550,1250,500,"sd","14:24:23",26493400
19550,1250,1000,"sd","14:24:22",26492900
19550,1250,300,"sd","14:24:21",26491900
19550,1250,5000,"sd","14:24:18",26491600
19550,1250,1000,"sd","14:24:15",26486600
19550,1250,500,"sd","14:24:13",26485600
19550,1250,200,"sd","14:24:08",26485100
19550,1250,3000,"sd","14:24:07",26484900
19550,1250,1000,"sd","14:24:06",26481900
19550,1250,500,"sd","14:24:06",26480900
19550,1250,100,"sd","14:24:03",26480400
19550,1250,1200,"sd","14:24:02",26480300
19550,1250,8000,"sd","14:24:01",26479100
19550,1250,300,"sd","14:24:01",26471100
19550,1250,400,"sd","14:24:01",26470800
19550,1250,2000,"sd","14:24:01",26470400
19550,1250,2000,"sd","14:24:01",26468400
19550,1250,300,"sd","14:24:01",26466400
19550,1250,500,"sd","14:24:00",26466100
19550,1250,600,"sd","14:23:59",26465600
19550,1250,100,"sd","14:23:58",26465000
19550,1250,600,"sd","14:23:57",26464900
19550,1250,100,"sd","14:23:53",26464300
19550,1250,500,"sd","14:23:52",26464200
19550,1250,100,"sd","14:23:51",26463700
19550,1250,400,"sd","14:23:49",26463600
19550,1250,1000,"sd","14:23:49",26463200
19550,1250,100,"sd","14:23:49",26462200
19550,1250,200,"sd","14:23:49",26462100
19550,1250,300,"sd","14:23:48",26461900
19550,1250,100,"sd","14:23:47",26461600
19550,1250,300,"sd","14:23:42",26461500
19550,1250,100,"sd","14:23:38",26461200
19550,1250,100,"sd","14:23:38",26461100
19550,1250,100,"sd","14:23:38",26461000
19550,1250,100,"sd","14:23:37",26460900
19550,1250,2000,"sd","14:23:35",26460800
19550,1250,2000,"sd","14:23:35",26458800
19550,1250,500,"sd","14:23:35",26456800
19550,1250,400,"sd","14:23:34",26456300
19550,1250,1000,"sd","14:23:34",26455900
19550,1250,500,"sd","14:23:28",26454900
19550,1250,3000,"sd","14:23:26",26454400
19550,1250,200,"sd","14:23:25",26451400
19550,1250,100,"sd","14:23:25",26451200
19550,1250,100,"sd","14:23:25",26451100
19550,1250,2000,"sd","14:23:24",26451000
19550,1250,1000,"sd","14:23:24",26449000
19550,1250,1900,"sd","14:23:20",26448000
19550,1250,100,"sd","14:23:20",26446100
19550,1250,1000,"sd","14:23:20",26446000
19550,1250,100,"sd","14:23:19",26445000
19550,1250,200,"sd","14:23:19",26444900
19550,1250,500,"sd","14:23:18",26444700
19550,1250,1200,"sd","14:23:15",26444200
19550,1250,3000,"sd","14:23:15",26443000
19550,1250,4500,"sd","14:23:15",26440000
19550,1250,200,"sd","14:23:15",26435500
19550,1250,5000,"sd","14:23:14",26435300
19550,1250,100,"sd","14:23:14",26430300
19550,1250,100,"sd","14:23:14",26430200
19550,1250,500,"sd","14:23:09",26430100
19550,1250,1000,"sd","14:23:09",26429600
19550,1250,100,"sd","14:23:08",26428600
19550,1250,200,"sd","14:23:06",26428500
19550,1250,100,"sd","14:23:02",26428300
19550,1250,100,"sd","14:23:01",26428200
19550,1250,200,"sd","14:22:59",26428100
19550,1250,10000,"sd","14:22:59",26427900
19550,1250,500,"sd","14:22:59",26417900
19550,1250,1000,"sd","14:22:58",26417400
19550,1250,1000,"sd","14:22:58",26416400
19550,1250,1000,"sd","14:22:58",26415400
19550,1250,2200,"sd","14:22:58",26414400
19550,1250,400,"sd","14:22:58",26412200
19550,1250,100,"sd","14:22:57",26411800
19550,1250,5000,"sd","14:22:57",26411700
19550,1250,500,"sd","14:22:54",26406700
19550,1250,200,"sd","14:22:54",26406200
19550,1250,4500,"sd","14:22:53",26406000
19550,1250,2700,"sd","14:22:53",26401500
19550,1250,100,"sd","14:22:53",26398800
19550,1250,5000,"sd","14:22:52",26398700
19550,1250,1000,"sd","14:22:51",26393700
19550,1250,3000,"sd","14:22:50",26392700
19550,1250,300,"sd","14:22:50",26389700
19550,1250,100,"sd","14:22:49",26389400
19550,1250,3800,"sd","14:22:46",26389300
19550,1250,1500,"sd","14:22:46",26385500
19550,1250,100,"sd","14:22:46",26384000
19550,1250,100,"sd","14:22:46",26383900
19550,1250,1800,"sd","14:22:46",26383800
19550,1250,2000,"sd","14:22:46",26382000
19550,1250,700,"sd","14:22:46",26380000
19550,1250,2000,"sd","14:22:45",26379300
19550,1250,5000,"sd","14:22:45",26377300
19550,1250,2000,"sd","14:22:44",26372300
19550,1250,300,"sd","14:22:42",26370300
19550,1250,700,"sd","14:22:42",26370000
19550,1250,1000,"sd","14:22:41",26369300
19550,1250,100,"sd","14:22:41",26368300
19550,1250,200,"sd","14:22:40",26368200
19550,1250,1400,"sd","14:22:40",26368000
19550,1250,100,"sd","14:22:40",26366600
19550,1250,200,"sd","14:22:40",26366500
19550,1250,200,"sd","14:22:40",26366300
19550,1250,2900,"sd","14:22:40",26366100
19550,1250,100,"sd","14:22:40",26363200
19550,1250,2000,"sd","14:22:36",26363100
19550,1250,9000,"sd","14:22:36",26361100
19550,1250,500,"sd","14:22:36",26352100
19550,1250,500,"sd","14:22:36",26351600
19550,1250,2600,"sd","14:22:35",26351100
19550,1250,4500,"sd","14:22:35",26348500
19550,1250,200,"sd","14:22:35",26344000
19550,1250,2700,"sd","14:22:35",26343800
19550,1250,500,"sd","14:22:33",26341100
19550,1250,700,"sd","14:22:27",26340600
19550,1250,100,"sd","14:22:24",26339900
19550,1250,500,"sd","14:22:24",26339800
19550,1250,500,"sd","14:22:22",26339300
19550,1250,2000,"sd","14:22:22",26338800
19550,1250,500,"sd","14:22:22",26336800
19550,1250,1500,"sd","14:22:22",26336300
19550,1250,1000,"sd","14:22:22",26334800
19550,1250,500,"sd","14:22:22",26333800
19550,1250,200,"sd","14:22:21",26333300
19550,1250,500,"sd","14:22:19",26333100
19550,1250,1000,"sd","14:22:19",26332600
19550,1250,200,"sd","14:22:18",26331600
19550,1250,1100,"sd","14:22:15",26331400
19550,1250,700,"sd","14:22:15",26330300
19550,1250,500,"sd","14:22:14",26329600
19550,1250,2000,"sd","14:22:14",26329100
19550,1250,1000,"sd","14:22:13",26327100
19550,1250,800,"sd","14:22:13",26326100
19550,1250,200,"sd","14:22:13",26325300
19550,1250,1000,"sd","14:22:13",26325100
19550,1250,200,"sd","14:22:13",26324100
19550,1250,800,"sd","14:22:13",26323900
19550,1250,1000,"sd","14:22:13",26323100
19550,1250,1000,"sd","14:22:12",26322100
19550,1250,100,"sd","14:22:12",26321100
19550,1250,600,"sd","14:22:09",26321000
19550,1250,1500,"sd","14:22:09",26320400
19550,1250,300,"sd","14:22:09",26318900
19550,1250,2000,"sd","14:22:09",26318600
19550,1250,1000,"sd","14:22:09",26316600
19550,1250,200,"sd","14:22:09",26315600
19550,1250,1000,"sd","14:22:09",26315400
19550,1250,300,"sd","14:22:08",26314400
19550,1250,500,"sd","14:22:08",26314100
19550,1250,2000,"sd","14:22:08",26313600
19550,1250,400,"sd","14:22:08",26311600
19550,1250,500,"sd","14:22:08",26311200
19550,1250,900,"sd","14:22:08",26310700
19550,1250,200,"sd","14:22:08",26309800
19550,1250,500,"sd","14:22:07",26309600
19550,1250,1000,"sd","14:22:07",26309100
19550,1250,500,"sd","14:22:07",26308100
19550,1250,1800,"sd","14:22:07",26307600
19550,1250,3200,"sd","14:22:07",26305800
19550,1250,3800,"sd","14:22:07",26302600
19550,1250,1600,"sd","14:22:07",26298800
19550,1250,100,"sd","14:22:07",26297200
19550,1250,4500,"sd","14:22:07",26297100
19550,1250,1000,"sd","14:22:06",26292600
19550,1250,1000,"sd","14:22:05",26291600
19550,1250,100,"sd","14:22:04",26290600
19550,1250,100,"sd","14:22:04",26290500
19550,1250,8500,"sd","14:22:01",26290400
19550,1250,2000,"sd","14:21:59",26281900
19550,1250,2000,"sd","14:21:59",26279900
19550,1250,1000,"sd","14:21:59",26277900
19550,1250,500,"sd","14:21:59",26276900
19550,1250,1100,"sd","14:21:59",26276400
19550,1250,500,"sd","14:21:59",26275300
19550,1250,6000,"sd","14:21:59",26274800
19550,1250,900,"sd","14:21:59",26268800
19550,1250,1000,"sd","14:21:58",26267900
19550,1250,3100,"sd","14:21:58",26266900
19550,1250,5000,"sd","14:21:58",26263800
19550,1250,1900,"sd","14:21:58",26258800
19550,1250,100,"sd","14:21:58",26256900
19550,1250,400,"sd","14:21:58",26256800
19550,1250,1000,"sd","14:21:57",26256400
19550,1250,600,"sd","14:21:57",26255400
19550,1250,5500,"sd","14:21:55",26254800
19550,1250,100,"sd","14:21:53",26249300
19550,1250,500,"sd","14:21:52",26249200
19550,1250,1900,"sd","14:21:52",26248700
19550,1250,2000,"sd","14:21:52",26246800
19550,1250,1300,"sd","14:21:52",26244800
19550,1250,300,"sd","14:21:52",26243500
19550,1250,4500,"sd","14:21:52",26243200
19550,1250,1000,"sd","14:21:51",26238700
19550,1250,500,"sd","14:21:51",26237700
19550,1250,500,"sd","14:21:51",26237200
19550,1250,200,"sd","14:21:51",26236700
19550,1250,1000,"sd","14:21:50",26236500
19550,1250,100,"sd","14:21:50",26235500
19550,1250,200,"sd","14:21:48",26235400
19550,1250,600,"sd","14:21:48",26235200
19550,1250,1400,"sd","14:21:48",26234600
19550,1250,1600,"sd","14:21:47",26233200
19550,1250,100,"sd","14:21:47",26231600
19550,1250,1900,"sd","14:21:46",26231500
19550,1250,100,"sd","14:21:46",26229600
19550,1250,100,"sd","14:21:45",26229500
19550,1250,800,"sd","14:21:44",26229400
19550,1250,4200,"sd","14:21:44",26228600
19550,1250,100,"sd","14:21:43",26224400
19550,1250,200,"sd","14:21:42",26224300
19550,1250,1000,"sd","14:21:42",26224100
19550,1250,600,"sd","14:21:42",26223100
19550,1250,1000,"sd","14:21:42",26222500
19550,1250,4500,"sd","14:21:42",26221500
19550,1250,3000,"sd","14:21:42",26217000
19550,1250,2700,"sd","14:21:42",26214000
19550,1250,200,"sd","14:21:40",26211300
19550,1250,400,"sd","14:21:40",26211100
19550,1250,500,"sd","14:21:40",26210700
19550,1250,10000,"sd","14:21:40",26210200
19550,1250,500,"sd","14:21:39",26200200
19550,1250,100,"sd","14:21:38",26199700
19550,1250,500,"sd","14:21:38",26199600
19550,1250,100,"sd","14:21:37",26199100
19550,1250,400,"sd","14:21:36",26199000
19550,1250,400,"sd","14:21:34",26198600
19550,1250,1000,"sd","14:21:32",26198200
19550,1250,100,"sd","14:21:32",26197200
19550,1250,5500,"sd","14:21:31",26197100
19550,1250,1000,"sd","14:21:31",26191600
19550,1250,200,"sd","14:21:30",26190600
19550,1250,10000,"sd","14:21:30",26190400
19550,1250,100,"sd","14:21:29",26180400
19550,1250,800,"sd","14:21:28",26180300
19550,1250,2000,"sd","14:21:28",26179500
19550,1250,200,"sd","14:21:27",26177500
19550,1250,200,"sd","14:21:27",26177300
19550,1250,1000,"sd","14:21:26",26177100
19550,1250,10000,"sd","14:21:25",26176100
19550,1250,300,"sd","14:21:23",26166100
19550,1250,1300,"sd","14:21:23",26165800
19550,1250,700,"sd","14:21:23",26164500
19550,1250,500,"sd","14:21:23",26163800
19550,1250,200,"sd","14:21:23",26163300
19550,1250,200,"sd","14:21:22",26163100
19550,1250,200,"sd","14:21:22",26162900
19550,1250,100,"sd","14:21:22",26162700
19550,1250,100,"sd","14:21:22",26162600
19550,1250,200,"sd","14:21:17",26162500
19550,1250,1000,"sd","14:21:16",26162300
19550,1250,50000,"sd","14:21:15",26161300
19550,1250,200,"sd","14:21:14",26111300
19550,1250,88100,"sd","14:21:13",26111100
19550,1250,1000,"sd","14:21:13",26023000
19550,1250,5000,"sd","14:21:13",26022000
19550,1250,400,"sd","14:21:13",26017000
19550,1250,100,"sd","14:21:13",26016600
19550,1250,5400,"sd","14:21:13",26016500
19550,1250,1000,"sd","14:21:12",26011100
19550,1250,100,"sd","14:21:05",26010100
19550,1250,200,"sd","14:21:05",26010000
19550,1250,400,"sd","14:21:04",26009800
19550,1250,4600,"sd","14:21:04",26009400
19550,1250,200,"sd","14:21:04",26004800
19550,1250,1000,"sd","14:21:03",26004600
19550,1250,600,"sd","14:21:01",26003600
19550,1250,1000,"sd","14:21:01",26003000
19550,1250,10000,"sd","14:21:00",26002000
19550,1250,300,"sd","14:21:00",25992000
19550,1250,100,"sd","14:20:59",25991700
19550,1250,200,"sd","14:20:58",25991600
19550,1250,2000,"sd","14:20:58",25991400
19550,1250,100,"sd","14:20:58",25989400
19550,1250,600,"sd","14:20:58",25989300
19550,1250,1000,"sd","14:20:57",25988700
19550,1250,100,"sd","14:20:56",25987700
19550,1250,1000,"sd","14:20:54",25987600
19550,1250,100,"sd","14:20:54",25986600
19550,1250,2500,"sd","14:20:52",25986500
19550,1250,500,"sd","14:20:52",25984000
19550,1250,400,"sd","14:20:52",25983500
19550,1250,100,"sd","14:20:52",25983100
19550,1250,300,"sd","14:20:49",25983000
19550,1250,3400,"sd","14:20:48",25982700
19550,1250,1000,"sd","14:20:48",25979300
19550,1250,15000,"sd","14:20:48",25978300
19550,1250,2000,"sd","14:20:48",25963300
19550,1250,1000,"sd","14:20:48",25961300
19550,1250,4000,"sd","14:20:48",25960300
19550,1250,1000,"sd","14:20:48",25956300
19550,1250,1300,"sd","14:20:47",25955300
19550,1250,100,"sd","14:20:47",25954000
19550,1250,100,"sd","14:20:47",25953900
19550,1250,1000,"sd","14:20:47",25953800
19550,1250,400,"sd","14:20:47",25952800
19550,1250,100,"sd","14:20:46",25952400
19550,1250,900,"sd","14:20:46",25952300
19550,1250,2000,"sd","14:20:46",25951400
19550,1250,100,"sd","14:20:45",25949400
19550,1250,300,"sd","14:20:44",25949300
19550,1250,400,"sd","14:20:44",25949000
19550,1250,100,"sd","14:20:44",25948600
19550,1250,300,"sd","14:20:44",25948500
19550,1250,100,"sd","14:20:39",25948200
19550,1250,500,"sd","14:20:38",25948100
19550,1250,200,"sd","14:20:36",25947600
19550,1250,200,"sd","14:20:35",25947400
19550,1250,200,"sd","14:20:34",25947200
19550,1250,4700,"sd","14:20:32",25947000
19550,1250,10000,"sd","14:20:32",25942300
19550,1250,2000,"sd","14:20:32",25932300
19550,1250,20000,"sd","14:20:32",25930300
19550,1250,3000,"sd","14:20:32",25910300
19550,1250,5300,"sd","14:20:32",25907300
19550,1250,700,"sd","14:20:30",25902000
19550,1250,2000,"sd","14:20:30",25901300
19550,1250,100,"sd","14:20:29",25899300
19550,1250,100,"sd","14:20:28",25899200
19550,1250,1700,"sd","14:20:27",25899100
19550,1250,2000,"sd","14:20:26",25897400
19550,1250,500,"sd","14:20:26",25895400
19550,1250,100,"sd","14:20:26",25894900
19550,1250,1300,"sd","14:20:24",25894800
19550,1250,600,"sd","14:20:24",25893500
19550,1250,1000,"sd","14:20:24",25892900
19550,1250,1000,"sd","14:20:22",25891900
19550,1250,1200,"sd","14:20:19",25890900
19550,1250,400,"sd","14:20:19",25889700
19550,1250,30000,"sd","14:20:18",25889300
19550,1250,500,"sd","14:20:18",25859300
19550,1250,300,"sd","14:20:17",25858800
19550,1250,500,"sd","14:20:16",25858500
19550,1250,200,"sd","14:20:16",25858000
19550,1250,1000,"sd","14:20:15",25857800
19550,1250,500,"sd","14:20:14",25856800
19550,1250,500,"sd","14:20:13",25856300
19550,1250,1000,"sd","14:20:13",25855800
19550,1250,600,"sd","14:20:12",25854800
19550,1250,200,"sd","14:20:12",25854200
19550,1250,500,"sd","14:20:10",25854000
19550,1250,100,"sd","14:20:09",25853500
19550,1250,1000,"sd","14:20:09",25853400
19550,1250,1000,"sd","14:20:06",25852400
19550,1250,1000,"sd","14:20:06",25851400
19550,1250,3000,"sd","14:20:05",25850400
19550,1250,5000,"sd","14:20:05",25847400
19550,1250,1000,"sd","14:20:05",25842400
19550,1250,1000,"sd","14:20:03",25841400
19550,1250,600,"sd","14:20:03",25840400
19550,1250,200,"sd","14:20:02",25839800
19550,1250,500,"sd","14:20:01",25839600
19550,1250,200,"sd","14:20:01",25839100
19550,1250,10000,"sd","14:19:59",25838900
19550,1250,100,"sd","14:19:59",25828900
19550,1250,200,"sd","14:19:58",25828800
19550,1250,5600,"sd","14:19:58",25828600
19550,1250,200,"sd","14:19:56",25823000
19550,1250,500,"sd","14:19:55",25822800
19550,1250,1000,"sd","14:19:55",25822300
19550,1250,300,"sd","14:19:54",25821300
19550,1250,1000,"sd","14:19:54",25821000
19550,1250,1100,"sd","14:19:53",25820000
19550,1250,500,"sd","14:19:53",25818900
19550,1250,500,"sd","14:19:53",25818400
19550,1250,1000,"sd","14:19:53",25817900
19550,1250,200,"sd","14:19:50",25816900
19550,1250,1000,"sd","14:19:49",25816700
19550,1250,200,"sd","14:19:49",25815700
19550,1250,3000,"sd","14:19:48",25815500
19550,1250,4000,"sd","14:19:45",25812500
19550,1250,1200,"sd","14:19:44",25808500
19550,1250,100,"sd","14:19:44",25807300
19550,1250,400,"sd","14:19:44",25807200
19550,1250,5100,"sd","14:19:44",25806800
19550,1250,1600,"sd","14:19:44",25801700
19550,1250,1000,"sd","14:19:42",25800100
19550,1250,500,"sd","14:19:41",25799100
19550,1250,500,"sd","14:19:41",25798600
19550,1250,500,"sd","14:19:40",25798100
19550,1250,600,"sd","14:19:39",25797600
19550,1250,200,"sd","14:19:39",25797000
19550,1250,300,"sd","14:19:39",25796800
19550,1250,200,"sd","14:19:38",25796500
19550,1250,100,"sd","14:19:38",25796300
19550,1250,1400,"sd","14:19:38",25796200
19550,1250,3100,"sd","14:19:38",25794800
19550,1250,500,"sd","14:19:38",25791700
19550,1250,500,"sd","14:19:38",25791200
19550,1250,500,"sd","14:19:38",25790700
19550,1250,500,"sd","14:19:36",25790200
19550,1250,300,"sd","14:19:33",25789700
19550,1250,100,"sd","14:19:33",25789400
19550,1250,1500,"sd","14:19:33",25789300
19550,1250,1000,"sd","14:19:33",25787800
19550,1250,600,"sd","14:19:32",25786800
19550,1250,3000,"sd","14:19:30",25786200
19550,1250,2000,"sd","14:19:30",25783200
19550,1250,500,"sd","14:19:30",25781200
19550,1250,3000,"sd","14:19:28",25780700
19550,1250,1000,"sd","14:19:28",25777700
19550,1250,1000,"sd","14:19:28",25776700
19550,1250,500,"sd","14:19:23",25775700
19550,1250,1100,"sd","14:19:23",25775200
19550,1250,8000,"sd","14:19:23",25774100
19550,1250,900,"sd","14:19:23",25766100
19550,1250,700,"sd","14:19:23",25765200
19550,1250,6000,"sd","14:19:22",25764500
19550,1250,100,"sd","14:19:22",25758500
19550,1250,500,"sd","14:19:21",25758400
19550,1250,1800,"sd","14:19:20",25757900
19550,1250,3000,"sd","14:19:20",25756100
19550,1250,2000,"sd","14:19:20",25753100
19550,1250,43200,"sd","14:19:20",25751100
19550,1250,100,"sd","14:19:19",25707900
19550,1250,300,"sd","14:19:19",25707800
19550,1250,100,"sd","14:19:18",25707500
19550,1250,200,"sd","14:19:15",25707400
19550,1250,1200,"sd","14:19:14",25707200
19550,1250,100,"sd","14:19:14",25706000
19550,1250,600,"sd","14:19:13",25705900
19550,1250,5000,"sd","14:19:13",25705300
19550,1250,400,"sd","14:19:13",25700300
19550,1250,100,"sd","14:19:12",25699900
19550,1250,500,"sd","14:19:12",25699800
19550,1250,100,"sd","14:19:11",25699300
19550,1250,100,"sd","14:19:11",25699200
19550,1250,200,"sd","14:19:08",25699100
19550,1250,2000,"sd","14:19:08",25698900
19550,1250,500,"sd","14:19:08",25696900
19550,1250,200,"sd","14:19:07",25696400
19550,1250,100,"sd","14:19:07",25696200
19550,1250,1000,"sd","14:19:07",25696100
19550,1250,1000,"sd","14:19:06",25695100
19550,1250,10000,"sd","14:19:06",25694100
19550,1250,100,"sd","14:19:05",25684100
19550,1250,50000,"sd","14:19:03",25684000
19550,1250,1100,"sd","14:19:03",25634000
19550,1250,5000,"sd","14:19:03",25632900
19550,1250,300,"sd","14:19:02",25627900
19550,1250,500,"sd","14:19:00",25627600
19550,1250,5000,"sd","14:19:00",25627100
19550,1250,21000,"sd","14:18:59",25622100
19550,1250,179200,"sd","14:18:59",25601100
19550,1250,2100,"sd","14:18:59",25421900
19550,1250,500,"bu","14:18:59",25419800
19550,1250,10000,"bu","14:18:59",25419300
19550,1250,20000,"bu","14:18:59",25409300
19550,1250,500,"bu","14:18:59",25389300
19550,1250,200,"bu","14:18:59",25388800
19550,1250,10000,"bu","14:18:59",25388600
19550,1250,16500,"bu","14:18:59",25378600
19550,1250,2000,"bu","14:18:58",25362100
19550,1250,1500,"bu","14:18:58",25360100
19550,1250,1500,"bu","14:18:58",25358600
19550,1250,300,"bu","14:18:58",25357100
19550,1250,1000,"bu","14:18:58",25356800
19550,1250,800,"bu","14:18:58",25355800
19550,1250,1100,"bu","14:18:58",25355000
19550,1250,300,"bu","14:18:58",25353900
19550,1250,100,"bu","14:18:58",25353600
19550,1250,100,"bu","14:18:58",25353500
19550,1250,200,"bu","14:18:58",25353400
19550,1250,500,"bu","14:18:58",25353200
19550,1250,500,"bu","14:18:58",25352700
19550,1250,400,"bu","14:18:58",25352200
19550,1250,6700,"bu","14:18:58",25351800
19550,1250,100,"bu","14:18:58",25345100
19550,1250,200,"bu","14:18:58",25345000
19550,1250,1000,"bu","14:18:58",25344800
19550,1250,200,"bu","14:18:58",25343800
19550,1250,2300,"bu","14:18:58",25343600
19550,1250,1200,"bu","14:18:58",25341300
19550,1250,1000,"bu","14:18:58",25340100
19550,1250,500,"bu","14:18:58",25339100
19550,1250,500,"bu","14:18:58",25338600
19550,1250,100,"bu","14:18:58",25338100
19550,1250,2700,"bu","14:18:58",25338000
19550,1250,200,"bu","14:18:58",25335300
19550,1250,12000,"bu","14:18:58",25335100
19550,1250,100,"bu","14:18:58",25323100
19550,1250,2500,"bu","14:18:58",25323000
19550,1250,100,"bu","14:18:58",25320500
19550,1250,200,"bu","14:18:58",25320400
19550,1250,2000,"bu","14:18:58",25320200
19550,1250,1000,"bu","14:18:58",25318200
19550,1250,500,"bu","14:18:58",25317200
19550,1250,700,"bu","14:18:58",25316700
19550,1250,100,"bu","14:18:58",25316000
19550,1250,100,"bu","14:18:58",25315900
19550,1250,100,"bu","14:18:58",25315800
19550,1250,500,"bu","14:18:58",25315700
19550,1250,2000,"bu","14:18:58",25315200
19550,1250,300,"bu","14:18:58",25313200
19550,1250,300,"bu","14:18:58",25312900
19550,1250,600,"bu","14:18:58",25312600
19550,1250,400,"bu","14:18:58",25312000
19550,1250,200,"bu","14:18:58",25311600
19550,1250,1000,"bu","14:18:58",25311400
19550,1250,200,"bu","14:18:58",25310400
19550,1250,800,"bu","14:18:58",25310200
19550,1250,100,"bu","14:18:58",25309400
19550,1250,100,"bu","14:18:58",25309300
19550,1250,7500,"bu","14:18:58",25309200
19550,1250,100,"bu","14:18:58",25301700
19550,1250,2300,"bu","14:18:58",25301600
19550,1250,4200,"bu","14:18:58",25299300
19550,1250,1000,"bu","14:18:58",25295100
19550,1250,1000,"bu","14:18:58",25294100
19550,1250,100,"bu","14:18:58",25293100
19550,1250,3000,"bu","14:18:58",25293000
19550,1250,500,"bu","14:18:58",25290000
19550,1250,100,"bu","14:18:58",25289500
19550,1250,3300,"bu","14:18:58",25289400
19550,1250,700,"bu","14:18:58",25286100
19550,1250,1300,"bu","14:18:58",25285400
19550,1250,3000,"bu","14:18:57",25284100
19550,1250,200,"bu","14:18:57",25281100
19550,1250,300,"bu","14:18:57",25280900
19550,1250,500,"bu","14:18:57",25280600
19550,1250,200,"bu","14:18:57",25280100
19550,1250,100,"bu","14:18:57",25279900
19550,1250,1300,"bu","14:18:57",25279800
19550,1250,1000,"bu","14:18:57",25278500
19550,1250,1000,"bu","14:18:57",25277500
19550,1250,100,"bu","14:18:57",25276500
19550,1250,300,"bu","14:18:57",25276400
19550,1250,200,"bu","14:18:57",25276100
19550,1250,1000,"bu","14:18:57",25275900
19550,1250,100,"bu","14:18:57",25274900
19550,1250,300,"bu","14:18:57",25274800
19550,1250,100,"bu","14:18:57",25274500
19550,1250,1000,"bu","14:18:57",25274400
19550,1250,300,"bu","14:18:57",25273400
19550,1250,500,"bu","14:18:57",25273100
19550,1250,100,"bu","14:18:57",25272600
19550,1250,200,"bu","14:18:57",25272500
19550,1250,6200,"bu","14:18:57",25272300
19550,1250,5000,"bu","14:18:57",25266100
19550,1250,2000,"bu","14:18:57",25261100
19550,1250,1000,"bu","14:18:57",25259100
19550,1250,300,"bu","14:18:57",25258100
19550,1250,5000,"bu","14:18:57",25257800
19550,1250,500,"bu","14:18:57",25252800
19550,1250,3700,"bu","14:18:57",25252300
19550,1250,1500,"bu","14:18:57",25248600
19550,1250,2300,"bu","14:18:57",25247100
19550,1250,10700,"bu","14:18:57",25244800
19550,1250,1000,"bu","14:18:57",25234100
19550,1250,500,"bu","14:18:57",25233100
19550,1250,1400,"bu","14:18:57",25232600
19550,1250,2000,"bu","14:18:57",25231200
19550,1250,100,"bu","14:18:57",25229200
19500,1200,200,"sd","14:18:57",25229100
19550,1250,500,"bu","14:18:57",25228900
19550,1250,500,"bu","14:18:57",25228400
19550,1250,1000,"bu","14:18:57",25227900
19550,1250,1000,"bu","14:18:57",25226900
19550,1250,100,"bu","14:18:57",25225900
19550,1250,1900,"bu","14:18:57",25225800
19550,1250,500,"bu","14:18:56",25223900
19550,1250,1100,"bu","14:18:56",25223400
19550,1250,900,"bu","14:18:56",25222300
19550,1250,100,"bu","14:18:56",25221400
19550,1250,2000,"bu","14:18:56",25221300
19550,1250,100,"bu","14:18:56",25219300
19550,1250,1000,"bu","14:18:56",25219200
19550,1250,200,"bu","14:18:56",25218200
19550,1250,2500,"bu","14:18:56",25218000
19550,1250,100,"bu","14:18:56",25215500
19550,1250,100,"bu","14:18:55",25215400
19550,1250,100,"bu","14:18:55",25215300
19550,1250,100,"bu","14:18:55",25215200
19550,1250,100,"bu","14:18:55",25215100
19550,1250,100,"bu","14:18:55",25215000
19550,1250,100,"bu","14:18:55",25214900
19550,1250,100,"bu","14:18:55",25214800
19550,1250,1300,"bu","14:18:55",25214700
19550,1250,700,"bu","14:18:54",25213400
19550,1250,100,"bu","14:18:54",25212700
19550,1250,200,"bu","14:18:54",25212600
19550,1250,500,"bu","14:18:54",25212400
19550,1250,500,"bu","14:18:54",25211900
19550,1250,500,"bu","14:18:54",25211400
19550,1250,2000,"bu","14:18:54",25210900
19550,1250,100,"bu","14:18:54",25208900
19550,1250,1000,"bu","14:18:54",25208800
19550,1250,2500,"bu","14:18:54",25207800
19550,1250,5000,"bu","14:18:54",25205300
19550,1250,300,"bu","14:18:54",25200300
19550,1250,100,"bu","14:18:54",25200000
19550,1250,200,"bu","14:18:54",25199900
19550,1250,1000,"bu","14:18:54",25199700
19550,1250,5300,"bu","14:18:54",25198700
19550,1250,2300,"bu","14:18:54",25193400
19550,1250,300,"bu","14:18:54",25191100
19550,1250,100,"bu","14:18:54",25190800
19550,1250,1000,"bu","14:18:54",25190700
19550,1250,4000,"bu","14:18:54",25189700
19550,1250,1000,"bu","14:18:54",25185700
19550,1250,100,"bu","14:18:54",25184700
19550,1250,200,"bu","14:18:54",25184600
19550,1250,10000,"bu","14:18:54",25184400
19550,1250,1000,"bu","14:18:54",25174400
19550,1250,200,"bu","14:18:54",25173400
19550,1250,700,"bu","14:18:54",25173200
19550,1250,1000,"bu","14:18:54",25172500
19550,1250,3000,"bu","14:18:54",25171500
19550,1250,100,"bu","14:18:54",25168500
19550,1250,800,"bu","14:18:54",25168400
19550,1250,200,"bu","14:18:54",25167600
19550,1250,300,"bu","14:18:54",25167400
19550,1250,100,"bu","14:18:54",25167100
19550,1250,200,"bu","14:18:54",25167000
19550,1250,300,"bu","14:18:54",25166800
19500,1200,5000,"sd","14:18:53",25166500
19550,1250,500,"bu","14:18:53",25161500
19550,1250,1000,"bu","14:18:53",25161000
19550,1250,700,"bu","14:18:53",25160000
19550,1250,2800,"bu","14:18:53",25159300
19550,1250,700,"bu","14:18:53",25156500
19550,1250,200,"bu","14:18:53",25155800
19550,1250,100,"bu","14:18:53",25155600
19550,1250,200,"bu","14:18:52",25155500
19550,1250,300,"bu","14:18:52",25155300
19550,1250,100,"bu","14:18:52",25155000
19550,1250,100,"bu","14:18:52",25154900
19550,1250,700,"bu","14:18:52",25154800
19550,1250,300,"bu","14:18:52",25154100
19550,1250,1000,"bu","14:18:52",25153800
19550,1250,2000,"bu","14:18:52",25152800
19550,1250,200,"bu","14:18:52",25150800
19550,1250,500,"bu","14:18:52",25150600
19550,1250,900,"bu","14:18:52",25150100
19550,1250,500,"bu","14:18:52",25149200
19550,1250,4200,"bu","14:18:52",25148700
19550,1250,3600,"bu","14:18:52",25144500
19550,1250,1100,"bu","14:18:52",25140900
19550,1250,1000,"bu","14:18:52",25139800
19550,1250,100,"bu","14:18:52",25138800
19550,1250,1000,"bu","14:18:52",25138700
19550,1250,600,"bu","14:18:52",25137700
19550,1250,200,"bu","14:18:52",25137100
19550,1250,300,"bu","14:18:52",25136900
19550,1250,5000,"bu","14:18:52",25136600
19550,1250,1000,"bu","14:18:52",25131600
19550,1250,4500,"bu","14:18:52",25130600
19550,1250,5000,"bu","14:18:52",25126100
19550,1250,5000,"bu","14:18:52",25121100
19550,1250,5000,"bu","14:18:52",25116100
19550,1250,200,"bu","14:18:52",25111100
19550,1250,1500,"bu","14:18:52",25110900
19550,1250,400,"bu","14:18:52",25109400
19550,1250,200,"bu","14:18:52",25109000
19550,1250,5000,"bu","14:18:52",25108800
19550,1250,100,"bu","14:18:52",25103800
19550,1250,300,"bu","14:18:52",25103700
19550,1250,700,"bu","14:18:52",25103400
19550,1250,300,"bu","14:18:52",25102700
19550,1250,1000,"bu","14:18:52",25102400
19550,1250,100,"bu","14:18:52",25101400
19550,1250,1900,"bu","14:18:52",25101300
19500,1200,300,"sd","14:18:51",25099400
19550,1250,2000,"bu","14:18:51",25099100
19550,1250,6100,"bu","14:18:51",25097100
19550,1250,10000,"bu","14:18:51",25091000
19550,1250,13900,"bu","14:18:51",25081000
19550,1250,100,"bu","14:18:50",25067100
19550,1250,6000,"bu","14:18:50",25067000
19550,1250,100000,"bu","14:18:50",25061000
19550,1250,1000,"bu","14:18:50",24961000
19550,1250,10000,"bu","14:18:50",24960000
19550,1250,5000,"bu","14:18:50",24950000
19550,1250,10000,"bu","14:18:50",24945000
19550,1250,9000,"bu","14:18:49",24935000
19550,1250,900,"bu","14:18:49",24926000
19550,1250,5000,"bu","14:18:49",24925100
19550,1250,11900,"bu","14:18:49",24920100
19550,1250,15000,"bu","14:18:48",24908200
19550,1250,2200,"bu","14:18:48",24893200
19550,1250,200,"bu","14:18:48",24891000
19550,1250,1300,"bu","14:18:48",24890800
19550,1250,2000,"bu","14:18:48",24889500
19550,1250,300,"bu","14:18:48",24887500
19550,1250,700,"bu","14:18:48",24887200
19550,1250,100,"bu","14:18:48",24886500
19550,1250,200,"bu","14:18:47",24886400
19550,1250,100,"bu","14:18:47",24886200
19550,1250,100,"bu","14:18:47",24886100
19550,1250,600,"bu","14:18:47",24886000
19550,1250,400,"bu","14:18:47",24885400
19550,1250,3700,"bu","14:18:47",24885000
19550,1250,300,"bu","14:18:47",24881300
19550,1250,4700,"bu","14:18:46",24881000
19550,1250,200,"bu","14:18:46",24876300
19550,1250,100,"bu","14:18:46",24876100
19550,1250,100,"bu","14:18:46",24876000
19550,1250,100,"bu","14:18:46",24875900
19550,1250,1700,"bu","14:18:46",24875800
19550,1250,300,"bu","14:18:46",24874100
19550,1250,3300,"bu","14:18:46",24873800
19550,1250,700,"bu","14:18:45",24870500
19550,1250,300,"bu","14:18:45",24869800
19550,1250,1000,"bu","14:18:45",24869500
19550,1250,100,"bu","14:18:45",24868500
19550,1250,1500,"bu","14:18:44",24868400
19550,1250,500,"bu","14:18:44",24866900
19550,1250,1000,"bu","14:18:44",24866400
19550,1250,900,"bu","14:18:43",24865400
19550,1250,3000,"bu","14:18:43",24864500
19550,1250,400,"bu","14:18:43",24861500
19550,1250,700,"bu","14:18:43",24861100
19550,1250,500,"bu","14:18:43",24860400
19550,1250,400,"bu","14:18:43",24859900
19550,1250,500,"bu","14:18:43",24859500
19550,1250,300,"bu","14:18:43",24859000
19550,1250,5000,"bu","14:18:43",24858700
19550,1250,100,"bu","14:18:43",24853700
19550,1250,1000,"bu","14:18:43",24853600
19550,1250,3100,"bu","14:18:43",24852600
19550,1250,100,"bu","14:18:43",24849500
19550,1250,300,"bu","14:18:43",24849400
19550,1250,1600,"bu","14:18:43",24849100
19550,1250,500,"bu","14:18:43",24847500
19550,1250,100,"bu","14:18:43",24847000
19550,1250,1000,"bu","14:18:43",24846900
19550,1250,500,"bu","14:18:43",24845900
19550,1250,500,"bu","14:18:43",24845400
19550,1250,2000,"bu","14:18:43",24844900
19550,1250,500,"bu","14:18:43",24842900
19550,1250,500,"bu","14:18:43",24842400
19550,1250,100,"bu","14:18:43",24841900
19550,1250,200,"bu","14:18:43",24841800
19550,1250,600,"bu","14:18:43",24841600
19550,1250,100,"bu","14:18:43",24841000
19550,1250,200,"bu","14:18:43",24840900
19550,1250,2500,"bu","14:18:43",24840700
19550,1250,1000,"bu","14:18:43",24838200
19550,1250,300,"bu","14:18:43",24837200
19550,1250,300,"bu","14:18:43",24836900
19550,1250,2000,"bu","14:18:43",24836600
19550,1250,500,"bu","14:18:43",24834600
19550,1250,200,"bu","14:18:43",24834100
19550,1250,200,"bu","14:18:43",24833900
19550,1250,500,"bu","14:18:43",24833700
19550,1250,500,"bu","14:18:43",24833200
19550,1250,200,"bu","14:18:43",24832700
19550,1250,100,"bu","14:18:43",24832500
19550,1250,100,"bu","14:18:43",24832400
19550,1250,16900,"bu","14:18:43",24832300
19550,1250,3100,"bu","14:18:42",24815400
19550,1250,1000,"bu","14:18:42",24812300
19550,1250,300,"bu","14:18:42",24811300
19550,1250,100,"bu","14:18:42",24811000
19550,1250,100,"bu","14:18:42",24810900
19550,1250,200,"bu","14:18:42",24810800
19550,1250,1400,"bu","14:18:42",24810600
19550,1250,100,"bu","14:18:42",24809200
19550,1250,700,"bu","14:18:42",24809100
19550,1250,2000,"bu","14:18:42",24808400
19550,1250,5000,"bu","14:18:42",24806400
19550,1250,700,"bu","14:18:42",24801400
19550,1250,2000,"bu","14:18:42",24800700
19550,1250,3300,"bu","14:18:42",24798700
19550,1250,1700,"bu","14:18:42",24795400
19550,1250,300,"bu","14:18:42",24793700
19550,1250,1000,"bu","14:18:42",24793400
19550,1250,5700,"bu","14:18:42",24792400
19550,1250,500,"bu","14:18:42",24786700
19550,1250,200,"bu","14:18:42",24786200
19550,1250,1000,"bu","14:18:42",24786000
19550,1250,1700,"bu","14:18:41",24785000
19550,1250,900,"bu","14:18:41",24783300
19550,1250,500,"bu","14:18:41",24782400
19550,1250,400,"bu","14:18:41",24781900
19550,1250,200,"bu","14:18:41",24781500
19550,1250,100,"bu","14:18:41",24781300
19550,1250,100,"bu","14:18:41",24781200
19550,1250,1800,"bu","14:18:41",24781100
19550,1250,2200,"bu","14:18:41",24779300
19550,1250,500,"bu","14:18:41",24777100
19550,1250,1500,"bu","14:18:41",24776600
19550,1250,400,"bu","14:18:41",24775100
19550,1250,500,"bu","14:18:41",24774700
19550,1250,900,"bu","14:18:41",24774200
19550,1250,1200,"bu","14:18:41",24773300
19550,1250,200,"bu","14:18:41",24772100
19550,1250,1000,"bu","14:18:41",24771900
19550,1250,2600,"bu","14:18:41",24770900
19550,1250,500,"bu","14:18:41",24768300
19550,1250,500,"bu","14:18:41",24767800
19550,1250,500,"bu","14:18:41",24767300
19550,1250,100,"bu","14:18:41",24766800
19550,1250,100,"bu","14:18:41",24766700
19550,1250,3700,"bu","14:18:41",24766600
19550,1250,800,"bu","14:18:41",24762900
19550,1250,2000,"bu","14:18:41",24762100
19550,1250,2800,"bu","14:18:41",24760100
19550,1250,2400,"bu","14:18:41",24757300
19550,1250,100,"bu","14:18:41",24754900
19550,1250,100,"bu","14:18:41",24754800
19550,1250,200,"bu","14:18:41",24754700
19550,1250,6800,"bu","14:18:41",24754500
19550,1250,600,"bu","14:18:41",24747700
19550,1250,1100,"bu","14:18:41",24747100
19550,1250,2200,"bu","14:18:41",24746000
19550,1250,3000,"bu","14:18:41",24743800
19550,1250,800,"bu","14:18:41",24740800
19550,1250,3700,"bu","14:18:41",24740000
19550,1250,200,"bu","14:18:41",24736300
19550,1250,500,"bu","14:18:41",24736100
19550,1250,600,"bu","14:18:41",24735600
19550,1250,200,"bu","14:18:41",24735000
19550,1250,300,"bu","14:18:41",24734800
19550,1250,100,"bu","14:18:41",24734500
19550,1250,100,"bu","14:18:41",24734400
19550,1250,900,"bu","14:18:41",24734300
19550,1250,200,"bu","14:18:41",24733400
19550,1250,800,"bu","14:18:41",24733200
19550,1250,200,"bu","14:18:41",24732400
19550,1250,4600,"bu","14:18:41",24732200
19550,1250,9400,"bu","14:18:41",24727600
19550,1250,100,"bu","14:18:41",24718200
19550,1250,500,"bu","14:18:41",24718100
19550,1250,200,"bu","14:18:41",24717600
19550,1250,400,"bu","14:18:41",24717400
19550,1250,300,"bu","14:18:41",24717000
19550,1250,100,"bu","14:18:41",24716700
19550,1250,2000,"bu","14:18:41",24716600
19550,1250,900,"bu","14:18:41",24714600
19550,1250,200,"bu","14:18:41",24713700
19550,1250,1000,"bu","14:18:41",24713500
19550,1250,2500,"bu","14:18:41",24712500
19550,1250,100,"bu","14:18:41",24710000
19550,1250,1100,"bu","14:18:41",24709900
19550,1250,1000,"bu","14:18:41",24708800
19550,1250,300,"bu","14:18:41",24707800
19550,1250,100,"bu","14:18:41",24707500
19550,1250,2000,"bu","14:18:41",24707400
19550,1250,1000,"bu","14:18:41",24705400
19550,1250,200,"bu","14:18:41",24704400
19550,1250,500,"bu","14:18:41",24704200
19550,1250,100,"bu","14:18:41",24703700
19550,1250,1000,"bu","14:18:41",24703600
19550,1250,100,"bu","14:18:41",24702600
19550,1250,500,"bu","14:18:41",24702500
19550,1250,5600,"bu","14:18:41",24702000
19550,1250,2000,"bu","14:18:41",24696400
19550,1250,300,"bu","14:18:41",24694400
19550,1250,500,"bu","14:18:41",24694100
19550,1250,200,"bu","14:18:41",24693600
19550,1250,200,"bu","14:18:41",24693400
19550,1250,100,"bu","14:18:41",24693200
19550,1250,5100,"bu","14:18:41",24693100
19550,1250,600,"bu","14:18:41",24688000
19550,1250,700,"bu","14:18:41",24687400
19550,1250,200,"bu","14:18:41",24686700
19550,1250,100,"bu","14:18:41",24686500
19550,1250,1000,"bu","14:18:41",24686400
19550,1250,7000,"bu","14:18:41",24685400
19550,1250,500,"bu","14:18:41",24678400
19550,1250,200,"bu","14:18:41",24677900
19550,1250,200,"bu","14:18:41",24677700
19550,1250,200,"bu","14:18:41",24677500
19550,1250,200,"bu","14:18:41",24677300
19550,1250,100,"bu","14:18:41",24677100
19550,1250,100,"bu","14:18:41",24677000
19550,1250,7000,"bu","14:18:41",24676900
19550,1250,200,"bu","14:18:41",24669900
19550,1250,200,"bu","14:18:41",24669700
19550,1250,500,"bu","14:18:41",24669500
19550,1250,7000,"bu","14:18:41",24669000
19550,1250,20000,"bu","14:18:41",24662000
19550,1250,200,"bu","14:18:41",24642000
19550,1250,200,"bu","14:18:41",24641800
19550,1250,200,"bu","14:18:41",24641600
19550,1250,1000,"bu","14:18:41",24641400
19550,1250,500,"bu","14:18:41",24640400
19550,1250,100,"bu","14:18:41",24639900
19550,1250,1900,"bu","14:18:41",24639800
19550,1250,2000,"bu","14:18:41",24637900
19550,1250,20000,"bu","14:18:41",24635900
19550,1250,100,"bu","14:18:41",24615900
19550,1250,100,"bu","14:18:41",24615800
19550,1250,200,"bu","14:18:41",24615700
19550,1250,2400,"bu","14:18:41",24615500
19550,1250,400,"bu","14:18:41",24613100
19550,1250,4500,"bu","14:18:41",24612700
19550,1250,1000,"bu","14:18:41",24608200
19550,1250,1500,"bu","14:18:41",24607200
19550,1250,2000,"bu","14:18:41",24605700
19550,1250,800,"bu","14:18:41",24603700
19550,1250,100,"bu","14:18:41",24602900
19550,1250,200,"bu","14:18:41",24602800
19550,1250,100,"bu","14:18:41",24602600
19550,1250,100,"bu","14:18:41",24602500
19550,1250,900,"bu","14:18:41",24602400
19550,1250,1000,"bu","14:18:41",24601500
19550,1250,500,"bu","14:18:41",24600500
19550,1250,200,"bu","14:18:41",24600000
19550,1250,3200,"bu","14:18:41",24599800
19550,1250,300,"bu","14:18:41",24596600
19550,1250,1000,"bu","14:18:41",24596300
19550,1250,3000,"bu","14:18:41",24595300
19550,1250,200,"bu","14:18:41",24592300
19550,1250,10400,"bu","14:18:41",24592100
19550,1250,200,"bu","14:18:41",24581700
19550,1250,1000,"bu","14:18:41",24581500
19550,1250,100,"bu","14:18:41",24580500
19550,1250,400,"bu","14:18:41",24580400
19550,1250,10000,"bu","14:18:41",24580000
19550,1250,1000,"bu","14:18:41",24570000
19550,1250,1000,"bu","14:18:41",24569000
19550,1250,5000,"bu","14:18:41",24568000
19550,1250,100,"bu","14:18:41",24563000
19550,1250,10500,"bu","14:18:41",24562900
19550,1250,5000,"bu","14:18:41",24552400
19550,1250,3000,"bu","14:18:40",24547400
19550,1250,1000,"bu","14:18:40",24544400
19500,1200,1000,"sd","14:18:40",24543400
19550,1250,100,"bu","14:18:40",24542400
19550,1250,700,"bu","14:18:40",24542300
19550,1250,500,"bu","14:18:40",24541600
19550,1250,5000,"bu","14:18:40",24541100
19550,1250,8000,"bu","14:18:40",24536100
19550,1250,200,"bu","14:18:40",24528100
19550,1250,200,"bu","14:18:40",24527900
19550,1250,2000,"bu","14:18:40",24527700
19550,1250,5000,"bu","14:18:40",24525700
19550,1250,500,"bu","14:18:40",24520700
19550,1250,200,"bu","14:18:40",24520200
19550,1250,6500,"bu","14:18:40",24520000
19550,1250,200,"bu","14:18:40",24513500
19550,1250,6000,"bu","14:18:40",24513300
19550,1250,6000,"bu","14:18:40",24507300
19550,1250,1000,"bu","14:18:40",24501300
19550,1250,3000,"bu","14:18:40",24500300
19550,1250,2000,"bu","14:18:40",24497300
19550,1250,200,"bu","14:18:40",24495300
19550,1250,500,"bu","14:18:40",24495100
19550,1250,300,"bu","14:18:40",24494600
19550,1250,1000,"bu","14:18:40",24494300
19550,1250,500,"bu","14:18:40",24493300
19550,1250,1000,"bu","14:18:40",24492800
19550,1250,500,"bu","14:18:40",24491800
19550,1250,2000,"bu","14:18:40",24491300
19550,1250,600,"bu","14:18:40",24489300
19550,1250,1000,"bu","14:18:40",24488700
19550,1250,20000,"bu","14:18:40",24487700
19550,1250,8000,"bu","14:18:40",24467700
19550,1250,200,"bu","14:18:40",24459700
19550,1250,100,"bu","14:18:40",24459500
19550,1250,5000,"bu","14:18:40",24459400
19550,1250,100,"bu","14:18:40",24454400
19550,1250,500,"bu","14:18:40",24454300
19550,1250,3500,"bu","14:18:40",24453800
19550,1250,300,"bu","14:18:40",24450300
19550,1250,2000,"bu","14:18:40",24450000
19550,1250,300,"bu","14:18:40",24448000
19550,1250,5300,"bu","14:18:40",24447700
19550,1250,300,"bu","14:18:40",24442400
19550,1250,10000,"bu","14:18:40",24442100
19550,1250,100,"bu","14:18:39",24432100
19550,1250,400,"bu","14:18:39",24432000
19550,1250,5000,"bu","14:18:39",24431600
19550,1250,3500,"bu","14:18:39",24426600
19550,1250,10400,"bu","14:18:38",24423100
19550,1250,2000,"bu","14:18:38",24412700
19550,1250,500,"bu","14:18:38",24410700
19550,1250,100,"bu","14:18:38",24410200
19550,1250,2000,"bu","14:18:38",24410100
19550,1250,500,"bu","14:18:38",24408100
19550,1250,200,"bu","14:18:38",24407600
19550,1250,4300,"bu","14:18:38",24407400
19550,1250,500,"bu","14:18:37",24403100
19550,1250,100,"bu","14:18:37",24402600
19550,1250,5100,"bu","14:18:37",24402500
19550,1250,1800,"bu","14:18:37",24397400
19550,1250,4200,"bu","14:18:37",24395600
19550,1250,200,"bu","14:18:37",24391400
19550,1250,1000,"bu","14:18:37",24391200
19550,1250,500,"bu","14:18:37",24390200
19550,1250,100,"bu","14:18:37",24389700
19550,1250,1000,"bu","14:18:37",24389600
19550,1250,3000,"bu","14:18:37",24388600
19550,1250,500,"bu","14:18:37",24385600
19550,1250,1000,"bu","14:18:37",24385100
19550,1250,700,"bu","14:18:37",24384100
19550,1250,100,"bu","14:18:37",24383400
19550,1250,50000,"bu","14:18:37",24383300
19550,1250,100,"bu","14:18:37",24333300
19550,1250,14900,"bu","14:18:37",24333200
19550,1250,2000,"bu","14:18:37",24318300
19550,1250,300,"bu","14:18:37",24316300
19550,1250,1500,"bu","14:18:37",24316000
19550,1250,20000,"bu","14:18:37",24314500
19550,1250,200,"bu","14:18:37",24294500
19550,1250,700,"bu","14:18:37",24294300
19550,1250,300,"bu","14:18:37",24293600
19550,1250,1000,"bu","14:18:37",24293300
19550,1250,100,"bu","14:18:37",24292300
19550,1250,1900,"bu","14:18:36",24292200
19550,1250,500,"bu","14:18:36",24290300
19550,1250,800,"bu","14:18:36",24289800
19550,1250,100,"bu","14:18:36",24289000
19550,1250,1700,"bu","14:18:36",24288900
19550,1250,10000,"bu","14:18:36",24287200
19550,1250,2000,"bu","14:18:36",24277200
19550,1250,10000,"bu","14:18:35",24275200
19550,1250,76300,"bu","14:18:35",24265200
19550,1250,100,"bu","14:18:35",24188900
19550,1250,2500,"bu","14:18:35",24188800
19550,1250,3000,"bu","14:18:34",24186300
19550,1250,100,"bu","14:18:34",24183300
19550,1250,5000,"bu","14:18:34",24183200
19550,1250,400,"bu","14:18:34",24178200
19550,1250,1000,"bu","14:18:34",24177800
19550,1250,200,"bu","14:18:34",24176800
19550,1250,500,"bu","14:18:34",24176600
19550,1250,1000,"bu","14:18:34",24176100
19550,1250,2000,"bu","14:18:34",24175100
19550,1250,100,"bu","14:18:34",24173100
19550,1250,1900,"bu","14:18:34",24173000
19550,1250,5900,"bu","14:18:34",24171100
19550,1250,100,"bu","14:18:33",24165200
19550,1250,1000,"bu","14:18:33",24165100
19550,1250,3000,"bu","14:18:33",24164100
19550,1250,2000,"bu","14:18:32",24161100
19550,1250,500,"bu","14:18:31",24159100
19550,1250,4000,"bu","14:18:31",24158600
19550,1250,10000,"bu","14:18:31",24154600
19550,1250,5000,"bu","14:18:30",24144600
19550,1250,10000,"bu","14:18:30",24139600
19550,1250,15000,"bu","14:18:30",24129600
19550,1250,10000,"bu","14:18:28",24114600
19550,1250,10000,"bu","14:18:27",24104600
19550,1250,1000,"bu","14:18:27",24094600
19550,1250,2000,"bu","14:18:27",24093600
19500,1200,1300,"sd","14:18:26",24091600
19550,1250,10000,"bu","14:18:25",24090300
19550,1250,2000,"bu","14:18:25",24080300
19550,1250,1000,"bu","14:18:25",24078300
19550,1250,1800,"bu","14:18:23",24077300
19550,1250,200,"bu","14:18:23",24075500
19550,1250,2800,"bu","14:18:23",24075300
19550,1250,500,"bu","14:18:23",24072500
19550,1250,10000,"bu","14:18:23",24072000
19550,1250,2000,"bu","14:18:23",24062000
19550,1250,4700,"bu","14:18:23",24060000
19550,1250,2900,"bu","14:18:23",24055300
19550,1250,1500,"bu","14:18:23",24052400
19550,1250,1000,"bu","14:18:23",24050900
19550,1250,1000,"bu","14:18:23",24049900
19550,1250,1000,"bu","14:18:23",24048900
19550,1250,500,"bu","14:18:23",24047900
19550,1250,200,"bu","14:18:23",24047400
19550,1250,200,"bu","14:18:23",24047200
19550,1250,2000,"bu","14:18:23",24047000
19550,1250,1000,"bu","14:18:23",24045000
19550,1250,200,"bu","14:18:23",24044000
19550,1250,50000,"bu","14:18:23",24043800
19550,1250,1000,"bu","14:18:23",23993800
19550,1250,9000,"bu","14:18:23",23992800
19550,1250,5000,"bu","14:18:23",23983800
19550,1250,500,"bu","14:18:23",23978800
19550,1250,300,"bu","14:18:23",23978300
19550,1250,1000,"bu","14:18:23",23978000
19550,1250,1000,"bu","14:18:23",23977000
19550,1250,20700,"bu","14:18:23",23976000
19550,1250,5000,"bu","14:18:22",23955300
19550,1250,10000,"bu","14:18:21",23950300
19550,1250,1000,"bu","14:18:20",23940300
19550,1250,3000,"bu","14:18:19",23939300
19550,1250,1000,"bu","14:18:19",23936300
19550,1250,59300,"bu","14:18:18",23935300
19550,1250,5000,"bu","14:18:18",23876000
19550,1250,1000,"bu","14:18:18",23871000
19550,1250,500,"bu","14:18:18",23870000
19550,1250,4500,"bu","14:18:18",23869500
19550,1250,500,"bu","14:18:18",23865000
19550,1250,4000,"bu","14:18:18",23864500
19550,1250,2000,"bu","14:18:18",23860500
19550,1250,500,"bu","14:18:18",23858500
19550,1250,5000,"bu","14:18:18",23858000
19550,1250,100,"bu","14:18:18",23853000
19550,1250,1000,"bu","14:18:18",23852900
19550,1250,1000,"bu","14:18:18",23851900
19550,1250,100,"bu","14:18:18",23850900
19550,1250,500,"bu","14:18:18",23850800
19550,1250,500,"bu","14:18:18",23850300
19550,1250,2000,"bu","14:18:18",23849800
19550,1250,100,"bu","14:18:18",23847800
19550,1250,200,"bu","14:18:18",23847700
19550,1250,6400,"bu","14:18:18",23847500
19550,1250,500,"bu","14:18:18",23841100
19550,1250,5300,"bu","14:18:18",23840600
19550,1250,1700,"bu","14:18:18",23835300
19550,1250,100,"bu","14:18:18",23833600
19550,1250,1200,"bu","14:18:18",23833500
19550,1250,200,"bu","14:18:18",23832300
19500,1200,100,"sd","14:18:18",23832100
19550,1250,1000,"bu","14:18:18",23832000
19550,1250,1600,"bu","14:18:18",23831000
19550,1250,400,"bu","14:18:18",23829400
19550,1250,200,"bu","14:18:18",23829000
19550,1250,1400,"bu","14:18:17",23828800
19550,1250,400,"bu","14:18:17",23827400
19550,1250,1000,"bu","14:18:17",23827000
19550,1250,1000,"bu","14:18:17",23826000
19550,1250,3000,"bu","14:18:17",23825000
19550,1250,3000,"bu","14:18:17",23822000
19550,1250,2000,"bu","14:18:17",23819000
19550,1250,1500,"bu","14:18:17",23817000
19550,1250,100,"bu","14:18:17",23815500
19550,1250,600,"bu","14:18:17",23815400
19550,1250,4300,"bu","14:18:17",23814800
19550,1250,2900,"bu","14:18:17",23810500
19550,1250,500,"bu","14:18:17",23807600
19550,1250,1200,"bu","14:18:17",23807100
19550,1250,3800,"bu","14:18:17",23805900
19550,1250,200,"bu","14:18:17",23802100
19550,1250,1000,"bu","14:18:17",23801900
19550,1250,200,"bu","14:18:17",23800900
19550,1250,1000,"bu","14:18:17",23800700
19550,1250,2000,"bu","14:18:17",23799700
19550,1250,300,"bu","14:18:17",23797700
19550,1250,1000,"bu","14:18:17",23797400
19550,1250,500,"bu","14:18:17",23796400
19550,1250,1000,"bu","14:18:17",23795900
19550,1250,200,"bu","14:18:17",23794900
19550,1250,1000,"bu","14:18:17",23794700
19550,1250,1900,"bu","14:18:17",23793700
19550,1250,200,"bu","14:18:17",23791800
19550,1250,1500,"bu","14:18:17",23791600
19550,1250,200,"bu","14:18:17",23790100
19550,1250,1000,"bu","14:18:17",23789900
19550,1250,500,"bu","14:18:17",23788900
19550,1250,1000,"bu","14:18:17",23788400
19550,1250,900,"bu","14:18:17",23787400
19550,1250,100,"bu","14:18:17",23786500
19550,1250,3000,"bu","14:18:17",23786400
19550,1250,500,"bu","14:18:17",23783400
19550,1250,300,"bu","14:18:17",23782900
19550,1250,500,"bu","14:18:17",23782600
19550,1250,200,"bu","14:18:17",23782100
19550,1250,500,"bu","14:18:17",23781900
19550,1250,500,"bu","14:18:17",23781400
19550,1250,200,"bu","14:18:17",23780900
19550,1250,1500,"bu","14:18:17",23780700
19550,1250,300,"bu","14:18:17",23779200
19550,1250,100,"bu","14:18:17",23778900
19550,1250,200,"bu","14:18:17",23778800
19550,1250,200,"bu","14:18:17",23778600
19550,1250,2000,"bu","14:18:17",23778400
19550,1250,1000,"bu","14:18:17",23776400
19550,1250,500,"bu","14:18:17",23775400
19550,1250,2000,"bu","14:18:17",23774900
19550,1250,4100,"bu","14:18:17",23772900
19550,1250,3000,"bu","14:18:17",23768800
19550,1250,900,"bu","14:18:16",23765800
19550,1250,1900,"bu","14:18:16",23764900
19550,1250,3800,"bu","14:18:16",23763000
19550,1250,500,"bu","14:18:16",23759200
19550,1250,1000,"bu","14:18:16",23758700
19550,1250,100,"bu","14:18:16",23757700
19550,1250,400,"bu","14:18:16",23757600
19550,1250,1000,"bu","14:18:16",23757200
19550,1250,200,"bu","14:18:16",23756200
19550,1250,200,"bu","14:18:16",23756000
19550,1250,500,"bu","14:18:15",23755800
19550,1250,300,"bu","14:18:14",23755300
19550,1250,400,"bu","14:18:14",23755000
19550,1250,1500,"bu","14:18:14",23754600
19550,1250,100,"bu","14:18:13",23753100
19550,1250,400,"bu","14:18:13",23753000
19550,1250,5000,"bu","14:18:13",23752600
19550,1250,1000,"bu","14:18:13",23747600
19550,1250,6000,"bu","14:18:13",23746600
19550,1250,500,"bu","14:18:13",23740600
19550,1250,5000,"bu","14:18:13",23740100
19550,1250,1000,"bu","14:18:13",23735100
19550,1250,1000,"bu","14:18:13",23734100
19550,1250,10000,"bu","14:18:13",23733100
19550,1250,500,"bu","14:18:12",23723100
19550,1250,500,"bu","14:18:12",23722600
19550,1250,1000,"bu","14:18:12",23722100
19550,1250,1000,"bu","14:18:12",23721100
19550,1250,1500,"bu","14:18:12",23720100
19550,1250,300,"bu","14:18:12",23718600
19550,1250,200,"bu","14:18:12",23718300
19550,1250,500,"bu","14:18:12",23718100
19550,1250,1000,"bu","14:18:12",23717600
19550,1250,100,"bu","14:18:12",23716600
19550,1250,900,"bu","14:18:12",23716500
19550,1250,1000,"bu","14:18:12",23715600
19550,1250,1400,"bu","14:18:12",23714600
19550,1250,300,"bu","14:18:12",23713200
19550,1250,300,"bu","14:18:12",23712900
19550,1250,600,"bu","14:18:12",23712600
19550,1250,200,"bu","14:18:12",23712000
19550,1250,100,"bu","14:18:12",23711800
19550,1250,600,"bu","14:18:12",23711700
19550,1250,10000,"bu","14:18:12",23711100
19550,1250,300,"bu","14:18:12",23701100
19550,1250,1000,"bu","14:18:12",23700800
19550,1250,100,"bu","14:18:12",23699800
19550,1250,100,"bu","14:18:12",23699700
19550,1250,1000,"bu","14:18:12",23699600
19550,1250,500,"bu","14:18:12",23698600
19550,1250,200,"bu","14:18:12",23698100
19550,1250,100,"bu","14:18:12",23697900
19550,1250,1000,"bu","14:18:12",23697800
19550,1250,5000,"bu","14:18:12",23696800
19550,1250,700,"bu","14:18:12",23691800
19550,1250,100,"bu","14:18:12",23691100
19550,1250,200,"bu","14:18:12",23691000
19550,1250,1000,"bu","14:18:12",23690800
19550,1250,100,"bu","14:18:12",23689800
19550,1250,200,"bu","14:18:12",23689700
19550,1250,1000,"bu","14:18:12",23689500
19550,1250,20000,"bu","14:18:12",23688500
19550,1250,300,"bu","14:18:12",23668500
19550,1250,2000,"bu","14:18:12",23668200
19550,1250,10000,"bu","14:18:12",23666200
19550,1250,500,"bu","14:18:12",23656200
19550,1250,500,"bu","14:18:12",23655700
19550,1250,33600,"bu","14:18:12",23655200
19550,1250,100,"bu","14:18:12",23621600
19550,1250,5000,"bu","14:18:12",23621500
19550,1250,500,"bu","14:18:12",23616500
19550,1250,5000,"bu","14:18:11",23616000
19550,1250,1000,"bu","14:18:11",23611000
19550,1250,300,"bu","14:18:11",23610000
19500,1200,200,"sd","14:18:11",23609700
19550,1250,700,"bu","14:18:10",23609500
19550,1250,2000,"bu","14:18:10",23608800
19550,1250,1800,"bu","14:18:09",23606800
19550,1250,300,"bu","14:18:09",23605000
19500,1200,1000,"sd","14:18:09",23604700
19550,1250,200,"bu","14:18:09",23603700
19550,1250,1800,"bu","14:18:09",23603500
19550,1250,200,"bu","14:18:08",23601700
19550,1250,800,"bu","14:18:08",23601500
19500,1200,1000,"sd","14:18:08",23600700
19550,1250,1000,"bu","14:18:08",23599700
19550,1250,30200,"bu","14:18:07",23598700
19550,1250,100,"bu","14:18:07",23568500
19550,1250,1000,"bu","14:18:07",23568400
19550,1250,2000,"bu","14:18:07",23567400
19550,1250,3000,"bu","14:18:07",23565400
19550,1250,300,"bu","14:18:07",23562400
19550,1250,100,"bu","14:18:07",23562100
19550,1250,500,"bu","14:18:07",23562000
19550,1250,200,"bu","14:18:07",23561500
19550,1250,500,"bu","14:18:07",23561300
19550,1250,300,"bu","14:18:07",23560800
19550,1250,48200,"bu","14:18:07",23560500
19550,1250,300,"bu","14:18:07",23512300
19550,1250,300,"bu","14:18:07",23512000
19550,1250,500,"bu","14:18:07",23511700
19550,1250,2000,"bu","14:18:07",23511200
19550,1250,10000,"bu","14:18:07",23509200
19550,1250,500,"bu","14:18:07",23499200
19550,1250,2800,"bu","14:18:07",23498700
19550,1250,2200,"bu","14:18:07",23495900
19550,1250,800,"bu","14:18:07",23493700
19550,1250,100,"bu","14:18:07",23492900
19550,1250,100,"bu","14:18:07",23492800
19550,1250,700,"bu","14:18:07",23492700
19550,1250,300,"bu","14:18:07",23492000
19550,1250,20000,"bu","14:18:07",23491700
19550,1250,2000,"bu","14:18:06",23471700
19550,1250,800,"bu","14:18:05",23469700
19500,1200,1000,"sd","14:18:05",23468900
19550,1250,2000,"bu","14:18:05",23467900
19550,1250,4900,"bu","14:18:05",23465900
19550,1250,5100,"bu","14:18:05",23461000
19550,1250,2000,"bu","14:18:04",23455900
19500,1200,200,"sd","14:18:04",23453900
19550,1250,15000,"bu","14:18:04",23453700
19550,1250,300,"bu","14:18:03",23438700
19500,1200,8000,"sd","14:18:02",23438400
19550,1250,7800,"bu","14:18:02",23430400
19550,1250,1000,"bu","14:18:02",23422600
19550,1250,500,"bu","14:18:02",23421600
19550,1250,300,"bu","14:18:02",23421100
19550,1250,500,"bu","14:18:02",23420800
19550,1250,300,"bu","14:18:02",23420300
19550,1250,35000,"bu","14:18:02",23420000
19550,1250,4000,"bu","14:18:02",23385000
19550,1250,2000,"bu","14:18:02",23381000
19550,1250,48100,"bu","14:18:02",23379000
19550,1250,500,"bu","14:18:02",23330900
19550,1250,1900,"bu","14:18:02",23330400
19550,1250,1000,"bu","14:18:02",23328500
19550,1250,500,"bu","14:18:02",23327500
19550,1250,1000,"bu","14:18:02",23327000
19550,1250,2000,"bu","14:18:01",23326000
19550,1250,1000,"bu","14:18:01",23324000
19550,1250,200,"bu","14:18:01",23323000
19550,1250,100,"bu","14:18:01",23322800
19550,1250,2000,"bu","14:18:01",23322700
19550,1250,400,"bu","14:18:01",23320700
19550,1250,200,"bu","14:18:01",23320300
19550,1250,2000,"bu","14:18:01",23320100
19550,1250,300,"bu","14:18:01",23318100
19550,1250,6800,"bu","14:18:01",23317800
19550,1250,500,"bu","14:18:01",23311000
19550,1250,1000,"bu","14:18:01",23310500
19550,1250,500,"bu","14:18:01",23309500
19550,1250,500,"bu","14:18:01",23309000
19550,1250,500,"bu","14:18:01",23308500
19550,1250,100,"bu","14:18:01",23308000
19550,1250,500,"bu","14:18:01",23307900
19550,1250,2000,"bu","14:18:01",23307400
19550,1250,1000,"bu","14:18:01",23305400
19500,1200,500,"sd","14:18:01",23304400
19500,1200,500,"sd","14:18:01",23303900
19500,1200,1000,"sd","14:18:01",23303400
19500,1200,4000,"sd","14:18:01",23302400
19550,1250,1000,"bu","14:17:59",23298400
19550,1250,300,"bu","14:17:58",23297400
19500,1200,1500,"sd","14:17:58",23297100
19500,1200,3000,"sd","14:17:58",23295600
19550,1250,400,"bu","14:17:57",23292600
19550,1250,100,"bu","14:17:57",23292200
19550,1250,100,"bu","14:17:57",23292100
19550,1250,1100,"bu","14:17:57",23292000
19500,1200,300,"sd","14:17:56",23290900
19550,1250,100,"bu","14:17:56",23290600
19550,1250,200,"bu","14:17:56",23290500
19550,1250,100,"bu","14:17:56",23290300
19550,1250,2000,"bu","14:17:56",23290200
19550,1250,3000,"bu","14:17:56",23288200
19550,1250,400,"bu","14:17:56",23285200
19550,1250,100,"bu","14:17:56",23284800
19550,1250,200,"bu","14:17:56",23284700
19550,1250,5000,"bu","14:17:56",23284500
19550,1250,1000,"bu","14:17:56",23279500
19550,1250,1000,"bu","14:17:56",23278500
19550,1250,5600,"bu","14:17:56",23277500
19550,1250,1000,"bu","14:17:56",23271900
19550,1250,1000,"bu","14:17:56",23270900
19550,1250,100,"bu","14:17:56",23269900
19550,1250,200,"bu","14:17:56",23269800
19550,1250,100,"bu","14:17:56",23269600
19550,1250,600,"bu","14:17:56",23269500
19550,1250,3000,"bu","14:17:56",23268900
19550,1250,100,"bu","14:17:56",23265900
19550,1250,7000,"bu","14:17:56",23265800
19550,1250,2000,"bu","14:17:56",23258800
19550,1250,200,"bu","14:17:56",23256800
19550,1250,800,"bu","14:17:56",23256600
19550,1250,600,"bu","14:17:56",23255800
19550,1250,4000,"bu","14:17:56",23255200
19550,1250,2700,"bu","14:17:56",23251200
19550,1250,200,"bu","14:17:56",23248500
19550,1250,2100,"bu","14:17:56",23248300
19550,1250,1000,"bu","14:17:56",23246200
19550,1250,1100,"bu","14:17:56",23245200
19550,1250,100,"bu","14:17:56",23244100
19550,1250,2000,"bu","14:17:56",23244000
19550,1250,200,"bu","14:17:56",23242000
19550,1250,1000,"bu","14:17:56",23241800
19550,1250,200,"bu","14:17:56",23240800
19550,1250,1000,"bu","14:17:55",23240600
19550,1250,1000,"bu","14:17:55",23239600
19550,1250,200,"bu","14:17:55",23238600
19550,1250,200,"bu","14:17:54",23238400
19500,1200,100,"sd","14:17:54",23238200
19500,1200,100,"sd","14:17:54",23238100
19500,1200,1200,"sd","14:17:53",23238000
19500,1200,800,"sd","14:17:53",23236800
19550,1250,2000,"bu","14:17:53",23236000
19550,1250,100,"bu","14:17:52",23234000
19550,1250,500,"bu","14:17:52",23233900
19550,1250,1500,"bu","14:17:50",23233400
19550,1250,1000,"bu","14:17:45",23231900
19550,1250,100,"bu","14:17:45",23230900
19550,1250,5000,"bu","14:17:45",23230800
19550,1250,300,"bu","14:17:45",23225800
19550,1250,1500,"bu","14:17:45",23225500
19550,1250,200,"bu","14:17:45",23224000
19550,1250,1000,"bu","14:17:45",23223800
19550,1250,500,"bu","14:17:45",23222800
19550,1250,800,"bu","14:17:45",23222300
19550,1250,2500,"bu","14:17:45",23221500
19550,1250,100,"bu","14:17:45",23219000
19550,1250,2000,"bu","14:17:45",23218900
19550,1250,900,"bu","14:17:45",23216900
19550,1250,100,"bu","14:17:45",23216000
19550,1250,1000,"bu","14:17:45",23215900
19550,1250,1000,"bu","14:17:45",23214900
19550,1250,500,"bu","14:17:45",23213900
19550,1250,300,"bu","14:17:45",23213400
19550,1250,1000,"bu","14:17:45",23213100
19550,1250,200,"bu","14:17:45",23212100
19550,1250,600,"bu","14:17:44",23211900
19500,1200,300,"sd","14:17:43",23211300
19550,1250,400,"bu","14:17:42",23211000
19550,1250,100,"bu","14:17:42",23210600
19550,1250,1500,"bu","14:17:42",23210500
19550,1250,6000,"bu","14:17:41",23209000
19550,1250,1500,"bu","14:17:40",23203000
19550,1250,3600,"bu","14:17:40",23201500
19550,1250,1000,"bu","14:17:40",23197900
19550,1250,900,"bu","14:17:40",23196900
19500,1200,200,"sd","14:17:40",23196000
19500,1200,1000,"sd","14:17:40",23195800
19500,1200,1000,"sd","14:17:40",23194800
19500,1200,100,"sd","14:17:40",23193800
19500,1200,3200,"sd","14:17:40",23193700
19550,1250,100,"bu","14:17:39",23190500
19550,1250,200,"bu","14:17:39",23190400
19550,1250,100,"bu","14:17:39",23190200
19550,1250,1600,"bu","14:17:39",23190100
19500,1200,1600,"sd","14:17:38",23188500
19550,1250,1400,"bu","14:17:37",23186900
19550,1250,300,"bu","14:17:37",23185500
19550,1250,300,"bu","14:17:37",23185200
19550,1250,700,"bu","14:17:36",23184900
19550,1250,500,"bu","14:17:36",23184200
19550,1250,1000,"bu","14:17:36",23183700
19550,1250,2000,"bu","14:17:36",23182700
19550,1250,500,"bu","14:17:36",23180700
19550,1250,300,"bu","14:17:36",23180200
19500,1200,500,"sd","14:17:34",23179900
19500,1200,1400,"sd","14:17:34",23179400
19500,1200,1000,"sd","14:17:30",23178000
19500,1200,1000,"sd","14:17:28",23177000
19550,1250,1000,"bu","14:17:27",23176000
19500,1200,1000,"sd","14:17:26",23175000
19550,1250,2000,"bu","14:17:25",23174000
19550,1250,1500,"bu","14:17:24",23172000
19550,1250,100,"bu","14:17:23",23170500
19550,1250,1000,"bu","14:17:23",23170400
19550,1250,200,"bu","14:17:22",23169400
19550,1250,200,"bu","14:17:20",23169200
19550,1250,5000,"bu","14:17:20",23169000
19550,1250,2000,"bu","14:17:19",23164000
19550,1250,5000,"bu","14:17:19",23162000
19550,1250,500,"bu","14:17:18",23157000
19550,1250,100,"bu","14:17:18",23156500
19550,1250,1100,"bu","14:17:17",23156400
19550,1250,100,"bu","14:17:17",23155300
19550,1250,2300,"bu","14:17:17",23155200
19550,1250,300,"bu","14:17:17",23152900
19550,1250,200,"bu","14:17:17",23152600
19550,1250,1000,"bu","14:17:17",23152400
19550,1250,1000,"bu","14:17:16",23151400
19550,1250,4000,"bu","14:17:14",23150400
19550,1250,500,"bu","14:17:13",23146400
19550,1250,1000,"bu","14:17:13",23145900
19550,1250,100,"bu","14:17:13",23144900
19550,1250,200,"bu","14:17:13",23144800
19550,1250,100,"bu","14:17:13",23144600
19550,1250,1300,"bu","14:17:13",23144500
19550,1250,300,"bu","14:17:13",23143200
19550,1250,100,"bu","14:17:12",23142900
19550,1250,400,"bu","14:17:12",23142800
19550,1250,3000,"bu","14:17:09",23142400
19550,1250,600,"bu","14:17:08",23139400
19550,1250,900,"bu","14:17:07",23138800
19550,1250,100,"bu","14:17:06",23137900
19550,1250,9900,"bu","14:17:06",23137800
19550,1250,100,"bu","14:17:06",23127900
19550,1250,400,"bu","14:17:06",23127800
19550,1250,600,"bu","14:17:03",23127400
19550,1250,100,"bu","14:17:03",23126800
19550,1250,200,"bu","14:17:03",23126700
19550,1250,100,"bu","14:17:03",23126500
19550,1250,100,"bu","14:17:03",23126400
19550,1250,100,"bu","14:17:03",23126300
19550,1250,200,"bu","14:16:58",23126200
19550,1250,100,"bu","14:16:57",23126000
19550,1250,100,"bu","14:16:57",23125900
19550,1250,2700,"bu","14:16:57",23125800
19550,1250,100,"bu","14:16:57",23123100
19550,1250,6000,"bu","14:16:57",23123000
19550,1250,300,"bu","14:16:57",23117000
19550,1250,400,"bu","14:16:57",23116700
19550,1250,2000,"bu","14:16:57",23116300
19550,1250,2300,"bu","14:16:57",23114300
19550,1250,2000,"bu","14:16:57",23112000
19550,1250,7900,"bu","14:16:55",23110000
19550,1250,700,"bu","14:16:55",23102100
19550,1250,4300,"bu","14:16:55",23101400
19550,1250,3600,"bu","14:16:55",23097100
19500,1200,500,"sd","14:16:55",23093500
19550,1250,2000,"bu","14:16:54",23093000
19550,1250,5000,"bu","14:16:54",23091000
19550,1250,2100,"bu","14:16:54",23086000
19550,1250,2000,"bu","14:16:53",23083900
19550,1250,500,"bu","14:16:52",23081900
19550,1250,1000,"bu","14:16:52",23081400
19550,1250,400,"bu","14:16:52",23080400
19500,1200,800,"sd","14:16:52",23080000
19500,1200,200,"sd","14:16:52",23079200
19550,1250,1100,"bu","14:16:52",23079000
19550,1250,1000,"bu","14:16:52",23077900
19550,1250,300,"bu","14:16:50",23076900
19550,1250,1000,"bu","14:16:50",23076600
19550,1250,1000,"bu","14:16:48",23075600
19550,1250,900,"bu","14:16:47",23074600
19550,1250,100,"bu","14:16:47",23073700
19550,1250,1600,"bu","14:16:47",23073600
19550,1250,300,"bu","14:16:47",23072000
19550,1250,3200,"bu","14:16:47",23071700
19550,1250,3900,"bu","14:16:47",23068500
19500,1200,100,"sd","14:16:46",23064600
19500,1200,200,"sd","14:16:46",23064500
19500,1200,5000,"sd","14:16:46",23064300
19500,1200,2000,"sd","14:16:46",23059300
19500,1200,200,"sd","14:16:46",23057300
19500,1200,1000,"sd","14:16:46",23057100
19500,1200,200,"sd","14:16:46",23056100
19500,1200,3000,"sd","14:16:46",23055900
19500,1200,500,"sd","14:16:46",23052900
19500,1200,100,"sd","14:16:46",23052400
19500,1200,2000,"sd","14:16:46",23052300
19500,1200,1000,"sd","14:16:46",23050300
19500,1200,500,"sd","14:16:46",23049300
19500,1200,100,"sd","14:16:46",23048800
19500,1200,500,"sd","14:16:46",23048700
19500,1200,300,"sd","14:16:46",23048200
19500,1200,4800,"sd","14:16:46",23047900
19500,1200,100,"sd","14:16:46",23043100
19500,1200,8500,"sd","14:16:46",23043000
19550,1250,1000,"bu","14:16:45",23034500
19500,1200,1000,"sd","14:16:44",23033500
19550,1250,1200,"bu","14:16:43",23032500
19550,1250,1000,"bu","14:16:43",23031300
19550,1250,500,"bu","14:16:43",23030300
19550,1250,700,"bu","14:16:43",23029800
19550,1250,1000,"bu","14:16:43",23029100
19550,1250,5400,"bu","14:16:43",23028100
19550,1250,200,"bu","14:16:43",23022700
19550,1250,1000,"bu","14:16:43",23022500
19550,1250,1000,"bu","14:16:43",23021500
19550,1250,500,"bu","14:16:43",23020500
19550,1250,1000,"bu","14:16:43",23020000
19550,1250,12900,"bu","14:16:43",23019000
19550,1250,500,"bu","14:16:43",23006100
19550,1250,900,"bu","14:16:43",23005600
19550,1250,300,"bu","14:16:43",23004700
19550,1250,3500,"bu","14:16:43",23004400
19550,1250,1000,"bu","14:16:43",23000900
19550,1250,2200,"bu","14:16:43",22999900
19550,1250,2000,"bu","14:16:43",22997700
19550,1250,500,"bu","14:16:43",22995700
19550,1250,100,"bu","14:16:43",22995200
19550,1250,100,"bu","14:16:43",22995100
19550,1250,3300,"bu","14:16:43",22995000
19550,1250,500,"bu","14:16:43",22991700
19550,1250,900,"bu","14:16:43",22991200
19550,1250,700,"bu","14:16:42",22990300
19550,1250,500,"bu","14:16:42",22989600
19550,1250,500,"bu","14:16:42",22989100
19550,1250,1000,"bu","14:16:42",22988600
19550,1250,500,"bu","14:16:42",22987600
19550,1250,500,"bu","14:16:42",22987100
19550,1250,2500,"bu","14:16:42",22986600
19500,1200,500,"sd","14:16:37",22984100
19500,1200,500,"sd","14:16:37",22983600
19500,1200,500,"sd","14:16:37",22983100
19500,1200,1000,"sd","14:16:37",22982600
19500,1200,500,"sd","14:16:37",22981600
19500,1200,7000,"sd","14:16:37",22981100
19550,1250,3000,"bu","14:16:37",22974100
19500,1200,1000,"sd","14:16:35",22971100
19550,1250,700,"bu","14:16:34",22970100
19550,1250,200,"bu","14:16:33",22969400
19550,1250,100,"bu","14:16:32",22969200
19550,1250,3000,"bu","14:16:32",22969100
19550,1250,100,"bu","14:16:31",22966100
19550,1250,10400,"bu","14:16:31",22966000
19550,1250,20000,"bu","14:16:31",22955600
19550,1250,400,"bu","14:16:31",22935600
19550,1250,1000,"bu","14:16:31",22935200
19550,1250,5000,"bu","14:16:31",22934200
19550,1250,200,"bu","14:16:31",22929200
19550,1250,500,"bu","14:16:31",22929000
19550,1250,5000,"bu","14:16:31",22928500
19550,1250,500,"bu","14:16:31",22923500
19550,1250,100,"bu","14:16:31",22923000
19550,1250,6900,"bu","14:16:31",22922900
19550,1250,1700,"bu","14:16:30",22916000
19500,1200,500,"sd","14:16:30",22914300
19500,1200,1500,"sd","14:16:30",22913800
19500,1200,500,"sd","14:16:30",22912300
19500,1200,200,"sd","14:16:30",22911800
19500,1200,12800,"sd","14:16:30",22911600
19550,1250,200,"bu","14:16:28",22898800
19500,1200,1100,"sd","14:16:28",22898600
19500,1200,600,"sd","14:16:28",22897500
19550,1250,1000,"bu","14:16:28",22896900
19500,1200,5000,"sd","14:16:28",22895900
19550,1250,10200,"bu","14:16:23",22890900
19550,1250,1800,"bu","14:16:23",22880700
19550,1250,400,"bu","14:16:23",22878900
19550,1250,100,"bu","14:16:22",22878500
19550,1250,2000,"bu","14:16:21",22878400
19550,1250,1700,"bu","14:16:20",22876400
19550,1250,300,"bu","14:16:20",22874700
19500,1200,1000,"sd","14:16:18",22874400
19500,1200,100,"sd","14:16:18",22873400
19550,1250,100,"bu","14:16:18",22873300
19550,1250,500,"bu","14:16:18",22873200
19550,1250,2000,"bu","14:16:18",22872700
19550,1250,7000,"bu","14:16:18",22870700
19550,1250,1000,"bu","14:16:18",22863700
19550,1250,500,"bu","14:16:18",22862700
19550,1250,5200,"bu","14:16:18",22862200
19550,1250,300,"bu","14:16:18",22857000
19550,1250,2000,"bu","14:16:18",22856700
19550,1250,5000,"bu","14:16:17",22854700
19550,1250,10000,"bu","14:16:17",22849700
19550,1250,100,"bu","14:16:17",22839700
19550,1250,2000,"bu","14:16:17",22839600
19550,1250,700,"bu","14:16:17",22837600
19550,1250,100,"bu","14:16:17",22836900
19550,1250,3000,"bu","14:16:17",22836800
19550,1250,400,"bu","14:16:17",22833800
19550,1250,100,"bu","14:16:17",22833400
19550,1250,1000,"bu","14:16:17",22833300
19550,1250,700,"bu","14:16:17",22832300
19550,1250,2000,"bu","14:16:14",22831600
19500,1200,3000,"sd","14:16:14",22829600
19550,1250,1000,"bu","14:16:14",22826600
19500,1200,1000,"sd","14:16:13",22825600
19550,1250,50000,"bu","14:16:12",22824600
19550,1250,1500,"bu","14:16:09",22774600
19550,1250,1000,"bu","14:16:08",22773100
19550,1250,2000,"bu","14:16:08",22772100
19550,1250,800,"bu","14:16:06",22770100
19550,1250,100,"bu","14:16:06",22769300
19550,1250,200,"bu","14:16:06",22769200
19550,1250,900,"bu","14:16:06",22769000
19550,1250,500,"bu","14:16:06",22768100
19500,1200,1000,"sd","14:16:05",22767600
19500,1200,4000,"sd","14:16:04",22766600
19550,1250,2500,"bu","14:16:04",22762600
19550,1250,200,"bu","14:16:04",22760100
19550,1250,300,"bu","14:16:04",22759900
19550,1250,200,"bu","14:16:04",22759600
19550,1250,1000,"bu","14:16:04",22759400
19550,1250,300,"bu","14:16:04",22758400
19500,1200,100,"sd","14:16:02",22758100
19550,1250,1700,"bu","14:16:02",22758000
19550,1250,200,"bu","14:16:02",22756300
19550,1250,2500,"bu","14:16:02",22756100
19550,1250,600,"bu","14:16:02",22753600
19500,1200,2000,"sd","14:16:02",22753000
19550,1250,200,"bu","14:16:02",22751000
19550,1250,4200,"bu","14:16:01",22750800
19550,1250,100,"bu","14:16:01",22746600
19550,1250,100,"bu","14:16:01",22746500
19550,1250,500,"bu","14:16:01",22746400
19550,1250,100,"bu","14:16:01",22745900
19550,1250,200,"bu","14:16:01",22745800
19550,1250,200,"bu","14:16:01",22745600
19550,1250,100,"bu","14:16:01",22745400
19550,1250,300,"bu","14:16:01",22745300
19550,1250,2000,"bu","14:16:01",22745000
19550,1250,1000,"bu","14:16:01",22743000
19550,1250,600,"bu","14:16:01",22742000
19550,1250,600,"bu","14:16:01",22741400
19550,1250,10000,"bu","14:16:01",22740800
19550,1250,2200,"bu","14:16:01",22730800
19550,1250,2000,"bu","14:16:01",22728600
19550,1250,900,"bu","14:16:01",22726600
19550,1250,9800,"bu","14:16:01",22725700
19550,1250,1000,"bu","14:16:01",22715900
19550,1250,100,"bu","14:16:01",22714900
19550,1250,2100,"bu","14:16:01",22714800
19550,1250,5200,"bu","14:16:01",22712700
19550,1250,2000,"bu","14:16:01",22707500
19550,1250,1000,"bu","14:16:01",22705500
19550,1250,2000,"bu","14:16:01",22704500
19550,1250,2000,"bu","14:16:01",22702500
19550,1250,2200,"bu","14:16:01",22700500
19550,1250,3000,"bu","14:16:01",22698300
19550,1250,2300,"bu","14:16:01",22695300
19550,1250,100,"bu","14:16:01",22693000
19550,1250,7000,"bu","14:16:01",22692900
19550,1250,3500,"bu","14:16:01",22685900
19550,1250,10000,"bu","14:16:01",22682400
19550,1250,400,"bu","14:16:01",22672400
19550,1250,4500,"bu","14:16:01",22672000
19550,1250,16200,"bu","14:16:01",22667500
19550,1250,15500,"bu","14:16:01",22651300
19550,1250,700,"bu","14:16:01",22635800
19550,1250,200,"bu","14:16:01",22635100
19550,1250,500,"bu","14:16:01",22634900
19550,1250,3000,"bu","14:16:01",22634400
19550,1250,13000,"bu","14:16:01",22631400
19550,1250,100,"bu","14:16:01",22618400
19550,1250,600,"bu","14:16:01",22618300
19550,1250,2000,"bu","14:16:01",22617700
19550,1250,200,"bu","14:16:01",22615700
19550,1250,8100,"bu","14:16:01",22615500
19550,1250,31200,"bu","14:16:01",22607400
19550,1250,3300,"bu","14:16:01",22576200
19550,1250,4500,"bu","14:16:01",22572900
19550,1250,500,"bu","14:16:01",22568400
19550,1250,8800,"bu","14:16:01",22567900
19550,1250,100,"bu","14:16:01",22559100
19550,1250,100,"bu","14:16:01",22559000
19550,1250,3800,"bu","14:16:01",22558900
19550,1250,400,"bu","14:16:01",22555100
19550,1250,10200,"bu","14:16:01",22554700
19550,1250,3200,"bu","14:16:01",22544500
19550,1250,1000,"bu","14:16:01",22541300
19550,1250,5100,"bu","14:16:01",22540300
19550,1250,3500,"bu","14:16:01",22535200
19550,1250,1200,"bu","14:16:01",22531700
19550,1250,500,"bu","14:16:01",22530500
19550,1250,4000,"bu","14:16:01",22530000
19550,1250,100,"bu","14:16:01",22526000
19550,1250,600,"bu","14:16:01",22525900
19550,1250,6500,"bu","14:16:01",22525300
19550,1250,5000,"bu","14:16:01",22518800
19550,1250,21600,"bu","14:16:01",22513800
19550,1250,8100,"bu","14:16:01",22492200
19550,1250,6000,"bu","14:16:01",22484100
19550,1250,100,"bu","14:16:01",22478100
19550,1250,500,"bu","14:16:01",22478000
19550,1250,1000,"bu","14:16:01",22477500
19550,1250,2500,"bu","14:16:01",22476500
19550,1250,100,"bu","14:16:01",22474000
19550,1250,10000,"bu","14:16:01",22473900
19550,1250,500,"bu","14:16:01",22463900
19550,1250,1800,"bu","14:16:01",22463400
19550,1250,500,"bu","14:16:01",22461600
19550,1250,3000,"bu","14:16:01",22461100
19550,1250,100,"bu","14:16:01",22458100
19550,1250,100,"bu","14:16:01",22458000
19550,1250,3900,"bu","14:16:01",22457900
19550,1250,30000,"bu","14:16:01",22454000
19550,1250,200,"bu","14:16:01",22424000
19550,1250,500,"bu","14:16:01",22423800
19550,1250,20000,"bu","14:16:01",22423300
19550,1250,3200,"bu","14:16:01",22403300
19550,1250,500,"bu","14:16:01",22400100
19550,1250,500,"bu","14:16:01",22399600
19550,1250,900,"bu","14:16:01",22399100
19550,1250,1000,"bu","14:16:01",22398200
19550,1250,600,"bu","14:16:01",22397200
19550,1250,500,"bu","14:16:01",22396600
19550,1250,100,"bu","14:16:01",22396100
19550,1250,100,"bu","14:16:01",22396000
19550,1250,2000,"bu","14:16:01",22395900
19550,1250,100,"bu","14:16:01",22393900
19550,1250,200,"bu","14:16:01",22393800
19550,1250,4000,"bu","14:16:01",22393600
19550,1250,1000,"bu","14:16:01",22389600
19550,1250,200,"bu","14:16:01",22388600
19550,1250,300,"bu","14:16:01",22388400
19550,1250,4600,"bu","14:16:01",22388100
19550,1250,500,"bu","14:16:01",22383500
19550,1250,11000,"bu","14:16:01",22383000
19550,1250,900,"bu","14:16:01",22372000
19550,1250,6100,"bu","14:16:01",22371100
19550,1250,300,"bu","14:16:01",22365000
19550,1250,800,"bu","14:16:01",22364700
19550,1250,100,"bu","14:16:01",22363900
19550,1250,1000,"bu","14:16:01",22363800
19550,1250,1600,"bu","14:16:01",22362800
19550,1250,100,"bu","14:16:01",22361200
19550,1250,200,"bu","14:16:01",22361100
19550,1250,200,"bu","14:16:01",22360900
19550,1250,1000,"bu","14:16:01",22360700
19550,1250,100,"bu","14:16:01",22359700
19550,1250,6000,"bu","14:16:01",22359600
19550,1250,500,"bu","14:16:01",22353600
19550,1250,300,"bu","14:16:01",22353100
19550,1250,2500,"bu","14:16:01",22352800
19550,1250,1000,"bu","14:16:01",22350300
19550,1250,200,"bu","14:16:01",22349300
19550,1250,200,"bu","14:16:01",22349100
19550,1250,500,"bu","14:16:01",22348900
19550,1250,1000,"bu","14:16:01",22348400
19550,1250,1400,"bu","14:16:01",22347400
19550,1250,100,"bu","14:16:01",22346000
19550,1250,600,"bu","14:16:01",22345900
19550,1250,2000,"bu","14:16:01",22345300
19550,1250,400,"bu","14:16:01",22343300
19550,1250,200,"bu","14:16:01",22342900
19550,1250,1800,"bu","14:16:01",22342700
19550,1250,100,"bu","14:16:01",22340900
19550,1250,300,"bu","14:16:01",22340800
19550,1250,100,"bu","14:16:01",22340500
19500,1200,1000,"sd","14:15:58",22340400
19500,1200,700,"sd","14:15:58",22339400
19500,1200,200,"sd","14:15:57",22338700
19550,1250,100,"bu","14:15:57",22338500
19550,1250,100,"bu","14:15:57",22338400
19550,1250,1000,"bu","14:15:57",22338300
19550,1250,13800,"bu","14:15:57",22337300
19550,1250,6000,"bu","14:15:57",22323500
19550,1250,9000,"bu","14:15:57",22317500
19500,1200,100,"sd","14:15:56",22308500
19500,1200,300,"sd","14:15:56",22308400
19500,1200,100,"sd","14:15:56",22308100
19500,1200,300,"sd","14:15:55",22308000
19550,1250,2000,"bu","14:15:55",22307700
19500,1200,400,"sd","14:15:55",22305700
19500,1200,1500,"sd","14:15:55",22305300
19500,1200,4900,"sd","14:15:54",22303800
19500,1200,1000,"sd","14:15:53",22298900
19500,1200,300,"sd","14:15:53",22297900
19500,1200,10000,"sd","14:15:53",22297600
19500,1200,1500,"sd","14:15:53",22287600
19500,1200,2000,"sd","14:15:53",22286100
19500,1200,3000,"sd","14:15:53",22284100
19500,1200,2000,"sd","14:15:53",22281100
19500,1200,5000,"sd","14:15:53",22279100
19500,1200,21700,"sd","14:15:53",22274100
19500,1200,2500,"sd","14:15:53",22252400
19500,1200,200,"sd","14:15:53",22249900
19550,1250,100,"bu","14:15:51",22249700
19550,1250,500,"bu","14:15:50",22249600
19550,1250,400,"bu","14:15:50",22249100
19550,1250,200,"bu","14:15:50",22248700
19550,1250,100,"bu","14:15:50",22248500
19550,1250,500,"bu","14:15:50",22248400
19550,1250,1000,"bu","14:15:50",22247900
19550,1250,2300,"bu","14:15:50",22246900
19550,1250,400,"bu","14:15:49",22244600
19550,1250,1000,"bu","14:15:48",22244200
19500,1200,5000,"sd","14:15:48",22243200
19550,1250,200,"bu","14:15:46",22238200
19550,1250,3000,"bu","14:15:46",22238000
19500,1200,200,"sd","14:15:45",22235000
19550,1250,2500,"bu","14:15:45",22234800
19500,1200,1800,"sd","14:15:44",22232300
19500,1200,200,"sd","14:15:44",22230500
19500,1200,100,"sd","14:15:43",22230300
19550,1250,600,"bu","14:15:43",22230200
19550,1250,1900,"bu","14:15:43",22229600
19500,1200,200,"sd","14:15:43",22227700
19550,1250,1000,"bu","14:15:42",22227500
19550,1250,3000,"bu","14:15:40",22226500
19550,1250,100,"bu","14:15:40",22223500
19550,1250,3000,"bu","14:15:38",22223400
19550,1250,1000,"bu","14:15:38",22220400
19550,1250,1000,"bu","14:15:38",22219400
19550,1250,500,"bu","14:15:37",22218400
19550,1250,100,"bu","14:15:37",22217900
19550,1250,100,"bu","14:15:37",22217800
19550,1250,1400,"bu","14:15:37",22217700
19550,1250,200,"bu","14:15:37",22216300
19550,1250,800,"bu","14:15:37",22216100
19550,1250,100,"bu","14:15:37",22215300
19550,1250,100,"bu","14:15:37",22215200
19550,1250,100,"bu","14:15:37",22215100
19550,1250,100,"bu","14:15:37",22215000
19550,1250,100,"bu","14:15:37",22214900
19550,1250,500,"bu","14:15:37",22214800
19550,1250,100,"bu","14:15:37",22214300
19550,1250,100,"bu","14:15:37",22214200
19550,1250,2000,"bu","14:15:37",22214100
19550,1250,500,"bu","14:15:37",22212100
19550,1250,1000,"bu","14:15:37",22211600
19550,1250,300,"bu","14:15:37",22210600
19550,1250,500,"bu","14:15:37",22210300
19550,1250,200,"bu","14:15:37",22209800
19550,1250,2600,"bu","14:15:37",22209600
19550,1250,2500,"bu","14:15:37",22207000
19550,1250,3000,"bu","14:15:37",22204500
19550,1250,2700,"bu","14:15:37",22201500
19550,1250,100,"bu","14:15:37",22198800
19550,1250,100,"bu","14:15:37",22198700
19550,1250,100,"bu","14:15:37",22198600
19550,1250,100,"bu","14:15:37",22198500
19500,1200,200,"sd","14:15:37",22198400
19500,1200,1000,"sd","14:15:36",22198200
19500,1200,200,"sd","14:15:36",22197200
19550,1250,300,"bu","14:15:36",22197000
19550,1250,500,"bu","14:15:36",22196700
19550,1250,200,"bu","14:15:36",22196200
19500,1200,700,"sd","14:15:35",22196000
19500,1200,5500,"sd","14:15:35",22195300
19500,1200,2000,"sd","14:15:35",22189800
19550,1250,300,"bu","14:15:33",22187800
19550,1250,100,"bu","14:15:33",22187500
19500,1200,200,"sd","14:15:33",22187400
19500,1200,2000,"sd","14:15:32",22187200
19550,1250,100,"bu","14:15:31",22185200
19550,1250,500,"bu","14:15:31",22185100
19550,1250,300,"bu","14:15:31",22184600
19500,1200,2500,"sd","14:15:31",22184300
19500,1200,100,"sd","14:15:30",22181800
19500,1200,6200,"sd","14:15:30",22181700
19500,1200,2900,"sd","14:15:30",22175500
19500,1200,2000,"sd","14:15:30",22172600
19500,1200,500,"sd","14:15:30",22170600
19500,1200,100,"sd","14:15:30",22170100
19500,1200,1000,"sd","14:15:30",22170000
19500,1200,12300,"sd","14:15:30",22169000
19500,1200,100,"sd","14:15:29",22156700
19550,1250,1000,"bu","14:15:29",22156600
19550,1250,200,"bu","14:15:29",22155600
19550,1250,1000,"bu","14:15:27",22155400
19500,1200,100,"sd","14:15:25",22154400
19500,1200,100,"sd","14:15:24",22154300
19550,1250,1000,"bu","14:15:24",22154200
19550,1250,2000,"bu","14:15:23",22153200
19500,1200,500,"sd","14:15:23",22151200
19550,1250,12400,"bu","14:15:23",22150700
19550,1250,1000,"bu","14:15:23",22138300
19550,1250,3000,"bu","14:15:20",22137300
19500,1200,4000,"sd","14:15:20",22134300
19550,1250,3600,"bu","14:15:20",22130300
19500,1200,200,"sd","14:15:19",22126700
19500,1200,2000,"sd","14:15:19",22126500
19550,1250,200,"bu","14:15:17",22124500
19550,1250,100,"bu","14:15:17",22124300
19550,1250,4000,"bu","14:15:16",22124200
19550,1250,1000,"bu","14:15:16",22120200
19500,1200,300,"sd","14:15:15",22119200
19550,1250,1000,"bu","14:15:13",22118900
19500,1200,10000,"sd","14:15:13",22117900
19500,1200,400,"sd","14:15:12",22107900
19500,1200,200,"sd","14:15:12",22107500
19500,1200,100,"sd","14:15:11",22107300
19500,1200,1000,"sd","14:15:11",22107200
19500,1200,3400,"sd","14:15:11",22106200
19500,1200,900,"sd","14:15:10",22102800
19550,1250,200,"bu","14:15:10",22101900
19500,1200,300,"sd","14:15:08",22101700
19550,1250,500,"bu","14:15:07",22101400
19550,1250,2000,"bu","14:15:05",22100900
19500,1200,500,"sd","14:15:04",22098900
19500,1200,300,"sd","14:15:01",22098400
19550,1250,100,"bu","14:15:00",22098100
19550,1250,2000,"bu","14:14:58",22098000
19550,1250,500,"bu","14:14:57",22096000
19500,1200,400,"sd","14:14:56",22095500
19500,1200,500,"sd","14:14:55",22095100
19550,1250,2900,"bu","14:14:55",22094600
19550,1250,200,"bu","14:14:55",22091700
19550,1250,100,"bu","14:14:55",22091500
19550,1250,500,"bu","14:14:55",22091400
19550,1250,200,"bu","14:14:55",22090900
19550,1250,100,"bu","14:14:55",22090700
19500,1200,400,"sd","14:14:54",22090600
19500,1200,100,"sd","14:14:53",22090200
19500,1200,100,"sd","14:14:50",22090100
19500,1200,100,"sd","14:14:50",22090000
19500,1200,100,"sd","14:14:50",22089900
19500,1200,1000,"sd","14:14:49",22089800
19500,1200,500,"sd","14:14:49",22088800
19500,1200,100,"sd","14:14:48",22088300
19500,1200,1900,"sd","14:14:47",22088200
19500,1200,400,"sd","14:14:45",22086300
19500,1200,300,"sd","14:14:44",22085900
19500,1200,4000,"sd","14:14:43",22085600
19550,1250,200,"bu","14:14:42",22081600
19550,1250,800,"bu","14:14:42",22081400
19500,1200,300,"sd","14:14:41",22080600
19500,1200,600,"sd","14:14:41",22080300
19550,1250,2000,"bu","14:14:40",22079700
19550,1250,200,"bu","14:14:39",22077700
19550,1250,200,"bu","14:14:39",22077500
19550,1250,100,"bu","14:14:39",22077300
19500,1200,200,"sd","14:14:39",22077200
19500,1200,2900,"sd","14:14:38",22077000
19500,1200,29400,"sd","14:14:37",22074100
19500,1200,400,"sd","14:14:35",22044700
19550,1250,100,"bu","14:14:34",22044300
19550,1250,1900,"bu","14:14:32",22044200
19550,1250,100,"bu","14:14:32",22042300
19500,1200,500,"sd","14:14:32",22042200
19500,1200,100,"sd","14:14:31",22041700
19500,1200,1200,"sd","14:14:30",22041600
19500,1200,700,"sd","14:14:29",22040400
19500,1200,500,"sd","14:14:28",22039700
19500,1200,7000,"sd","14:14:28",22039200
19500,1200,3000,"sd","14:14:27",22032200
19500,1200,2800,"sd","14:14:27",22029200
19500,1200,800,"sd","14:14:26",22026400
19500,1200,8600,"sd","14:14:25",22025600
19550,1250,200,"bu","14:14:25",22017000
19500,1200,100,"bu","14:14:24",22016800
19500,1200,100,"bu","14:14:24",22016700
19500,1200,400,"bu","14:14:24",22016600
19500,1200,5300,"bu","14:14:24",22016200
19500,1200,11000,"bu","14:14:24",22010900
19500,1200,3000,"bu","14:14:24",21999900
19500,1200,6200,"bu","14:14:24",21996900
19500,1200,2200,"bu","14:14:24",21990700
19500,1200,2000,"bu","14:14:24",21988500
19500,1200,200,"bu","14:14:24",21986500
19500,1200,1500,"bu","14:14:24",21986300
19500,1200,800,"bu","14:14:24",21984800
19500,1200,4000,"bu","14:14:24",21984000
19500,1200,100,"bu","14:14:24",21980000
19500,1200,5000,"bu","14:14:24",21979900
19500,1200,200,"bu","14:14:24",21974900
19500,1200,500,"bu","14:14:24",21974700
19500,1200,200,"bu","14:14:24",21974200
19500,1200,1100,"bu","14:14:24",21974000
19500,1200,500,"bu","14:14:24",21972900
19500,1200,200,"bu","14:14:24",21972400
19500,1200,300,"bu","14:14:24",21972200
19500,1200,100,"bu","14:14:24",21971900
19500,1200,100,"bu","14:14:24",21971800
19500,1200,300,"bu","14:14:24",21971700
19500,1200,100,"bu","14:14:24",21971400
19500,1200,100,"bu","14:14:24",21971300
19500,1200,100,"bu","14:14:24",21971200
19500,1200,200,"bu","14:14:24",21971100
19500,1200,800,"bu","14:14:24",21970900
19500,1200,600,"bu","14:14:24",21970100
19500,1200,900,"bu","14:14:24",21969500
19500,1200,300,"bu","14:14:24",21968600
19500,1200,200,"bu","14:14:24",21968300
19500,1200,1600,"bu","14:14:24",21968100
19450,1150,27000,"sd","14:14:24",21966500
19500,1200,5000,"bu","14:14:24",21939500
19500,1200,300,"bu","14:14:24",21934500
19500,1200,1000,"bu","14:14:24",21934200
19500,1200,100,"bu","14:14:24",21933200
19500,1200,500,"bu","14:14:24",21933100
19500,1200,1000,"bu","14:14:24",21932600
19500,1200,1000,"bu","14:14:24",21931600
19500,1200,100,"bu","14:14:24",21930600
19500,1200,600,"bu","14:14:24",21930500
19500,1200,400,"bu","14:14:23",21929900
19500,1200,1000,"bu","14:14:23",21929500
19500,1200,200,"bu","14:14:23",21928500
19500,1200,1000,"bu","14:14:22",21928300
19500,1200,300,"bu","14:14:22",21927300
19500,1200,2100,"bu","14:14:22",21927000
19500,1200,10600,"bu","14:14:22",21924900
19500,1200,1000,"bu","14:14:22",21914300
19500,1200,100,"bu","14:14:22",21913300
19500,1200,4000,"bu","14:14:22",21913200
19500,1200,600,"bu","14:14:22",21909200
19500,1200,10000,"bu","14:14:22",21908600
19500,1200,100,"bu","14:14:22",21898600
19500,1200,5000,"bu","14:14:22",21898500
19500,1200,2500,"bu","14:14:22",21893500
19500,1200,5800,"bu","14:14:22",21891000
19500,1200,200,"bu","14:14:22",21885200
19500,1200,1500,"bu","14:14:22",21885000
19500,1200,100,"bu","14:14:22",21883500
19500,1200,100,"bu","14:14:22",21883400
19500,1200,300,"bu","14:14:22",21883300
19500,1200,3000,"bu","14:14:22",21883000
19500,1200,4500,"bu","14:14:22",21880000
19500,1200,5000,"bu","14:14:22",21875500
19500,1200,600,"bu","14:14:22",21870500
19500,1200,1000,"bu","14:14:22",21869900
19500,1200,200,"bu","14:14:22",21868900
19500,1200,100,"bu","14:14:22",21868700
19500,1200,1000,"bu","14:14:22",21868600
19500,1200,4500,"bu","14:14:22",21867600
19500,1200,1000,"bu","14:14:22",21863100
19500,1200,500,"bu","14:14:22",21862100
19500,1200,300,"bu","14:14:22",21861600
19500,1200,500,"bu","14:14:22",21861300
19500,1200,4000,"bu","14:14:22",21860800
19500,1200,400,"bu","14:14:22",21856800
19500,1200,100,"bu","14:14:22",21856400
19500,1200,1100,"bu","14:14:22",21856300
19500,1200,1000,"bu","14:14:22",21855200
19500,1200,300,"bu","14:14:22",21854200
19500,1200,100,"bu","14:14:22",21853900
19500,1200,300,"bu","14:14:22",21853800
19500,1200,100,"bu","14:14:22",21853500
19500,1200,25100,"bu","14:14:22",21853400
19500,1200,10000,"bu","14:14:22",21828300
19450,1150,100,"sd","14:14:22",21818300
19450,1150,1000,"sd","14:14:21",21818200
19500,1200,100,"bu","14:14:21",21817200
19500,1200,3100,"bu","14:14:21",21817100
19500,1200,11700,"bu","14:14:21",21814000
19500,1200,300,"bu","14:14:21",21802300
19500,1200,1500,"bu","14:14:21",21802000
19500,1200,100,"bu","14:14:21",21800500
19500,1200,4500,"bu","14:14:21",21800400
19500,1200,1900,"bu","14:14:21",21795900
19500,1200,9000,"bu","14:14:20",21794000
19500,1200,9100,"bu","14:14:20",21785000
19500,1200,100,"bu","14:14:20",21775900
19500,1200,100,"bu","14:14:20",21775800
19500,1200,500,"bu","14:14:20",21775700
19500,1200,200,"bu","14:14:20",21775200
19500,1200,100,"bu","14:14:20",21775000
19500,1200,100,"bu","14:14:20",21774900
19500,1200,400,"bu","14:14:20",21774800
19500,1200,500,"bu","14:14:20",21774400
19500,1200,7000,"bu","14:14:20",21773900
19500,1200,500,"bu","14:14:20",21766900
19500,1200,100,"bu","14:14:20",21766400
19500,1200,1000,"bu","14:14:20",21766300
19500,1200,700,"bu","14:14:20",21765300
19500,1200,500,"bu","14:14:20",21764600
19500,1200,500,"bu","14:14:20",21764100
19500,1200,100,"bu","14:14:20",21763600
19500,1200,8700,"bu","14:14:20",21763500
19500,1200,400,"bu","14:14:19",21754800
19500,1200,1000,"bu","14:14:19",21754400
19500,1200,600,"bu","14:14:19",21753400
19500,1200,100,"bu","14:14:19",21752800
19500,1200,500,"bu","14:14:19",21752700
19450,1150,1000,"sd","14:14:19",21752200
19500,1200,4600,"bu","14:14:19",21751200
19500,1200,8000,"bu","14:14:18",21746600
19500,1200,1600,"bu","14:14:18",21738600
19500,1200,1500,"bu","14:14:18",21737000
19500,1200,2300,"bu","14:14:18",21735500
19500,1200,200,"bu","14:14:18",21733200
19500,1200,5100,"bu","14:14:18",21733000
19500,1200,500,"bu","14:14:18",21727900
19500,1200,200,"bu","14:14:18",21727400
19500,1200,2000,"bu","14:14:18",21727200
19500,1200,1000,"bu","14:14:18",21725200
19500,1200,200,"bu","14:14:18",21724200
19500,1200,100,"bu","14:14:18",21724000
19500,1200,25000,"bu","14:14:18",21723900
19500,1200,2500,"bu","14:14:18",21698900
19450,1150,20900,"sd","14:14:17",21696400
19500,1200,1500,"bu","14:14:17",21675500
19450,1150,100,"sd","14:14:17",21674000
19500,1200,10100,"bu","14:14:16",21673900
19500,1200,400,"bu","14:14:16",21663800
19500,1200,14000,"bu","14:14:16",21663400
19500,1200,700,"bu","14:14:16",21649400
19500,1200,100,"bu","14:14:16",21648700
19500,1200,1000,"bu","14:14:16",21648600
19500,1200,2400,"bu","14:14:16",21647600
19500,1200,7000,"bu","14:14:16",21645200
19500,1200,400,"bu","14:14:16",21638200
19500,1200,2800,"bu","14:14:16",21637800
19500,1200,100,"bu","14:14:16",21635000
19500,1200,200,"bu","14:14:16",21634900
19500,1200,700,"bu","14:14:16",21634700
19500,1200,3500,"bu","14:14:16",21634000
19500,1200,5700,"bu","14:14:16",21630500
19500,1200,300,"bu","14:14:16",21624800
19500,1200,1200,"bu","14:14:16",21624500
19500,1200,2000,"bu","14:14:16",21623300
19500,1200,5600,"bu","14:14:16",21621300
19500,1200,25000,"bu","14:14:16",21615700
19500,1200,2900,"bu","14:14:16",21590700
19500,1200,2200,"bu","14:14:16",21587800
19500,1200,100,"bu","14:14:16",21585600
19500,1200,300,"bu","14:14:16",21585500
19500,1200,300,"bu","14:14:16",21585200
19500,1200,2000,"bu","14:14:16",21584900
19500,1200,2600,"bu","14:14:16",21582900
19500,1200,100,"bu","14:14:16",21580300
19500,1200,25900,"bu","14:14:16",21580200
19500,1200,2000,"bu","14:14:16",21554300
19500,1200,6200,"bu","14:14:16",21552300
19500,1200,5200,"bu","14:14:16",21546100
19500,1200,600,"bu","14:14:16",21540900
19500,1200,100,"bu","14:14:16",21540300
19500,1200,5400,"bu","14:14:16",21540200
19500,1200,25000,"bu","14:14:16",21534800
19500,1200,1000,"bu","14:14:16",21509800
19500,1200,1100,"bu","14:14:16",21508800
19500,1200,5500,"bu","14:14:16",21507700
19500,1200,1400,"bu","14:14:16",21502200
19500,1200,400,"bu","14:14:16",21500800
19500,1200,200,"bu","14:14:16",21500400
19500,1200,600,"bu","14:14:16",21500200
19500,1200,6800,"bu","14:14:16",21499600
19500,1200,300,"bu","14:14:16",21492800
19500,1200,2200,"bu","14:14:16",21492500
19500,1200,500,"bu","14:14:16",21490300
19500,1200,1000,"bu","14:14:16",21489800
19500,1200,8500,"bu","14:14:16",21488800
19500,1200,10000,"bu","14:14:16",21480300
19500,1200,1000,"bu","14:14:16",21470300
19500,1200,500,"bu","14:14:16",21469300
19500,1200,100,"bu","14:14:16",21468800
19500,1200,800,"bu","14:14:16",21468700
19500,1200,300,"bu","14:14:16",21467900
19500,1200,5100,"bu","14:14:16",21467600
19500,1200,4000,"bu","14:14:16",21462500
19500,1200,500,"bu","14:14:16",21458500
19500,1200,100,"bu","14:14:16",21458000
19500,1200,300,"bu","14:14:16",21457900
19500,1200,200,"bu","14:14:16",21457600
19500,1200,500,"bu","14:14:16",21457400
19500,1200,5000,"bu","14:14:16",21456900
19500,1200,500,"bu","14:14:16",21451900
19500,1200,4000,"bu","14:14:16",21451400
19500,1200,500,"bu","14:14:16",21447400
19500,1200,1000,"bu","14:14:16",21446900
19500,1200,1000,"bu","14:14:16",21445900
19500,1200,2100,"bu","14:14:16",21444900
19500,1200,800,"bu","14:14:16",21442800
19500,1200,3400,"bu","14:14:16",21442000
19500,1200,4300,"bu","14:14:16",21438600
19500,1200,400,"bu","14:14:16",21434300
