"price","change","match_qtty","side","time","total_vol"
42.85,-0.65,2700,"sd","14:45:01",46700
42.4,-1.1,300,"sd","14:29:22",44000
42.4,-1.1,1000,"sd","14:29:22",43700
42.35,-1.15,100,"sd","14:29:22",42700
42.35,-1.15,100,"sd","14:29:22",42600
42.35,-1.15,100,"sd","14:29:22",42500
42.35,-1.15,300,"sd","14:29:22",42400
42.4,-1.1,100,"sd","14:29:22",42100
42.45,-1.05,200,"bu","14:26:44",42000
42.8,-0.7,100,"bu","14:24:26",41800
42.8,-0.7,100,"sd","14:23:06",41700
42.8,-0.7,300,"sd","14:23:06",41600
42.8,-0.7,1000,"sd","14:20:42",41300
42.8,-0.7,400,"sd","14:20:04",40300
42.8,-0.7,100,"sd","14:19:54",39900
42.8,-0.7,100,"sd","14:19:45",39800
42.8,-0.7,200,"sd","14:19:10",39700
42.9,-0.6,100,"bu","14:18:46",39500
43,-0.5,200,"bu","14:17:28",39400
43,-0.5,100,"bu","14:16:04",39200
42.8,-0.7,100,"sd","14:12:04",39100
42.8,-0.7,200,"sd","14:06:44",39000
42.8,-0.7,300,"sd","14:05:52",38800
42.8,-0.7,100,"sd","14:04:50",38500
42.8,-0.7,300,"sd","14:04:06",38400
43,-0.5,400,"bu","14:02:16",38100
43,-0.5,200,"sd","14:01:50",37700
43,-0.5,1000,"sd","14:01:50",37500
43,-0.5,100,"sd","14:01:50",36500
43,-0.5,300,"sd","14:01:50",36400
43,-0.5,600,"bu","14:01:50",36100
42.95,-0.55,100,"bu","14:01:50",35500
42.8,-0.7,800,"sd","14:01:28",35400
42.8,-0.7,100,"sd","13:59:13",34600
43,-0.5,1900,"bu","13:49:47",34500
42.95,-0.55,100,"bu","13:49:47",32600
43,-0.5,100,"bu","13:44:12",32500
42.95,-0.55,100,"bu","13:43:59",32400
42.95,-0.55,100,"bu","13:42:42",32300
42.45,-1.05,100,"sd","13:40:11",32200
42.45,-1.05,200,"sd","13:37:11",32100
42.45,-1.05,500,"sd","13:29:40",31900
42.45,-1.05,100,"sd","13:29:40",31400
42.5,-1,100,"sd","13:23:55",31300
42.5,-1,100,"sd","13:23:50",31200
42.5,-1,100,"sd","13:23:50",31100
42.35,-1.15,700,"sd","13:04:29",31000
42.2,-1.3,600,"bu","13:02:38",30300
42.5,-1,100,"sd","13:02:30",29700
43,-0.5,300,"sd","13:02:30",29600
43,-0.5,100,"sd","13:01:28",29300
43.2,-0.3,600,"bu","13:00:15",29200
43.25,-0.25,400,"bu","13:00:09",28600
43.2,-0.3,100,"unknown","13:00:04",28200
42.5,-1,100,"sd","13:00:03",28100
42.5,-1,100,"sd","13:00:02",28000
42.6,-0.9,100,"sd","13:00:02",27900
42.8,-0.7,200,"sd","13:00:02",27800
43.2,-0.3,500,"sd","11:29:05",27600
43.2,-0.3,400,"bu","11:26:00",27100
43.2,-0.3,500,"bu","11:23:17",26700
43.2,-0.3,100,"bu","11:11:45",26200
43.15,-0.35,100,"bu","11:10:21",26100
42.95,-0.55,300,"bu","11:06:11",26000
42.95,-0.55,100,"bu","11:04:33",25700
42.2,-1.3,5000,"bu","11:02:38",25600
42.2,-1.3,500,"bu","11:01:22",20600
42.2,-1.3,500,"bu","11:00:43",20100
42.2,-1.3,1000,"bu","11:00:26",19600
42.2,-1.3,500,"bu","11:00:26",18600
42.2,-1.3,500,"bu","10:59:23",18100
42.5,-1,200,"sd","10:58:31",17600
42.6,-0.9,100,"sd","10:58:31",17400
42.7,-0.8,100,"sd","10:58:31",17300
42.5,-1,600,"sd","10:58:31",17200
42.75,-0.75,100,"sd","10:58:31",16500
42.95,-0.55,100,"sd","10:58:31",16600
42.95,-0.55,300,"sd","10:58:31",16400
42.9,-0.6,100,"sd","10:58:31",16100
43.1,-0.4,100,"sd","10:58:31",16000
42.9,-0.6,100,"sd","10:58:31",15900
43.1,-0.4,200,"sd","10:58:31",15800
43.1,-0.4,400,"bu","10:54:34",15600
43,-0.5,100,"sd","10:48:07",15200
43,-0.5,100,"sd","10:47:57",15100
43.1,-0.4,100,"bu","10:44:40",15000
43,-0.5,100,"sd","10:42:59",14900
43,-0.5,100,"sd","10:42:49",14800
43,-0.5,600,"sd","10:38:38",14700
43,-0.5,4400,"sd","10:34:45",14100
43,-0.5,100,"sd","10:34:45",9700
43,-0.5,500,"sd","10:34:45",9600
43,-0.5,500,"sd","10:34:15",9100
43,-0.5,1000,"sd","10:34:15",8600
43.1,-0.4,500,"sd","10:34:15",7600
43.1,-0.4,100,"sd","10:32:21",7100
43.1,-0.4,100,"sd","10:28:50",7000
43.1,-0.4,300,"sd","10:28:31",6900
43.1,-0.4,1200,"bu","10:23:32",6600
43.1,-0.4,800,"bu","10:22:12",5400
43.1,-0.4,100,"bu","10:17:12",4600
43.1,-0.4,500,"sd","10:15:17",4500
43.1,-0.4,100,"sd","10:10:47",4000
43.1,-0.4,100,"sd","10:10:40",3900
43.1,-0.4,800,"sd","10:10:33",3800
43.1,-0.4,100,"sd","10:09:04",3000
43.4,-0.1,200,"bu","10:04:30",2900
43.4,-0.1,100,"bu","10:04:30",2700
43.1,-0.4,500,"sd","10:00:15",2600
43.1,-0.4,200,"sd","09:59:10",2100
43.1,-0.4,100,"bu","09:57:13",1900
43.1,-0.4,200,"bu","09:57:13",1800
43,-0.5,100,"sd","09:56:54",1600
43,-0.5,100,"sd","09:55:27",1500
43,-0.5,100,"sd","09:55:20",1400
43,-0.5,100,"sd","09:55:13",1300
43,-0.5,200,"sd","09:54:56",1200
43,-0.5,300,"sd","09:39:18",1000
43,-0.5,100,"sd","09:34:34",700
43,-0.5,100,"sd","09:34:34",600
43,-0.5,100,"sd","09:33:32",500
43,-0.5,200,"sd","09:33:07",400
43.15,-0.35,100,"sd","09:32:46",200
43.5,0,100,"bu","09:30:46",100
"price","change","match_qtty","side","time","total_vol"
"price","change","match_qtty","side","time","total_vol"
"price","change","match_qtty","side","time","total_vol"
"price","change","match_qtty","side","time","total_vol"
