"price","change","match_qtty","side","time","total_vol"
30550,-650,353900,"unknown","14:45:00",4930500
30650,-550,100,"bu","14:29:49",4576600
30650,-550,200,"bu","14:29:49",4576500
30650,-550,1000,"bu","14:29:47",4576300
30650,-550,2000,"bu","14:29:47",4575300
30650,-550,200,"bu","14:29:45",4573300
30650,-550,500,"bu","14:29:40",4573100
30650,-550,500,"bu","14:29:40",4572600
30650,-550,5200,"sd","14:29:37",4572100
30650,-550,100,"sd","14:29:37",4566900
30650,-550,7800,"sd","14:29:37",4566800
30650,-550,500,"sd","14:29:20",4559000
30650,-550,2000,"sd","14:29:12",4558500
30650,-550,1000,"sd","14:29:10",4556500
30650,-550,2000,"sd","14:29:05",4555500
30700,-500,500,"bu","14:29:02",4553500
30650,-550,5200,"sd","14:28:56",4553000
30650,-550,7500,"bu","14:28:52",4547800
30650,-550,2000,"bu","14:28:52",4540300
30650,-550,200,"bu","14:28:51",4538300
30650,-550,100,"bu","14:28:41",4538100
30650,-550,700,"sd","14:28:40",4538000
30650,-550,200,"sd","14:28:38",4537300
30650,-550,100,"sd","14:28:38",4537100
30650,-550,400,"sd","14:28:38",4537000
30650,-550,500,"sd","14:28:38",4536600
30650,-550,300,"sd","14:28:38",4536100
30650,-550,1300,"sd","14:28:38",4535800
30650,-550,100,"sd","14:28:38",4534500
30650,-550,200,"sd","14:28:38",4534400
30650,-550,300,"sd","14:28:31",4534200
30650,-550,100,"sd","14:28:29",4533900
30650,-550,3000,"sd","14:28:13",4533800
30650,-550,2200,"sd","14:27:59",4530800
30650,-550,2900,"sd","14:27:53",4528600
30650,-550,200,"sd","14:27:53",4525700
30600,-600,10000,"sd","14:27:53",4525500
30650,-550,1100,"bu","14:27:52",4515500
30650,-550,4900,"bu","14:27:52",4514400
30650,-550,100,"bu","14:27:51",4509500
30650,-550,500,"bu","14:27:48",4509400
30650,-550,4500,"sd","14:27:39",4508900
30650,-550,1000,"bu","14:27:28",4504400
30650,-550,100,"bu","14:27:28",4503400
30650,-550,1000,"bu","14:27:28",4503300
30650,-550,200,"bu","14:27:28",4502300
30650,-550,900,"bu","14:27:28",4502100
30650,-550,2300,"bu","14:27:28",4501200
30650,-550,3000,"bu","14:27:19",4498900
30600,-600,1300,"sd","14:27:18",4495900
30600,-600,100,"sd","14:27:14",4494600
30600,-600,500,"sd","14:27:12",4494500
30600,-600,2000,"sd","14:27:07",4494000
30600,-600,200,"bu","14:27:04",4492000
30600,-600,800,"bu","14:27:03",4491800
30600,-600,100,"bu","14:27:03",4491000
30600,-600,100,"bu","14:27:03",4490900
30600,-600,100,"bu","14:26:43",4490800
30600,-600,400,"bu","14:26:29",4490700
30600,-600,200,"bu","14:26:24",4490300
30600,-600,500,"sd","14:26:22",4490100
30600,-600,100,"sd","14:26:22",4489600
30600,-600,1000,"sd","14:26:22",4489500
30600,-600,1000,"sd","14:26:22",4488500
30600,-600,6600,"sd","14:26:22",4487500
30600,-600,600,"sd","14:26:01",4480900
30600,-600,300,"sd","14:25:59",4480300
30600,-600,100,"sd","14:25:58",4480000
30600,-600,100,"sd","14:25:53",4479900
30600,-600,4000,"bu","14:25:52",4479800
30600,-600,2000,"bu","14:25:52",4475800
30600,-600,1000,"bu","14:25:52",4473800
30600,-600,500,"bu","14:25:52",4472800
30600,-600,4800,"bu","14:25:52",4472300
30550,-650,5200,"sd","14:25:50",4467500
30550,-650,1800,"sd","14:25:50",4462300
30550,-650,200,"sd","14:25:45",4460500
30550,-650,800,"sd","14:25:45",4460300
30550,-650,200,"sd","14:25:36",4459500
30550,-650,1000,"sd","14:25:36",4459300
30550,-650,1000,"sd","14:25:36",4458300
30550,-650,300,"sd","14:25:36",4457300
30550,-650,200,"sd","14:25:36",4457000
30550,-650,2000,"sd","14:25:36",4456800
30550,-650,100,"sd","14:25:36",4454800
30550,-650,100,"sd","14:25:36",4454700
30550,-650,100,"sd","14:25:36",4454600
30550,-650,100,"sd","14:25:33",4454500
30550,-650,100,"sd","14:25:33",4454400
30550,-650,200,"sd","14:25:33",4454300
30550,-650,1200,"sd","14:25:33",4454100
30600,-600,200,"bu","14:25:27",4452900
30600,-600,400,"bu","14:25:24",4452700
30600,-600,2000,"bu","14:25:17",4452300
30600,-600,2600,"bu","14:25:17",4450300
30600,-600,1000,"bu","14:25:17",4447700
30600,-600,200,"bu","14:25:17",4446700
30600,-600,2200,"bu","14:25:17",4446500
30600,-600,1000,"bu","14:25:14",4444300
30600,-600,1000,"bu","14:25:06",4443300
30550,-650,300,"sd","14:25:04",4442300
30550,-650,1700,"sd","14:25:04",4442000
30600,-600,500,"bu","14:25:03",4440300
30600,-600,500,"bu","14:24:58",4439800
30600,-600,200,"bu","14:24:53",4439300
30600,-600,5000,"sd","14:24:46",4439100
30600,-600,300,"sd","14:24:46",4434100
30600,-600,100,"sd","14:24:39",4433800
30600,-600,1000,"bu","14:24:37",4433700
30600,-600,9000,"bu","14:24:37",4432700
30600,-600,1600,"bu","14:24:37",4423700
30600,-600,1000,"sd","14:24:13",4422100
30600,-600,200,"sd","14:24:13",4421100
30600,-600,1000,"sd","14:24:13",4420900
30600,-600,500,"sd","14:24:13",4419900
30600,-600,500,"sd","14:24:13",4419400
30600,-600,3000,"sd","14:24:13",4418900
30600,-600,200,"sd","14:24:13",4415900
30600,-600,300,"sd","14:24:13",4415700
30600,-600,1300,"sd","14:24:13",4415400
30600,-600,400,"sd","14:24:13",4414100
30600,-600,500,"sd","14:24:02",4413700
30600,-600,4000,"sd","14:23:56",4413200
30650,-550,100,"bu","14:23:53",4409200
30650,-550,20000,"bu","14:23:41",4409100
30600,-600,9200,"sd","14:23:38",4389100
30600,-600,300,"sd","14:23:38",4379900
30600,-600,500,"sd","14:23:38",4379600
30600,-600,500,"sd","14:23:38",4379100
30600,-600,600,"sd","14:23:28",4378600
30600,-600,100,"sd","14:23:09",4378000
30600,-600,4800,"bu","14:22:51",4377900
30600,-600,500,"bu","14:22:50",4373100
30550,-650,200,"sd","14:22:43",4372600
30600,-600,1000,"sd","14:22:41",4372400
30600,-600,200,"sd","14:22:41",4371400
30600,-600,100,"sd","14:22:41",4371200
30600,-600,400,"sd","14:22:41",4371100
30600,-600,1600,"sd","14:22:39",4370700
30600,-600,1000,"sd","14:22:39",4369100
30600,-600,100,"sd","14:22:39",4368100
30600,-600,1000,"sd","14:22:39",4368000
30600,-600,3300,"sd","14:22:39",4367000
30600,-600,600,"sd","14:22:34",4363700
30650,-550,400,"bu","14:22:27",4363100
30650,-550,100,"bu","14:22:19",4362700
30650,-550,100,"bu","14:22:14",4362600
30650,-550,100,"bu","14:22:12",4362500
30650,-550,800,"bu","14:22:05",4362400
30600,-600,300,"bu","14:22:02",4361600
30600,-600,800,"bu","14:22:02",4361300
30600,-600,200,"bu","14:21:58",4360500
30600,-600,100,"bu","14:21:57",4360300
30600,-600,400,"bu","14:21:57",4360200
30600,-600,100,"bu","14:21:57",4359800
30600,-600,900,"bu","14:21:56",4359700
30600,-600,100,"bu","14:21:56",4358800
30600,-600,1600,"bu","14:21:55",4358700
30600,-600,1000,"bu","14:21:55",4357100
30600,-600,7400,"bu","14:21:55",4356100
30600,-600,100,"bu","14:21:52",4348700
30600,-600,500,"bu","14:21:44",4348600
30600,-600,1000,"bu","14:21:42",4348100
30550,-650,1100,"sd","14:21:40",4347100
30550,-650,1000,"sd","14:21:40",4346000
30550,-650,900,"sd","14:21:40",4345000
30600,-600,700,"bu","14:21:39",4344100
30600,-600,12000,"bu","14:21:35",4343400
30600,-600,1000,"bu","14:21:32",4331400
30600,-600,1000,"bu","14:21:22",4330400
30550,-650,1100,"sd","14:21:21",4329400
30550,-650,900,"sd","14:21:21",4328300
30600,-600,300,"bu","14:21:18",4327400
30600,-600,1300,"bu","14:21:11",4327100
30600,-600,100,"bu","14:21:11",4325800
30600,-600,500,"bu","14:21:11",4325700
30600,-600,2100,"bu","14:21:11",4325200
30550,-650,1500,"sd","14:21:10",4323100
30600,-600,7900,"bu","14:21:10",4321600
30600,-600,2100,"bu","14:21:10",4313700
30550,-650,500,"sd","14:20:47",4311600
30600,-600,300,"bu","14:20:34",4311100
30600,-600,3000,"bu","14:20:33",4310800
30600,-600,500,"bu","14:20:28",4307800
30600,-600,1000,"bu","14:20:26",4307300
30600,-600,100,"bu","14:20:21",4306300
30600,-600,700,"bu","14:20:20",4306200
30600,-600,500,"bu","14:20:20",4305500
30550,-650,100,"sd","14:20:15",4305000
30550,-650,2000,"sd","14:20:04",4304900
30550,-650,100,"sd","14:20:02",4302900
30550,-650,400,"sd","14:20:02",4302800
30550,-650,100,"bu","14:19:57",4302400
30550,-650,200,"bu","14:19:55",4302300
30550,-650,100,"bu","14:19:54",4302100
30550,-650,500,"bu","14:19:54",4302000
30550,-650,500,"bu","14:19:54",4301500
30550,-650,200,"bu","14:19:54",4301000
30550,-650,100,"sd","14:19:52",4300800
30550,-650,300,"sd","14:19:52",4300700
30550,-650,700,"sd","14:19:50",4300400
30550,-650,200,"sd","14:19:50",4299700
30550,-650,200,"sd","14:19:48",4299500
30550,-650,200,"sd","14:19:48",4299300
30550,-650,200,"sd","14:19:48",4299100
30550,-650,500,"sd","14:19:48",4298900
30550,-650,100,"sd","14:19:48",4298400
30550,-650,500,"sd","14:19:48",4298300
30550,-650,2000,"sd","14:19:48",4297800
30550,-650,100,"sd","14:19:48",4295800
30550,-650,500,"sd","14:19:48",4295700
30550,-650,300,"sd","14:19:48",4295200
30550,-650,3000,"sd","14:19:48",4294900
30550,-650,100,"sd","14:19:48",4291900
30550,-650,500,"sd","14:19:48",4291800
30550,-650,5500,"sd","14:19:48",4291300
30550,-650,1000,"sd","14:19:48",4285800
30550,-650,200,"sd","14:19:48",4284800
30550,-650,200,"sd","14:19:48",4284600
30550,-650,100,"sd","14:19:48",4284400
30550,-650,4800,"sd","14:19:48",4284300
30650,-550,100,"bu","14:19:42",4279500
30600,-600,100,"bu","14:19:42",4279400
30550,-650,200,"sd","14:19:34",4279300
30550,-650,100,"sd","14:19:34",4279100
30550,-650,200,"sd","14:19:34",4279000
30550,-650,2000,"sd","14:19:34",4278800
30550,-650,100,"sd","14:19:34",4276800
30550,-650,400,"sd","14:19:34",4276700
30550,-650,100,"sd","14:19:21",4276300
30550,-650,100,"sd","14:19:21",4276200
30550,-650,100,"sd","14:19:21",4276100
30550,-650,100,"sd","14:19:21",4276000
30550,-650,100,"sd","14:19:21",4275900
30550,-650,500,"sd","14:19:21",4275800
30550,-650,1000,"sd","14:19:21",4275300
30550,-650,100,"sd","14:19:21",4274300
30550,-650,300,"sd","14:19:21",4274200
30550,-650,200,"sd","14:19:21",4273900
30550,-650,500,"sd","14:19:21",4273700
30550,-650,100,"sd","14:19:21",4273200
30600,-600,300,"sd","14:19:21",4273100
30600,-600,1500,"sd","14:19:21",4272800
30600,-600,300,"sd","14:19:12",4271300
30600,-600,700,"sd","14:19:12",4271000
30600,-600,100,"sd","14:19:12",4270300
30600,-600,2000,"sd","14:19:12",4270200
30600,-600,500,"sd","14:19:12",4268200
30600,-600,100,"sd","14:19:12",4267700
30600,-600,200,"sd","14:19:12",4267600
30600,-600,200,"sd","14:19:12",4267400
30600,-600,300,"sd","14:19:12",4267200
30600,-600,200,"sd","14:19:12",4266900
30600,-600,500,"sd","14:19:12",4266700
30600,-600,100,"sd","14:19:12",4266200
30600,-600,300,"sd","14:19:12",4266100
30600,-600,500,"sd","14:19:12",4265800
30600,-600,500,"sd","14:19:12",4265300
30600,-600,100,"sd","14:19:12",4264800
30600,-600,200,"sd","14:19:12",4264700
30600,-600,3200,"sd","14:19:12",4264500
30650,-550,5000,"bu","14:19:12",4261300
30600,-600,1000,"sd","14:19:12",4256300
30600,-600,800,"sd","14:19:10",4255300
30600,-600,200,"sd","14:19:10",4254500
30600,-600,1000,"sd","14:19:10",4254300
30600,-600,800,"sd","14:19:08",4253300
30600,-600,100,"sd","14:19:08",4252500
30600,-600,1000,"sd","14:19:08",4252400
30600,-600,500,"sd","14:19:08",4251400
30600,-600,200,"sd","14:19:08",4250900
30600,-600,100,"sd","14:19:08",4250700
30600,-600,200,"sd","14:19:08",4250600
30600,-600,200,"sd","14:19:08",4250400
30600,-600,100,"sd","14:19:08",4250200
30600,-600,500,"sd","14:19:08",4250100
30600,-600,900,"sd","14:19:08",4249600
30600,-600,1100,"sd","14:19:07",4248700
30600,-600,1000,"sd","14:19:07",4247600
30600,-600,100,"sd","14:19:07",4246600
30600,-600,1000,"sd","14:19:07",4246500
30600,-600,100,"sd","14:19:07",4245500
30600,-600,500,"sd","14:19:07",4245400
30600,-600,100,"sd","14:19:07",4244900
30600,-600,1000,"sd","14:19:07",4244800
30600,-600,300,"sd","14:19:07",4243800
30600,-600,500,"sd","14:19:07",4243500
30600,-600,100,"sd","14:19:07",4243000
30600,-600,1700,"sd","14:19:07",4242900
30600,-600,300,"sd","14:19:04",4241200
30600,-600,700,"sd","14:19:04",4240900
30600,-600,200,"sd","14:19:04",4240200
30600,-600,100,"sd","14:19:04",4240000
30600,-600,100,"sd","14:19:04",4239900
30600,-600,100,"sd","14:19:04",4239800
30600,-600,100,"sd","14:19:04",4239700
30600,-600,200,"sd","14:19:04",4239600
30600,-600,1000,"sd","14:19:01",4239400
30600,-600,5000,"sd","14:19:01",4238400
30600,-600,100,"sd","14:19:01",4233400
30600,-600,500,"sd","14:19:01",4233300
30600,-600,3000,"sd","14:19:01",4232800
30600,-600,100,"sd","14:19:01",4229800
30600,-600,100,"sd","14:19:01",4229700
30600,-600,100,"sd","14:19:01",4229600
30600,-600,100,"sd","14:19:01",4229500
30600,-600,900,"sd","14:19:01",4229400
30600,-600,300,"sd","14:19:01",4228500
30600,-600,1000,"sd","14:19:01",4228200
30600,-600,300,"sd","14:19:01",4227200
30600,-600,500,"sd","14:19:01",4226900
30600,-600,500,"sd","14:19:01",4226400
30600,-600,1000,"sd","14:19:01",4225900
30600,-600,500,"sd","14:19:01",4224900
30600,-600,300,"sd","14:19:00",4224400
30600,-600,2500,"sd","14:19:00",4224100
30600,-600,1400,"sd","14:18:59",4221600
30600,-600,100,"sd","14:18:58",4220200
30600,-600,5000,"sd","14:18:57",4220100
30600,-600,1000,"sd","14:18:57",4215100
30600,-600,2000,"sd","14:18:57",4214100
30600,-600,300,"sd","14:18:51",4212100
30600,-600,300,"sd","14:18:51",4211800
30600,-600,1000,"sd","14:18:51",4211500
30600,-600,3000,"sd","14:18:51",4210500
30600,-600,500,"sd","14:18:51",4207500
30600,-600,5000,"sd","14:18:51",4207000
30600,-600,100,"sd","14:18:51",4202000
30600,-600,300,"sd","14:18:51",4201900
30600,-600,5500,"sd","14:18:51",4201600
30600,-600,30000,"sd","14:18:51",4196100
30600,-600,3000,"sd","14:18:51",4166100
30600,-600,2000,"sd","14:18:51",4163100
30600,-600,5000,"sd","14:18:51",4161100
30600,-600,100,"sd","14:18:51",4156100
30600,-600,500,"sd","14:18:51",4156000
30600,-600,200,"sd","14:18:51",4155500
30600,-600,100,"sd","14:18:51",4155300
30600,-600,300,"sd","14:18:51",4155200
30600,-600,100,"sd","14:18:51",4154900
30600,-600,100,"sd","14:18:51",4154800
30600,-600,600,"sd","14:18:51",4154700
30600,-600,1000,"sd","14:18:51",4154100
30600,-600,1000,"sd","14:18:51",4153100
30600,-600,400,"sd","14:18:45",4152100
30600,-600,500,"sd","14:18:45",4151700
30600,-600,1900,"sd","14:18:45",4151200
30600,-600,100,"sd","14:18:41",4149300
30600,-600,100,"sd","14:18:41",4149200
30600,-600,100,"sd","14:18:41",4149100
30600,-600,1000,"sd","14:18:41",4149000
30600,-600,1000,"sd","14:18:41",4148000
30600,-600,7700,"sd","14:18:41",4147000
30600,-600,21800,"sd","14:18:38",4139300
30650,-550,100,"bu","14:18:37",4117500
30600,-600,10000,"sd","14:18:33",4117400
30600,-600,3000,"sd","14:18:32",4107400
30600,-600,2000,"sd","14:18:27",4104400
30600,-600,800,"sd","14:18:00",4102400
30600,-600,4700,"sd","14:17:57",4101600
30600,-600,500,"sd","14:17:57",4096900
30600,-600,3000,"sd","14:17:57",4096400
30600,-600,500,"sd","14:17:57",4093400
30600,-600,100,"sd","14:17:57",4092900
30600,-600,1200,"sd","14:17:57",4092800
30600,-600,1000,"sd","14:17:56",4091600
30650,-550,200,"bu","14:17:53",4090600
30650,-550,200,"bu","14:17:52",4090400
30650,-550,100,"bu","14:17:52",4090200
30650,-550,800,"bu","14:17:45",4090100
30650,-550,1900,"bu","14:17:42",4089300
30650,-550,1000,"bu","14:17:37",4087400
30600,-600,100,"sd","14:17:36",4086400
30650,-550,500,"bu","14:17:31",4086300
30650,-550,1000,"bu","14:17:30",4085800
30650,-550,2000,"bu","14:17:27",4084800
30650,-550,400,"bu","14:17:25",4082800
30650,-550,800,"bu","14:17:18",4082400
30600,-600,700,"sd","14:17:17",4081600
30600,-600,2000,"sd","14:17:17",4080900
30600,-600,200,"sd","14:17:17",4078900
30600,-600,500,"sd","14:17:17",4078700
30600,-600,1000,"sd","14:17:17",4078200
30600,-600,1000,"sd","14:17:17",4077200
30600,-600,200,"sd","14:17:17",4076200
30600,-600,200,"sd","14:17:17",4076000
30600,-600,900,"sd","14:17:17",4075800
30600,-600,300,"sd","14:17:17",4074900
30650,-550,200,"bu","14:17:10",4074600
30650,-550,1000,"bu","14:17:04",4074400
30650,-550,100,"bu","14:16:58",4073400
30650,-550,200,"bu","14:16:57",4073300
30650,-550,4800,"bu","14:16:55",4073100
30650,-550,500,"bu","14:16:45",4068300
30650,-550,100,"bu","14:16:36",4067800
30650,-550,100,"bu","14:16:35",4067700
30650,-550,2000,"sd","14:16:12",4067600
30650,-550,5500,"sd","14:16:12",4065600
30650,-550,600,"sd","14:16:12",4060100
30650,-550,100,"sd","14:16:12",4059500
30650,-550,500,"sd","14:16:12",4059400
30650,-550,2000,"sd","14:16:12",4058900
30650,-550,1000,"sd","14:16:12",4056900
30650,-550,200,"sd","14:16:12",4055900
30650,-550,4000,"sd","14:16:12",4055700
30650,-550,500,"sd","14:16:12",4051700
30650,-550,200,"sd","14:16:12",4051200
30650,-550,500,"sd","14:16:12",4051000
30650,-550,2000,"sd","14:16:12",4050500
30650,-550,100,"sd","14:16:12",4048500
30650,-550,1000,"sd","14:16:12",4048400
30650,-550,300,"sd","14:16:12",4047400
30650,-550,1500,"sd","14:16:12",4047100
30650,-550,3000,"sd","14:16:08",4045600
30650,-550,5000,"sd","14:16:08",4042600
30650,-550,100,"sd","14:16:08",4037600
30650,-550,100,"sd","14:16:08",4037500
30650,-550,500,"sd","14:16:08",4037400
30650,-550,100,"sd","14:16:08",4036900
30650,-550,100,"sd","14:16:08",4036800
30650,-550,500,"sd","14:16:08",4036700
30650,-550,100,"sd","14:16:08",4036200
30650,-550,200,"sd","14:16:08",4036100
30650,-550,100,"sd","14:16:08",4035900
30650,-550,500,"sd","14:16:08",4035800
30650,-550,200,"sd","14:16:08",4035300
30650,-550,1000,"sd","14:16:08",4035100
30650,-550,1800,"sd","14:16:08",4034100
30650,-550,800,"sd","14:16:08",4032300
30650,-550,10000,"sd","14:16:08",4031500
30650,-550,1000,"sd","14:16:08",4021500
30650,-550,100,"sd","14:16:08",4020500
30650,-550,200,"sd","14:16:08",4020400
30650,-550,100,"sd","14:16:08",4020200
30650,-550,1000,"sd","14:16:08",4020100
30650,-550,400,"sd","14:16:08",4019100
30650,-550,500,"sd","14:16:08",4018700
30650,-550,500,"sd","14:16:02",4018200
30650,-550,28200,"sd","14:16:02",4017700
30650,-550,1800,"sd","14:16:01",3989500
30650,-550,100,"sd","14:16:01",3987700
30650,-550,200,"sd","14:16:01",3987600
30650,-550,200,"sd","14:16:01",3987400
30650,-550,400,"sd","14:16:01",3987200
30650,-550,100,"sd","14:16:01",3986800
30650,-550,1000,"sd","14:16:01",3986700
30650,-550,800,"sd","14:16:01",3985700
30650,-550,400,"sd","14:16:01",3984900
30650,-550,100,"sd","14:15:58",3984500
30650,-550,400,"sd","14:15:58",3984400
30650,-550,600,"sd","14:15:46",3984000
30650,-550,2700,"sd","14:15:46",3983400
30700,-500,100,"bu","14:15:15",3980700
30700,-500,100,"bu","14:15:11",3980600
30650,-550,300,"sd","14:15:06",3980500
30650,-550,5000,"sd","14:15:06",3980200
30650,-550,100,"sd","14:15:06",3975200
30650,-550,1000,"sd","14:15:06",3975100
30650,-550,1000,"sd","14:15:06",3974100
30650,-550,100,"sd","14:15:06",3973100
30650,-550,100,"sd","14:15:06",3973000
30650,-550,2400,"sd","14:15:06",3972900
30700,-500,1300,"bu","14:15:05",3970500
30700,-500,200,"bu","14:15:01",3969200
30700,-500,1300,"bu","14:14:58",3969000
30700,-500,700,"bu","14:14:58",3967700
30650,-550,100,"sd","14:14:55",3967000
30650,-550,300,"sd","14:14:55",3966900
30650,-550,700,"sd","14:14:55",3966600
30650,-550,100,"sd","14:14:55",3965900
30650,-550,100,"sd","14:14:55",3965800
30650,-550,1000,"sd","14:14:55",3965700
30650,-550,5000,"sd","14:14:55",3964700
30650,-550,100,"sd","14:14:55",3959700
30650,-550,100,"sd","14:14:55",3959600
30650,-550,2500,"sd","14:14:55",3959500
30700,-500,500,"bu","14:14:55",3957000
30700,-500,1400,"bu","14:14:44",3956500
30700,-500,5000,"bu","14:14:28",3955100
30700,-500,200,"bu","14:14:01",3950100
30700,-500,1000,"bu","14:13:59",3949900
30700,-500,4000,"bu","14:13:52",3948900
30700,-500,200,"bu","14:13:47",3944900
30700,-500,1000,"bu","14:13:42",3944700
30700,-500,49000,"bu","14:13:42",3943700
30700,-500,1000,"bu","14:13:41",3894700
30700,-500,200,"bu","14:13:33",3893700
30700,-500,3000,"sd","14:13:30",3893500
30700,-500,2000,"sd","14:13:30",3890500
30700,-500,3000,"sd","14:13:30",3888500
30700,-500,1000,"sd","14:13:30",3885500
30700,-500,1100,"sd","14:13:30",3884500
30700,-500,100,"sd","14:13:30",3883400
30700,-500,3000,"sd","14:13:30",3883300
30700,-500,500,"sd","14:13:30",3880300
30700,-500,100,"sd","14:13:30",3879800
30700,-500,6000,"sd","14:13:30",3879700
30700,-500,100,"sd","14:13:30",3873700
30700,-500,100,"sd","14:13:29",3873600
30700,-500,300,"sd","14:13:29",3873500
30700,-500,500,"sd","14:13:29",3873200
30700,-500,500,"sd","14:13:29",3872700
30700,-500,100,"sd","14:13:29",3872200
30700,-500,2000,"sd","14:13:29",3872100
30700,-500,200,"sd","14:13:29",3870100
30700,-500,100,"sd","14:13:29",3869900
30700,-500,100,"sd","14:13:29",3869800
30700,-500,400,"sd","14:13:29",3869700
30700,-500,1000,"sd","14:13:29",3869300
30700,-500,500,"sd","14:13:29",3868300
30700,-500,1100,"sd","14:13:29",3867800
30700,-500,5000,"sd","14:13:05",3866700
30750,-450,1300,"bu","14:13:04",3861700
30750,-450,1000,"unknown","14:12:55",3860400
30750,-450,1300,"bu","14:12:36",3859400
30750,-450,1000,"bu","14:12:36",3858100
30750,-450,4000,"bu","14:12:36",3857100
30750,-450,200,"bu","14:12:35",3853100
30750,-450,3000,"bu","14:12:35",3852900
30750,-450,10500,"bu","14:12:35",3849900
30700,-500,100,"sd","14:12:28",3839400
30700,-500,3200,"sd","14:12:22",3839300
30700,-500,200,"sd","14:11:58",3836100
30700,-500,100,"bu","14:11:40",3835900
30700,-500,300,"bu","14:11:40",3835800
30700,-500,200,"bu","14:11:36",3835500
30700,-500,100,"bu","14:11:31",3835300
30700,-500,500,"bu","14:11:30",3835200
30700,-500,100,"bu","14:11:27",3834700
30700,-500,500,"bu","14:11:27",3834600
30700,-500,100,"bu","14:11:16",3834100
30700,-500,100,"bu","14:11:12",3834000
30700,-500,500,"bu","14:11:07",3833900
30700,-500,100,"bu","14:11:06",3833400
30700,-500,200,"bu","14:10:55",3833300
30700,-500,200,"bu","14:10:52",3833100
30700,-500,100,"bu","14:10:51",3832900
30700,-500,100,"bu","14:10:50",3832800
30700,-500,100,"sd","14:10:43",3832700
30700,-500,2000,"sd","14:10:43",3832600
30700,-500,100,"sd","14:10:43",3830600
30700,-500,200,"sd","14:10:43",3830500
30700,-500,200,"sd","14:10:43",3830300
30700,-500,400,"sd","14:10:43",3830100
30700,-500,1000,"sd","14:10:43",3829700
30700,-500,300,"sd","14:10:43",3828700
30700,-500,500,"sd","14:10:43",3828400
30700,-500,17400,"sd","14:10:43",3827900
30700,-500,900,"sd","14:10:43",3810500
30700,-500,10000,"sd","14:10:43",3809600
30700,-500,100,"sd","14:10:43",3799600
30700,-500,5000,"sd","14:10:43",3799500
30700,-500,3000,"sd","14:10:43",3794500
30700,-500,1000,"sd","14:10:43",3791500
30700,-500,100,"sd","14:10:43",3790500
30700,-500,100,"sd","14:10:43",3790400
30700,-500,100,"sd","14:10:43",3790300
30700,-500,400,"sd","14:10:43",3790200
30700,-500,500,"sd","14:10:43",3789800
30700,-500,200,"sd","14:10:43",3789300
30700,-500,500,"sd","14:10:43",3789100
30700,-500,900,"sd","14:10:43",3788600
30700,-500,500,"sd","14:10:43",3787700
30700,-500,100,"sd","14:10:43",3787200
30700,-500,100,"sd","14:10:43",3787100
30750,-450,2000,"bu","14:10:19",3787000
30700,-500,900,"sd","14:10:15",3785000
30700,-500,1000,"sd","14:10:15",3784100
30700,-500,100,"sd","14:10:15",3783100
30700,-500,100,"sd","14:10:15",3783000
30700,-500,500,"sd","14:10:15",3782900
30700,-500,100,"sd","14:10:15",3782400
30750,-450,200,"bu","14:10:08",3782300
30750,-450,300,"bu","14:10:02",3782100
30750,-450,700,"bu","14:10:01",3781800
30750,-450,500,"bu","14:09:42",3781100
30700,-500,200,"sd","14:09:38",3780600
30700,-500,1000,"sd","14:09:38",3780400
30700,-500,100,"sd","14:09:38",3779400
30700,-500,5800,"sd","14:09:38",3779300
30700,-500,4400,"sd","14:09:38",3773500
30700,-500,100,"sd","14:09:38",3769100
30700,-500,100,"sd","14:09:38",3769000
30700,-500,100,"sd","14:09:38",3768900
30700,-500,500,"sd","14:09:38",3768800
30700,-500,300,"sd","14:09:38",3768300
30700,-500,900,"sd","14:09:38",3768000
30750,-450,100,"bu","14:09:34",3767100
30750,-450,100,"bu","14:09:32",3767000
30750,-450,100,"bu","14:09:29",3766900
30750,-450,3500,"bu","14:09:25",3766800
30750,-450,100,"bu","14:09:23",3763300
30750,-450,1000,"sd","14:09:19",3763200
30750,-450,100,"sd","14:09:17",3762200
30750,-450,500,"sd","14:09:17",3762100
30750,-450,500,"sd","14:09:17",3761600
30750,-450,5000,"sd","14:09:17",3761100
30750,-450,2000,"sd","14:09:17",3756100
30750,-450,100,"sd","14:09:17",3754100
30750,-450,100,"sd","14:09:17",3754000
30750,-450,100,"sd","14:09:17",3753900
30750,-450,100,"sd","14:09:17",3753800
30750,-450,100,"sd","14:09:17",3753700
30750,-450,100,"sd","14:09:17",3753600
30750,-450,500,"sd","14:09:17",3753500
30750,-450,100,"sd","14:09:17",3753000
30750,-450,1000,"sd","14:09:17",3752900
30750,-450,600,"sd","14:09:17",3751900
30800,-400,1000,"bu","14:09:11",3751300
30750,-450,2000,"sd","14:09:06",3750300
30800,-400,2400,"bu","14:08:59",3748300
30800,-400,2600,"bu","14:08:59",3745900
30800,-400,400,"bu","14:08:42",3743300
30800,-400,500,"sd","14:08:39",3742900
30800,-400,500,"sd","14:08:39",3742400
30800,-400,500,"sd","14:08:39",3741900
30800,-400,3000,"sd","14:08:39",3741400
30800,-400,5000,"sd","14:08:39",3738400
30800,-400,500,"sd","14:08:39",3733400
30800,-400,300,"sd","14:08:39",3732900
30800,-400,700,"sd","14:08:39",3732600
30800,-400,4300,"sd","14:08:37",3731900
30800,-400,500,"sd","14:08:37",3727600
30800,-400,4000,"sd","14:08:37",3727100
30800,-400,100,"sd","14:08:37",3723100
30800,-400,100,"sd","14:08:37",3723000
30800,-400,1000,"sd","14:08:37",3722900
30800,-400,9000,"sd","14:08:28",3721900
30800,-400,400,"sd","14:08:17",3712900
30850,-350,1000,"bu","14:08:14",3712500
30850,-350,300,"bu","14:08:05",3711500
30850,-350,2000,"bu","14:08:00",3711200
30850,-350,3000,"sd","14:08:00",3709200
30850,-350,200,"sd","14:08:00",3706200
30850,-350,1000,"sd","14:08:00",3706000
30850,-350,6000,"sd","14:08:00",3705000
30850,-350,200,"sd","14:08:00",3699000
30850,-350,500,"sd","14:08:00",3698800
30850,-350,1000,"sd","14:08:00",3698300
30850,-350,100,"sd","14:08:00",3697300
30850,-350,1200,"sd","14:08:00",3697200
30850,-350,200,"sd","14:07:47",3696000
30850,-350,3600,"bu","14:07:24",3695800
30850,-350,2800,"bu","14:07:20",3692200
30850,-350,17400,"bu","14:07:20",3689400
30850,-350,1400,"bu","14:07:20",3672000
30850,-350,500,"bu","14:07:10",3670600
30850,-350,3000,"bu","14:07:03",3670100
30850,-350,100,"bu","14:06:42",3667100
30850,-350,100,"bu","14:06:00",3667000
30850,-350,100,"bu","14:05:55",3666900
30850,-350,1000,"sd","14:05:44",3666800
30850,-350,200,"sd","14:05:44",3665800
30850,-350,100,"sd","14:05:44",3665600
30850,-350,1000,"sd","14:05:44",3665500
30850,-350,1000,"sd","14:05:44",3664500
30850,-350,200,"sd","14:05:44",3663500
30850,-350,500,"sd","14:05:44",3663300
30850,-350,800,"sd","14:05:44",3662800
30900,-300,100,"bu","14:05:41",3662000
30900,-300,1400,"bu","14:05:41",3661900
30900,-300,300,"sd","14:05:21",3660500
30900,-300,100,"sd","14:05:21",3660200
30900,-300,300,"sd","14:05:21",3660100
30900,-300,700,"sd","14:05:15",3659800
30900,-300,300,"sd","14:05:15",3659100
30950,-250,200,"bu","14:04:59",3658800
30950,-250,200,"bu","14:04:49",3658600
30900,-300,2100,"bu","14:04:35",3658400
30900,-300,300,"bu","14:04:35",3656300
30900,-300,100,"bu","14:04:35",3656000
30900,-300,4600,"bu","14:04:25",3655900
30900,-300,2000,"bu","14:04:25",3651300
30900,-300,1000,"bu","14:04:22",3649300
30900,-300,1000,"bu","14:04:22",3648300
30900,-300,5000,"bu","14:03:55",3647300
30850,-350,200,"bu","14:03:40",3642300
30850,-350,300,"bu","14:03:38",3642100
30850,-350,500,"bu","14:03:38",3641800
30850,-350,200,"bu","14:03:38",3641300
30850,-350,100,"bu","14:03:27",3641100
30850,-350,2700,"bu","14:03:21",3641000
30800,-400,600,"bu","14:03:14",3638300
30800,-400,400,"bu","14:03:11",3637700
30800,-400,100,"bu","14:03:10",3637300
30800,-400,2000,"sd","14:03:10",3637200
30800,-400,1700,"sd","14:03:10",3635200
30800,-400,7300,"bu","14:03:09",3633500
30800,-400,2700,"bu","14:03:07",3626200
30800,-400,2300,"bu","14:03:07",3623500
30800,-400,1000,"bu","14:03:04",3621200
30800,-400,400,"bu","14:03:03",3620200
30800,-400,500,"bu","14:03:03",3619800
30800,-400,800,"bu","14:03:02",3619300
30800,-400,200,"bu","14:03:02",3618500
30800,-400,100,"bu","14:03:02",3618300
30800,-400,100,"bu","14:02:50",3618200
30800,-400,500,"bu","14:02:50",3618100
30800,-400,500,"bu","14:02:50",3617600
30800,-400,1000,"bu","14:02:50",3617100
30800,-400,1000,"bu","14:02:50",3616100
30800,-400,100,"bu","14:02:43",3615100
30800,-400,3000,"bu","14:02:38",3615000
30800,-400,900,"bu","14:02:31",3612000
30800,-400,100,"bu","14:02:31",3611100
30800,-400,3000,"bu","14:02:31",3611000
30800,-400,200,"bu","14:02:25",3608000
30800,-400,5000,"bu","14:02:12",3607800
30800,-400,100,"bu","14:02:09",3602800
30800,-400,100,"bu","14:01:54",3602700
30750,-450,10000,"sd","14:01:45",3602600
30750,-450,1000,"sd","14:01:18",3592600
30750,-450,1900,"sd","14:00:53",3591600
30750,-450,300,"sd","14:00:53",3589700
30750,-450,800,"sd","14:00:53",3589400
30750,-450,400,"sd","14:00:51",3588600
30750,-450,1000,"bu","14:00:49",3588200
30750,-450,3000,"bu","14:00:49",3587200
30750,-450,2000,"bu","14:00:49",3584200
30750,-450,2000,"bu","14:00:48",3582200
30750,-450,300,"bu","14:00:47",3580200
30750,-450,1000,"bu","14:00:46",3579900
30750,-450,1000,"bu","14:00:45",3578900
30750,-450,1000,"bu","14:00:44",3577900
30750,-450,30000,"bu","14:00:37",3576900
30750,-450,5000,"bu","14:00:35",3546900
30700,-500,100,"sd","14:00:25",3541900
30700,-500,1000,"sd","14:00:25",3541800
30700,-500,3000,"sd","14:00:25",3540800
30700,-500,200,"sd","14:00:25",3537800
30700,-500,1000,"sd","14:00:25",3537600
30700,-500,14700,"sd","14:00:25",3536600
30750,-450,200,"bu","14:00:25",3521900
30750,-450,1000,"bu","14:00:07",3521700
30700,-500,1000,"sd","13:58:46",3520700
30700,-500,1000,"sd","13:58:38",3519700
30700,-500,2000,"sd","13:58:22",3518700
30750,-450,500,"bu","13:58:14",3516700
30700,-500,1300,"sd","13:57:47",3516200
30700,-500,3000,"sd","13:57:47",3514900
30700,-500,100,"sd","13:57:47",3511900
30700,-500,600,"sd","13:57:47",3511800
30700,-500,1400,"sd","13:57:31",3511200
30700,-500,1000,"sd","13:57:31",3509800
30700,-500,100,"sd","13:57:31",3508800
30700,-500,200,"sd","13:57:31",3508700
30700,-500,1000,"sd","13:57:31",3508500
30700,-500,200,"sd","13:57:31",3507500
30700,-500,1100,"sd","13:57:31",3507300
30700,-500,100,"bu","13:56:58",3506200
30700,-500,3800,"bu","13:56:58",3506100
30700,-500,100,"bu","13:56:56",3502300
30700,-500,1000,"bu","13:56:37",3502200
30700,-500,100,"sd","13:56:33",3501200
30700,-500,100,"sd","13:56:26",3501100
30700,-500,800,"bu","13:56:16",3501000
30700,-500,100,"bu","13:56:16",3500200
30700,-500,100,"sd","13:56:09",3500100
30700,-500,500,"sd","13:56:09",3500000
30700,-500,200,"sd","13:56:09",3499500
30700,-500,100,"sd","13:56:09",3499300
30700,-500,1000,"sd","13:56:09",3499200
30700,-500,900,"sd","13:56:09",3498200
30700,-500,300,"sd","13:56:09",3497300
30700,-500,200,"sd","13:55:48",3497000
30700,-500,100,"sd","13:55:39",3496800
30700,-500,400,"sd","13:55:38",3496700
30700,-500,100,"sd","13:55:38",3496300
30700,-500,100,"sd","13:55:27",3496200
30700,-500,800,"bu","13:55:19",3496100
30700,-500,200,"bu","13:55:18",3495300
30700,-500,200,"bu","13:55:13",3495100
30700,-500,200,"unknown","13:55:12",3494900
30700,-500,4800,"sd","13:55:12",3494700
30700,-500,100,"sd","13:55:12",3489900
30700,-500,3700,"sd","13:55:12",3489800
30700,-500,1300,"sd","13:55:07",3486100
30700,-500,100,"sd","13:55:07",3484800
30700,-500,200,"sd","13:55:07",3484700
30700,-500,200,"sd","13:55:07",3484500
30700,-500,3200,"sd","13:55:07",3484300
30700,-500,1500,"sd","13:55:05",3481100
30700,-500,300,"sd","13:54:57",3479600
30700,-500,2000,"sd","13:54:57",3479300
30700,-500,4400,"sd","13:54:57",3477300
30700,-500,5900,"sd","13:54:57",3472900
30700,-500,100,"sd","13:54:57",3467000
30700,-500,800,"sd","13:54:57",3466900
30700,-500,500,"sd","13:54:57",3466100
30700,-500,1000,"sd","13:54:57",3465600
30750,-450,100,"bu","13:54:56",3464600
30700,-500,4100,"sd","13:54:33",3464500
30700,-500,900,"sd","13:54:33",3460400
30700,-500,100,"sd","13:54:31",3459500
30700,-500,2900,"sd","13:54:31",3459400
30700,-500,7100,"sd","13:53:11",3456500
30700,-500,100,"sd","13:53:11",3449400
30700,-500,100,"sd","13:53:11",3449300
30700,-500,1000,"sd","13:53:11",3449200
30700,-500,100,"sd","13:53:11",3448200
30700,-500,100,"sd","13:53:11",3448100
30700,-500,100,"sd","13:53:11",3448000
30700,-500,1400,"sd","13:53:11",3447900
30700,-500,100,"sd","13:52:32",3446500
30700,-500,200,"sd","13:52:29",3446400
30700,-500,300,"sd","13:52:15",3446200
30700,-500,600,"sd","13:52:05",3445900
30750,-450,100,"bu","13:51:49",3445300
30750,-450,100,"bu","13:51:47",3445200
30700,-500,1200,"sd","13:51:47",3445100
30750,-450,2000,"bu","13:51:24",3443900
30700,-500,1200,"sd","13:51:22",3441900
30700,-500,200,"sd","13:51:22",3440700
30700,-500,100,"sd","13:51:22",3440500
30700,-500,400,"sd","13:51:16",3440400
30700,-500,30000,"sd","13:51:10",3440000
30700,-500,2400,"sd","13:51:05",3410000
30700,-500,200,"bu","13:50:31",3407600
30700,-500,2000,"bu","13:50:30",3407400
30700,-500,1000,"bu","13:50:30",3405400
30700,-500,300,"bu","13:50:30",3404400
30700,-500,700,"bu","13:50:30",3404100
30700,-500,12900,"bu","13:50:30",3403400
30700,-500,5000,"bu","13:50:27",3390500
30650,-550,300,"sd","13:50:11",3385500
30700,-500,100,"bu","13:50:08",3385200
30700,-500,100,"bu","13:50:01",3385100
30700,-500,1000,"bu","13:49:57",3385000
30700,-500,500,"bu","13:49:53",3384000
30700,-500,700,"bu","13:49:51",3383500
30700,-500,1000,"bu","13:49:46",3382800
30700,-500,200,"bu","13:49:35",3381800
30700,-500,1000,"bu","13:49:16",3381600
30700,-500,100,"bu","13:49:10",3380600
30700,-500,1000,"bu","13:49:10",3380500
30700,-500,6400,"bu","13:49:04",3379500
30700,-500,6600,"bu","13:49:04",3373100
30650,-550,1000,"sd","13:49:02",3366500
30700,-500,500,"sd","13:48:57",3365500
30700,-500,2000,"sd","13:48:57",3365000
30700,-500,900,"sd","13:48:57",3363000
30750,-450,3700,"bu","13:48:52",3362100
30750,-450,1300,"bu","13:48:52",3358400
30700,-500,4600,"sd","13:48:51",3357100
30700,-500,200,"sd","13:48:51",3352500
30700,-500,600,"sd","13:48:51",3352300
30700,-500,1000,"sd","13:48:51",3351700
30700,-500,100,"sd","13:48:51",3350700
30700,-500,3000,"sd","13:48:51",3350600
30700,-500,100,"sd","13:48:51",3347600
30700,-500,200,"sd","13:48:51",3347500
30700,-500,100,"sd","13:48:51",3347300
30700,-500,100,"sd","13:48:51",3347200
30700,-500,300,"sd","13:48:51",3347100
30700,-500,100,"sd","13:48:51",3346800
30700,-500,1500,"sd","13:48:51",3346700
30700,-500,500,"sd","13:48:51",3345200
30700,-500,10500,"sd","13:48:51",3344700
30700,-500,200,"sd","13:48:51",3334200
30700,-500,1000,"sd","13:48:51",3334000
30700,-500,1500,"sd","13:48:51",3333000
30700,-500,10000,"sd","13:48:51",3331500
30700,-500,200,"sd","13:48:51",3321500
30700,-500,100,"sd","13:48:51",3321300
30700,-500,1400,"sd","13:48:51",3321200
30700,-500,100,"sd","13:48:51",3319800
30700,-500,100,"sd","13:48:51",3319700
30700,-500,500,"sd","13:48:51",3319600
30700,-500,1000,"sd","13:48:51",3319100
30700,-500,10000,"sd","13:48:51",3318100
30700,-500,100,"sd","13:48:51",3308100
30700,-500,500,"sd","13:48:51",3308000
30700,-500,1000,"sd","13:48:51",3307500
30700,-500,100,"sd","13:48:51",3306500
30700,-500,200,"sd","13:48:51",3306400
30700,-500,4000,"sd","13:48:51",3306200
30700,-500,100,"sd","13:48:51",3302200
30750,-450,200,"bu","13:48:38",3302100
30700,-500,1000,"sd","13:48:21",3301900
30700,-500,1000,"sd","13:48:21",3300900
30700,-500,100,"sd","13:48:21",3299900
30750,-450,200,"sd","13:48:21",3299800
30750,-450,100,"sd","13:48:21",3299600
30750,-450,600,"sd","13:48:21",3299500
30750,-450,4400,"sd","13:48:20",3298900
30750,-450,300,"sd","13:48:20",3294500
30750,-450,100,"sd","13:48:20",3294200
30750,-450,100,"sd","13:48:20",3294100
30750,-450,30100,"sd","13:48:20",3294000
30800,-400,100,"bu","13:47:45",3263900
30800,-400,2600,"bu","13:47:15",3263800
30800,-400,100,"bu","13:47:09",3261200
30750,-450,1000,"sd","13:47:05",3261100
30800,-400,5000,"bu","13:46:41",3260100
30750,-450,15000,"sd","13:46:34",3255100
30750,-450,3900,"bu","13:46:31",3240100
30750,-450,1000,"bu","13:46:26",3236200
30750,-450,300,"sd","13:46:22",3235200
30750,-450,200,"bu","13:46:14",3234900
30750,-450,100,"sd","13:46:06",3234700
30750,-450,200,"sd","13:46:06",3234600
30800,-400,6000,"bu","13:45:46",3234400
30750,-450,5000,"sd","13:45:45",3228400
30750,-450,12000,"sd","13:45:45",3223400
30750,-450,1000,"sd","13:45:45",3211400
30750,-450,700,"sd","13:45:45",3210400
30750,-450,100,"sd","13:45:45",3209700
30750,-450,1000,"sd","13:45:45",3209600
30750,-450,1000,"sd","13:45:45",3208600
30750,-450,500,"sd","13:45:45",3207600
30750,-450,500,"sd","13:45:45",3207100
30750,-450,500,"sd","13:45:45",3206600
30750,-450,1000,"sd","13:45:45",3206100
30750,-450,100,"sd","13:45:45",3205100
30750,-450,1000,"sd","13:45:45",3205000
30750,-450,100,"sd","13:45:45",3204000
30750,-450,500,"sd","13:45:45",3203900
30800,-400,100,"sd","13:45:23",3203400
30800,-400,500,"sd","13:45:23",3203300
30800,-400,100,"sd","13:45:23",3202800
30800,-400,2000,"sd","13:45:23",3202700
30800,-400,200,"sd","13:45:23",3200700
30800,-400,100,"sd","13:45:23",3200500
30800,-400,1000,"sd","13:45:23",3200400
30800,-400,1000,"sd","13:45:23",3199400
30800,-400,100,"sd","13:45:23",3198400
30800,-400,1000,"sd","13:45:23",3198300
30800,-400,100,"sd","13:45:23",3197300
30800,-400,1000,"sd","13:45:23",3197200
30800,-400,10000,"sd","13:45:23",3196200
30800,-400,100,"sd","13:45:23",3186200
30800,-400,100,"sd","13:45:23",3186100
30800,-400,400,"sd","13:45:23",3186000
30800,-400,100,"sd","13:45:18",3185600
30800,-400,3000,"sd","13:45:18",3185500
30800,-400,400,"sd","13:45:18",3182500
30800,-400,200,"sd","13:45:18",3182100
30800,-400,500,"sd","13:45:18",3181900
30800,-400,500,"sd","13:45:17",3181400
30800,-400,200,"sd","13:45:17",3180900
30800,-400,3000,"sd","13:45:17",3180700
30800,-400,100,"sd","13:45:17",3177700
30800,-400,100,"sd","13:45:17",3177600
30800,-400,200,"sd","13:45:17",3177500
30800,-400,200,"sd","13:45:17",3177300
30800,-400,200,"sd","13:45:17",3177100
30800,-400,100,"sd","13:45:17",3176900
30800,-400,100,"sd","13:45:17",3176800
30800,-400,100,"sd","13:45:17",3176700
30800,-400,100,"sd","13:45:17",3176600
30800,-400,100,"sd","13:45:17",3176500
30800,-400,3000,"sd","13:45:17",3176400
30800,-400,200,"sd","13:45:17",3173400
30800,-400,1000,"sd","13:45:17",3173200
30800,-400,100,"sd","13:45:17",3172200
30800,-400,5000,"sd","13:45:17",3172100
30800,-400,100,"sd","13:45:17",3167100
30800,-400,11400,"sd","13:45:17",3167000
30850,-350,100,"bu","13:45:11",3155600
30850,-350,300,"bu","13:44:59",3155500
30800,-400,1600,"sd","13:44:54",3155200
30800,-400,14000,"sd","13:44:52",3153600
30800,-400,5000,"sd","13:44:50",3139600
30800,-400,7700,"sd","13:44:40",3134600
30800,-400,1100,"sd","13:44:38",3126900
30800,-400,2300,"sd","13:43:44",3125800
30850,-350,100,"bu","13:43:12",3123500
30850,-350,1200,"bu","13:43:09",3123400
30850,-350,100,"bu","13:43:05",3122200
30850,-350,1500,"bu","13:43:00",3122100
30850,-350,800,"bu","13:42:55",3120600
30850,-350,400,"bu","13:42:42",3119800
30850,-350,100,"bu","13:42:23",3119400
30850,-350,200,"bu","13:42:22",3119300
30850,-350,1300,"sd","13:42:12",3119100
30850,-350,200,"sd","13:42:10",3117800
30850,-350,1000,"sd","13:42:07",3117600
30850,-350,2500,"sd","13:42:02",3116600
30850,-350,1500,"sd","13:42:02",3114100
30850,-350,1000,"sd","13:42:02",3112600
30900,-300,100,"bu","13:41:53",3111600
30800,-400,2100,"sd","13:41:37",3111500
30850,-350,47900,"sd","13:41:37",3109400
30850,-350,500,"bu","13:41:23",3061500
30850,-350,5000,"bu","13:41:23",3061000
30850,-350,300,"bu","13:41:23",3056000
30850,-350,10000,"bu","13:41:23",3055700
30850,-350,3300,"bu","13:41:23",3045700
30850,-350,10000,"bu","13:41:22",3042400
30850,-350,1000,"bu","13:41:22",3032400
30850,-350,10000,"bu","13:41:22",3031400
30850,-350,3200,"bu","13:41:22",3021400
30850,-350,500,"bu","13:41:22",3018200
30850,-350,8300,"bu","13:41:22",3017700
30850,-350,600,"bu","13:41:04",3009400
30850,-350,200,"bu","13:40:52",3008800
30850,-350,5000,"bu","13:40:17",3008600
30850,-350,100,"bu","13:40:14",3003600
30850,-350,1000,"bu","13:40:02",3003500
30850,-350,200,"bu","13:39:53",3002500
30850,-350,5000,"bu","13:39:38",3002300
30850,-350,300,"bu","13:39:36",2997300
30850,-350,4600,"bu","13:38:32",2997000
30800,-400,100,"sd","13:38:25",2992400
30800,-400,1200,"sd","13:38:09",2992300
30850,-350,3000,"bu","13:37:22",2991100
30850,-350,500,"bu","13:37:08",2988100
30800,-400,1000,"sd","13:36:59",2987600
30850,-350,600,"bu","13:36:55",2986600
30850,-350,300,"bu","13:36:42",2986000
30800,-400,1500,"sd","13:36:39",2985700
30850,-350,300,"bu","13:36:21",2984200
30850,-350,200,"bu","13:36:21",2983900
30850,-350,500,"bu","13:36:11",2983700
30850,-350,3000,"bu","13:36:11",2983200
30850,-350,500,"bu","13:35:59",2980200
30850,-350,100,"bu","13:35:33",2979700
30850,-350,2200,"bu","13:35:28",2979600
30800,-400,100,"sd","13:35:17",2977400
30850,-350,400,"bu","13:35:04",2977300
30850,-350,500,"bu","13:35:03",2976900
30850,-350,2600,"bu","13:34:57",2976400
30850,-350,200,"bu","13:34:57",2973800
30850,-350,20000,"bu","13:34:55",2973600
30850,-350,500,"sd","13:34:45",2953600
30850,-350,100,"sd","13:34:45",2953100
30850,-350,1000,"sd","13:34:45",2953000
30850,-350,1000,"sd","13:34:45",2952000
30850,-350,200,"sd","13:34:45",2951000
30850,-350,500,"sd","13:34:45",2950800
30850,-350,1000,"sd","13:34:45",2950300
30850,-350,500,"sd","13:34:45",2949300
30850,-350,5000,"sd","13:34:45",2948800
30850,-350,7500,"sd","13:34:38",2943800
30850,-350,5000,"sd","13:34:29",2936300
30850,-350,5000,"sd","13:34:17",2931300
30850,-350,4200,"sd","13:34:15",2926300
30900,-300,3000,"bu","13:34:14",2922100
30850,-350,10000,"sd","13:33:52",2919100
30900,-300,700,"bu","13:33:27",2909100
30850,-350,1500,"sd","13:33:15",2908400
30900,-300,500,"bu","13:33:01",2906900
30900,-300,100,"bu","13:33:00",2906400
30900,-300,2000,"bu","13:32:58",2906300
30900,-300,1500,"bu","13:32:34",2904300
30900,-300,700,"bu","13:32:24",2902800
30900,-300,100,"bu","13:32:19",2902100
30900,-300,1000,"bu","13:31:46",2902000
30900,-300,600,"bu","13:31:37",2901000
30900,-300,4400,"bu","13:31:37",2900400
30900,-300,900,"bu","13:31:27",2896000
30900,-300,100,"bu","13:30:49",2895100
30850,-350,500,"sd","13:30:36",2895000
30850,-350,1100,"bu","13:30:30",2894500
30850,-350,17800,"bu","13:30:30",2893400
30850,-350,100,"bu","13:30:17",2875600
30850,-350,1000,"bu","13:29:55",2875500
30850,-350,1000,"bu","13:29:51",2874500
30850,-350,1300,"sd","13:29:50",2873500
30850,-350,2000,"bu","13:29:48",2872200
30850,-350,26700,"bu","13:29:48",2870200
30850,-350,1000,"sd","13:29:27",2843500
30850,-350,300,"sd","13:29:27",2842500
30850,-350,200,"sd","13:29:27",2842200
30850,-350,1800,"sd","13:29:27",2842000
30850,-350,2000,"sd","13:29:24",2840200
30850,-350,2500,"sd","13:29:21",2838200
30850,-350,10000,"sd","13:29:07",2835700
30850,-350,100,"sd","13:29:07",2825700
30850,-350,200,"sd","13:29:07",2825600
30850,-350,100,"sd","13:29:07",2825400
30850,-350,200,"sd","13:29:07",2825300
30850,-350,19400,"sd","13:29:07",2825100
30850,-350,30000,"sd","13:28:51",2805700
30850,-350,600,"sd","13:28:40",2775700
30850,-350,100,"sd","13:28:40",2775100
30900,-300,100,"bu","13:28:09",2775000
30900,-300,1000,"bu","13:28:09",2774900
30900,-300,500,"bu","13:28:01",2773900
30900,-300,2500,"bu","13:28:01",2773400
30850,-350,22700,"sd","13:28:00",2770900
30850,-350,100,"sd","13:27:41",2748200
30900,-300,1600,"sd","13:27:21",2748100
30900,-300,100,"sd","13:27:21",2746500
30900,-300,500,"sd","13:27:21",2746400
30900,-300,100,"sd","13:27:21",2745900
30900,-300,100,"bu","13:27:14",2745800
30900,-300,600,"bu","13:27:14",2745700
30900,-300,200,"bu","13:27:14",2745100
30900,-300,600,"bu","13:26:57",2744900
30900,-300,1300,"bu","13:26:57",2744300
30900,-300,700,"bu","13:26:40",2743000
30900,-300,100,"bu","13:26:40",2742300
30900,-300,9200,"bu","13:26:40",2742200
30900,-300,4300,"bu","13:25:55",2733000
30900,-300,1000,"bu","13:25:39",2728700
30900,-300,500,"bu","13:25:38",2727700
30900,-300,12900,"bu","13:25:35",2727200
30900,-300,2100,"bu","13:25:28",2714300
30900,-300,200,"bu","13:25:28",2712200
30900,-300,500,"bu","13:25:28",2712000
30900,-300,1000,"bu","13:25:28",2711500
30900,-300,3000,"bu","13:25:04",2710500
30900,-300,10000,"bu","13:25:04",2707500
30900,-300,5000,"bu","13:25:04",2697500
30900,-300,1000,"bu","13:25:04",2692500
30900,-300,500,"bu","13:25:04",2691500
30900,-300,500,"bu","13:25:04",2691000
30850,-350,1400,"sd","13:25:03",2690500
30850,-350,10000,"sd","13:24:52",2689100
30850,-350,4000,"bu","13:24:47",2679100
30850,-350,11700,"bu","13:24:47",2675100
30800,-400,900,"sd","13:24:42",2663400
30800,-400,100,"sd","13:24:42",2662500
30850,-350,18300,"bu","13:24:38",2662400
30850,-350,3000,"bu","13:24:38",2644100
30850,-350,1000,"bu","13:24:38",2641100
30850,-350,3300,"bu","13:24:38",2640100
30850,-350,200,"bu","13:24:37",2636800
30800,-400,1900,"bu","13:23:34",2636600
30800,-400,2200,"bu","13:23:33",2634700
30800,-400,200,"bu","13:23:33",2632500
30800,-400,400,"bu","13:23:33",2632300
30800,-400,16000,"bu","13:23:33",2631900
30800,-400,200,"bu","13:23:32",2615900
30800,-400,300,"bu","13:23:32",2615700
30800,-400,100,"bu","13:23:32",2615400
30800,-400,2000,"bu","13:23:32",2615300
30800,-400,300,"bu","13:23:32",2613300
30800,-400,10000,"bu","13:23:32",2613000
30800,-400,14800,"bu","13:23:32",2603000
30800,-400,1500,"bu","13:23:32",2588200
30800,-400,2000,"bu","13:22:17",2586700
30750,-450,300,"sd","13:22:15",2584700
30750,-450,1500,"sd","13:22:11",2584400
30800,-400,100,"bu","13:22:09",2582900
30800,-400,200,"bu","13:21:57",2582800
30750,-450,5000,"sd","13:21:26",2582600
30800,-400,5000,"bu","13:20:50",2577600
30750,-450,2000,"sd","13:20:03",2572600
30750,-450,500,"sd","13:19:50",2570600
30750,-450,100,"sd","13:19:38",2570100
30800,-400,100,"bu","13:19:23",2570000
30700,-500,400,"sd","13:18:23",2569900
30700,-500,100,"sd","13:18:23",2569500
30700,-500,1000,"sd","13:18:23",2569400
30700,-500,100,"sd","13:18:23",2568400
30700,-500,1000,"sd","13:18:23",2568300
30700,-500,100,"sd","13:18:23",2567300
30700,-500,2000,"sd","13:18:23",2567200
30700,-500,1200,"sd","13:18:23",2565200
30700,-500,200,"sd","13:18:23",2564000
30700,-500,100,"sd","13:18:23",2563800
30700,-500,100,"sd","13:18:23",2563700
30700,-500,500,"sd","13:18:23",2563600
30700,-500,500,"sd","13:18:23",2563100
30700,-500,100,"sd","13:18:23",2562600
30700,-500,200,"sd","13:18:23",2562500
30700,-500,2000,"sd","13:18:23",2562300
30700,-500,100,"sd","13:18:23",2560300
30700,-500,1000,"sd","13:18:23",2560200
30700,-500,500,"sd","13:18:23",2559200
30700,-500,5000,"sd","13:18:23",2558700
30700,-500,700,"sd","13:18:23",2553700
30750,-450,10000,"sd","13:18:23",2553000
30750,-450,700,"sd","13:18:23",2543000
30750,-450,300,"sd","13:18:23",2542300
30750,-450,5000,"sd","13:18:23",2542000
30750,-450,10000,"sd","13:18:23",2537000
30750,-450,1000,"sd","13:18:23",2527000
30750,-450,100,"sd","13:18:23",2526000
30750,-450,100,"sd","13:18:23",2525900
30750,-450,500,"sd","13:18:23",2525800
30750,-450,100,"sd","13:18:23",2525300
30750,-450,1000,"sd","13:18:23",2525200
30750,-450,1000,"sd","13:18:23",2524200
30750,-450,300,"sd","13:18:23",2523200
30750,-450,500,"sd","13:18:23",2522900
30750,-450,2000,"sd","13:18:23",2522400
30750,-450,500,"sd","13:18:23",2520400
30800,-400,200,"bu","13:18:19",2519900
30800,-400,7600,"sd","13:18:15",2519700
30800,-400,2400,"bu","13:18:04",2512100
30800,-400,100,"sd","13:17:59",2509700
30800,-400,500,"sd","13:17:59",2509600
30800,-400,200,"sd","13:17:48",2509100
30800,-400,1000,"sd","13:17:48",2508900
30800,-400,1000,"sd","13:17:48",2507900
30800,-400,3000,"sd","13:17:48",2506900
30800,-400,300,"sd","13:17:48",2503900
30800,-400,500,"sd","13:17:48",2503600
30800,-400,2000,"sd","13:17:48",2503100
30800,-400,200,"sd","13:17:48",2501100
30800,-400,100,"sd","13:17:48",2500900
30800,-400,6700,"sd","13:17:48",2500800
30850,-350,500,"bu","13:16:55",2494100
30850,-350,300,"sd","13:16:54",2493600
30850,-350,2700,"sd","13:16:48",2493300
30850,-350,100,"sd","13:16:48",2490600
30850,-350,2200,"sd","13:16:48",2490500
30850,-350,600,"sd","13:16:37",2488300
30850,-350,200,"bu","13:16:23",2487700
30850,-350,15400,"bu","13:16:23",2487500
30850,-350,1600,"bu","13:16:23",2472100
30800,-400,500,"sd","13:16:08",2470500
30800,-400,1100,"sd","13:16:07",2470000
30850,-350,1100,"bu","13:16:05",2468900
30850,-350,200,"bu","13:16:05",2467800
30850,-350,200,"bu","13:16:05",2467600
30850,-350,300,"bu","13:16:05",2467400
30800,-400,2000,"sd","13:16:04",2467100
30800,-400,900,"sd","13:15:56",2465100
30800,-400,8800,"sd","13:15:48",2464200
30800,-400,100,"sd","13:15:48",2455400
30800,-400,1100,"sd","13:15:48",2455300
30800,-400,5900,"sd","13:15:43",2454200
30850,-350,400,"bu","13:15:33",2448300
30850,-350,200,"bu","13:15:31",2447900
30850,-350,800,"bu","13:15:12",2447700
30850,-350,100,"sd","13:14:52",2446900
30850,-350,1500,"sd","13:14:52",2446800
30850,-350,5000,"sd","13:14:44",2445300
30850,-350,1500,"sd","13:14:14",2440300
30850,-350,2000,"bu","13:14:04",2438800
30850,-350,5000,"sd","13:13:58",2436800
30850,-350,2000,"sd","13:13:58",2431800
30850,-350,1000,"sd","13:13:58",2429800
30850,-350,400,"sd","13:13:56",2428800
30850,-350,500,"bu","13:13:43",2428400
30850,-350,3100,"bu","13:13:43",2427900
30800,-400,5000,"sd","13:13:28",2424800
30800,-400,2000,"sd","13:13:20",2419800
30800,-400,500,"sd","13:13:20",2417800
30800,-400,300,"sd","13:13:20",2417300
30800,-400,8000,"sd","13:13:20",2417000
30800,-400,100,"sd","13:13:20",2409000
30800,-400,400,"sd","13:13:20",2408900
30800,-400,500,"sd","13:13:20",2408500
30800,-400,100,"sd","13:13:20",2408000
30800,-400,100,"sd","13:13:20",2407900
30800,-400,100,"sd","13:13:20",2407800
30800,-400,500,"sd","13:13:20",2407700
30800,-400,2400,"sd","13:13:20",2407200
30800,-400,700,"sd","13:13:20",2404800
30800,-400,500,"sd","13:13:20",2404100
30800,-400,100,"sd","13:13:20",2403600
30800,-400,1700,"sd","13:13:20",2403500
30850,-350,1900,"bu","13:13:17",2401800
30850,-350,5000,"bu","13:13:17",2399900
30850,-350,100,"bu","13:13:17",2394900
30850,-350,10000,"bu","13:13:17",2394800
30850,-350,3000,"bu","13:13:17",2384800
30850,-350,300,"bu","13:12:17",2381800
30850,-350,100,"bu","13:12:14",2381500
30800,-400,700,"sd","13:12:07",2381400
30800,-400,1000,"sd","13:12:07",2380700
30800,-400,500,"sd","13:12:07",2379700
30800,-400,2800,"sd","13:12:07",2379200
30800,-400,5000,"sd","13:12:07",2376400
30850,-350,200,"bu","13:12:03",2371400
30850,-350,100,"bu","13:12:00",2371200
30850,-350,500,"sd","13:11:59",2371100
30850,-350,800,"sd","13:11:59",2370600
30850,-350,1000,"bu","13:11:55",2369800
30850,-350,200,"bu","13:11:55",2368800
30850,-350,2000,"bu","13:11:53",2368600
30850,-350,2800,"bu","13:11:50",2366600
30850,-350,5000,"bu","13:11:50",2363800
30850,-350,700,"bu","13:11:50",2358800
30800,-400,5000,"sd","13:11:41",2358100
30850,-350,1600,"bu","13:11:33",2353100
30850,-350,500,"bu","13:11:32",2351500
30850,-350,1000,"bu","13:11:31",2351000
30850,-350,5000,"bu","13:11:27",2350000
30850,-350,400,"bu","13:11:07",2345000
30850,-350,500,"bu","13:11:02",2344600
30850,-350,300,"bu","13:10:49",2344100
30850,-350,700,"bu","13:10:49",2343800
30850,-350,600,"bu","13:10:43",2343100
30850,-350,500,"bu","13:10:41",2342500
30850,-350,200,"bu","13:10:40",2342000
30850,-350,200,"bu","13:10:40",2341800
30850,-350,1000,"bu","13:10:38",2341600
30850,-350,400,"bu","13:10:34",2340600
30800,-400,1000,"bu","13:10:04",2340200
30800,-400,6000,"bu","13:10:04",2339200
30800,-400,5000,"bu","13:10:04",2333200
30800,-400,5000,"bu","13:10:04",2328200
30800,-400,1000,"bu","13:10:04",2323200
30800,-400,5000,"bu","13:10:04",2322200
30800,-400,4200,"bu","13:10:04",2317200
30800,-400,100,"bu","13:10:03",2313000
30800,-400,500,"bu","13:10:00",2312900
30800,-400,200,"bu","13:09:52",2312400
30800,-400,100,"bu","13:09:52",2312200
30800,-400,2000,"bu","13:09:52",2312100
30800,-400,200,"bu","13:09:52",2310100
30800,-400,800,"bu","13:09:52",2309900
30800,-400,1000,"bu","13:09:36",2309100
30800,-400,300,"bu","13:09:31",2308100
30800,-400,400,"bu","13:09:25",2307800
30800,-400,2500,"bu","13:09:25",2307400
30800,-400,500,"bu","13:09:25",2304900
30800,-400,500,"bu","13:09:20",2304400
30750,-450,1500,"sd","13:09:18",2303900
30750,-450,200,"sd","13:09:18",2302400
30750,-450,200,"sd","13:09:18",2302200
30750,-450,5000,"sd","13:09:18",2302000
30750,-450,1100,"sd","13:09:18",2297000
30800,-400,500,"bu","13:09:15",2295900
30800,-400,1000,"bu","13:09:04",2295400
30800,-400,100,"bu","13:08:48",2294400
30750,-450,200,"bu","13:08:27",2294300
30750,-450,500,"bu","13:08:25",2294100
30750,-450,200,"bu","13:08:20",2293600
30750,-450,100,"bu","13:08:20",2293400
30750,-450,900,"bu","13:08:20",2293300
30750,-450,300,"bu","13:08:14",2292400
30750,-450,100,"bu","13:07:38",2292100
30750,-450,800,"bu","13:07:36",2292000
30750,-450,200,"bu","13:07:36",2291200
30750,-450,100,"bu","13:07:33",2291000
30750,-450,1000,"bu","13:07:32",2290900
30750,-450,400,"bu","13:07:29",2289900
30750,-450,2000,"bu","13:07:27",2289500
30750,-450,500,"bu","13:07:24",2287500
30750,-450,500,"bu","13:07:15",2287000
30750,-450,500,"sd","13:07:14",2286500
30750,-450,4800,"sd","13:07:14",2286000
30750,-450,200,"sd","13:07:08",2281200
30700,-500,300,"sd","13:06:50",2281000
30700,-500,200,"sd","13:06:50",2280700
30700,-500,300,"sd","13:06:50",2280500
30750,-450,1200,"sd","13:06:50",2280200
30750,-450,12000,"sd","13:06:48",2279000
30750,-450,300,"sd","13:06:45",2267000
30750,-450,10000,"bu","13:06:42",2266700
30750,-450,3000,"bu","13:06:42",2256700
30750,-450,3500,"bu","13:06:42",2253700
30750,-450,100,"bu","13:06:40",2250200
30750,-450,500,"bu","13:06:40",2250100
30700,-500,200,"sd","13:06:40",2249600
30700,-500,500,"sd","13:06:40",2249400
30700,-500,300,"sd","13:06:40",2248900
30700,-500,100,"sd","13:06:32",2248600
30750,-450,900,"sd","13:06:28",2248500
30750,-450,100,"bu","13:06:22",2247600
30750,-450,200,"bu","13:06:19",2247500
30750,-450,200,"sd","13:06:13",2247300
30750,-450,900,"sd","13:06:09",2247100
30750,-450,100,"sd","13:06:07",2246200
30750,-450,4900,"sd","13:06:07",2246100
30800,-400,200,"bu","13:05:42",2241200
30750,-450,1000,"bu","13:05:36",2241000
30750,-450,500,"bu","13:05:36",2240000
30750,-450,1400,"bu","13:05:36",2239500
30750,-450,2200,"bu","13:05:36",2238100
30700,-500,100,"sd","13:05:12",2235900
30700,-500,500,"sd","13:05:12",2235800
30700,-500,200,"sd","13:05:12",2235300
30700,-500,100,"sd","13:05:12",2235100
30700,-500,300,"sd","13:05:12",2235000
30700,-500,800,"sd","13:05:01",2234700
30750,-450,100,"bu","13:04:56",2233900
30750,-450,200,"bu","13:04:52",2233800
30750,-450,100,"bu","13:04:51",2233600
30750,-450,500,"bu","13:04:45",2233500
30750,-450,1500,"bu","13:04:42",2233000
30750,-450,200,"sd","13:04:36",2231500
30750,-450,200,"sd","13:04:36",2231300
30800,-400,200,"bu","13:04:31",2231100
30750,-450,300,"unknown","13:04:29",2230900
30700,-500,3900,"sd","13:04:26",2230600
30700,-500,4300,"sd","13:04:26",2226700
30750,-450,1800,"sd","13:04:26",2222400
30750,-450,1000,"bu","13:04:26",2220600
30750,-450,9000,"bu","13:04:23",2219600
30750,-450,1800,"bu","13:04:23",2210600
30750,-450,700,"bu","13:04:20",2208800
30700,-500,100,"sd","13:04:20",2208100
30700,-500,200,"sd","13:04:15",2208000
30750,-450,2500,"bu","13:04:14",2207800
30750,-450,500,"bu","13:04:14",2205300
30700,-500,200,"sd","13:04:07",2204800
30700,-500,200,"bu","13:03:56",2204600
30700,-500,500,"sd","13:03:55",2204400
30700,-500,500,"bu","13:03:54",2203900
30700,-500,300,"sd","13:03:49",2203400
30750,-450,2000,"bu","13:03:41",2203100
30750,-450,300,"bu","13:03:30",2201100
30750,-450,700,"bu","13:03:30",2200800
30700,-500,700,"bu","13:03:28",2200100
30650,-550,1200,"sd","13:03:21",2199400
30650,-550,400,"sd","13:03:21",2198200
30650,-550,100,"sd","13:03:21",2197800
30650,-550,3000,"sd","13:03:21",2197700
30650,-550,300,"sd","13:03:21",2194700
30650,-550,1000,"sd","13:03:21",2194400
30650,-550,300,"sd","13:03:21",2193400
30650,-550,100,"sd","13:03:21",2193100
30650,-550,100,"sd","13:03:21",2193000
30650,-550,5000,"sd","13:03:21",2192900
30650,-550,200,"sd","13:03:21",2187900
30700,-500,3000,"sd","13:03:21",2187700
30700,-500,300,"unknown","13:03:21",2184700
30650,-550,600,"sd","13:03:05",2184400
30650,-550,500,"sd","13:03:05",2183800
30700,-500,900,"sd","13:03:05",2183300
30700,-500,300,"bu","13:03:05",2182400
30700,-500,300,"bu","13:03:05",2182100
30700,-500,1000,"bu","13:03:05",2181800
30650,-550,300,"sd","13:03:04",2180800
30650,-550,100,"sd","13:02:41",2180500
30650,-550,700,"sd","13:02:36",2180400
30650,-550,8900,"bu","13:02:34",2179700
30600,-600,300,"sd","13:02:30",2170800
30650,-550,5000,"bu","13:02:30",2170500
30600,-600,100,"sd","13:02:20",2165500
30600,-600,300,"sd","13:02:19",2165400
30600,-600,200,"sd","13:02:19",2165100
30650,-550,200,"bu","13:02:17",2164900
30650,-550,600,"bu","13:02:17",2164700
30650,-550,5000,"bu","13:02:09",2164100
30650,-550,100,"bu","13:02:09",2159100
30650,-550,100,"sd","13:02:07",2159000
30650,-550,3800,"sd","13:02:07",2158900
30650,-550,1200,"sd","13:02:06",2155100
30650,-550,100,"sd","13:02:06",2153900
30650,-550,200,"sd","13:02:06",2153800
30650,-550,4800,"sd","13:02:06",2153600
30650,-550,500,"sd","13:02:06",2148800
30650,-550,400,"sd","13:02:06",2148300
30650,-550,100,"sd","13:02:06",2147900
30650,-550,3000,"sd","13:02:06",2147800
30650,-550,5000,"sd","13:02:06",2144800
30650,-550,100,"sd","13:02:06",2139800
30650,-550,9500,"sd","13:02:06",2139700
30650,-550,3000,"sd","13:02:02",2130200
30650,-550,7800,"sd","13:01:53",2127200
30650,-550,100,"sd","13:01:53",2119400
30650,-550,100,"sd","13:01:53",2119300
30700,-500,100,"sd","13:01:36",2119200
30700,-500,500,"sd","13:01:36",2119100
30700,-500,400,"sd","13:01:33",2118600
30700,-500,100,"sd","13:01:33",2118200
30700,-500,700,"sd","13:01:33",2118100
30700,-500,1300,"sd","13:01:24",2117400
30700,-500,1700,"sd","13:01:24",2116100
30700,-500,1000,"sd","13:01:22",2114400
30700,-500,300,"sd","13:01:08",2113400
30700,-500,100,"sd","13:01:08",2113100
30700,-500,200,"sd","13:01:08",2113000
30700,-500,1400,"sd","13:01:08",2112800
30700,-500,500,"sd","13:01:07",2111400
30700,-500,200,"sd","13:01:00",2110900
30700,-500,500,"sd","13:00:54",2110700
30700,-500,2400,"sd","13:00:51",2110200
30700,-500,100,"sd","13:00:51",2107800
30650,-550,300,"sd","13:00:48",2107700
30650,-550,1000,"sd","13:00:48",2107400
30650,-550,100,"sd","13:00:48",2106400
30650,-550,200,"sd","13:00:48",2106300
30650,-550,100,"sd","13:00:48",2106100
30650,-550,1000,"sd","13:00:48",2106000
30650,-550,300,"sd","13:00:48",2105000
30650,-550,2500,"sd","13:00:48",2104700
30700,-500,500,"sd","13:00:48",2102200
30700,-500,1000,"sd","13:00:48",2101700
30750,-450,500,"bu","13:00:44",2100700
30700,-500,1000,"sd","13:00:21",2100200
30750,-450,100,"bu","13:00:19",2099200
30750,-450,100,"bu","13:00:19",2099100
30750,-450,1000,"bu","13:00:15",2099000
30750,-450,7600,"bu","13:00:13",2098000
30700,-500,2400,"bu","13:00:13",2090400
30700,-500,300,"bu","13:00:08",2088000
30700,-500,1000,"bu","13:00:08",2087700
30700,-500,300,"bu","13:00:04",2086700
30700,-500,100,"bu","13:00:04",2086400
30700,-500,100,"bu","13:00:04",2086300
30700,-500,500,"bu","13:00:04",2086200
30700,-500,5000,"bu","13:00:03",2085700
30700,-500,100,"bu","13:00:03",2080700
30700,-500,100,"bu","13:00:03",2080600
30650,-550,500,"sd","13:00:03",2080500
30700,-500,5000,"bu","13:00:02",2080000
30700,-500,100,"sd","13:00:02",2075000
30700,-500,100,"sd","13:00:02",2074900
30700,-500,400,"sd","13:00:02",2074800
30700,-500,500,"sd","13:00:02",2074400
30700,-500,100,"sd","13:00:02",2073900
30700,-500,1000,"sd","13:00:02",2073800
30700,-500,100,"sd","13:00:02",2072800
30700,-500,500,"sd","13:00:02",2072700
30700,-500,300,"sd","13:00:02",2072200
30700,-500,4200,"sd","13:00:02",2071900
30700,-500,5000,"sd","13:00:02",2067700
30700,-500,600,"sd","13:00:02",2062700
30750,-450,5500,"sd","13:00:02",2062100
30700,-500,1300,"sd","13:00:01",2056600
30700,-500,2100,"sd","13:00:01",2055300
30750,-450,6500,"sd","13:00:01",2053200
30750,-450,2000,"sd","13:00:01",2046700
30700,-500,100,"sd","13:00:01",2044700
30700,-500,500,"sd","13:00:01",2044600
30700,-500,500,"sd","13:00:01",2044100
30700,-500,200,"sd","13:00:01",2043600
30700,-500,2000,"sd","13:00:01",2043400
30750,-450,300,"sd","13:00:01",2041400
30750,-450,3100,"sd","13:00:01",2041100
30700,-500,1100,"sd","13:00:01",2038000
30700,-500,100,"sd","13:00:01",2036900
30750,-450,4200,"sd","13:00:01",2036800
30700,-500,5200,"sd","13:00:01",2032600
30750,-450,500,"sd","13:00:01",2027400
30750,-450,5000,"sd","13:00:01",2026900
30750,-450,300,"sd","13:00:01",2021900
30700,-500,5000,"sd","13:00:01",2021600
30750,-450,100,"sd","13:00:01",2016600
30750,-450,100,"sd","13:00:01",2016500
30750,-450,2100,"sd","13:00:01",2016400
30750,-450,400,"sd","13:00:01",2014300
30800,-400,100,"sd","13:00:01",2013900
30800,-400,500,"sd","13:00:01",2013800
30800,-400,6500,"sd","13:00:01",2013300
30800,-400,100,"sd","13:00:01",2006800
30800,-400,100,"sd","13:00:01",2006700
30800,-400,800,"sd","13:00:01",2006600
30700,-500,1000,"sd","13:00:01",2005800
30800,-400,100,"sd","13:00:01",2004800
30750,-450,200,"sd","13:00:01",2004700
30800,-400,100,"sd","13:00:01",2004500
30800,-400,500,"sd","13:00:01",2004400
30750,-450,2000,"sd","13:00:01",2003900
30750,-450,500,"sd","13:00:01",2001900
30700,-500,1500,"sd","13:00:01",2001400
30800,-400,400,"sd","13:00:01",1999900
30800,-400,300,"sd","13:00:00",1999500
30800,-400,100,"sd","13:00:00",1999200
30800,-400,500,"sd","13:00:00",1999100
30850,-350,1600,"bu","13:00:00",1998600
30800,-400,100,"sd","13:00:00",1997000
30800,-400,200,"sd","13:00:00",1996900
30800,-400,100,"sd","13:00:00",1996700
30800,-400,100,"sd","13:00:00",1996600
30800,-400,100,"sd","13:00:00",1996500
30800,-400,400,"sd","13:00:00",1996400
30850,-350,3400,"bu","13:00:00",1996000
30800,-400,100,"sd","13:00:00",1992600
30800,-400,500,"sd","11:29:44",1992500
30800,-400,100,"sd","11:29:39",1992000
30800,-400,600,"sd","11:29:21",1991900
30800,-400,500,"sd","11:29:00",1991300
30800,-400,1200,"sd","11:29:00",1990800
30800,-400,200,"sd","11:28:44",1989600
30800,-400,100,"sd","11:28:44",1989400
30800,-400,1000,"sd","11:28:44",1989300
30800,-400,400,"sd","11:28:44",1988300
30800,-400,200,"sd","11:28:44",1987900
30800,-400,100,"sd","11:28:44",1987700
30800,-400,200,"sd","11:28:44",1987600
30800,-400,300,"sd","11:28:44",1987400
30800,-400,100,"sd","11:28:44",1987100
30800,-400,1000,"sd","11:28:44",1987000
30800,-400,400,"sd","11:28:44",1986000
30800,-400,1000,"sd","11:28:44",1985600
30800,-400,1000,"sd","11:28:38",1984600
30800,-400,200,"sd","11:28:17",1983600
30800,-400,800,"sd","11:28:16",1983400
30800,-400,3000,"sd","11:28:16",1982600
30800,-400,1200,"sd","11:28:16",1979600
30800,-400,1000,"sd","11:27:54",1978400
30800,-400,800,"sd","11:27:43",1977400
30800,-400,700,"sd","11:27:43",1976600
30800,-400,300,"sd","11:26:57",1975900
30800,-400,100,"sd","11:26:57",1975600
30800,-400,100,"sd","11:26:57",1975500
30800,-400,100,"sd","11:26:52",1975400
30800,-400,1000,"sd","11:26:52",1975300
30800,-400,2000,"sd","11:26:51",1974300
30800,-400,1900,"sd","11:26:51",1972300
30850,-350,100,"bu","11:26:04",1970400
30850,-350,300,"bu","11:26:04",1970300
30850,-350,100,"bu","11:25:57",1970000
30850,-350,200,"sd","11:25:49",1969900
30850,-350,700,"sd","11:25:49",1969700
30850,-350,200,"sd","11:25:33",1969000
30850,-350,2000,"sd","11:25:32",1968800
30850,-350,2100,"sd","11:25:30",1966800
30850,-350,1100,"sd","11:25:30",1964700
30850,-350,5000,"sd","11:25:30",1963600
30850,-350,11800,"sd","11:25:30",1958600
30850,-350,10000,"sd","11:24:55",1946800
30850,-350,500,"sd","11:24:32",1936800
30850,-350,4500,"sd","11:24:32",1936300
30850,-350,300,"sd","11:24:24",1931800
30850,-350,200,"sd","11:24:17",1931500
30850,-350,800,"sd","11:24:17",1931300
30850,-350,200,"sd","11:24:06",1930500
30850,-350,200,"bu","11:23:40",1930300
30850,-350,100,"bu","11:23:38",1930100
30850,-350,500,"bu","11:23:30",1930000
30850,-350,500,"bu","11:23:30",1929500
30850,-350,500,"bu","11:23:29",1929000
30850,-350,1000,"bu","11:23:27",1928500
30850,-350,300,"bu","11:23:25",1927500
30800,-400,100,"sd","11:22:47",1927200
30800,-400,400,"sd","11:22:47",1927100
30850,-350,100,"bu","11:22:41",1926700
30800,-400,500,"sd","11:22:29",1926600
30850,-350,100,"bu","11:22:27",1926100
30800,-400,12000,"bu","11:21:42",1926000
30800,-400,17100,"bu","11:21:42",1914000
30750,-450,100,"sd","11:21:32",1896900
30750,-450,500,"sd","11:21:32",1896800
30750,-450,400,"sd","11:21:32",1896300
30750,-450,200,"sd","11:21:32",1895900
30750,-450,8200,"sd","11:21:32",1895700
30750,-450,100,"sd","11:21:32",1887500
30750,-450,500,"sd","11:21:32",1887400
30800,-400,300,"bu","11:21:26",1886900
30800,-400,2000,"bu","11:21:15",1886600
30800,-400,200,"bu","11:21:12",1884600
30800,-400,5000,"bu","11:21:06",1884400
30800,-400,100,"sd","11:21:04",1879400
30800,-400,25700,"sd","11:21:04",1879300
30800,-400,4000,"sd","11:21:04",1853600
30800,-400,1000,"sd","11:21:04",1849600
30800,-400,2000,"sd","11:21:04",1848600
30800,-400,5000,"sd","11:21:04",1846600
30800,-400,1000,"sd","11:21:04",1841600
30800,-400,500,"sd","11:21:04",1840600
30800,-400,2000,"sd","11:21:04",1840100
30800,-400,200,"sd","11:21:04",1838100
30800,-400,100,"sd","11:21:04",1837900
30800,-400,100,"sd","11:21:04",1837800
30800,-400,100,"sd","11:21:04",1837700
30800,-400,3000,"sd","11:21:04",1837600
30800,-400,500,"sd","11:21:04",1834600
30800,-400,5000,"sd","11:21:04",1834100
30800,-400,1000,"sd","11:21:04",1829100
30800,-400,500,"sd","11:21:04",1828100
30800,-400,600,"sd","11:21:04",1827600
30800,-400,4000,"sd","11:21:04",1827000
30800,-400,100,"sd","11:21:04",1823000
30800,-400,100,"sd","11:21:04",1822900
30800,-400,100,"sd","11:21:04",1822800
30800,-400,1000,"sd","11:21:04",1822700
30800,-400,200,"sd","11:21:04",1821700
30800,-400,600,"sd","11:21:04",1821500
30800,-400,500,"sd","11:21:04",1820900
30800,-400,100,"sd","11:21:04",1820400
30800,-400,1000,"sd","11:21:04",1820300
30800,-400,5000,"sd","11:21:04",1819300
30800,-400,1500,"sd","11:21:04",1814300
30800,-400,500,"sd","11:21:04",1812800
30800,-400,500,"sd","11:21:04",1812300
30800,-400,4500,"sd","11:21:04",1811800
30800,-400,300,"sd","11:21:04",1807300
30800,-400,1000,"sd","11:21:04",1807000
30800,-400,300,"sd","11:21:04",1806000
30800,-400,200,"sd","11:21:04",1805700
30800,-400,100,"sd","11:21:04",1805500
30800,-400,10000,"sd","11:21:04",1805400
30800,-400,2000,"sd","11:21:04",1795400
30800,-400,100,"sd","11:21:04",1793400
30800,-400,100,"sd","11:21:04",1793300
30800,-400,500,"sd","11:21:04",1793200
30800,-400,30000,"sd","11:21:04",1792700
30800,-400,100,"sd","11:21:04",1762700
30800,-400,100,"sd","11:21:04",1762600
30800,-400,100,"sd","11:21:04",1762500
30800,-400,2000,"sd","11:21:04",1762400
30800,-400,100,"sd","11:21:04",1760400
30800,-400,900,"sd","11:21:04",1760300
30800,-400,1300,"sd","11:21:04",1759400
30800,-400,200,"sd","11:21:04",1758100
30800,-400,500,"sd","11:21:04",1757900
30800,-400,200,"sd","11:21:04",1757400
30800,-400,1000,"sd","11:21:04",1757200
30800,-400,5000,"sd","11:20:28",1756200
30800,-400,100,"sd","11:20:27",1751200
30800,-400,300,"sd","11:20:27",1751100
30800,-400,100,"sd","11:20:27",1750800
30800,-400,200,"sd","11:20:27",1750700
30800,-400,300,"sd","11:20:27",1750500
30800,-400,500,"sd","11:20:27",1750200
30800,-400,2000,"sd","11:20:27",1749700
30800,-400,500,"sd","11:20:27",1747700
30800,-400,1000,"sd","11:20:27",1747200
30850,-350,300,"bu","11:20:16",1746200
30850,-350,300,"bu","11:20:16",1745900
30850,-350,100,"bu","11:20:08",1745600
30850,-350,300,"bu","11:20:08",1745500
30850,-350,100,"bu","11:20:03",1745200
30850,-350,500,"bu","11:20:00",1745100
30850,-350,100,"bu","11:19:52",1744600
30850,-350,200,"bu","11:19:49",1744500
30850,-350,100,"bu","11:19:46",1744300
30850,-350,600,"sd","11:19:44",1744200
30850,-350,2000,"sd","11:19:44",1743600
30850,-350,2000,"sd","11:19:44",1741600
30850,-350,100,"sd","11:19:44",1739600
30850,-350,5000,"sd","11:19:44",1739500
30850,-350,5000,"sd","11:19:44",1734500
30850,-350,100,"sd","11:19:44",1729500
30850,-350,100,"sd","11:19:44",1729400
30850,-350,400,"sd","11:19:44",1729300
30850,-350,2000,"sd","11:19:44",1728900
30850,-350,5000,"sd","11:19:44",1726900
30850,-350,400,"sd","11:19:44",1721900
30850,-350,500,"sd","11:19:44",1721500
30850,-350,200,"sd","11:19:44",1721000
30850,-350,1000,"sd","11:19:44",1720800
30850,-350,500,"sd","11:19:44",1719800
30850,-350,100,"sd","11:19:44",1719300
30850,-350,5000,"sd","11:19:44",1719200
30850,-350,1000,"sd","11:19:44",1714200
30850,-350,100,"sd","11:19:44",1713200
30850,-350,1000,"sd","11:19:44",1713100
30850,-350,5000,"sd","11:19:44",1712100
30850,-350,500,"sd","11:19:44",1707100
30850,-350,5000,"sd","11:19:44",1706600
30850,-350,500,"sd","11:19:44",1701600
30850,-350,1000,"sd","11:19:44",1701100
30850,-350,500,"sd","11:19:44",1700100
30850,-350,100,"sd","11:19:44",1699600
30850,-350,200,"sd","11:19:44",1699500
30850,-350,500,"sd","11:19:44",1699300
30850,-350,3300,"sd","11:19:44",1698800
30850,-350,1700,"sd","11:19:43",1695500
30850,-350,300,"sd","11:19:43",1693800
30850,-350,500,"sd","11:19:35",1693500
30850,-350,100,"sd","11:19:35",1693000
30850,-350,300,"sd","11:19:35",1692900
30850,-350,100,"sd","11:19:35",1692600
30900,-300,100,"sd","11:18:58",1692500
30900,-300,500,"sd","11:18:58",1692400
30900,-300,100,"sd","11:18:58",1691900
30900,-300,5000,"sd","11:18:58",1691800
30900,-300,500,"sd","11:18:58",1686800
30900,-300,200,"sd","11:18:58",1686300
30900,-300,100,"sd","11:18:58",1686100
30900,-300,700,"sd","11:18:58",1686000
30900,-300,300,"sd","11:18:58",1685300
30900,-300,500,"sd","11:18:58",1685000
30900,-300,100,"sd","11:18:58",1684500
30900,-300,100,"sd","11:18:58",1684400
30900,-300,100,"sd","11:18:58",1684300
30900,-300,200,"sd","11:18:58",1684200
30900,-300,100,"sd","11:18:58",1684000
30900,-300,100,"sd","11:18:58",1683900
30900,-300,800,"sd","11:18:58",1683800
30900,-300,1200,"sd","11:18:58",1683000
30950,-250,600,"sd","11:18:58",1681800
30950,-250,400,"sd","11:18:30",1681200
30950,-250,100,"sd","11:18:30",1680800
30900,-300,1800,"sd","11:15:46",1680700
30900,-300,200,"sd","11:15:46",1678900
30900,-300,300,"sd","11:15:40",1678700
30900,-300,500,"sd","11:15:04",1678400
30900,-300,200,"sd","11:15:04",1677900
30900,-300,1000,"sd","11:15:04",1677700
30900,-300,500,"sd","11:15:04",1676700
30900,-300,1000,"sd","11:15:04",1676200
30900,-300,100,"sd","11:15:04",1675200
30900,-300,200,"sd","11:15:04",1675100
30900,-300,100,"sd","11:15:04",1674900
30900,-300,2000,"sd","11:15:04",1674800
30900,-300,20000,"sd","11:15:04",1672800
30900,-300,100,"sd","11:15:04",1652800
30900,-300,1000,"sd","11:15:04",1652700
30900,-300,100,"sd","11:15:04",1651700
30900,-300,1200,"sd","11:15:04",1651600
30900,-300,500,"sd","11:15:04",1650400
30900,-300,500,"sd","11:15:04",1649900
30900,-300,100,"sd","11:15:04",1649400
30900,-300,100,"sd","11:15:04",1649300
30900,-300,1000,"sd","11:15:04",1649200
30900,-300,1000,"sd","11:15:04",1648200
30900,-300,2700,"sd","11:15:04",1647200
30900,-300,200,"sd","11:15:04",1644500
30900,-300,1000,"sd","11:15:04",1644300
30900,-300,500,"sd","11:15:04",1643300
30900,-300,500,"sd","11:15:04",1642800
30900,-300,500,"sd","11:15:04",1642300
30900,-300,2000,"sd","11:15:04",1641800
30900,-300,500,"sd","11:15:04",1639800
30900,-300,14100,"sd","11:15:04",1639300
30900,-300,100,"sd","11:15:04",1625200
30900,-300,5000,"sd","11:15:04",1625100
30900,-300,100,"sd","11:15:04",1620100
30900,-300,500,"sd","11:15:04",1620000
30900,-300,100,"sd","11:15:04",1619500
30900,-300,300,"sd","11:15:04",1619400
30900,-300,3000,"sd","11:15:04",1619100
30900,-300,100,"sd","11:15:04",1616100
30900,-300,1200,"sd","11:15:04",1616000
31000,-200,1000,"bu","11:14:58",1614800
30950,-250,400,"bu","11:14:23",1613800
30950,-250,10000,"sd","11:14:14",1613400
30950,-250,1000,"sd","11:14:14",1603400
30950,-250,100,"sd","11:14:14",1602400
30950,-250,300,"sd","11:14:14",1602300
30950,-250,3000,"sd","11:14:14",1602000
30950,-250,500,"sd","11:14:14",1599000
30950,-250,1000,"sd","11:14:14",1598500
30950,-250,5000,"sd","11:14:14",1597500
30950,-250,200,"sd","11:14:14",1592500
30950,-250,2000,"sd","11:14:14",1592300
30950,-250,1000,"sd","11:14:14",1590300
30950,-250,100,"sd","11:14:14",1589300
30950,-250,100,"sd","11:14:14",1589200
30950,-250,5000,"sd","11:14:14",1589100
30950,-250,200,"sd","11:14:14",1584100
30950,-250,5000,"sd","11:14:14",1583900
30950,-250,1000,"sd","11:14:14",1578900
30950,-250,2000,"sd","11:14:14",1577900
30950,-250,5000,"sd","11:14:14",1575900
30950,-250,7100,"sd","11:14:14",1570900
31000,-200,7000,"unknown","11:13:58",1563800
31000,-200,500,"unknown","11:13:58",1556800
31000,-200,100,"unknown","11:13:58",1556300
31000,-200,100,"unknown","11:13:58",1556200
31000,-200,200,"unknown","11:13:58",1556100
31000,-200,500,"sd","11:13:58",1555900
31000,-200,100,"sd","11:13:58",1555400
31000,-200,500,"sd","11:13:58",1555300
31000,-200,2000,"sd","11:13:58",1554800
31000,-200,1000,"sd","11:13:58",1552800
31000,-200,3700,"sd","11:13:58",1551800
31000,-200,2000,"sd","11:13:58",1548100
31000,-200,300,"sd","11:13:58",1546100
31000,-200,500,"sd","11:13:58",1545800
31000,-200,1000,"sd","11:13:58",1545300
31000,-200,100,"sd","11:13:58",1544300
31000,-200,300,"sd","11:13:58",1544200
31000,-200,14400,"sd","11:13:58",1543900
31000,-200,200,"sd","11:13:58",1529500
31000,-200,1100,"sd","11:13:58",1529300
31000,-200,2000,"sd","11:13:58",1528200
31000,-200,500,"sd","11:13:58",1526200
31000,-200,1000,"sd","11:13:58",1525700
31000,-200,300,"sd","11:13:58",1524700
31000,-200,100,"sd","11:13:58",1524400
31000,-200,1000,"sd","11:13:58",1524300
31000,-200,200,"sd","11:13:58",1523300
31000,-200,100,"sd","11:13:58",1523100
31000,-200,200,"sd","11:13:58",1523000
31000,-200,200,"sd","11:13:58",1522800
31000,-200,2000,"sd","11:13:58",1522600
31000,-200,1000,"sd","11:13:58",1520600
31000,-200,300,"sd","11:13:58",1519600
31000,-200,15800,"sd","11:13:58",1519300
31000,-200,100,"sd","11:13:43",1503500
31050,-150,400,"bu","11:13:43",1503400
31050,-150,5600,"bu","11:13:43",1503000
31050,-150,4400,"bu","11:13:14",1497400
31050,-150,200,"bu","11:13:14",1493000
31050,-150,500,"bu","11:13:14",1492800
31000,-200,500,"sd","11:12:17",1492300
31000,-200,5000,"sd","11:12:05",1491800
31000,-200,3000,"sd","11:10:17",1486800
31000,-200,2000,"sd","11:10:05",1483800
31000,-200,500,"sd","11:10:04",1481800
31000,-200,300,"sd","11:09:53",1481300
31000,-200,100,"sd","11:09:15",1481000
31050,-150,500,"bu","11:09:15",1480900
31000,-200,100,"sd","11:09:14",1480400
31000,-200,1800,"sd","11:08:50",1480300
31000,-200,800,"sd","11:08:22",1478500
31000,-200,19200,"sd","11:08:22",1477700
31000,-200,7400,"sd","11:07:02",1458500
31050,-150,200,"bu","11:07:00",1451100
31000,-200,200,"sd","11:06:29",1450900
31000,-200,1000,"sd","11:05:47",1450700
31000,-200,1000,"sd","11:05:46",1449700
31000,-200,1200,"sd","11:05:17",1448700
31000,-200,200,"sd","11:05:17",1447500
31000,-200,200,"sd","11:05:17",1447300
31000,-200,2200,"sd","11:05:17",1447100
31000,-200,1400,"sd","11:05:17",1444900
31000,-200,300,"sd","11:04:37",1443500
31000,-200,300,"sd","11:04:27",1443200
31000,-200,200,"sd","11:04:27",1442900
31000,-200,5000,"sd","11:04:24",1442700
31050,-150,500,"sd","11:03:34",1437700
31050,-150,1000,"sd","11:03:34",1437200
31050,-150,5000,"sd","11:03:34",1436200
31050,-150,100,"sd","11:03:34",1431200
31050,-150,400,"sd","11:03:34",1431100
31050,-150,4600,"sd","11:03:01",1430700
31050,-150,5000,"sd","11:03:01",1426100
31050,-150,400,"sd","11:03:01",1421100
31100,-100,300,"bu","11:00:44",1420700
31050,-150,2000,"sd","11:00:28",1420400
31050,-150,600,"sd","11:00:28",1418400
31050,-150,300,"sd","11:00:28",1417800
31050,-150,100,"sd","11:00:28",1417500
31050,-150,200,"sd","11:00:01",1417400
31050,-150,100,"sd","11:00:01",1417200
31050,-150,100,"sd","11:00:01",1417100
31050,-150,500,"sd","11:00:01",1417000
31050,-150,100,"sd","11:00:01",1416500
31050,-150,300,"sd","10:59:10",1416400
31100,-100,100,"bu","10:58:44",1416100
31100,-100,500,"sd","10:58:38",1416000
31150,-50,300,"bu","10:58:29",1415500
31100,-100,100,"sd","10:58:11",1415200
31100,-100,4400,"sd","10:57:54",1415100
31100,-100,600,"sd","10:57:54",1410700
31100,-100,400,"sd","10:57:14",1410100
31100,-100,300,"sd","10:57:14",1409700
31100,-100,100,"sd","10:57:14",1409400
31100,-100,100,"sd","10:57:14",1409300
31100,-100,100,"sd","10:57:14",1409200
31100,-100,100,"sd","10:56:29",1409100
31100,-100,1200,"sd","10:56:10",1409000
31100,-100,400,"sd","10:56:10",1407800
31100,-100,600,"sd","10:55:53",1407400
31100,-100,500,"sd","10:55:53",1406800
31100,-100,8900,"sd","10:55:53",1406300
31100,-100,5000,"sd","10:55:21",1397400
31150,-50,100,"bu","10:54:54",1392400
31150,-50,400,"bu","10:54:46",1392300
31150,-50,100,"bu","10:53:25",1391900
31150,-50,100,"bu","10:53:25",1391800
31150,-50,500,"sd","10:52:50",1391700
31150,-50,100,"sd","10:52:50",1391200
31150,-50,400,"sd","10:52:50",1391100
31150,-50,100,"sd","10:52:38",1390700
31200,0,1500,"sd","10:50:34",1390600
31200,0,500,"sd","10:50:34",1389100
31200,0,3000,"sd","10:50:34",1388600
31200,0,3200,"sd","10:50:34",1385600
31200,0,2800,"sd","10:50:30",1382400
31200,0,200,"sd","10:50:30",1379600
31200,0,2000,"sd","10:50:30",1379400
31200,0,2000,"sd","10:50:30",1377400
31200,0,1000,"sd","10:50:30",1375400
31200,0,1000,"sd","10:50:30",1374400
31200,0,100,"sd","10:50:30",1373400
31200,0,100,"sd","10:50:30",1373300
31200,0,100,"sd","10:50:30",1373200
31200,0,700,"sd","10:50:30",1373100
31200,0,7000,"sd","10:50:14",1372400
31200,0,300,"sd","10:50:07",1365400
31250,50,1200,"bu","10:49:51",1365100
31250,50,100,"bu","10:49:16",1363900
31250,50,2000,"sd","10:48:58",1363800
31250,50,1000,"unknown","10:48:57",1361800
31250,50,1000,"sd","10:48:38",1360800
31250,50,1000,"sd","10:48:38",1359800
31250,50,500,"bu","10:48:22",1358800
31250,50,300,"bu","10:48:22",1358300
31250,50,200,"sd","10:48:16",1358000
31250,50,400,"sd","10:48:04",1357800
31250,50,1000,"sd","10:48:00",1357400
31250,50,100,"sd","10:47:25",1356400
31300,100,4000,"bu","10:47:23",1356300
31300,100,1000,"bu","10:47:23",1352300
31300,100,1500,"bu","10:47:23",1351300
31300,100,200,"bu","10:47:23",1349800
31300,100,1000,"bu","10:47:23",1349600
31300,100,7300,"bu","10:47:23",1348600
31300,100,500,"bu","10:47:19",1341300
31300,100,1000,"bu","10:47:13",1340800
31300,100,200,"bu","10:47:12",1339800
31300,100,300,"bu","10:47:00",1339600
31300,100,300,"bu","10:46:58",1339300
31300,100,400,"bu","10:46:42",1339000
31300,100,500,"bu","10:46:42",1338600
31300,100,1000,"bu","10:46:42",1338100
31300,100,1500,"bu","10:46:42",1337100
31300,100,100,"bu","10:46:42",1335600
31300,100,200,"bu","10:46:42",1335500
31300,100,500,"bu","10:46:42",1335300
31300,100,500,"bu","10:46:42",1334800
31300,100,300,"bu","10:46:42",1334300
31250,50,100,"sd","10:46:35",1334000
31250,50,1000,"bu","10:45:53",1333900
31250,50,200,"bu","10:45:53",1332900
31250,50,300,"bu","10:45:53",1332700
31250,50,3000,"bu","10:45:53",1332400
31250,50,100,"bu","10:45:53",1329400
31250,50,4000,"bu","10:45:53",1329300
31250,50,200,"bu","10:45:53",1325300
31250,50,100,"bu","10:45:53",1325100
31250,50,900,"bu","10:45:53",1325000
31250,50,1000,"bu","10:44:57",1324100
31250,50,100,"bu","10:43:59",1323100
31250,50,100,"bu","10:43:44",1323000
31200,0,200,"sd","10:43:29",1322900
31200,0,10000,"sd","10:43:11",1322700
31200,0,8900,"sd","10:43:03",1312700
31200,0,100,"sd","10:42:41",1303800
31200,0,2800,"sd","10:41:55",1303700
31200,0,2200,"sd","10:41:55",1300900
31250,50,900,"sd","10:41:09",1298700
31250,50,100,"bu","10:40:57",1297800
31250,50,500,"bu","10:40:56",1297700
31200,0,300,"sd","10:40:55",1297200
31200,0,1000,"sd","10:40:55",1296900
31200,0,3700,"sd","10:40:55",1295900
31250,50,400,"bu","10:40:50",1292200
31250,50,400,"bu","10:40:50",1291800
31250,50,600,"bu","10:40:25",1291400
31250,50,100,"bu","10:40:25",1290800
31250,50,300,"bu","10:40:25",1290700
31250,50,700,"bu","10:39:54",1290400
31250,50,300,"bu","10:39:54",1289700
31250,50,500,"bu","10:39:22",1289400
31250,50,200,"bu","10:39:22",1288900
31200,0,10000,"sd","10:39:20",1288700
31200,0,6400,"bu","10:38:48",1278700
31200,0,100,"bu","10:38:48",1272300
31200,0,10000,"bu","10:38:48",1272200
31200,0,1000,"bu","10:38:48",1262200
31200,0,100,"bu","10:38:48",1261200
31200,0,100,"bu","10:38:48",1261100
31200,0,200,"bu","10:38:48",1261000
31200,0,500,"bu","10:38:48",1260800
31200,0,5000,"bu","10:38:48",1260300
31200,0,500,"bu","10:38:48",1255300
31200,0,300,"bu","10:38:48",1254800
31200,0,1000,"bu","10:38:48",1254500
31200,0,800,"bu","10:38:48",1253500
31200,0,600,"bu","10:38:48",1252700
31200,0,1000,"bu","10:38:48",1252100
31200,0,1000,"bu","10:38:48",1251100
31200,0,2000,"bu","10:38:48",1250100
31200,0,1000,"bu","10:38:48",1248100
31200,0,200,"bu","10:38:48",1247100
31200,0,500,"bu","10:38:48",1246900
31200,0,200,"bu","10:38:48",1246400
31200,0,200,"bu","10:38:48",1246200
31200,0,2000,"bu","10:38:48",1246000
31200,0,8200,"bu","10:38:39",1244000
31200,0,500,"bu","10:37:20",1235800
31200,0,10000,"bu","10:37:05",1235300
31200,0,500,"bu","10:36:48",1225300
31150,-50,300,"sd","10:36:28",1224800
31200,0,10000,"bu","10:36:27",1224500
31200,0,1000,"bu","10:36:23",1214500
31200,0,28800,"bu","10:36:03",1213500
31200,0,1000,"bu","10:36:03",1184700
31200,0,100,"bu","10:36:03",1183600
31200,0,100,"bu","10:36:03",1183700
31150,-50,300,"bu","10:35:54",1183500
31150,-50,100,"bu","10:35:54",1183200
31150,-50,4000,"bu","10:35:54",1183100
31150,-50,100,"bu","10:35:53",1179100
31150,-50,200,"bu","10:35:33",1179000
31150,-50,500,"bu","10:35:31",1178800
31150,-50,100,"bu","10:35:26",1178300
31150,-50,100,"bu","10:35:19",1178200
31150,-50,300,"bu","10:35:19",1178100
31150,-50,200,"bu","10:35:19",1177800
31150,-50,300,"bu","10:35:07",1177600
31150,-50,500,"bu","10:35:07",1177300
31150,-50,500,"bu","10:35:07",1176800
31150,-50,600,"bu","10:35:07",1176300
31150,-50,100,"bu","10:35:07",1175700
31150,-50,1000,"bu","10:35:07",1175600
31150,-50,1500,"bu","10:35:03",1174600
31150,-50,2500,"bu","10:34:55",1173100
31150,-50,2500,"bu","10:34:55",1170600
31100,-100,100,"sd","10:34:50",1168100
31100,-100,100,"sd","10:34:36",1168000
31150,-50,700,"bu","10:34:14",1167900
31150,-50,1800,"bu","10:34:12",1167200
31150,-50,200,"bu","10:34:12",1165400
31150,-50,300,"bu","10:34:11",1165200
31150,-50,200,"bu","10:33:52",1164900
31150,-50,100,"bu","10:33:47",1164700
31150,-50,3000,"bu","10:33:47",1164600
31100,-100,1000,"sd","10:33:17",1161600
31100,-100,100,"sd","10:33:17",1160600
31100,-100,10000,"sd","10:33:17",1160500
31100,-100,100,"sd","10:33:17",1150500
31100,-100,200,"bu","10:33:17",1150400
31100,-100,1000,"bu","10:33:17",1150200
31100,-100,100,"bu","10:33:17",1149200
31100,-100,3400,"bu","10:33:17",1149100
31050,-150,100,"sd","10:32:05",1145700
31100,-100,600,"bu","10:32:03",1145600
31100,-100,600,"bu","10:32:03",1145000
31100,-100,1000,"bu","10:32:03",1144400
31100,-100,100,"bu","10:32:03",1143400
31100,-100,2600,"bu","10:32:03",1143300
31100,-100,1000,"bu","10:32:03",1140700
31100,-100,4800,"bu","10:32:03",1139700
31050,-150,2700,"bu","10:31:14",1134900
31050,-150,300,"sd","10:31:04",1132200
31050,-150,100,"sd","10:31:04",1131900
31050,-150,600,"sd","10:31:04",1131800
31050,-150,5600,"sd","10:31:04",1131200
31050,-150,700,"sd","10:31:04",1125600
31050,-150,300,"bu","10:30:33",1124900
31050,-150,200,"bu","10:30:32",1124600
31050,-150,800,"bu","10:30:32",1124400
31050,-150,1000,"bu","10:30:30",1123600
31050,-150,2000,"bu","10:30:30",1122600
31050,-150,200,"bu","10:30:30",1120600
31050,-150,100,"bu","10:30:27",1120400
31050,-150,1000,"bu","10:30:23",1120300
31050,-150,100,"bu","10:30:20",1119300
31050,-150,5700,"bu","10:30:14",1119200
31050,-150,500,"bu","10:30:12",1113500
31050,-150,3600,"bu","10:30:11",1113000
31050,-150,200,"bu","10:30:11",1109400
31050,-150,1200,"bu","10:30:11",1109200
31050,-150,3000,"bu","10:29:45",1108000
31000,-200,2000,"bu","10:29:32",1105000
31000,-200,400,"bu","10:29:32",1103000
31000,-200,900,"bu","10:29:32",1102600
31000,-200,200,"bu","10:29:32",1101700
31000,-200,100,"bu","10:29:32",1101500
31000,-200,800,"bu","10:29:32",1101400
31000,-200,10000,"bu","10:29:32",1100600
31000,-200,100,"bu","10:29:32",1090600
31000,-200,1000,"bu","10:29:32",1090500
31000,-200,500,"bu","10:29:32",1089500
31000,-200,800,"bu","10:29:32",1089000
31000,-200,1200,"bu","10:29:32",1088200
31000,-200,9800,"bu","10:29:32",1087000
31000,-200,300,"bu","10:29:29",1077200
31000,-200,5000,"bu","10:29:27",1076900
30950,-250,500,"sd","10:29:27",1071900
31000,-200,10400,"bu","10:29:26",1071400
31000,-200,1100,"bu","10:29:26",1061000
31000,-200,10000,"bu","10:29:26",1059900
31000,-200,8500,"bu","10:29:26",1049900
31000,-200,3000,"bu","10:29:23",1041400
31000,-200,20000,"bu","10:29:23",1038400
31000,-200,1000,"bu","10:29:18",1018400
31000,-200,2900,"bu","10:29:12",1017400
31000,-200,2900,"bu","10:28:59",1014500
31000,-200,10000,"bu","10:28:58",1011600
31000,-200,200,"bu","10:28:41",1001600
31000,-200,200,"bu","10:28:31",1001400
31000,-200,1000,"bu","10:28:03",1001200
31000,-200,500,"bu","10:27:40",1000200
31000,-200,2000,"bu","10:27:37",999700
31000,-200,100,"bu","10:27:28",997700
31000,-200,23000,"bu","10:26:57",997600
31000,-200,500,"bu","10:25:33",974600
31000,-200,100,"bu","10:25:16",974100
31000,-200,1000,"bu","10:25:00",974000
30950,-250,500,"sd","10:24:05",973000
30950,-250,3000,"sd","10:23:39",972500
30950,-250,100,"bu","10:23:34",969500
30950,-250,8800,"bu","10:23:34",969400
30950,-250,1200,"bu","10:23:25",960600
30950,-250,500,"bu","10:23:25",959400
30950,-250,300,"bu","10:23:25",958900
30950,-250,1000,"bu","10:23:21",958600
30950,-250,200,"bu","10:23:17",957600
30950,-250,200,"bu","10:23:08",957400
30900,-300,200,"sd","10:22:41",957200
30900,-300,900,"sd","10:21:42",957000
30900,-300,2000,"sd","10:20:55",956100
30900,-300,700,"sd","10:20:46",954100
30900,-300,1000,"sd","10:20:46",953400
30900,-300,300,"sd","10:20:46",952400
30900,-300,1400,"sd","10:20:27",952100
30900,-300,300,"sd","10:20:27",950700
30900,-300,300,"sd","10:20:27",950400
30950,-250,800,"bu","10:20:18",950100
30900,-300,200,"sd","10:19:30",949300
30900,-300,100,"sd","10:19:30",949100
30900,-300,200,"sd","10:19:30",949000
30900,-300,300,"sd","10:19:30",948800
30900,-300,100,"sd","10:19:30",948500
30900,-300,100,"sd","10:19:30",948400
30950,-250,900,"sd","10:19:02",948300
30950,-250,1000,"sd","10:19:02",947400
30950,-250,600,"sd","10:19:02",946400
30950,-250,2400,"sd","10:19:01",945800
30950,-250,500,"sd","10:19:01",943400
30950,-250,200,"sd","10:19:01",942900
30950,-250,100,"sd","10:19:01",942700
30950,-250,2000,"sd","10:19:01",942600
30950,-250,1000,"sd","10:19:01",940600
30950,-250,600,"sd","10:19:01",939600
30950,-250,3000,"sd","10:19:01",939000
30950,-250,500,"sd","10:19:01",936000
30950,-250,100,"sd","10:19:01",935500
30950,-250,200,"sd","10:19:01",935400
30950,-250,9400,"sd","10:19:01",935200
30950,-250,600,"sd","10:18:58",925800
30950,-250,1000,"sd","10:18:58",925200
30950,-250,400,"sd","10:18:58",924200
30950,-250,1600,"sd","10:18:32",923800
30950,-250,1000,"sd","10:18:32",922200
30950,-250,2400,"sd","10:18:32",921200
30950,-250,2600,"sd","10:18:29",918800
30950,-250,7400,"sd","10:18:29",916200
31000,-200,2000,"bu","10:18:20",908800
30950,-250,20000,"sd","10:18:19",906800
30950,-250,1000,"sd","10:17:43",886800
30950,-250,1600,"sd","10:17:29",885800
30950,-250,400,"sd","10:17:29",884200
30950,-250,100,"sd","10:17:18",883800
30950,-250,500,"sd","10:17:17",883700
30950,-250,500,"sd","10:17:17",883200
30950,-250,500,"sd","10:15:28",882700
31000,-200,5000,"bu","10:14:43",882200
31000,-200,1000,"sd","10:14:25",877200
31000,-200,2000,"sd","10:14:25",876200
31000,-200,400,"sd","10:14:25",874200
31000,-200,1000,"sd","10:14:25",873800
31000,-200,100,"sd","10:14:25",872800
31000,-200,1600,"sd","10:14:25",872700
31000,-200,2000,"sd","10:14:19",871100
31000,-200,400,"sd","10:14:19",869100
31000,-200,2200,"sd","10:14:19",868700
31000,-200,3400,"sd","10:14:19",866500
31000,-200,2000,"sd","10:14:19",863100
31000,-200,7800,"sd","10:13:55",861100
31000,-200,100,"sd","10:13:55",853300
31000,-200,4100,"sd","10:13:55",853200
31050,-150,800,"sd","10:13:10",849100
31050,-150,200,"sd","10:13:10",848300
31050,-150,700,"sd","10:13:10",848100
31050,-150,300,"sd","10:13:08",847400
31050,-150,5700,"sd","10:13:08",847100
31050,-150,2000,"sd","10:13:07",841400
31050,-150,300,"sd","10:12:55",839400
31050,-150,700,"sd","10:12:55",839100
31050,-150,300,"sd","10:12:17",838400
31050,-150,100,"sd","10:12:17",838100
31050,-150,9600,"sd","10:12:17",838000
31050,-150,400,"sd","10:11:44",828400
31050,-150,100,"sd","10:11:43",828000
31050,-150,500,"sd","10:11:43",827900
31050,-150,1000,"sd","10:11:13",827400
31050,-150,1000,"sd","10:11:13",826400
31050,-150,1000,"sd","10:11:09",825400
31050,-150,2000,"sd","10:10:34",824400
31050,-150,2000,"bu","10:10:13",822400
31050,-150,2000,"bu","10:10:13",820400
31050,-150,2000,"bu","10:10:13",818400
31000,-200,400,"sd","10:10:08",816400
31050,-150,1500,"bu","10:10:03",816000
31050,-150,1000,"sd","10:09:56",814500
31050,-150,500,"sd","10:09:56",813500
31050,-150,1300,"bu","10:09:25",813000
31050,-150,100,"bu","10:09:25",811700
31050,-150,500,"bu","10:09:25",811600
31050,-150,2600,"bu","10:09:25",811100
31050,-150,200,"bu","10:09:22",808500
31050,-150,200,"bu","10:09:18",808300
31050,-150,300,"bu","10:09:18",808100
31050,-150,500,"bu","10:09:11",807800
31050,-150,500,"bu","10:09:11",807300
31050,-150,100,"bu","10:09:01",806800
31000,-200,200,"sd","10:07:53",806700
31050,-150,400,"bu","10:06:48",806500
31050,-150,1000,"bu","10:06:48",806100
31050,-150,800,"bu","10:06:48",805100
31050,-150,1000,"bu","10:06:48",804300
31050,-150,3000,"bu","10:06:48",803300
31050,-150,300,"bu","10:06:48",800300
31050,-150,3500,"bu","10:06:48",800000
31000,-200,200,"bu","10:06:28",796500
31000,-200,2000,"bu","10:06:28",796300
31000,-200,500,"bu","10:06:28",794300
30950,-250,2600,"bu","10:06:28",793800
30950,-250,1000,"bu","10:06:27",791200
30950,-250,500,"bu","10:06:22",790200
30950,-250,500,"bu","10:06:17",789700
30950,-250,5000,"bu","10:06:09",789200
30950,-250,30000,"bu","10:05:57",784200
30950,-250,5000,"sd","10:05:57",754200
30950,-250,1000,"sd","10:05:57",749200
30950,-250,1000,"sd","10:05:57",748200
30950,-250,400,"sd","10:05:57",747200
31000,-200,500,"sd","10:05:57",746800
31000,-200,2500,"sd","10:05:57",746300
31000,-200,1500,"bu","10:05:55",743800
31000,-200,1000,"bu","10:05:55",742300
31000,-200,300,"bu","10:05:48",741300
31000,-200,500,"bu","10:05:48",741000
31000,-200,500,"bu","10:05:48",740500
31000,-200,700,"bu","10:05:48",740000
31000,-200,500,"bu","10:05:39",739300
31000,-200,500,"bu","10:05:37",738800
31000,-200,700,"bu","10:05:16",738300
31000,-200,500,"bu","10:05:16",737600
31000,-200,400,"bu","10:05:16",737100
31000,-200,600,"bu","10:05:16",736700
31000,-200,500,"bu","10:05:16",736100
31000,-200,1000,"bu","10:05:16",735600
31000,-200,1000,"bu","10:05:16",734600
31000,-200,100,"bu","10:05:16",733600
31000,-200,1000,"bu","10:05:16",733500
31000,-200,100,"bu","10:05:16",732500
31000,-200,1000,"bu","10:05:16",732400
31000,-200,3000,"bu","10:05:16",731400
31000,-200,100,"bu","10:05:16",728400
30950,-250,500,"bu","10:04:57",728300
30950,-250,100,"bu","10:04:57",727800
30950,-250,500,"bu","10:04:57",727700
30950,-250,200,"bu","10:04:57",727200
30950,-250,100,"bu","10:04:57",727000
30950,-250,200,"bu","10:04:57",726900
30950,-250,2000,"bu","10:04:57",726700
30950,-250,1000,"bu","10:04:57",724700
30950,-250,1900,"bu","10:04:46",723700
30950,-250,6100,"bu","10:04:46",721800
30950,-250,30000,"bu","10:04:41",715700
30900,-300,500,"sd","10:04:21",685700
30950,-250,5000,"bu","10:04:08",685200
30950,-250,2000,"bu","10:04:07",680200
30950,-250,4000,"bu","10:04:06",678200
30950,-250,500,"bu","10:03:41",674200
30950,-250,200,"bu","10:03:38",673700
30950,-250,100,"bu","10:01:51",673500
30950,-250,1600,"bu","10:01:18",673400
30950,-250,300,"bu","10:00:16",671800
30950,-250,100,"bu","09:59:47",671500
30950,-250,100,"bu","09:58:57",671400
30900,-300,300,"bu","09:58:42",671300
30900,-300,200,"bu","09:58:42",671000
30900,-300,200,"sd","09:58:22",670800
30900,-300,300,"sd","09:58:22",670600
30900,-300,100,"sd","09:58:22",670300
30900,-300,400,"sd","09:58:22",670200
30900,-300,100,"sd","09:58:21",669800
30900,-300,1300,"sd","09:57:11",669700
30900,-300,700,"bu","09:57:09",668400
30900,-300,200,"sd","09:57:04",667700
30900,-300,200,"sd","09:57:04",667500
30900,-300,700,"sd","09:57:04",667300
30900,-300,1100,"bu","09:56:35",666600
30900,-300,400,"bu","09:56:26",665500
30900,-300,600,"bu","09:56:26",665100
30900,-300,500,"bu","09:56:17",664500
30900,-300,1000,"bu","09:55:59",664000
30900,-300,400,"bu","09:55:50",663000
30900,-300,100,"bu","09:55:47",662600
30900,-300,300,"bu","09:55:46",662500
30900,-300,1000,"bu","09:55:41",662200
30900,-300,300,"bu","09:55:21",661200
30900,-300,800,"bu","09:55:14",660900
30900,-300,4200,"bu","09:55:14",660100
30900,-300,5000,"sd","09:54:53",655900
30900,-300,800,"sd","09:54:53",650900
30900,-300,1200,"sd","09:54:45",650100
30900,-300,800,"sd","09:54:45",648900
30900,-300,400,"sd","09:54:41",648100
30900,-300,300,"sd","09:54:29",647700
30950,-250,1000,"bu","09:54:20",647400
30900,-300,300,"sd","09:54:01",646400
30950,-250,1000,"bu","09:53:57",646100
30900,-300,500,"unknown","09:53:34",645100
30950,-250,3800,"bu","09:53:30",644600
30900,-300,300,"bu","09:53:30",640800
30900,-300,900,"bu","09:53:30",640500
30850,-350,2600,"sd","09:53:09",639600
30850,-350,21300,"sd","09:53:09",637000
30900,-300,200,"bu","09:53:02",615700
30900,-300,5000,"sd","09:52:36",615500
30900,-300,1200,"sd","09:52:36",610500
30900,-300,800,"sd","09:52:19",609300
30900,-300,200,"sd","09:52:19",608500
30900,-300,100,"sd","09:52:17",608300
30900,-300,200,"unknown","09:51:47",608200
30850,-350,200,"sd","09:51:44",608000
30850,-350,8500,"sd","09:51:27",607800
30850,-350,300,"sd","09:51:27",599300
30850,-350,200,"sd","09:51:27",599000
30850,-350,5000,"sd","09:51:27",598800
30850,-350,500,"sd","09:51:27",593800
30850,-350,100,"sd","09:51:27",593300
30900,-300,5400,"sd","09:51:27",593200
30900,-300,300,"bu","09:51:27",587800
30900,-300,500,"bu","09:51:27",587500
30900,-300,1900,"bu","09:51:27",587000
30900,-300,500,"bu","09:51:27",585100
30900,-300,1400,"bu","09:51:27",584600
30900,-300,100,"bu","09:50:23",583200
30900,-300,2000,"sd","09:50:10",583100
30900,-300,100,"sd","09:50:10",581100
30900,-300,500,"sd","09:50:10",581000
30900,-300,200,"sd","09:50:10",580500
30900,-300,100,"sd","09:50:10",580300
30900,-300,100,"sd","09:50:10",580200
30900,-300,5000,"sd","09:50:10",580100
30900,-300,300,"sd","09:50:10",575100
30900,-300,100,"sd","09:50:10",574800
30900,-300,500,"sd","09:50:10",574700
30900,-300,9600,"sd","09:50:10",574200
30900,-300,400,"sd","09:49:34",564600
30900,-300,100,"sd","09:49:34",564200
30900,-300,2000,"sd","09:49:34",564100
30900,-300,500,"sd","09:49:34",562100
30900,-300,100,"sd","09:49:28",561600
30900,-300,100,"sd","09:49:18",561500
30900,-300,1000,"sd","09:49:18",561400
30900,-300,100,"sd","09:49:18",560400
30900,-300,100,"sd","09:49:18",560300
30900,-300,1300,"sd","09:49:18",560200
30900,-300,1400,"sd","09:49:16",558900
30900,-300,200,"sd","09:49:16",557500
30900,-300,3400,"sd","09:49:16",557300
30900,-300,1600,"sd","09:48:17",553900
30900,-300,500,"sd","09:48:17",552300
30900,-300,300,"sd","09:48:17",551800
30900,-300,100,"sd","09:48:17",551500
30900,-300,500,"sd","09:48:17",551400
30900,-300,200,"sd","09:48:17",550900
30900,-300,100,"sd","09:48:17",550700
30900,-300,2000,"sd","09:48:17",550600
30900,-300,100,"sd","09:48:17",548600
30900,-300,4600,"sd","09:48:17",548500
30900,-300,400,"sd","09:48:05",543900
30900,-300,100,"sd","09:48:05",543500
30900,-300,500,"sd","09:48:05",543400
30900,-300,100,"sd","09:47:14",542900
30900,-300,3200,"sd","09:47:14",542800
30900,-300,100,"sd","09:47:14",539600
30900,-300,100,"sd","09:47:14",539500
30900,-300,500,"sd","09:47:14",539400
30900,-300,200,"sd","09:47:14",538900
30900,-300,100,"sd","09:47:14",538700
30900,-300,400,"sd","09:47:14",538600
30900,-300,100,"sd","09:47:14",538200
30900,-300,1000,"sd","09:47:04",538100
30950,-250,1000,"bu","09:46:33",537100
30950,-250,100,"bu","09:46:20",536100
30950,-250,100,"bu","09:45:35",536000
30950,-250,200,"bu","09:45:25",535900
30950,-250,1000,"sd","09:45:08",535700
30950,-250,300,"sd","09:45:08",534700
30950,-250,1000,"sd","09:45:08",534400
30950,-250,500,"sd","09:45:08",533400
30950,-250,200,"sd","09:44:46",532900
30950,-250,1000,"sd","09:44:46",532700
30950,-250,100,"sd","09:44:46",531700
30950,-250,200,"sd","09:44:46",531600
31000,-200,400,"sd","09:44:05",531400
31000,-200,11500,"sd","09:44:05",531000
31000,-200,100,"sd","09:44:03",519500
31000,-200,1000,"sd","09:43:50",519400
31000,-200,1000,"sd","09:43:28",518400
31000,-200,200,"sd","09:43:25",517400
31000,-200,500,"bu","09:42:56",517200
31000,-200,1000,"bu","09:42:56",516700
31000,-200,2000,"bu","09:42:56",515700
31000,-200,500,"bu","09:42:56",513700
31000,-200,100,"bu","09:42:56",513200
31000,-200,9000,"bu","09:42:56",513100
31000,-200,3000,"bu","09:42:56",504100
31000,-200,100,"bu","09:42:56",501100
31000,-200,100,"bu","09:42:55",501000
31000,-200,100,"bu","09:42:55",500900
31000,-200,100,"bu","09:42:53",500800
30950,-250,800,"sd","09:42:52",500700
30950,-250,100,"sd","09:42:52",499900
30950,-250,500,"sd","09:42:52",499800
30950,-250,500,"sd","09:42:52",499300
30950,-250,100,"sd","09:42:52",498800
31000,-200,200,"bu","09:42:42",498700
31000,-200,100,"bu","09:41:21",498500
31000,-200,1000,"bu","09:41:20",498400
31000,-200,100,"bu","09:41:10",497400
31000,-200,4900,"bu","09:40:57",497300
31000,-200,100,"bu","09:40:54",492400
31000,-200,1300,"bu","09:40:44",492300
31000,-200,1000,"bu","09:40:33",491000
31000,-200,200,"sd","09:40:30",490000
31000,-200,200,"sd","09:40:30",489800
31000,-200,100,"sd","09:40:30",489600
31000,-200,500,"sd","09:40:30",489500
31000,-200,100,"sd","09:40:30",489000
31000,-200,300,"sd","09:40:30",488900
31000,-200,100,"sd","09:40:30",488600
31000,-200,100,"sd","09:40:30",488500
31000,-200,200,"sd","09:40:30",488400
31000,-200,100,"sd","09:40:30",488200
31000,-200,100,"sd","09:40:30",488100
31000,-200,800,"sd","09:40:30",488000
31000,-200,300,"sd","09:40:30",487200
31000,-200,1000,"sd","09:40:30",486900
31000,-200,3000,"sd","09:40:30",485900
31000,-200,500,"sd","09:40:30",482900
31000,-200,500,"sd","09:40:12",482400
31000,-200,500,"sd","09:40:12",481900
31000,-200,1000,"sd","09:40:12",481400
31000,-200,500,"sd","09:40:12",480400
31000,-200,200,"sd","09:40:12",479900
31000,-200,2500,"sd","09:40:12",479700
31000,-200,100,"sd","09:40:12",477200
31000,-200,200,"sd","09:40:12",477100
31000,-200,300,"sd","09:40:12",476900
31000,-200,2000,"sd","09:40:12",476600
31000,-200,100,"sd","09:40:12",474600
31000,-200,100,"sd","09:40:12",474500
31000,-200,5000,"sd","09:39:50",474400
31000,-200,3000,"sd","09:39:39",469400
31050,-150,300,"sd","09:39:35",466400
31050,-150,100,"sd","09:39:35",466100
31050,-150,500,"sd","09:39:35",466000
31050,-150,300,"sd","09:39:35",465500
31050,-150,300,"sd","09:39:35",465200
31050,-150,200,"sd","09:39:34",464900
31000,-200,5100,"sd","09:39:10",464700
31050,-150,900,"sd","09:39:10",459600
31050,-150,100,"sd","09:39:07",458700
31050,-150,300,"sd","09:39:07",458600
31050,-150,2000,"sd","09:39:07",458300
31050,-150,300,"sd","09:39:07",456300
31050,-150,200,"sd","09:39:07",456000
31050,-150,1000,"sd","09:39:07",455800
31050,-150,1100,"sd","09:39:07",454800
31050,-150,1500,"sd","09:38:52",453700
31050,-150,300,"sd","09:38:06",452200
31050,-150,2000,"sd","09:38:06",451900
31050,-150,2400,"sd","09:38:06",449900
31050,-150,5000,"sd","09:38:06",447500
31050,-150,200,"sd","09:38:06",442500
31050,-150,100,"sd","09:38:06",442300
31050,-150,100,"sd","09:37:54",442200
31050,-150,4400,"sd","09:37:50",442100
31050,-150,100,"sd","09:37:50",437700
31050,-150,4000,"sd","09:37:50",437600
31050,-150,200,"sd","09:37:50",433600
31050,-150,1300,"sd","09:37:50",433400
31100,-100,500,"bu","09:37:30",432100
31100,-100,300,"bu","09:37:05",431600
31100,-100,600,"bu","09:36:39",431300
31050,-150,500,"sd","09:36:16",430700
31050,-150,1000,"bu","09:36:12",430200
31050,-150,7200,"bu","09:36:12",429200
31050,-150,1000,"bu","09:36:07",422000
31050,-150,600,"bu","09:36:03",421000
31050,-150,1000,"bu","09:35:55",420400
31050,-150,200,"bu","09:35:45",419400
31050,-150,100,"bu","09:35:45",419200
31050,-150,1000,"bu","09:35:37",419100
31050,-150,100,"bu","09:35:31",418100
31050,-150,300,"bu","09:35:16",418000
31050,-150,2000,"sd","09:35:11",417700
31100,-100,1800,"bu","09:35:09",415700
31100,-100,400,"bu","09:35:09",413900
31050,-150,100,"sd","09:35:06",413500
31050,-150,1000,"sd","09:35:04",413400
31050,-150,1000,"bu","09:34:49",412400
31050,-150,200,"bu","09:34:49",411400
