"price","change","match_qtty","side","time","total_vol"
13000,200,600,"bu","14:45:01",174000
12900,100,3400,"sd","14:28:51",173400
12900,100,200,"sd","14:21:32",170000
12900,100,9000,"sd","14:20:11",169800
12900,100,2000,"sd","14:18:58",160800
13000,200,100,"bu","14:17:15",158800
13000,200,100,"sd","14:14:46",158700
13000,200,100,"sd","14:14:45",158600
13000,200,400,"sd","14:13:24",158500
13100,300,1000,"bu","14:11:15",158100
13000,200,1000,"sd","14:11:08",157100
13000,200,100,"sd","14:10:53",156100
13000,200,500,"sd","13:58:23",156000
13000,200,700,"bu","13:56:22",155500
13000,200,7300,"bu","13:55:39",154800
13000,200,4000,"bu","13:54:27",147500
13000,200,200,"bu","13:54:20",143500
13000,200,500,"bu","13:45:51",143300
13000,200,1000,"bu","13:41:22",142800
13000,200,500,"bu","13:31:55",141800
13000,200,200,"bu","13:30:19",141300
12900,100,1200,"sd","13:24:46",141100
12900,100,100,"sd","13:22:55",139900
12900,100,3400,"sd","13:19:58",139800
13000,200,100,"bu","13:11:12",136400
13000,200,400,"sd","13:10:00",136300
13000,200,200,"bu","13:09:38",135900
12900,100,2700,"sd","13:07:26",135700
12900,100,3200,"bu","13:05:20",133000
12900,100,100,"bu","13:04:27",129800
12900,100,100,"bu","13:01:47",129700
12900,100,2900,"bu","13:00:14",129600
13000,200,1500,"bu","11:28:15",126700
13000,200,400,"bu","11:12:02",125200
13000,200,100,"bu","11:09:37",124800
13000,200,100,"bu","11:08:42",124700
13000,200,4900,"sd","11:01:37",124600
13100,300,1100,"sd","10:58:53",119700
13100,300,2000,"sd","10:58:21",118600
13100,300,1000,"sd","10:56:09",116600
13100,300,100,"sd","10:53:19",115600
13100,300,200,"sd","10:51:52",115500
13100,300,1100,"sd","10:49:16",115300
13100,300,500,"sd","10:48:51",114200
13100,300,1000,"sd","10:48:17",113700
13100,300,500,"sd","10:47:51",112700
13100,300,4000,"sd","10:46:32",112200
13100,300,800,"sd","10:44:58",108200
13200,400,100,"bu","10:44:55",107400
13200,400,3500,"bu","10:36:33",107300
13100,300,1000,"sd","10:31:26",103800
13100,300,800,"sd","10:29:40",102800
13100,300,500,"sd","10:29:12",102000
13100,300,300,"sd","10:27:42",101500
13000,200,1000,"sd","10:25:03",101200
13300,500,500,"bu","10:23:04",100200
13300,500,4600,"bu","10:19:09",99700
13200,400,1000,"unknown","10:18:20",95100
13100,300,2000,"unknown","10:17:57",94100
13100,300,100,"bu","10:17:48",92100
13000,200,100,"sd","10:13:34",92000
13000,200,400,"bu","10:10:52",91900
13000,200,200,"bu","10:08:23",91500
13000,200,500,"bu","10:05:18",91300
12800,0,900,"unknown","10:04:07",90800
12800,0,5300,"bu","10:03:52",89900
12800,0,500,"bu","10:02:56",84600
12800,0,1000,"bu","10:02:15",84100
12800,0,200,"bu","10:01:39",83100
12800,0,1000,"bu","10:01:09",82900
12800,0,2100,"bu","10:01:08",81900
12800,0,100,"sd","10:00:43",79800
12800,0,800,"sd","09:58:01",79700
12800,0,500,"bu","09:57:51",78900
12800,0,100,"bu","09:57:44",78400
12800,0,100,"bu","09:57:39",78300
12800,0,100,"bu","09:57:35",78200
12800,0,1000,"bu","09:57:27",78100
12800,0,200,"bu","09:57:25",77100
12800,0,1000,"bu","09:57:18",76900
12800,0,500,"bu","09:57:14",75900
12800,0,1300,"bu","09:57:01",75400
12800,0,3000,"bu","09:56:59",74100
12800,0,3100,"bu","09:56:36",71100
12700,-100,200,"sd","09:49:50",68000
12800,0,1000,"bu","09:48:48",67800
12800,0,300,"bu","09:48:11",66800
12800,0,2000,"bu","09:47:27",66500
12800,0,100,"bu","09:46:24",64500
12800,0,500,"bu","09:46:08",64400
12800,0,100,"bu","09:44:57",63900
12800,0,500,"bu","09:43:11",63800
12800,0,200,"bu","09:42:55",63300
12800,0,500,"bu","09:42:47",63100
12800,0,100,"bu","09:41:08",62600
12800,0,200,"bu","09:39:51",62500
12800,0,500,"bu","09:39:45",62300
12800,0,8000,"bu","09:39:33",61800
12800,0,1600,"bu","09:39:20",53800
12800,0,100,"bu","09:39:02",52200
12800,0,100,"bu","09:38:33",52100
12700,-100,100,"sd","09:37:40",52000
12800,0,500,"bu","09:37:39",51900
12800,0,100,"bu","09:37:31",51400
12800,0,500,"bu","09:36:56",51300
12800,0,600,"bu","09:36:50",50800
12800,0,200,"bu","09:36:36",50200
12800,0,100,"bu","09:36:33",50000
12800,0,100,"bu","09:36:20",49900
12700,-100,3200,"bu","09:32:22",49800
12700,-100,100,"bu","09:32:21",46600
12700,-100,700,"bu","09:32:02",46500
12600,-200,1300,"bu","09:25:13",45800
12600,-200,100,"bu","09:25:10",44500
12600,-200,100,"bu","09:24:52",44400
12600,-200,100,"bu","09:24:33",44300
12600,-200,100,"bu","09:24:28",44200
12600,-200,500,"bu","09:24:24",44100
12600,-200,5000,"bu","09:24:19",43600
12600,-200,600,"bu","09:23:54",38600
12600,-200,100,"bu","09:23:41",38000
12600,-200,700,"bu","09:23:35",37900
12600,-200,500,"bu","09:23:27",37200
12600,-200,24900,"bu","09:22:54",36700
12700,-100,1200,"sd","09:22:36",11800
12800,0,1000,"bu","09:22:17",10600
12800,0,3000,"bu","09:21:58",9600
12800,0,1000,"bu","09:21:12",6600
12800,0,100,"bu","09:19:57",5600
12800,0,2000,"bu","09:19:49",5500
12800,0,1700,"bu","09:15:17",3500
12800,0,1000,"bu","09:08:49",1800
12800,0,100,"bu","09:07:55",800
12800,0,500,"bu","09:06:47",700
12800,0,200,"bu","09:02:00",200
