"price","change","match_qtty","side","time","total_vol"
10100,330,197300,"unknown","14:45:02",10495700
10150,380,500,"sd","14:29:59",10298400
10150,380,800,"sd","14:29:59",10297900
10150,380,200,"bu","14:29:50",10297100
10150,380,400,"bu","14:29:46",10296900
10150,380,5000,"bu","14:29:45",10296500
10150,380,100,"bu","14:29:44",10291500
10150,380,1800,"bu","14:29:44",10291400
10150,380,3100,"bu","14:29:44",10289600
10150,380,1400,"bu","14:29:44",10286500
10150,380,400,"bu","14:29:44",10285100
10150,380,800,"bu","14:29:43",10284700
10150,380,10000,"bu","14:29:37",10283900
10150,380,300,"bu","14:29:35",10273900
10150,380,700,"bu","14:29:34",10273600
10150,380,1000,"bu","14:29:33",10272900
10150,380,2000,"bu","14:29:15",10271900
10150,380,1000,"bu","14:29:15",10269900
10150,380,1000,"bu","14:29:15",10268900
10150,380,500,"bu","14:29:15",10267900
10150,380,5500,"bu","14:29:15",10267400
10150,380,500,"bu","14:29:14",10261900
10150,380,100,"bu","14:29:14",10261400
10150,380,400,"bu","14:29:14",10261300
10150,380,2000,"bu","14:29:12",10260900
10150,380,500,"bu","14:29:07",10258900
10150,380,4100,"bu","14:28:56",10258400
10150,380,900,"bu","14:28:56",10254300
10100,330,100,"sd","14:28:48",10253400
10150,380,1000,"bu","14:28:45",10253300
10150,380,2900,"bu","14:28:43",10252300
10150,380,20000,"bu","14:28:43",10249400
10100,330,700,"sd","14:28:38",10229400
10150,380,200,"bu","14:28:32",10228700
10150,380,500,"sd","14:28:28",10228500
10150,380,3000,"sd","14:28:28",10228000
10150,380,10500,"sd","14:28:28",10225000
10150,380,4000,"sd","14:28:27",10214500
10200,430,100,"bu","14:28:20",10210500
10200,430,1700,"bu","14:28:13",10210400
10200,430,1300,"bu","14:28:13",10208700
10200,430,500,"bu","14:28:13",10207400
10200,430,800,"bu","14:28:13",10206900
10200,430,500,"bu","14:28:13",10206100
10150,380,500,"sd","14:28:07",10205600
10150,380,200,"sd","14:28:07",10205100
10150,380,1500,"sd","14:28:07",10204900
10150,380,300,"sd","14:28:07",10203400
10150,380,500,"sd","14:28:07",10203100
10150,380,30900,"sd","14:27:55",10202600
10150,380,8600,"sd","14:27:36",10171700
10150,380,400,"sd","14:27:36",10163100
10150,380,3600,"sd","14:27:24",10162700
10150,380,1000,"sd","14:27:24",10159100
10150,380,3000,"sd","14:27:24",10158100
10150,380,2400,"sd","14:27:24",10155100
10150,380,2000,"sd","14:27:24",10152700
10150,380,100,"bu","14:27:11",10150700
10150,380,600,"bu","14:27:11",10150600
10150,380,900,"bu","14:27:11",10150000
10150,380,6000,"bu","14:27:03",10149100
10150,380,700,"sd","14:26:58",10143100
10150,380,7400,"sd","14:26:58",10142400
10150,380,100,"sd","14:26:52",10135000
10150,380,600,"sd","14:26:49",10134900
10150,380,900,"sd","14:26:48",10134300
10150,380,100,"sd","14:26:31",10133400
10150,380,4900,"sd","14:26:31",10133300
10150,380,2000,"sd","14:26:31",10128400
10150,380,1500,"sd","14:26:31",10126400
10150,380,1000,"sd","14:26:31",10124900
10150,380,1000,"sd","14:26:31",10123900
10150,380,3000,"sd","14:26:13",10122900
10150,380,1000,"sd","14:26:13",10119900
10150,380,9900,"sd","14:26:13",10118900
10150,380,1400,"sd","14:26:13",10109000
10150,380,1700,"sd","14:26:13",10107600
10150,380,800,"sd","14:26:13",10105900
10150,380,2200,"sd","14:26:13",10105100
10150,380,500,"sd","14:26:08",10102900
10150,380,100,"sd","14:26:08",10102400
10150,380,200,"sd","14:26:08",10102300
10150,380,500,"sd","14:26:05",10102100
10150,380,1300,"sd","14:25:59",10101600
10150,380,500,"sd","14:25:59",10100300
10150,380,500,"sd","14:25:56",10099800
10150,380,1000,"sd","14:25:56",10099300
10150,380,2500,"sd","14:25:56",10098300
10150,380,1000,"sd","14:25:56",10095800
10150,380,700,"sd","14:25:56",10094800
10150,380,1500,"sd","14:25:56",10094100
10150,380,2500,"sd","14:25:56",10092600
10150,380,40300,"sd","14:25:56",10090100
10150,380,1000,"sd","14:25:40",10049800
10150,380,300,"sd","14:25:36",10048800
10150,380,200,"sd","14:25:21",10048500
10150,380,5000,"sd","14:25:20",10048300
10150,380,500,"sd","14:25:16",10043300
10150,380,2700,"sd","14:25:04",10042800
10150,380,2300,"sd","14:25:04",10040100
10150,380,700,"sd","14:25:02",10037800
10150,380,100,"sd","14:25:02",10037100
10150,380,900,"sd","14:24:33",10037000
10150,380,900,"sd","14:24:33",10036100
10150,380,200,"sd","14:24:33",10035200
10150,380,100,"sd","14:24:01",10035000
10150,380,700,"sd","14:23:59",10034900
10150,380,300,"sd","14:23:59",10034200
10150,380,300,"sd","14:23:44",10033900
10150,380,4400,"sd","14:23:43",10033600
10150,380,9600,"sd","14:23:43",10029200
10150,380,400,"sd","14:23:39",10019600
10150,380,300,"sd","14:23:39",10019200
10150,380,800,"sd","14:23:39",10018900
10150,380,1000,"sd","14:23:36",10018100
10150,380,2000,"sd","14:23:32",10017100
10150,380,3000,"sd","14:23:10",10015100
10150,380,500,"sd","14:23:05",10012100
10150,380,1600,"sd","14:22:39",10011600
10150,380,2300,"sd","14:22:24",10010000
10200,430,100,"bu","14:22:19",10007700
10150,380,5000,"bu","14:21:52",10007600
10150,380,7100,"bu","14:21:52",10002600
10150,380,2000,"bu","14:21:52",9995500
10150,380,4400,"bu","14:21:52",9993500
10150,380,100,"bu","14:21:51",9989100
10150,380,100,"bu","14:21:26",9989000
10150,380,5400,"bu","14:21:24",9988900
10150,380,5000,"bu","14:21:24",9983500
10150,380,1500,"bu","14:21:24",9978500
10150,380,3000,"bu","14:21:24",9977000
10150,380,5100,"bu","14:21:24",9974000
10150,380,200,"bu","14:21:10",9968900
10150,380,1000,"bu","14:21:02",9968700
10150,380,100,"bu","14:20:39",9967700
10150,380,200,"bu","14:20:15",9967600
10150,380,1000,"sd","14:20:08",9967400
10150,380,500,"sd","14:20:08",9966400
10150,380,200,"sd","14:20:08",9965900
10150,380,200,"sd","14:20:08",9965700
10150,380,100,"sd","14:20:08",9965500
10150,380,1000,"sd","14:20:08",9965400
10150,380,100,"sd","14:20:08",9964400
10150,380,10000,"sd","14:20:08",9964300
10150,380,1500,"sd","14:20:08",9954300
10150,380,100,"sd","14:20:08",9952800
10150,380,1600,"sd","14:20:08",9952700
10150,380,2000,"sd","14:20:08",9951100
10150,380,2300,"sd","14:20:08",9949100
10150,380,200,"sd","14:20:01",9946800
10150,380,100,"sd","14:20:01",9946600
10150,380,200,"sd","14:20:01",9946500
10150,380,200,"sd","14:19:55",9946300
10150,380,200,"sd","14:19:55",9946100
10150,380,1000,"sd","14:19:55",9945900
10150,380,500,"sd","14:19:55",9944900
10150,380,100,"sd","14:19:55",9944400
10150,380,200,"sd","14:19:55",9944300
10150,380,1000,"sd","14:19:55",9944100
10150,380,1800,"sd","14:19:55",9943100
10150,380,1200,"sd","14:19:51",9941300
10150,380,1200,"sd","14:19:51",9940100
10150,380,8800,"sd","14:19:44",9938900
10150,380,1200,"sd","14:19:44",9930100
10150,380,5700,"sd","14:19:42",9928900
10150,380,500,"sd","14:19:42",9923200
10150,380,1400,"sd","14:19:42",9922700
10150,380,2400,"sd","14:19:42",9921300
10150,380,2000,"sd","14:19:40",9918900
10150,380,500,"sd","14:19:39",9916900
10150,380,100,"sd","14:19:37",9916400
10150,380,200,"sd","14:19:37",9916300
10150,380,300,"sd","14:19:28",9916100
10150,380,500,"sd","14:19:28",9915800
10150,380,7000,"sd","14:19:28",9915300
10150,380,500,"sd","14:19:28",9908300
10150,380,500,"sd","14:19:28",9907800
10150,380,200,"sd","14:19:28",9907300
10150,380,1800,"sd","14:19:26",9907100
10150,380,200,"sd","14:19:26",9905300
10150,380,2000,"sd","14:19:26",9905100
10150,380,1000,"sd","14:19:17",9903100
10150,380,700,"sd","14:19:09",9902100
10150,380,100,"sd","14:19:09",9901400
10150,380,2000,"sd","14:19:09",9901300
10150,380,200,"sd","14:19:09",9899300
10150,380,800,"sd","14:19:05",9899100
10150,380,1200,"sd","14:19:05",9898300
10150,380,1700,"sd","14:18:56",9897100
10150,380,100,"sd","14:18:56",9895400
10150,380,200,"sd","14:18:56",9895300
10150,380,600,"sd","14:18:56",9895100
10150,380,100,"sd","14:18:56",9894500
10150,380,300,"sd","14:18:56",9894400
10150,380,4000,"sd","14:18:56",9894100
10150,380,2000,"sd","14:18:48",9890100
10150,380,100,"sd","14:18:46",9888100
10150,380,3900,"sd","14:18:21",9888000
10150,380,2500,"sd","14:18:21",9884100
10150,380,100,"sd","14:18:13",9881600
10150,380,5000,"sd","14:18:04",9881500
10150,380,1000,"sd","14:18:02",9876500
10150,380,1100,"sd","14:18:02",9875500
10150,380,5000,"sd","14:18:02",9874400
10150,380,2000,"sd","14:17:59",9869400
10150,380,1500,"sd","14:17:47",9867400
10150,380,100,"sd","14:17:23",9865900
10150,380,4900,"sd","14:17:23",9865800
10150,380,100,"sd","14:16:56",9860900
10150,380,500,"sd","14:16:56",9860800
10150,380,1500,"sd","14:16:56",9860300
10150,380,5000,"sd","14:16:56",9858800
10150,380,300,"sd","14:16:56",9853800
10150,380,600,"sd","14:16:56",9853500
10150,380,400,"sd","14:16:52",9852900
10150,380,600,"sd","14:16:52",9852500
10200,430,1400,"bu","14:16:50",9851900
10200,430,1500,"bu","14:16:50",9850500
10150,380,400,"sd","14:16:05",9849000
10150,380,1600,"sd","14:16:05",9848600
10200,430,500,"bu","14:15:53",9847000
10200,430,200,"bu","14:15:20",9846500
10150,380,5500,"sd","14:15:07",9846300
10150,380,200,"sd","14:15:07",9840800
10150,380,100,"sd","14:15:07",9840600
10150,380,200,"sd","14:15:07",9840500
10150,380,100,"sd","14:15:07",9840300
10150,380,24700,"sd","14:15:07",9840200
10150,380,100,"sd","14:15:07",9815500
10150,380,2000,"sd","14:15:07",9815400
10150,380,5000,"sd","14:15:07",9813400
10150,380,2200,"sd","14:15:07",9808400
10150,380,2400,"sd","14:15:07",9806200
10150,380,3000,"sd","14:15:04",9803800
10150,380,3000,"sd","14:14:49",9800800
10150,380,400,"sd","14:14:49",9797800
10150,380,1600,"sd","14:14:49",9797400
10150,380,400,"sd","14:14:42",9795800
10150,380,1000,"sd","14:14:25",9795400
10150,380,1000,"sd","14:14:25",9794400
10150,380,1000,"sd","14:14:03",9793400
10150,380,1000,"sd","14:14:03",9792400
10150,380,700,"sd","14:14:03",9791400
10150,380,300,"sd","14:14:03",9790700
10200,430,1000,"bu","14:14:02",9790400
10150,380,700,"sd","14:14:00",9789400
10150,380,300,"sd","14:14:00",9788700
10150,380,700,"sd","14:13:43",9788400
10150,380,200,"sd","14:13:43",9787700
10150,380,300,"sd","14:13:43",9787500
10150,380,200,"sd","14:13:43",9787200
10200,430,800,"bu","14:13:29",9787000
10200,430,100,"bu","14:13:29",9786200
10200,430,700,"bu","14:13:29",9786100
10200,430,400,"bu","14:13:29",9785400
10200,430,500,"bu","14:13:29",9785000
10200,430,500,"bu","14:13:29",9784500
10200,430,1000,"bu","14:12:24",9784000
10200,430,100,"bu","14:12:24",9783000
10200,430,900,"bu","14:12:24",9782900
10150,380,1900,"sd","14:12:19",9782000
10150,380,100,"sd","14:12:19",9780100
10200,430,100,"bu","14:12:15",9780000
10200,430,2000,"bu","14:12:15",9779900
10200,430,5600,"bu","14:12:15",9777900
10200,430,500,"bu","14:11:10",9772300
10200,430,100,"bu","14:10:31",9771800
10150,380,3400,"sd","14:10:27",9771700
10150,380,3000,"sd","14:09:21",9768300
10150,380,2500,"sd","14:09:15",9765300
10150,380,4000,"sd","14:08:58",9762800
10150,380,1100,"sd","14:08:54",9758800
10150,380,1000,"sd","14:08:53",9757700
10150,380,2000,"sd","14:08:36",9756700
10150,380,1000,"sd","14:08:15",9754700
10150,380,2000,"sd","14:07:58",9753700
10150,380,200,"sd","14:07:46",9751700
10150,380,200,"sd","14:07:40",9751500
10150,380,5000,"sd","14:07:10",9751300
10200,430,200,"bu","14:07:05",9746300
10200,430,1000,"bu","14:07:00",9746100
10150,380,2000,"sd","14:06:58",9745100
10200,430,2000,"bu","14:06:48",9743100
10150,380,500,"sd","14:06:46",9741100
10150,380,2000,"sd","14:06:40",9740600
10150,380,900,"sd","14:06:40",9738600
10150,380,600,"sd","14:06:40",9737700
10150,380,400,"sd","14:06:40",9737100
10150,380,200,"sd","14:06:40",9736700
10150,380,900,"sd","14:06:40",9736500
10150,380,2400,"sd","14:06:33",9735600
10150,380,1700,"sd","14:06:20",9733200
10150,380,1000,"sd","14:06:20",9731500
10150,380,4300,"sd","14:06:20",9730500
10150,380,1000,"sd","14:05:47",9726200
10200,430,500,"bu","14:05:46",9725200
10150,380,3700,"sd","14:05:43",9724700
10150,380,200,"sd","14:05:43",9721000
10150,380,1100,"sd","14:05:43",9720800
10150,380,5700,"sd","14:05:34",9719700
10200,430,200,"bu","14:04:36",9714000
10150,380,1300,"sd","14:04:31",9713800
10150,380,1500,"sd","14:04:31",9712500
10150,380,200,"sd","14:04:31",9711000
10150,380,500,"sd","14:04:31",9710800
10150,380,1500,"sd","14:04:31",9710300
10200,430,1000,"bu","14:04:29",9708800
10200,430,900,"bu","14:04:19",9707800
10200,430,100,"bu","14:04:19",9706900
10200,430,300,"bu","14:04:19",9706800
10200,430,700,"bu","14:04:19",9706500
10200,430,300,"bu","14:04:12",9705800
10200,430,400,"bu","14:04:12",9705500
10200,430,1600,"bu","14:03:56",9705100
10200,430,1000,"bu","14:03:56",9703500
10200,430,1000,"bu","14:03:56",9702500
10200,430,200,"bu","14:03:56",9701500
10200,430,3000,"bu","14:03:56",9701300
10200,430,500,"bu","14:03:56",9698300
10200,430,2000,"bu","14:03:56",9697800
10200,430,700,"bu","14:03:56",9695800
10200,430,2000,"bu","14:03:38",9695100
10200,430,500,"bu","14:02:43",9693100
10200,430,100,"bu","14:02:26",9692600
10200,430,100,"bu","14:02:13",9692500
10150,380,500,"sd","14:02:03",9692400
10150,380,4500,"sd","14:02:03",9691900
10200,430,100,"bu","14:01:39",9687400
10200,430,1000,"bu","14:01:15",9687300
10150,380,10500,"sd","14:01:11",9686300
10150,380,1000,"sd","14:01:11",9675800
10150,380,200,"sd","14:01:11",9674800
10150,380,2300,"sd","14:01:11",9674600
10150,380,1000,"sd","14:01:11",9672300
10150,380,500,"sd","14:01:11",9671300
10150,380,100,"sd","14:01:11",9670800
10150,380,300,"sd","14:01:11",9670700
10150,380,200,"sd","14:01:11",9670400
10150,380,5000,"sd","14:01:11",9670200
10150,380,100,"sd","14:01:11",9665200
10150,380,3800,"sd","14:01:11",9665100
10200,430,100,"bu","14:00:51",9661300
10150,380,3900,"sd","14:00:36",9661200
10150,380,400,"sd","13:59:56",9657300
10150,380,500,"sd","13:59:53",9656900
10150,380,500,"sd","13:59:37",9656400
10150,380,1400,"sd","13:59:28",9655900
10150,380,1000,"sd","13:58:45",9654500
10150,380,4000,"sd","13:58:39",9653500
10150,380,3000,"sd","13:57:51",9649500
10150,380,500,"sd","13:57:35",9646500
10150,380,100,"sd","13:57:35",9646000
10150,380,400,"sd","13:57:35",9645900
10150,380,600,"sd","13:57:33",9645500
10150,380,2800,"sd","13:57:33",9644900
10150,380,1600,"sd","13:57:33",9642100
10150,380,7900,"sd","13:57:17",9640500
10150,380,1000,"sd","13:57:17",9632600
10150,380,300,"sd","13:57:17",9631600
10150,380,800,"sd","13:57:17",9631300
10150,380,200,"sd","13:57:00",9630500
10150,380,1800,"sd","13:57:00",9630300
10150,380,8200,"sd","13:56:49",9628500
10150,380,800,"sd","13:56:49",9620300
10150,380,200,"sd","13:56:43",9619500
10150,380,1400,"sd","13:56:43",9619300
10150,380,6600,"sd","13:56:41",9617900
10150,380,3400,"sd","13:56:41",9611300
10150,380,2000,"sd","13:56:11",9607900
10150,380,600,"sd","13:55:14",9605900
10200,430,400,"bu","13:54:46",9605300
10200,430,100,"bu","13:54:46",9604900
10150,380,500,"sd","13:54:43",9604800
10150,380,1500,"sd","13:54:42",9604300
10150,380,5000,"sd","13:54:37",9602800
10150,380,3000,"sd","13:54:24",9597800
10150,380,500,"sd","13:54:20",9594800
10150,380,3800,"sd","13:53:49",9594300
10150,380,1000,"sd","13:53:47",9590500
10200,430,1000,"bu","13:53:35",9589500
10150,380,500,"sd","13:53:25",9588500
10150,380,500,"sd","13:53:10",9588000
10200,430,3000,"bu","13:53:06",9587500
10200,430,1000,"bu","13:53:06",9584500
10150,380,3000,"sd","13:52:59",9583500
10150,380,3000,"sd","13:52:54",9580500
10150,380,1700,"sd","13:52:50",9577500
10150,380,1000,"sd","13:52:50",9575800
10150,380,1000,"sd","13:52:50",9574800
10150,380,600,"sd","13:52:50",9573800
10150,380,100,"sd","13:52:50",9573200
10150,380,1000,"sd","13:52:50",9573100
10150,380,100,"sd","13:52:50",9572100
10150,380,500,"sd","13:52:50",9572000
10150,380,500,"sd","13:52:50",9571500
10150,380,10000,"sd","13:52:50",9571000
10150,380,3500,"sd","13:52:50",9561000
10150,380,1500,"sd","13:52:38",9557500
10150,380,1500,"sd","13:52:38",9556000
10150,380,500,"sd","13:52:18",9554500
10150,380,200,"sd","13:52:18",9554000
10150,380,300,"sd","13:52:18",9553800
10150,380,100,"sd","13:52:07",9553500
10150,380,600,"sd","13:51:50",9553400
10150,380,400,"sd","13:51:50",9552800
10200,430,100,"bu","13:51:40",9552400
10200,430,3900,"bu","13:51:32",9552300
10200,430,1100,"bu","13:51:32",9548400
10200,430,4000,"bu","13:51:27",9547300
10150,380,100,"sd","13:51:22",9543300
10150,380,10000,"sd","13:51:22",9543200
10150,380,15000,"sd","13:51:22",9533200
10150,380,1800,"sd","13:51:22",9518200
10150,380,2000,"sd","13:51:22",9516400
10150,380,5000,"sd","13:51:22",9514400
10150,380,2000,"sd","13:51:21",9509400
10150,380,6000,"sd","13:51:21",9507400
10150,380,300,"sd","13:51:21",9501400
10150,380,1400,"sd","13:51:21",9501100
10150,380,300,"sd","13:51:21",9499700
10150,380,1000,"sd","13:51:21",9499400
10150,380,1000,"sd","13:51:21",9498400
10150,380,100,"sd","13:51:21",9497400
10150,380,5000,"sd","13:51:21",9497300
10150,380,100,"sd","13:51:21",9492300
10150,380,500,"sd","13:51:21",9492200
10150,380,2000,"sd","13:51:21",9491700
10150,380,100,"sd","13:51:21",9489700
10150,380,100,"sd","13:51:21",9489600
10150,380,15000,"sd","13:51:21",9489500
10150,380,100,"sd","13:51:21",9474500
10150,380,100,"sd","13:51:21",9474400
10150,380,500,"sd","13:51:21",9474300
10150,380,500,"sd","13:51:21",9473800
10150,380,300,"sd","13:51:21",9473300
10150,380,2000,"sd","13:51:21",9473000
10150,380,1400,"sd","13:51:21",9471000
10150,380,2000,"sd","13:51:21",9469600
10150,380,2500,"sd","13:51:21",9467600
10150,380,1000,"sd","13:51:21",9465100
10150,380,2000,"sd","13:51:21",9464100
10150,380,100,"sd","13:51:21",9462100
10150,380,6000,"sd","13:51:21",9462000
10150,380,100,"sd","13:51:21",9456000
10150,380,500,"sd","13:51:21",9455900
10150,380,1200,"sd","13:51:21",9455400
10150,380,9000,"sd","13:51:21",9454200
10150,380,2000,"sd","13:51:21",9445200
10150,380,1000,"sd","13:51:21",9443200
10150,380,1300,"sd","13:51:21",9442200
10150,380,100,"sd","13:51:07",9440900
10150,380,1600,"sd","13:50:59",9440800
10150,380,400,"sd","13:50:59",9439200
10200,430,2000,"bu","13:50:41",9438800
10200,430,200,"bu","13:50:08",9436800
10200,430,2700,"bu","13:49:19",9436600
10200,430,300,"bu","13:49:19",9433900
10200,430,4700,"bu","13:48:33",9433600
10200,430,2500,"bu","13:48:33",9428900
10200,430,700,"bu","13:48:19",9426400
10200,430,900,"bu","13:48:16",9425700
10200,430,100,"bu","13:48:16",9424800
10200,430,1000,"bu","13:48:16",9424700
10200,430,2000,"bu","13:48:16",9423700
10200,430,1000,"bu","13:48:13",9421700
10200,430,1000,"sd","13:47:48",9420700
10200,430,1000,"bu","13:47:47",9419700
10200,430,100,"bu","13:47:47",9418700
10200,430,2900,"bu","13:47:47",9418600
10200,430,100,"bu","13:47:43",9415700
10200,430,500,"bu","13:47:43",9415600
10200,430,900,"bu","13:47:33",9415100
10200,430,1100,"bu","13:47:33",9414200
10200,430,2900,"bu","13:47:29",9413100
10200,430,100,"bu","13:47:29",9410200
10200,430,1500,"bu","13:47:29",9410100
10200,430,500,"bu","13:47:29",9408600
10200,430,500,"bu","13:46:58",9408100
10200,430,1000,"bu","13:46:53",9407600
10200,430,100,"bu","13:46:33",9406600
10200,430,1000,"sd","13:46:32",9406500
10250,480,100,"bu","13:46:26",9405500
10200,430,200,"bu","13:46:26",9405400
10200,430,2100,"bu","13:46:26",9405200
10200,430,600,"bu","13:46:26",9403100
10200,430,4000,"sd","13:46:12",9402500
10200,430,500,"sd","13:46:12",9398500
10200,430,100,"sd","13:46:12",9398000
10200,430,1000,"sd","13:46:12",9397900
10200,430,10000,"sd","13:46:12",9396900
10200,430,3800,"sd","13:46:12",9386900
10200,430,5000,"sd","13:46:11",9383100
10250,480,200,"bu","13:46:06",9378100
10200,430,2000,"sd","13:46:06",9377900
10200,430,2400,"sd","13:46:04",9375900
10200,430,500,"sd","13:46:01",9373500
10200,430,50000,"sd","13:45:59",9373000
10200,430,400,"sd","13:45:57",9323000
10200,430,200,"sd","13:45:52",9322600
10200,430,3000,"sd","13:45:48",9322400
10200,430,2000,"sd","13:45:48",9319400
10200,430,2300,"sd","13:45:46",9317400
10200,430,800,"sd","13:45:44",9315100
10200,430,5000,"sd","13:45:34",9314300
10200,430,2000,"sd","13:45:31",9309300
10200,430,10000,"sd","13:45:30",9307300
10200,430,5000,"sd","13:45:28",9297300
10200,430,5000,"sd","13:45:27",9292300
10200,430,1700,"sd","13:45:27",9287300
10200,430,500,"sd","13:45:26",9285600
10200,430,400,"sd","13:45:24",9285100
10200,430,1500,"sd","13:45:20",9284700
10200,430,100,"sd","13:45:20",9283200
10200,430,7500,"sd","13:45:20",9283100
10200,430,700,"sd","13:45:20",9275600
10200,430,1800,"sd","13:45:20",9274900
10200,430,200,"sd","13:45:15",9273100
10200,430,4000,"sd","13:45:15",9272900
10200,430,1000,"sd","13:45:15",9268900
10200,430,200,"sd","13:45:15",9267900
10200,430,500,"sd","13:45:15",9267700
10200,430,3500,"sd","13:45:15",9267200
10200,430,3000,"sd","13:45:15",9263700
10200,430,2000,"sd","13:45:15",9260700
10200,430,200,"sd","13:45:15",9258700
10200,430,700,"sd","13:45:15",9258500
10200,430,2000,"sd","13:45:15",9257800
10200,430,2700,"sd","13:45:15",9255800
10200,430,200,"sd","13:45:05",9253100
10200,430,800,"sd","13:44:58",9252900
10200,430,8200,"sd","13:44:58",9252100
10200,430,1800,"sd","13:44:55",9243900
10200,430,200,"sd","13:44:55",9242100
10200,430,500,"sd","13:44:55",9241900
10200,430,3300,"sd","13:44:55",9241400
10200,430,200,"sd","13:44:50",9238100
10200,430,1300,"sd","13:44:42",9237900
10200,430,500,"sd","13:44:42",9236600
10200,430,200,"sd","13:44:42",9236100
10200,430,300,"sd","13:44:28",9235900
10200,430,800,"sd","13:44:03",9235600
10200,430,7200,"sd","13:44:03",9234800
10200,430,2000,"sd","13:44:01",9227600
10250,480,900,"bu","13:43:54",9225600
10250,480,100,"bu","13:43:54",9224700
10200,430,1000,"sd","13:43:38",9224600
10250,480,100,"bu","13:43:18",9223600
10200,430,1000,"sd","13:43:03",9223500
10200,430,2000,"sd","13:42:59",9222500
10200,430,5000,"sd","13:42:47",9220500
10200,430,100,"bu","13:42:44",9215500
10200,430,100,"bu","13:42:44",9215400
10200,430,1600,"bu","13:42:44",9215300
10200,430,400,"bu","13:42:42",9213700
10200,430,600,"bu","13:42:42",9213300
10200,430,400,"bu","13:42:42",9212700
10200,430,2000,"bu","13:42:39",9212300
10200,430,100,"bu","13:42:38",9210300
10200,430,4000,"bu","13:42:38",9210200
10200,430,500,"bu","13:42:38",9206200
10200,430,2000,"bu","13:42:38",9205700
10200,430,400,"bu","13:42:38",9203700
10200,430,1900,"bu","13:42:38",9203300
10200,430,100,"bu","13:42:35",9201400
10200,430,900,"bu","13:42:35",9201300
10200,430,100,"bu","13:42:33",9200400
10200,430,100,"bu","13:42:33",9200300
10200,430,800,"bu","13:42:33",9200200
10200,430,500,"bu","13:42:31",9199400
10200,430,700,"bu","13:42:30",9198900
10200,430,500,"bu","13:42:30",9198200
10200,430,1500,"bu","13:42:30",9197700
10200,430,1000,"bu","13:42:30",9196200
10200,430,5000,"bu","13:42:30",9195200
10200,430,800,"bu","13:42:30",9190200
10200,430,500,"bu","13:42:30",9189400
10200,430,1000,"bu","13:42:28",9188900
10200,430,300,"bu","13:42:24",9187900
10200,430,3000,"bu","13:42:24",9187600
10200,430,200,"bu","13:42:24",9184600
10200,430,2300,"bu","13:42:24",9184400
10200,430,500,"bu","13:42:24",9182100
10200,430,100,"bu","13:42:24",9181600
10200,430,2300,"bu","13:42:24",9181500
10200,430,18600,"bu","13:42:24",9179200
10200,430,100,"bu","13:42:16",9160600
10200,430,300,"bu","13:42:14",9160500
10200,430,3000,"bu","13:42:13",9160200
10200,430,100,"bu","13:42:08",9157200
10200,430,15000,"bu","13:42:05",9157100
10200,430,10000,"bu","13:41:39",9142100
10200,430,1000,"bu","13:41:37",9132100
10200,430,100,"bu","13:41:19",9131100
10200,430,1800,"bu","13:41:19",9131000
10200,430,100,"bu","13:41:19",9129200
10200,430,600,"bu","13:41:19",9129100
10200,430,300,"bu","13:41:19",9128500
10200,430,500,"bu","13:41:19",9128200
10200,430,1700,"bu","13:41:19",9127700
10200,430,1000,"bu","13:40:43",9126000
10150,380,100,"sd","13:40:39",9125000
10150,380,100,"sd","13:40:39",9124900
10150,380,100,"sd","13:40:39",9124800
10200,430,500,"bu","13:40:07",9124700
10150,380,100,"sd","13:39:45",9124200
10150,380,300,"sd","13:39:04",9124100
10150,380,200,"sd","13:39:04",9123800
10150,380,300,"sd","13:39:04",9123600
10150,380,400,"sd","13:39:04",9123300
10150,380,500,"sd","13:39:04",9122900
10150,380,200,"sd","13:39:04",9122400
10150,380,2900,"sd","13:39:04",9122200
10150,380,200,"sd","13:39:04",9119300
10200,430,300,"bu","13:38:55",9119100
10200,430,2700,"bu","13:38:55",9118800
10200,430,500,"bu","13:38:45",9116100
10200,430,5000,"bu","13:38:32",9115600
10200,430,1800,"bu","13:38:31",9110600
10200,430,500,"bu","13:38:31",9108800
10200,430,100,"bu","13:38:31",9108300
10200,430,100,"bu","13:38:31",9108200
10200,430,5600,"bu","13:38:31",9108100
10200,430,1000,"bu","13:38:31",9102500
10200,430,900,"bu","13:38:31",9101500
10200,430,100,"bu","13:38:26",9100600
10200,430,800,"bu","13:38:26",9100500
10200,430,2100,"bu","13:38:26",9099700
10200,430,2900,"bu","13:38:25",9097600
10200,430,1000,"bu","13:38:25",9094700
10200,430,900,"bu","13:38:25",9093700
10200,430,200,"bu","13:38:25",9092800
10200,430,800,"bu","13:38:24",9092600
10200,430,500,"bu","13:38:24",9091800
10200,430,700,"bu","13:38:24",9091300
10200,430,100,"bu","13:38:24",9090600
10200,430,500,"bu","13:38:24",9090500
10200,430,10000,"bu","13:38:24",9090000
10200,430,1400,"bu","13:38:24",9080000
10200,430,5000,"bu","13:38:14",9078600
10200,430,3600,"bu","13:38:03",9073600
10200,430,2000,"bu","13:38:03",9070000
10200,430,3000,"bu","13:38:03",9068000
10200,430,5000,"bu","13:38:03",9065000
10200,430,7100,"bu","13:38:03",9060000
10200,430,10000,"bu","13:38:03",9052900
10150,380,100,"sd","13:37:57",9042900
10200,430,2000,"bu","13:37:55",9042800
10200,430,1000,"bu","13:37:43",9040800
10200,430,2000,"bu","13:37:27",9039800
10200,430,100,"bu","13:37:27",9037800
10200,430,1000,"bu","13:37:27",9037700
10200,430,1000,"bu","13:37:27",9036700
10200,430,100,"bu","13:37:27",9035700
10200,430,4000,"bu","13:37:27",9035600
10200,430,1000,"bu","13:37:27",9031600
10200,430,400,"bu","13:37:27",9030600
10200,430,3000,"bu","13:37:27",9030200
10200,430,100,"bu","13:37:27",9027200
10200,430,100,"bu","13:37:27",9027100
10200,430,500,"bu","13:37:27",9027000
10200,430,1000,"bu","13:37:27",9026500
10200,430,2000,"bu","13:37:27",9025500
10200,430,2100,"bu","13:37:27",9023500
10200,430,900,"bu","13:37:18",9021400
10200,430,14600,"bu","13:37:18",9020500
10200,430,100,"bu","13:37:18",9005900
10200,430,1200,"bu","13:37:18",9005800
10200,430,100,"bu","13:37:18",9004600
10200,430,2500,"bu","13:37:18",9004500
10200,430,100,"bu","13:37:18",9002000
10200,430,1000,"bu","13:37:18",9001900
10200,430,1000,"bu","13:37:18",9000900
10200,430,15000,"bu","13:37:18",8999900
10200,430,1000,"bu","13:37:18",8984900
10200,430,1000,"bu","13:37:18",8983900
10200,430,100,"bu","13:37:18",8982900
10200,430,2500,"bu","13:37:18",8982800
10200,430,2700,"bu","13:37:18",8980300
10200,430,3000,"bu","13:37:18",8977600
10200,430,2000,"bu","13:37:18",8974600
10200,430,1200,"bu","13:37:18",8972600
10200,430,1800,"bu","13:37:05",8971400
10200,430,2000,"bu","13:37:05",8969600
10200,430,100,"bu","13:37:05",8967600
10200,430,1000,"bu","13:37:05",8967500
10200,430,800,"bu","13:37:05",8966500
10200,430,100,"bu","13:37:05",8965700
10200,430,1000,"bu","13:37:05",8965600
10200,430,1800,"bu","13:37:05",8964600
10200,430,300,"bu","13:37:05",8962800
10200,430,1000,"bu","13:37:05",8962500
10200,430,800,"bu","13:37:05",8961500
10200,430,5000,"bu","13:37:05",8960700
10200,430,200,"bu","13:37:05",8955700
10200,430,100,"bu","13:37:05",8955500
10200,430,5000,"bu","13:37:05",8955400
10200,430,2000,"bu","13:37:05",8950400
10200,430,300,"bu","13:37:05",8948400
10200,430,500,"bu","13:37:05",8948100
10200,430,300,"bu","13:37:05",8947600
10200,430,1000,"bu","13:37:05",8947300
10200,430,4000,"bu","13:37:05",8946300
10200,430,800,"bu","13:37:05",8942300
10200,430,400,"bu","13:37:05",8941500
10200,430,5000,"bu","13:37:05",8941100
10200,430,200,"bu","13:37:05",8936100
10200,430,4500,"bu","13:37:05",8935900
10200,430,1000,"bu","13:36:47",8931400
10200,430,1000,"bu","13:36:24",8930400
10200,430,100,"bu","13:36:24",8929400
10200,430,900,"bu","13:36:24",8929300
10150,380,100,"sd","13:36:16",8928400
10200,430,3100,"bu","13:36:09",8928300
10200,430,800,"bu","13:36:09",8925200
10200,430,700,"bu","13:36:09",8924400
10200,430,1000,"bu","13:36:09",8923700
10150,380,5000,"sd","13:36:06",8922700
10150,380,400,"sd","13:36:04",8917700
10150,380,5000,"sd","13:35:48",8917300
10200,430,2000,"bu","13:35:46",8912300
10200,430,3500,"bu","13:35:44",8910300
10200,430,1500,"bu","13:35:14",8906800
10200,430,3500,"bu","13:35:14",8905300
10150,380,300,"sd","13:34:43",8901800
10150,380,200,"sd","13:33:49",8901500
10150,380,500,"sd","13:33:49",8901300
10150,380,1300,"sd","13:33:49",8900800
10200,430,1000,"bu","13:33:47",8899500
10150,380,500,"sd","13:33:36",8898500
10200,430,5000,"bu","13:33:34",8898000
10200,430,2000,"bu","13:33:34",8893000
10200,430,1000,"bu","13:33:34",8891000
10200,430,300,"bu","13:33:34",8890000
10200,430,600,"bu","13:33:34",8889700
10200,430,100,"bu","13:33:34",8889100
10200,430,700,"bu","13:33:33",8889000
10200,430,700,"bu","13:33:33",8888300
10200,430,300,"bu","13:33:18",8887600
10200,430,200,"bu","13:33:18",8887300
10150,380,200,"sd","13:33:16",8887100
10150,380,100,"sd","13:33:16",8886900
10150,380,4000,"sd","13:33:16",8886800
10150,380,2000,"sd","13:33:16",8882800
10150,380,100,"sd","13:33:16",8880800
10150,380,600,"sd","13:33:16",8880700
10200,430,5000,"bu","13:33:10",8880100
10150,380,15000,"sd","13:32:44",8875100
10200,430,1000,"bu","13:32:43",8860100
10200,430,6000,"bu","13:32:43",8859100
10200,430,1800,"bu","13:32:43",8853100
10200,430,4000,"bu","13:32:43",8851300
10200,430,1000,"bu","13:32:43",8847300
10200,430,1000,"bu","13:32:43",8846300
10200,430,1000,"bu","13:32:43",8845300
10200,430,4200,"bu","13:32:43",8844300
10150,380,1800,"sd","13:32:41",8840100
10150,380,5900,"sd","13:32:38",8838300
10200,430,4000,"bu","13:32:38",8832400
10200,430,100,"bu","13:32:38",8828400
10200,430,6000,"bu","13:32:38",8828300
10200,430,100,"bu","13:32:38",8822300
10200,430,2000,"bu","13:32:38",8822200
10200,430,3000,"bu","13:32:38",8820200
10200,430,500,"bu","13:32:38",8817200
10200,430,1000,"bu","13:32:38",8816700
10200,430,500,"bu","13:32:38",8815700
10200,430,600,"bu","13:32:38",8815200
10200,430,21500,"bu","13:32:38",8814600
10200,430,1000,"bu","13:32:38",8793100
10200,430,500,"bu","13:32:38",8792100
10200,430,2000,"bu","13:32:38",8791600
10200,430,4200,"bu","13:32:38",8789600
10150,380,100,"sd","13:31:45",8785400
10150,380,500,"sd","13:31:21",8785300
10200,430,100,"bu","13:31:15",8784800
10150,380,1100,"sd","13:31:03",8784700
10150,380,1600,"sd","13:31:03",8783600
10150,380,1000,"sd","13:31:03",8782000
10150,380,600,"sd","13:31:03",8781000
10150,380,2000,"sd","13:30:49",8780400
10150,380,1000,"sd","13:30:45",8778400
10150,380,100,"sd","13:30:19",8777400
10200,430,400,"bu","13:30:00",8777300
10150,380,500,"sd","13:29:40",8776900
10150,380,500,"sd","13:29:40",8776400
10150,380,1500,"sd","13:29:27",8775900
10150,380,2500,"sd","13:29:27",8774400
10200,430,300,"bu","13:29:05",8771900
10200,430,3700,"bu","13:29:05",8771600
10200,430,1000,"bu","13:28:57",8767900
10200,430,300,"bu","13:28:56",8766900
10200,430,2000,"bu","13:28:56",8766600
10200,430,100,"bu","13:28:56",8764600
10200,430,100,"bu","13:28:27",8764500
10200,430,500,"bu","13:28:12",8764400
10150,380,100,"sd","13:27:42",8763900
10150,380,1000,"sd","13:27:27",8763800
10150,380,1000,"sd","13:27:23",8762800
10150,380,400,"sd","13:27:16",8761800
10150,380,200,"sd","13:27:16",8761400
10200,430,1300,"bu","13:27:11",8761200
10200,430,4300,"bu","13:27:11",8759900
10200,430,1000,"bu","13:27:11",8755600
10200,430,200,"bu","13:27:11",8754600
10200,430,600,"bu","13:26:49",8754400
10200,430,900,"bu","13:26:49",8753800
10150,380,800,"sd","13:26:41",8752900
10150,380,3000,"sd","13:26:41",8752100
10200,430,200,"bu","13:26:02",8749100
10150,380,2000,"sd","13:25:59",8748900
10150,380,800,"sd","13:25:59",8746900
10150,380,500,"sd","13:25:59",8746100
10150,380,1700,"sd","13:25:59",8745600
10200,430,400,"bu","13:25:32",8743900
10200,430,200,"bu","13:25:31",8743500
10200,430,3300,"bu","13:25:24",8743300
10200,430,1000,"bu","13:25:24",8740000
10200,430,1000,"bu","13:25:24",8739000
10200,430,5700,"bu","13:25:24",8738000
10200,430,1100,"bu","13:24:55",8732300
10150,380,300,"sd","13:24:46",8731200
10200,430,100,"bu","13:24:42",8730900
10200,430,600,"bu","13:24:42",8730800
10150,380,6100,"sd","13:24:36",8730200
10150,380,800,"sd","13:24:36",8724100
10150,380,3000,"sd","13:24:36",8723300
10150,380,100,"sd","13:24:36",8720300
10150,380,100,"sd","13:23:57",8720200
10150,380,100,"sd","13:23:47",8720100
10150,380,1000,"sd","13:23:45",8720000
10200,430,1000,"bu","13:23:36",8719000
10150,380,100,"sd","13:23:29",8718000
10150,380,300,"sd","13:23:16",8717900
10150,380,1000,"bu","13:22:59",8717600
10150,380,1000,"bu","13:22:59",8716600
10150,380,100,"bu","13:22:59",8715600
10150,380,200,"bu","13:22:59",8715500
10150,380,200,"bu","13:22:46",8715300
10150,380,500,"bu","13:22:27",8715100
10150,380,100,"bu","13:22:14",8714600
10150,380,200,"bu","13:22:07",8714500
10150,380,200,"bu","13:21:59",8714300
10150,380,200,"bu","13:21:59",8714100
10150,380,200,"bu","13:21:53",8713900
10150,380,100,"bu","13:21:42",8713700
10150,380,500,"bu","13:21:39",8713600
10150,380,100,"bu","13:21:39",8713100
10150,380,2000,"bu","13:21:39",8713000
10150,380,10400,"bu","13:21:39",8711000
10150,380,100,"bu","13:21:37",8700600
10150,380,100,"bu","13:21:34",8700500
10150,380,100,"bu","13:21:15",8700400
10150,380,1000,"bu","13:21:10",8700300
10100,330,600,"sd","13:21:09",8699300
10150,380,5000,"sd","13:21:08",8698700
10150,380,500,"sd","13:21:08",8693700
10150,380,2800,"sd","13:21:08",8693200
10150,380,2200,"sd","13:21:03",8690400
10150,380,800,"sd","13:21:03",8688200
10150,380,100,"sd","13:21:01",8687400
10150,380,2800,"sd","13:20:50",8687300
10150,380,10000,"bu","13:20:50",8684500
10150,380,2300,"bu","13:20:50",8674500
10150,380,200,"bu","13:20:49",8672200
10150,380,300,"bu","13:20:38",8672000
10150,380,2200,"sd","13:20:36",8671700
10150,380,3000,"bu","13:20:35",8669500
10150,380,1000,"bu","13:20:35",8666500
10150,380,1600,"bu","13:20:35",8665500
10150,380,500,"bu","13:20:35",8663900
10150,380,500,"bu","13:20:35",8663400
10150,380,100,"bu","13:20:35",8662900
10150,380,100,"bu","13:20:35",8662800
10150,380,500,"bu","13:20:35",8662700
10150,380,100,"bu","13:20:35",8662200
10150,380,400,"bu","13:20:35",8662100
10150,380,600,"bu","13:20:11",8661700
10150,380,1400,"bu","13:20:11",8661100
10150,380,100,"bu","13:20:05",8659700
10150,380,2000,"bu","13:20:05",8659600
10100,330,2300,"sd","13:20:04",8657600
10100,330,500,"sd","13:20:04",8655300
10100,330,800,"sd","13:20:04",8654800
10150,380,3000,"bu","13:19:41",8654000
10150,380,200,"bu","13:19:38",8651000
10150,380,2000,"bu","13:19:37",8650800
10150,380,800,"bu","13:19:21",8648800
10150,380,500,"bu","13:19:20",8648000
10100,330,100,"sd","13:19:13",8647500
10150,380,100,"bu","13:19:07",8647400
10150,380,2100,"bu","13:19:07",8647300
10150,380,2000,"bu","13:18:57",8645200
10100,330,1000,"sd","13:18:53",8643200
10100,330,400,"sd","13:18:53",8642200
10100,330,5000,"sd","13:18:53",8641800
10100,330,4100,"sd","13:18:53",8636800
10100,330,1000,"sd","13:18:53",8632700
10100,330,3500,"sd","13:18:53",8631700
10100,330,5000,"sd","13:18:53",8628200
10150,380,100,"bu","13:18:51",8623200
10150,380,100,"bu","13:18:41",8623100
10150,380,700,"bu","13:18:35",8623000
10150,380,500,"bu","13:18:35",8622300
10150,380,1000,"bu","13:18:35",8621800
10150,380,300,"bu","13:18:35",8620800
10150,380,500,"bu","13:18:35",8620500
10150,380,100,"bu","13:18:20",8620000
10150,380,500,"bu","13:18:16",8619900
10150,380,2000,"bu","13:17:41",8619400
10150,380,100,"bu","13:17:30",8617400
10150,380,500,"sd","13:17:27",8617300
10150,380,3400,"sd","13:17:27",8616800
10150,380,1000,"sd","13:17:27",8613400
10150,380,300,"sd","13:17:27",8612400
10150,380,1600,"sd","13:17:27",8612100
10150,380,400,"sd","13:17:25",8610500
10150,380,2700,"sd","13:17:25",8610100
10150,380,100,"sd","13:17:22",8607400
10150,380,1000,"sd","13:17:18",8607300
10150,380,2900,"sd","13:17:00",8606300
10150,380,5000,"sd","13:16:49",8603400
10150,380,5000,"sd","13:16:48",8598400
10200,430,1400,"bu","13:16:34",8593400
10200,430,200,"bu","13:16:34",8592000
10200,430,2000,"bu","13:16:34",8591800
10200,430,1000,"bu","13:16:34",8589800
10200,430,400,"bu","13:16:34",8588800
10200,430,100,"bu","13:16:27",8588400
10150,380,1000,"sd","13:16:24",8588300
10150,380,10000,"sd","13:16:12",8587300
10150,380,2300,"sd","13:16:12",8577300
10150,380,7700,"sd","13:16:12",8575000
10150,380,5000,"sd","13:16:00",8567300
10150,380,7300,"sd","13:15:57",8562300
10150,380,200,"sd","13:15:57",8555000
10150,380,100,"sd","13:15:57",8554800
10150,380,400,"sd","13:15:57",8554700
10150,380,1000,"sd","13:15:57",8554300
10150,380,1000,"sd","13:15:57",8553300
10150,380,200,"sd","13:15:54",8552300
10150,380,1000,"sd","13:15:54",8552100
10150,380,300,"sd","13:15:54",8551100
10150,380,500,"sd","13:15:54",8550800
10150,380,5000,"sd","13:15:54",8550300
10150,380,3000,"sd","13:15:54",8545300
10150,380,2000,"sd","13:15:51",8542300
10150,380,1900,"sd","13:15:51",8540300
10150,380,1100,"sd","13:15:51",8538400
10150,380,3800,"sd","13:15:50",8537300
10150,380,100,"sd","13:15:42",8533500
10150,380,1000,"sd","13:15:42",8533400
10150,380,3900,"sd","13:15:42",8532400
10200,430,500,"bu","13:15:34",8528500
10200,430,500,"bu","13:15:30",8528000
10150,380,100,"sd","13:15:18",8527500
10150,380,500,"sd","13:15:10",8527400
10150,380,1000,"sd","13:15:10",8526900
10150,380,100,"sd","13:15:10",8525900
10150,380,1000,"sd","13:15:10",8525800
10150,380,3000,"sd","13:15:10",8524800
10150,380,800,"sd","13:15:10",8521800
10150,380,100,"sd","13:15:10",8521000
10150,380,500,"sd","13:15:10",8520900
10150,380,3000,"sd","13:15:10",8520400
10200,430,1000,"bu","13:15:03",8517400
10200,430,3900,"bu","13:15:03",8516400
10200,430,4400,"bu","13:14:34",8512500
10150,380,2000,"sd","13:14:11",8508100
10150,380,1000,"sd","13:14:11",8506100
10150,380,200,"sd","13:14:02",8505100
10150,380,1800,"sd","13:14:02",8504900
10150,380,200,"sd","13:13:45",8503100
10150,380,600,"sd","13:13:26",8502900
10200,430,1700,"bu","13:13:14",8502300
10200,430,300,"bu","13:13:14",8500600
10200,430,400,"bu","13:13:14",8500300
10200,430,600,"bu","13:13:14",8499900
10150,380,300,"sd","13:13:13",8499300
10150,380,2600,"sd","13:13:00",8499000
10150,380,200,"sd","13:13:00",8496400
10150,380,1000,"sd","13:13:00",8496200
10150,380,300,"sd","13:13:00",8495200
10150,380,100,"sd","13:13:00",8494900
10150,380,1200,"sd","13:13:00",8494800
10150,380,500,"sd","13:13:00",8493600
10150,380,300,"sd","13:13:00",8493100
10150,380,1000,"sd","13:13:00",8492800
10150,380,400,"sd","13:13:00",8491800
10150,380,12400,"sd","13:13:00",8491400
10150,380,400,"sd","13:12:51",8479000
10150,380,2000,"sd","13:12:48",8478600
10150,380,100,"sd","13:12:43",8476600
10150,380,3000,"sd","13:12:41",8476500
10150,380,10000,"sd","13:12:17",8473500
10150,380,2100,"sd","13:12:12",8463500
10150,380,500,"sd","13:12:12",8461400
10150,380,400,"sd","13:12:12",8460900
10150,380,17000,"sd","13:12:12",8460500
10150,380,1000,"sd","13:12:01",8443500
10150,380,700,"sd","13:11:52",8442500
10150,380,500,"sd","13:11:52",8441800
10150,380,5000,"sd","13:11:52",8441300
10150,380,2000,"sd","13:11:52",8436300
10150,380,4000,"sd","13:11:52",8434300
10150,380,4900,"sd","13:11:52",8430300
10150,380,2200,"sd","13:11:52",8425400
10150,380,700,"sd","13:11:52",8423200
10200,430,300,"bu","13:11:51",8422500
10200,430,100,"bu","13:11:31",8422200
10200,430,400,"bu","13:11:31",8422100
10150,380,300,"sd","13:11:25",8421700
10150,380,700,"sd","13:11:25",8421400
10150,380,100,"sd","13:11:16",8420700
10150,380,200,"sd","13:11:06",8420600
10150,380,2000,"sd","13:11:06",8420400
10150,380,8000,"sd","13:10:32",8418400
10150,380,4800,"sd","13:10:32",8410400
10150,380,100,"sd","13:10:10",8405600
10150,380,100,"sd","13:10:02",8405500
10150,380,2000,"sd","13:10:02",8405400
10150,380,900,"sd","13:10:02",8403400
10150,380,1000,"sd","13:09:58",8402500
10150,380,500,"sd","13:09:42",8401500
10150,380,500,"sd","13:09:29",8401000
10150,380,1100,"sd","13:09:20",8400500
10150,380,8900,"sd","13:09:20",8399400
10150,380,1100,"bu","13:09:14",8390500
10150,380,3000,"bu","13:09:12",8389400
10150,380,900,"sd","13:09:08",8386400
10150,380,3000,"bu","13:08:54",8385500
10150,380,6100,"bu","13:08:54",8382500
10150,380,100,"bu","13:08:44",8376400
10150,380,3800,"bu","13:08:36",8376300
10150,380,500,"bu","13:08:36",8372500
10150,380,1800,"bu","13:08:36",8372000
10150,380,100,"bu","13:08:36",8370200
10150,380,500,"bu","13:08:36",8370100
10150,380,100,"bu","13:08:36",8369600
10150,380,500,"bu","13:08:36",8369500
10150,380,1300,"bu","13:08:36",8369000
10150,380,1400,"bu","13:08:36",8367700
10150,380,1000,"bu","13:08:36",8366300
10150,380,500,"bu","13:08:35",8365300
10150,380,500,"bu","13:08:35",8364800
10150,380,200,"bu","13:08:27",8364300
10150,380,100,"bu","13:08:25",8364100
10150,380,4200,"bu","13:08:25",8364000
10150,380,1000,"bu","13:08:25",8359800
10150,380,500,"bu","13:08:25",8358800
10150,380,200,"bu","13:08:25",8358300
10150,380,700,"bu","13:08:25",8358100
10150,380,1300,"bu","13:08:25",8357400
10100,330,5000,"sd","13:08:23",8356100
10150,380,400,"bu","13:08:19",8351100
10150,380,100,"bu","13:08:18",8350700
10150,380,2200,"bu","13:08:15",8350600
10150,380,9000,"bu","13:08:11",8348400
10150,380,8000,"bu","13:08:11",8339400
10150,380,1000,"bu","13:08:11",8331400
10150,380,100,"bu","13:08:11",8330400
10150,380,1200,"bu","13:08:07",8330300
10150,380,500,"bu","13:08:07",8329100
10150,380,2000,"bu","13:08:07",8328600
10150,380,500,"bu","13:08:07",8326600
10150,380,800,"bu","13:08:07",8326100
10150,380,1500,"bu","13:07:46",8325300
10150,380,700,"bu","13:07:39",8323800
10150,380,4300,"bu","13:07:39",8323100
10150,380,1000,"bu","13:07:36",8318800
10150,380,2000,"sd","13:07:28",8317800
10150,380,5000,"sd","13:07:28",8315800
10150,380,10000,"sd","13:07:28",8310800
10150,380,4400,"sd","13:07:28",8300800
10150,380,6100,"sd","13:07:28",8296400
10150,380,1500,"sd","13:07:28",8290300
10150,380,100,"sd","13:07:28",8288800
10150,380,1000,"sd","13:07:28",8288700
10200,430,500,"bu","13:07:21",8287700
10150,380,1500,"sd","13:06:57",8287200
10200,430,3000,"bu","13:06:53",8285700
10200,430,100,"bu","13:06:53",8282700
10200,430,100,"bu","13:06:53",8282600
10200,430,400,"bu","13:06:53",8282500
10200,430,900,"bu","13:06:53",8282100
10200,430,1000,"bu","13:06:53",8281200
10200,430,500,"bu","13:06:53",8280200
10150,380,800,"sd","13:06:51",8279700
10150,380,1100,"bu","13:06:50",8278900
10150,380,100,"bu","13:06:48",8277800
10150,380,800,"bu","13:06:45",8277700
10150,380,200,"sd","13:06:44",8276900
10150,380,300,"bu","13:06:43",8276700
10150,380,700,"bu","13:06:41",8276400
10150,380,200,"bu","13:06:41",8275700
10150,380,1500,"bu","13:06:41",8275500
10150,380,2000,"bu","13:06:41",8274000
10150,380,5000,"bu","13:06:41",8272000
10150,380,2000,"bu","13:06:41",8267000
10150,380,500,"bu","13:06:41",8265000
10150,380,3000,"bu","13:06:41",8264500
10150,380,3000,"bu","13:06:41",8261500
10150,380,100,"bu","13:06:41",8258500
10150,380,1800,"bu","13:06:40",8258400
10100,330,4000,"sd","13:06:38",8256600
10100,330,400,"sd","13:06:33",8252600
10100,330,3000,"sd","13:06:22",8252200
10150,380,3000,"bu","13:06:21",8249200
10100,330,4000,"sd","13:06:21",8246200
10150,380,200,"bu","13:06:19",8242200
10150,380,100,"bu","13:06:19",8242000
10100,330,5700,"sd","13:05:53",8241900
10100,330,2000,"sd","13:05:53",8236200
10100,330,500,"sd","13:05:53",8234200
10100,330,1800,"sd","13:05:53",8233700
10150,380,100,"bu","13:05:48",8231900
10100,330,300,"sd","13:05:45",8231800
10150,380,100,"sd","13:05:33",8231500
10150,380,100,"sd","13:05:32",8231400
10150,380,100,"sd","13:05:32",8231300
10150,380,400,"sd","13:05:28",8231200
10150,380,30000,"sd","13:05:28",8230800
10150,380,1000,"sd","13:05:28",8200800
10150,380,300,"sd","13:05:28",8199800
10150,380,100,"sd","13:05:28",8199500
10150,380,400,"sd","13:05:28",8199400
10150,380,1000,"sd","13:05:28",8199000
10150,380,6000,"sd","13:05:28",8198000
10150,380,500,"sd","13:05:28",8192000
10150,380,500,"sd","13:05:28",8191500
10150,380,9800,"sd","13:05:28",8191000
10150,380,900,"sd","13:05:25",8181200
10150,380,100,"sd","13:05:23",8180300
10150,380,200,"sd","13:05:21",8180200
10150,380,7200,"sd","13:05:20",8180000
10150,380,200,"sd","13:05:03",8172800
10150,380,100,"sd","13:04:59",8172600
10150,380,1000,"sd","13:04:58",8172500
10200,430,4700,"bu","13:04:50",8171500
10200,430,400,"bu","13:04:50",8166800
10200,430,200,"bu","13:04:50",8166400
10200,430,500,"bu","13:04:50",8166200
10200,430,100,"bu","13:04:50",8165700
10200,430,500,"bu","13:04:50",8165600
10200,430,800,"bu","13:04:50",8165100
10200,430,4400,"bu","13:04:50",8164300
10150,380,10000,"sd","13:04:46",8159900
10150,380,500,"sd","13:04:33",8149900
10150,380,500,"sd","13:04:33",8149400
10150,380,500,"sd","13:04:29",8148900
10150,380,6200,"sd","13:04:29",8148400
10200,430,100,"bu","13:04:27",8142200
10150,380,7300,"sd","13:04:21",8142100
10150,380,500,"sd","13:04:21",8134800
10150,380,5000,"sd","13:04:21",8134300
10150,380,1500,"sd","13:04:21",8129300
10150,380,5000,"sd","13:04:21",8127800
10150,380,10700,"sd","13:04:21",8122800
10200,430,5000,"bu","13:04:18",8112100
10200,430,500,"bu","13:04:14",8107100
10200,430,1800,"bu","13:03:49",8106600
10200,430,100,"bu","13:03:15",8104800
10200,430,2000,"bu","13:02:55",8104700
10200,430,2000,"bu","13:02:53",8102700
10200,430,1000,"sd","13:02:45",8100700
10200,430,3100,"sd","13:02:45",8099700
10200,430,1000,"sd","13:02:43",8096600
10200,430,800,"sd","13:02:41",8095600
10200,430,100,"sd","13:02:30",8094800
10200,430,1000,"sd","13:02:29",8094700
10200,430,5000,"sd","13:02:29",8093700
10200,430,1800,"sd","13:02:28",8088700
10200,430,1300,"sd","13:02:27",8086900
10200,430,800,"bu","13:02:26",8085600
10200,430,700,"bu","13:02:26",8084800
10200,430,6400,"bu","13:02:26",8084100
10200,430,500,"bu","13:02:25",8077700
10200,430,3100,"bu","13:02:24",8077200
10200,430,16900,"bu","13:02:24",8074100
10200,430,300,"bu","13:02:22",8057200
10200,430,4000,"bu","13:02:20",8056900
10200,430,8800,"bu","13:02:20",8052900
10200,430,1800,"bu","13:02:20",8044100
10200,430,1200,"bu","13:02:19",8042300
10200,430,500,"bu","13:02:19",8041100
10200,430,300,"bu","13:02:19",8040600
10200,430,100,"bu","13:02:15",8040300
10200,430,4000,"bu","13:02:14",8040200
10200,430,500,"bu","13:02:11",8036200
10200,430,500,"bu","13:02:10",8035700
10200,430,7500,"bu","13:02:05",8035200
10200,430,100,"bu","13:02:05",8027700
10200,430,100,"bu","13:02:05",8027600
10200,430,200,"bu","13:02:05",8027500
10200,430,4700,"bu","13:02:05",8027300
10200,430,400,"bu","13:02:05",8022600
10200,430,700,"bu","13:02:05",8022200
10200,430,1300,"bu","13:02:05",8021500
10200,430,2000,"bu","13:02:03",8020200
10200,430,400,"bu","13:02:00",8018200
10200,430,100,"bu","13:02:00",8017800
10200,430,2900,"bu","13:01:59",8017700
10200,430,100,"bu","13:01:59",8014800
10200,430,5000,"bu","13:01:59",8014700
10200,430,2000,"bu","13:01:59",8009700
10200,430,2000,"bu","13:01:57",8007700
10200,430,8000,"bu","13:01:46",8005700
10200,430,200,"bu","13:01:46",7997700
10200,430,200,"bu","13:01:46",7997500
10200,430,200,"bu","13:01:46",7997300
10200,430,100,"bu","13:01:46",7997100
10200,430,300,"bu","13:01:46",7997000
10200,430,200,"bu","13:01:39",7996700
10200,430,800,"bu","13:01:38",7996500
10200,430,700,"bu","13:01:33",7995700
10200,430,700,"bu","13:01:33",7995000
10200,430,300,"bu","13:01:33",7994300
10200,430,300,"bu","13:01:33",7994000
10200,430,300,"bu","13:01:32",7993700
10200,430,2000,"bu","13:01:26",7993400
10150,380,200,"sd","13:01:24",7991400
10200,430,1000,"bu","13:01:21",7991200
10150,380,2000,"sd","13:01:15",7990200
10200,430,200,"bu","13:01:10",7988200
10200,430,100,"bu","13:01:10",7988000
10200,430,5000,"bu","13:01:10",7987900
10200,430,200,"bu","13:01:10",7982900
10200,430,100,"bu","13:01:10",7982700
10200,430,900,"bu","13:01:05",7982600
10200,430,500,"bu","13:01:05",7981700
10200,430,3600,"bu","13:01:05",7981200
10150,380,100,"sd","13:01:04",7977600
10200,430,500,"bu","13:01:02",7977500
10200,430,5900,"bu","13:00:57",7977000
10200,430,10000,"bu","13:00:57",7971100
10200,430,1000,"bu","13:00:57",7961100
10200,430,10000,"bu","13:00:57",7960100
10200,430,300,"bu","13:00:57",7950100
10200,430,800,"bu","13:00:57",7949800
10200,430,100,"bu","13:00:57",7949000
10200,430,3000,"bu","13:00:57",7948900
10200,430,3000,"bu","13:00:57",7945900
10200,430,1100,"bu","13:00:57",7942900
10200,430,500,"bu","13:00:57",7941800
10200,430,1000,"bu","13:00:57",7941300
10200,430,1000,"bu","13:00:57",7940300
10200,430,1000,"bu","13:00:57",7939300
10200,430,200,"bu","13:00:57",7938300
10200,430,500,"bu","13:00:57",7938100
10200,430,500,"bu","13:00:57",7937600
10200,430,200,"bu","13:00:57",7937100
10200,430,1000,"bu","13:00:57",7936900
10200,430,2300,"bu","13:00:57",7935900
10200,430,100,"bu","13:00:57",7933600
10200,430,5000,"bu","13:00:57",7933500
10200,430,1500,"bu","13:00:57",7928500
10150,380,700,"sd","13:00:56",7927000
10200,430,500,"bu","13:00:55",7926300
10200,430,800,"bu","13:00:55",7925800
10200,430,300,"bu","13:00:55",7925000
10200,430,1000,"bu","13:00:55",7924700
10200,430,200,"bu","13:00:55",7923700
10200,430,200,"bu","13:00:55",7923500
10200,430,800,"bu","13:00:52",7923300
10200,430,200,"bu","13:00:52",7922500
10200,430,600,"bu","13:00:51",7922300
10200,430,200,"bu","13:00:51",7921700
10200,430,200,"bu","13:00:51",7921500
10150,380,400,"bu","13:00:50",7921300
10150,380,3900,"bu","13:00:50",7920900
10150,380,100,"bu","13:00:50",7917000
10100,330,7900,"sd","13:00:48",7916900
10100,330,2100,"sd","13:00:48",7909000
10100,330,2900,"sd","13:00:47",7906900
10100,330,100,"sd","13:00:47",7904000
10100,330,5000,"sd","13:00:47",7903900
10100,330,10000,"sd","13:00:47",7898900
10100,330,1300,"sd","13:00:47",7888900
10150,380,8700,"sd","13:00:47",7887600
10150,380,100,"sd","13:00:45",7878900
10150,380,200,"sd","13:00:44",7878800
10150,380,1000,"bu","13:00:41",7878600
10100,330,3000,"sd","13:00:39",7877600
10100,330,700,"sd","13:00:39",7874600
10100,330,1000,"sd","13:00:39",7873900
10100,330,1000,"sd","13:00:39",7872900
10100,330,1000,"sd","13:00:39",7871900
10100,330,200,"sd","13:00:39",7870900
10100,330,1000,"sd","13:00:39",7870700
10100,330,4100,"sd","13:00:39",7869700
10100,330,5000,"sd","13:00:38",7865600
10100,330,900,"sd","13:00:38",7860600
10100,330,2000,"sd","13:00:38",7859700
10100,330,300,"sd","13:00:38",7857700
10100,330,800,"sd","13:00:38",7857400
10100,330,4200,"sd","13:00:37",7856600
10100,330,700,"sd","13:00:37",7852400
10100,330,1000,"sd","13:00:37",7851700
10100,330,4100,"sd","13:00:37",7850700
10100,330,100,"sd","13:00:36",7846600
10100,330,1000,"sd","13:00:35",7846500
10100,330,800,"sd","13:00:34",7845500
10100,330,100,"sd","13:00:34",7844700
10100,330,700,"sd","13:00:34",7844600
10100,330,2900,"sd","13:00:33",7843900
10100,330,100,"sd","13:00:29",7841000
10200,430,7400,"bu","13:00:26",7840900
10150,380,2000,"bu","13:00:26",7833500
10150,380,100,"bu","13:00:26",7831500
10150,380,400,"bu","13:00:26",7831400
10150,380,100,"bu","13:00:26",7831000
10100,330,100,"sd","13:00:23",7830900
10100,330,200,"sd","13:00:23",7830800
10100,330,100,"sd","13:00:22",7830600
10100,330,400,"sd","13:00:17",7830500
10100,330,2400,"sd","13:00:17",7830100
10100,330,100,"sd","13:00:17",7827700
10100,330,1300,"sd","13:00:17",7827600
10100,330,3600,"sd","13:00:17",7826300
10100,330,400,"sd","13:00:16",7822700
10200,430,400,"bu","13:00:15",7822300
10200,430,1000,"bu","13:00:15",7821900
10200,430,600,"bu","13:00:15",7820900
10200,430,400,"bu","13:00:15",7820300
10200,430,4000,"bu","13:00:15",7819900
10200,430,1000,"bu","13:00:15",7815900
10200,430,5000,"bu","13:00:15",7814900
10200,430,1000,"bu","13:00:15",7809900
10200,430,1000,"bu","13:00:15",7808900
10200,430,500,"bu","13:00:15",7807900
10200,430,600,"bu","13:00:15",7807400
10200,430,300,"bu","13:00:15",7806800
10200,430,500,"bu","13:00:15",7806500
10200,430,600,"bu","13:00:15",7806000
10150,380,100,"bu","13:00:15",7805400
10150,380,100,"bu","13:00:15",7805300
10150,380,200,"bu","13:00:15",7805200
10150,380,15000,"bu","13:00:15",7805000
10150,380,1000,"bu","13:00:15",7790000
10150,380,9000,"bu","13:00:15",7789000
10150,380,1000,"bu","13:00:15",7780000
10150,380,300,"bu","13:00:15",7779000
10150,380,6400,"bu","13:00:15",7778700
10150,380,2000,"bu","13:00:14",7772300
10100,330,2000,"sd","13:00:13",7770300
10100,330,1000,"sd","13:00:13",7768300
10150,380,1600,"bu","13:00:11",7767300
10150,380,100,"bu","13:00:11",7765700
10150,380,300,"bu","13:00:11",7765600
10100,330,300,"sd","13:00:10",7765300
10100,330,100,"sd","13:00:10",7765000
10100,330,100,"sd","13:00:10",7764900
10100,330,500,"sd","13:00:10",7764800
10150,380,1700,"bu","13:00:09",7764300
10150,380,1000,"bu","13:00:09",7762600
10150,380,300,"bu","13:00:09",7761600
10100,330,400,"bu","13:00:08",7761300
10150,380,1000,"bu","13:00:08",7760900
10150,380,300,"bu","13:00:08",7759900
10150,380,100,"bu","13:00:08",7759600
10150,380,900,"bu","13:00:08",7759500
10150,380,17700,"bu","13:00:08",7758600
10100,330,100,"bu","13:00:08",7740900
10100,330,2900,"bu","13:00:08",7740800
10100,330,1000,"bu","13:00:08",7737900
10100,330,1000,"bu","13:00:08",7736900
10100,330,2000,"bu","13:00:08",7735900
10100,330,100,"bu","13:00:07",7733900
10100,330,100,"bu","13:00:07",7733800
10100,330,800,"bu","13:00:07",7733700
10100,330,1100,"bu","13:00:07",7732900
10100,330,300,"bu","13:00:05",7731800
10100,330,300,"bu","13:00:05",7731500
10050,280,300,"sd","13:00:05",7731200
10100,330,1000,"bu","13:00:05",7730900
10050,280,5000,"sd","13:00:04",7729900
10100,330,1800,"sd","13:00:04",7724900
10100,330,100,"sd","13:00:04",7723100
10100,330,700,"sd","13:00:04",7723000
10100,330,4300,"sd","13:00:04",7722300
10100,330,700,"sd","13:00:04",7718000
10050,280,1600,"sd","13:00:03",7717300
10150,380,8500,"bu","13:00:03",7715700
10100,330,1500,"bu","13:00:03",7707200
10050,280,100,"sd","13:00:02",7705700
10100,330,4600,"bu","13:00:02",7705600
10050,280,200,"sd","13:00:02",7701000
10050,280,4400,"sd","13:00:01",7700800
10100,330,1000,"bu","13:00:01",7696400
10100,330,1800,"bu","13:00:01",7695400
10100,330,100,"bu","13:00:01",7693600
10100,330,2000,"bu","13:00:01",7693500
10100,330,17000,"bu","13:00:01",7691500
10100,330,6000,"bu","13:00:01",7674500
10100,330,2000,"bu","13:00:01",7668500
10100,330,7700,"bu","13:00:01",7666500
10100,330,1000,"bu","13:00:01",7658800
10100,330,1000,"bu","13:00:00",7657800
10100,330,500,"bu","13:00:00",7656800
10100,330,1500,"bu","13:00:00",7656300
10100,330,10000,"bu","13:00:00",7654800
10100,330,1000,"bu","13:00:00",7644800
10100,330,3000,"bu","13:00:00",7643800
10100,330,200,"bu","13:00:00",7640800
10100,330,100,"bu","11:29:44",7640600
10050,280,1700,"sd","11:29:29",7640500
10050,280,300,"sd","11:29:29",7638800
10050,280,500,"sd","11:29:29",7638500
10050,280,1000,"sd","11:29:29",7638000
10050,280,4000,"sd","11:29:29",7637000
10050,280,300,"sd","11:29:29",7633000
10050,280,2200,"sd","11:29:29",7632700
10050,280,500,"sd","11:29:10",7630500
10100,330,100,"bu","11:29:06",7630000
10100,330,600,"bu","11:29:00",7629900
10100,330,400,"bu","11:29:00",7629300
10100,330,2000,"bu","11:28:59",7628900
10100,330,2600,"bu","11:28:48",7626900
10100,330,1000,"bu","11:28:48",7624300
10100,330,2000,"bu","11:28:48",7623300
10100,330,5000,"bu","11:28:48",7621300
10100,330,1000,"bu","11:28:48",7616300
10050,280,1000,"sd","11:28:45",7615300
10050,280,200,"sd","11:28:44",7614300
10050,280,1000,"sd","11:28:40",7614100
10050,280,100,"sd","11:28:39",7613100
10050,280,300,"sd","11:28:39",7613000
10050,280,2100,"sd","11:28:39",7612700
10050,280,5400,"sd","11:28:22",7610600
10050,280,400,"sd","11:28:13",7605200
10050,280,2000,"sd","11:28:12",7604800
10050,280,2900,"sd","11:28:02",7602800
10050,280,100,"sd","11:28:02",7599900
10050,280,1000,"sd","11:27:55",7599800
10050,280,200,"sd","11:27:46",7598800
10100,330,2800,"sd","11:27:46",7598600
10050,280,1000,"sd","11:27:35",7595800
10050,280,2800,"sd","11:27:35",7594800
10050,280,3000,"sd","11:27:35",7592000
10050,280,200,"sd","11:27:35",7589000
10050,280,1000,"sd","11:27:35",7588800
10050,280,3000,"sd","11:27:35",7587800
10050,280,1000,"sd","11:27:35",7584800
10050,280,500,"sd","11:27:35",7583800
10050,280,100,"sd","11:27:35",7583300
10050,280,300,"sd","11:27:35",7583200
10050,280,1000,"sd","11:27:35",7582900
10050,280,1000,"sd","11:27:35",7581900
10050,280,1000,"sd","11:27:35",7580900
10050,280,500,"sd","11:27:35",7579900
10050,280,9600,"sd","11:27:35",7579400
10050,280,300,"sd","11:27:35",7569800
10050,280,5000,"sd","11:27:35",7569500
10050,280,100000,"sd","11:27:35",7564500
10050,280,300,"sd","11:27:35",7464500
10050,280,5000,"sd","11:27:35",7464200
10050,280,2000,"sd","11:27:35",7459200
10050,280,1000,"sd","11:27:35",7457200
10050,280,1800,"sd","11:27:35",7456200
10050,280,900,"sd","11:27:35",7454400
10050,280,10000,"sd","11:27:35",7453500
10050,280,400,"sd","11:27:35",7443500
10050,280,300,"sd","11:27:35",7443100
10050,280,200,"sd","11:27:35",7442800
10050,280,500,"sd","11:27:35",7442600
10050,280,100,"sd","11:27:35",7442100
10050,280,500,"sd","11:27:35",7442000
10050,280,500,"sd","11:27:35",7441500
10050,280,100,"sd","11:27:35",7441000
10050,280,2000,"sd","11:27:35",7440900
10050,280,12400,"sd","11:27:35",7438900
10050,280,100,"sd","11:27:35",7426500
10050,280,7000,"sd","11:27:35",7426400
10050,280,500,"sd","11:27:35",7419400
10050,280,2000,"sd","11:27:35",7418900
10050,280,1000,"sd","11:27:35",7416900
10050,280,2000,"sd","11:27:35",7415900
10050,280,800,"sd","11:27:35",7413900
10050,280,100,"sd","11:27:35",7413100
10050,280,100,"sd","11:27:35",7413000
10050,280,5000,"sd","11:27:35",7412900
10050,280,8100,"sd","11:27:35",7407900
10050,280,100,"sd","11:27:35",7399800
10050,280,500,"sd","11:27:35",7399700
10050,280,100,"sd","11:27:35",7399200
10050,280,100,"sd","11:27:35",7399100
10050,280,100,"sd","11:27:35",7399000
10050,280,600,"sd","11:27:35",7398900
10050,280,1600,"sd","11:27:35",7398300
10050,280,2000,"sd","11:27:35",7396700
10050,280,100,"sd","11:27:35",7394700
10050,280,400,"sd","11:27:35",7394600
10050,280,5000,"sd","11:27:35",7394200
10050,280,200,"sd","11:27:35",7389200
10050,280,1000,"sd","11:27:35",7389000
10050,280,5000,"sd","11:27:35",7388000
10050,280,100,"sd","11:27:35",7383000
10050,280,7000,"sd","11:27:35",7382900
10050,280,3000,"sd","11:27:35",7375900
10050,280,5000,"sd","11:27:35",7372900
10050,280,3000,"sd","11:27:35",7367900
10050,280,1100,"sd","11:27:35",7364900
10050,280,11500,"sd","11:27:35",7363800
10050,280,1000,"sd","11:27:35",7352300
10100,330,400,"sd","11:27:35",7351300
10100,330,1000,"sd","11:27:35",7350900
10100,330,100,"sd","11:27:35",7349900
10100,330,6000,"sd","11:27:35",7349800
10100,330,5000,"sd","11:27:35",7343800
10100,330,200,"sd","11:27:35",7338800
10100,330,2000,"sd","11:27:35",7338600
10100,330,600,"sd","11:27:35",7336600
10100,330,2300,"sd","11:27:35",7336000
10100,330,1500,"sd","11:27:35",7333700
10100,330,2600,"sd","11:27:35",7332200
10100,330,400,"sd","11:27:24",7329600
10100,330,600,"sd","11:27:24",7329200
10100,330,1200,"sd","11:27:06",7328600
10100,330,1000,"sd","11:26:38",7327400
10100,330,100,"sd","11:26:31",7326400
10100,330,2100,"bu","11:26:29",7326300
10100,330,600,"bu","11:26:27",7324200
10100,330,300,"bu","11:26:23",7323600
10100,330,200,"bu","11:26:23",7323300
10100,330,5000,"bu","11:26:21",7323100
10100,330,1700,"sd","11:26:06",7318100
10100,330,300,"bu","11:26:04",7316400
10100,330,500,"sd","11:25:52",7316100
10100,330,100,"sd","11:25:52",7315600
10100,330,100,"sd","11:25:52",7315500
10100,330,1000,"sd","11:25:52",7315400
10100,330,2000,"bu","11:25:39",7314400
10100,330,5000,"bu","11:25:39",7312400
10100,330,2000,"bu","11:25:39",7307400
10100,330,4000,"bu","11:25:28",7305400
10100,330,500,"bu","11:25:23",7301400
10100,330,1000,"bu","11:25:03",7300900
10100,330,500,"bu","11:25:03",7299900
10100,330,200,"bu","11:25:03",7299400
10100,330,1000,"bu","11:25:03",7299200
10100,330,1900,"bu","11:25:03",7298200
10100,330,100,"bu","11:25:03",7296300
10100,330,1000,"bu","11:25:03",7296200
10100,330,1500,"bu","11:25:03",7295200
10100,330,600,"bu","11:25:03",7293700
10100,330,100,"bu","11:25:03",7293100
10100,330,500,"bu","11:25:03",7293000
10100,330,100,"unknown","11:25:03",7292500
10100,330,200,"sd","11:25:03",7292400
10100,330,3000,"sd","11:25:03",7292200
10100,330,1000,"sd","11:25:03",7289200
10100,330,500,"sd","11:25:03",7288200
10100,330,500,"sd","11:25:03",7287700
10100,330,400,"sd","11:25:03",7287200
10100,330,100,"sd","11:25:03",7286800
10100,330,3000,"sd","11:25:03",7286700
10100,330,2800,"sd","11:25:03",7283700
10100,330,100,"sd","11:25:03",7280900
10100,330,900,"sd","11:25:03",7280800
10100,330,2000,"sd","11:25:03",7279900
10100,330,500,"sd","11:25:03",7277900
10100,330,200,"sd","11:25:03",7277400
10100,330,36800,"sd","11:25:03",7277200
10100,330,5000,"sd","11:25:02",7240400
10100,330,100,"sd","11:24:42",7235400
10100,330,5000,"sd","11:24:40",7235300
10100,330,300,"sd","11:24:02",7230300
10150,380,400,"bu","11:23:46",7230000
10100,330,5000,"sd","11:23:38",7229600
10100,330,9900,"sd","11:23:25",7224600
10150,380,9000,"bu","11:23:13",7214700
10100,330,26500,"sd","11:23:13",7205700
10100,330,2800,"sd","11:23:03",7179200
10100,330,1100,"sd","11:23:00",7176400
10100,330,1000,"sd","11:22:56",7175300
10100,330,2000,"sd","11:22:46",7174300
10100,330,4500,"sd","11:22:44",7172300
10100,330,100,"sd","11:22:44",7167800
10100,330,500,"sd","11:22:44",7167700
10100,330,900,"sd","11:22:44",7167200
10100,330,100,"sd","11:22:37",7166300
10100,330,2900,"sd","11:22:37",7166200
10100,330,2000,"sd","11:22:29",7163300
10100,330,5100,"sd","11:22:24",7161300
10100,330,200,"sd","11:22:24",7156200
10100,330,100,"sd","11:22:24",7156000
10100,330,2000,"sd","11:22:24",7155900
10100,330,500,"sd","11:22:24",7153900
10100,330,2000,"sd","11:22:24",7153400
10100,330,4700,"sd","11:22:24",7151400
10100,330,400,"sd","11:22:16",7146700
10100,330,300,"sd","11:22:15",7146300
10100,330,1000,"sd","11:22:15",7146000
10100,330,10000,"sd","11:22:15",7145000
10100,330,10000,"sd","11:22:15",7135000
10100,330,2000,"sd","11:22:15",7125000
10100,330,400,"sd","11:22:15",7123000
10100,330,1000,"sd","11:22:15",7122600
10100,330,200,"sd","11:22:15",7121600
10100,330,500,"sd","11:22:15",7121400
10100,330,100,"sd","11:22:15",7120900
10100,330,1000,"sd","11:22:15",7120800
10100,330,5300,"sd","11:22:15",7119800
10100,330,200,"sd","11:22:15",7114500
10100,330,1000,"sd","11:22:15",7114300
10100,330,4000,"sd","11:22:15",7113300
10100,330,10000,"sd","11:22:15",7109300
10100,330,100,"sd","11:22:15",7099300
10100,330,300,"sd","11:22:15",7099200
10100,330,200,"sd","11:22:15",7098900
10100,330,500,"sd","11:22:15",7098700
10100,330,500,"sd","11:22:15",7098200
10100,330,3000,"sd","11:22:15",7097700
10100,330,500,"sd","11:22:15",7094700
10100,330,2200,"sd","11:22:15",7094200
10100,330,100,"sd","11:22:15",7092000
10100,330,5000,"sd","11:22:15",7091900
10100,330,100,"sd","11:22:15",7086900
10100,330,500,"sd","11:22:15",7086800
10100,330,1600,"sd","11:22:15",7086300
10100,330,2100,"sd","11:22:15",7084700
10100,330,200,"sd","11:22:15",7082600
10100,330,3200,"sd","11:22:15",7082400
10100,330,200,"sd","11:22:15",7079200
10100,330,5000,"sd","11:22:15",7079000
10100,330,100,"sd","11:22:15",7074000
10100,330,5000,"sd","11:22:15",7073900
10100,330,100,"sd","11:22:15",7068900
10100,330,100,"sd","11:22:15",7068800
10100,330,400,"sd","11:22:15",7068700
10100,330,200,"sd","11:22:15",7068300
10100,330,4500,"sd","11:22:15",7068100
10100,330,1000,"sd","11:22:15",7063600
10100,330,200,"sd","11:22:15",7062600
10100,330,500,"sd","11:22:15",7062400
10100,330,1400,"sd","11:22:15",7061900
10100,330,10000,"sd","11:22:15",7060500
10100,330,200,"sd","11:22:15",7050500
10100,330,500,"sd","11:22:15",7050300
10100,330,100,"sd","11:22:15",7049800
10100,330,5000,"sd","11:22:15",7049700
10100,330,1000,"sd","11:22:15",7044700
10100,330,2000,"sd","11:22:15",7043700
10100,330,1000,"sd","11:22:04",7041700
10100,330,1000,"sd","11:22:04",7040700
10100,330,100,"sd","11:22:04",7039700
10100,330,100,"sd","11:22:04",7039600
10100,330,5000,"sd","11:22:04",7039500
10100,330,1000,"sd","11:22:04",7034500
10100,330,700,"sd","11:22:04",7033500
10100,330,100,"sd","11:22:04",7032800
10100,330,200,"sd","11:22:04",7032700
10100,330,800,"sd","11:22:04",7032500
10100,330,9200,"sd","11:21:59",7031700
10100,330,500,"sd","11:21:59",7022500
10100,330,5000,"sd","11:21:59",7022000
10100,330,3000,"sd","11:21:59",7017000
10100,330,200,"sd","11:21:59",7014000
10100,330,100,"sd","11:21:59",7013800
10100,330,800,"sd","11:21:59",7013700
10100,330,3000,"sd","11:21:59",7012900
10100,330,100,"sd","11:21:59",7009900
10100,330,1000,"sd","11:21:59",7009800
10100,330,1000,"sd","11:21:59",7008800
10100,330,1000,"sd","11:21:59",7007800
10100,330,1000,"sd","11:21:59",7006800
10100,330,600,"sd","11:21:59",7005800
10100,330,11000,"sd","11:21:59",7005200
10100,330,500,"sd","11:21:59",6994200
10100,330,100,"sd","11:21:59",6993700
10100,330,20000,"sd","11:21:59",6993600
10100,330,41900,"sd","11:21:59",6973600
10100,330,8100,"sd","11:21:47",6931700
10100,330,100,"sd","11:21:47",6923600
10100,330,1000,"sd","11:21:47",6923500
10100,330,1300,"sd","11:21:47",6922500
10100,330,500,"sd","11:21:47",6921200
10100,330,100,"sd","11:21:47",6920700
10100,330,5000,"sd","11:21:47",6920600
10100,330,3000,"sd","11:21:47",6915600
10100,330,500,"sd","11:21:47",6912600
10100,330,400,"sd","11:21:47",6912100
10100,330,500,"sd","11:21:47",6911700
10100,330,100,"sd","11:21:47",6911200
10100,330,9400,"sd","11:21:47",6911100
10100,330,600,"sd","11:21:10",6901700
10100,330,100,"sd","11:21:10",6901100
10150,380,5000,"bu","11:21:05",6901000
10150,380,500,"sd","11:21:00",6896000
10150,380,500,"sd","11:21:00",6895500
10150,380,500,"sd","11:21:00",6895000
10150,380,700,"sd","11:21:00",6894500
10150,380,1000,"sd","11:21:00",6893800
10150,380,2000,"sd","11:21:00",6892800
10150,380,100,"sd","11:21:00",6890800
10150,380,400,"sd","11:21:00",6890700
10150,380,400,"sd","11:21:00",6890300
10150,380,200,"sd","11:21:00",6889900
10150,380,100,"sd","11:21:00",6889700
10150,380,2000,"sd","11:21:00",6889600
10150,380,700,"sd","11:21:00",6887600
10150,380,300,"sd","11:21:00",6886900
10150,380,100,"sd","11:20:58",6886600
10150,380,2000,"sd","11:20:43",6886500
10150,380,700,"sd","11:20:28",6884500
10150,380,800,"sd","11:20:09",6883800
10150,380,2000,"sd","11:20:01",6883000
10150,380,4100,"sd","11:19:49",6881000
10150,380,6000,"sd","11:19:49",6876900
10150,380,2000,"sd","11:19:49",6870900
10150,380,500,"sd","11:19:49",6868900
10150,380,1000,"sd","11:19:49",6868400
10150,380,100,"sd","11:19:49",6867400
10150,380,500,"sd","11:19:49",6867300
10150,380,3900,"sd","11:19:49",6866800
10150,380,400,"sd","11:19:28",6862900
10200,430,400,"bu","11:19:16",6862500
10150,380,700,"sd","11:19:11",6862100
10150,380,500,"sd","11:19:11",6861400
10150,380,500,"sd","11:19:11",6860900
10150,380,1000,"sd","11:19:11",6860400
10150,380,100,"sd","11:19:11",6859400
10150,380,500,"sd","11:19:11",6859300
10150,380,100,"sd","11:19:11",6858800
10150,380,300,"sd","11:19:11",6858700
10200,430,1000,"bu","11:18:08",6858400
10200,430,1400,"bu","11:18:08",6857400
10150,380,200,"sd","11:18:02",6856000
10150,380,2000,"sd","11:18:02",6855800
10150,380,500,"sd","11:18:02",6853800
10150,380,200,"sd","11:18:02",6853300
10150,380,100,"sd","11:18:02",6853100
10200,430,5000,"bu","11:17:10",6853000
10150,380,1900,"sd","11:16:39",6848000
10150,380,100,"sd","11:16:39",6846100
10150,380,100,"sd","11:16:39",6846000
10150,380,200,"sd","11:16:39",6845900
10150,380,700,"sd","11:16:39",6845700
10200,430,500,"bu","11:16:37",6845000
10200,430,8100,"bu","11:16:37",6844500
10200,430,300,"bu","11:16:37",6836400
10200,430,400,"bu","11:16:37",6836100
10200,430,1200,"bu","11:16:37",6835700
10200,430,100,"bu","11:16:35",6834500
10150,380,800,"sd","11:16:30",6834400
10200,430,300,"bu","11:16:29",6833600
10200,430,3600,"bu","11:16:29",6833300
10200,430,5000,"bu","11:16:18",6829700
10200,430,200,"bu","11:15:05",6824700
10200,430,300,"bu","11:14:35",6824500
10200,430,8300,"bu","11:14:31",6824200
10200,430,1000,"bu","11:14:27",6815900
10200,430,500,"bu","11:14:25",6814900
10150,380,500,"sd","11:14:11",6814400
10150,380,1000,"sd","11:13:40",6813900
10150,380,500,"sd","11:12:24",6812900
10150,380,500,"sd","11:12:21",6812400
10150,380,500,"sd","11:12:21",6811900
10200,430,100,"bu","11:12:18",6811400
10150,380,200,"sd","11:12:15",6811300
10150,380,1000,"sd","11:11:41",6811100
10150,380,800,"sd","11:11:07",6810100
10150,380,200,"sd","11:11:07",6809300
10150,380,1300,"sd","11:10:21",6809100
10150,380,1000,"sd","11:10:21",6807800
10150,380,500,"sd","11:10:21",6806800
10150,380,500,"sd","11:10:21",6806300
10150,380,1000,"sd","11:10:21",6805800
10150,380,200,"sd","11:10:21",6804800
10150,380,2000,"sd","11:10:21",6804600
10150,380,1000,"sd","11:10:21",6802600
10150,380,1000,"sd","11:10:21",6801600
10150,380,700,"sd","11:10:21",6800600
10150,380,500,"sd","11:10:21",6799900
10150,380,3000,"sd","11:10:21",6799400
10150,380,1000,"sd","11:10:21",6796400
10150,380,2000,"sd","11:10:21",6795400
10150,380,800,"sd","11:10:21",6793400
10150,380,500,"sd","11:10:21",6792600
10150,380,100,"sd","11:10:21",6792100
10150,380,4700,"sd","11:10:21",6792000
10200,430,1000,"bu","11:09:43",6787300
10200,430,3000,"bu","11:09:15",6786300
10150,380,300,"sd","11:09:00",6783300
10150,380,300,"sd","11:09:00",6783000
10150,380,600,"sd","11:09:00",6782700
10150,380,800,"sd","11:09:00",6782100
10200,430,1000,"bu","11:08:53",6781300
10200,430,2000,"bu","11:08:49",6780300
10150,380,4200,"sd","11:08:45",6778300
10150,380,800,"sd","11:08:45",6774100
10150,380,300,"sd","11:08:42",6773300
10150,380,1900,"sd","11:08:37",6773000
10150,380,1500,"sd","11:08:37",6771100
10150,380,500,"sd","11:08:37",6769600
10150,380,300,"sd","11:08:37",6769100
10150,380,3800,"sd","11:08:37",6768800
10150,380,1200,"sd","11:08:33",6765000
10150,380,3800,"sd","11:08:33",6763800
10150,380,100,"sd","11:08:31",6760000
10150,380,2000,"sd","11:08:27",6759900
10150,380,1000,"sd","11:08:18",6757900
10150,380,3000,"sd","11:08:12",6756900
10150,380,100,"sd","11:07:56",6753900
10150,380,100,"sd","11:07:48",6753800
10150,380,900,"sd","11:07:48",6753700
10150,380,100,"sd","11:07:22",6752800
10150,380,200,"sd","11:07:22",6752700
10150,380,100,"sd","11:07:22",6752500
10150,380,2000,"sd","11:07:22",6752400
10150,380,100,"sd","11:07:22",6750400
10150,380,700,"sd","11:07:22",6750300
10150,380,200,"sd","11:07:22",6749600
10150,380,3000,"sd","11:07:22",6749400
10150,380,1000,"sd","11:07:21",6746400
10150,380,100,"sd","11:07:21",6745400
10150,380,500,"sd","11:07:21",6745300
10150,380,1500,"sd","11:07:15",6744800
10150,380,200,"sd","11:07:15",6743300
10150,380,100,"sd","11:07:15",6743100
10150,380,18200,"sd","11:07:15",6743000
10150,380,700,"sd","11:06:32",6724800
10150,380,1100,"sd","11:06:27",6724100
10150,380,500,"sd","11:06:27",6723000
10150,380,400,"sd","11:06:27",6722500
10150,380,300,"sd","11:06:14",6722100
10200,430,2000,"bu","11:06:14",6721800
10200,430,1500,"bu","11:05:44",6719800
10200,430,5000,"bu","11:05:12",6718300
10150,380,300,"sd","11:04:44",6713300
10150,380,400,"sd","11:04:44",6713000
10150,380,1000,"sd","11:04:44",6712600
10150,380,2000,"sd","11:04:44",6711600
10150,380,5000,"sd","11:04:44",6709600
10150,380,1000,"sd","11:04:44",6704600
10150,380,300,"sd","11:04:44",6703600
10200,430,6300,"bu","11:04:40",6703300
10150,380,500,"sd","11:04:35",6697000
10200,430,5000,"bu","11:04:14",6696500
10150,380,4200,"sd","11:03:15",6691500
10150,380,200,"sd","11:03:15",6687300
10150,380,500,"sd","11:03:15",6687100
10150,380,100,"sd","11:03:15",6686600
10200,430,1500,"bu","11:02:29",6686500
10200,430,1100,"sd","11:02:27",6685000
10200,430,100,"sd","11:02:25",6683900
10200,430,3900,"sd","11:02:25",6683800
10200,430,1000,"sd","11:02:25",6679900
10200,430,5000,"sd","11:02:25",6678900
10200,430,900,"sd","11:02:22",6673900
10200,430,100,"sd","11:02:22",6673000
10200,430,1000,"sd","11:02:22",6672900
10200,430,3000,"sd","11:02:22",6671900
10200,430,3900,"sd","11:02:18",6668900
10200,430,1700,"sd","11:02:18",6665000
10200,430,300,"sd","11:02:14",6663300
10200,430,100,"sd","11:02:14",6663000
10200,430,400,"sd","11:02:09",6662900
10200,430,1000,"sd","11:02:09",6662500
10200,430,2500,"sd","11:02:09",6661500
10200,430,200,"sd","11:01:57",6659000
10200,430,2900,"sd","11:01:54",6658800
10200,430,17100,"sd","11:01:54",6655900
10200,430,100,"sd","11:01:49",6638800
10200,430,1000,"sd","11:01:44",6638700
10200,430,1300,"sd","11:01:28",6637700
10250,480,1000,"bu","11:01:17",6636400
10250,480,500,"bu","11:00:55",6635400
10250,480,2900,"bu","11:00:54",6634900
10250,480,100,"bu","11:00:54",6632000
10250,480,1900,"bu","11:00:45",6631900
10250,480,100,"bu","11:00:45",6630000
10250,480,100,"bu","11:00:12",6629900
10250,480,700,"bu","11:00:12",6629800
10250,480,100,"bu","10:59:56",6629100
10200,430,4800,"sd","10:59:46",6629000
10200,430,2500,"sd","10:59:46",6624200
10200,430,500,"sd","10:59:46",6621700
10200,430,2200,"sd","10:59:46",6621200
10200,430,500,"sd","10:59:44",6619000
10200,430,1900,"sd","10:59:33",6618500
10200,430,300,"sd","10:59:18",6616600
10200,430,2000,"sd","10:58:32",6616300
10200,430,100,"sd","10:58:30",6614300
10200,430,400,"sd","10:58:01",6614200
10200,430,100,"sd","10:57:53",6613800
10200,430,2000,"sd","10:57:36",6613700
10200,430,100,"sd","10:57:29",6611700
10200,430,7000,"sd","10:57:24",6611600
10200,430,2400,"sd","10:57:17",6604600
10200,430,1000,"sd","10:57:17",6602200
10200,430,500,"sd","10:57:17",6601200
10200,430,500,"sd","10:57:17",6600700
10200,430,2000,"sd","10:57:17",6600200
10200,430,1000,"sd","10:57:17",6598200
10200,430,32700,"sd","10:57:17",6597200
10200,430,10300,"sd","10:57:04",6564500
10200,430,200,"sd","10:57:04",6554200
10200,430,10000,"sd","10:57:04",6554000
10200,430,400,"sd","10:57:04",6544000
10200,430,66000,"sd","10:57:04",6543600
10200,430,2000,"sd","10:57:04",6477600
10200,430,1000,"sd","10:57:04",6475600
10200,430,2000,"sd","10:57:04",6474600
10200,430,1500,"sd","10:57:04",6472600
10200,430,1000,"sd","10:57:04",6471100
10200,430,2400,"sd","10:57:04",6470100
10200,430,1100,"sd","10:57:04",6467700
10200,430,1000,"sd","10:57:04",6466600
10200,430,5000,"sd","10:57:04",6465600
10200,430,300,"sd","10:57:04",6460600
10200,430,1500,"sd","10:57:04",6460300
10200,430,1000,"sd","10:57:04",6458800
10200,430,1400,"sd","10:57:04",6457800
10200,430,1700,"sd","10:57:04",6456400
10200,430,100,"sd","10:57:04",6454700
10200,430,500,"sd","10:57:04",6454600
10200,430,100,"sd","10:57:04",6454100
10200,430,5200,"sd","10:57:04",6454000
10200,430,200,"sd","10:57:04",6448800
10200,430,1500,"sd","10:57:04",6448600
10200,430,100,"sd","10:57:04",6447100
10200,430,600,"sd","10:57:04",6447000
10200,430,100,"sd","10:57:04",6446400
10200,430,2000,"sd","10:57:04",6446300
10200,430,2000,"sd","10:57:04",6444300
10200,430,5000,"sd","10:57:04",6442300
10200,430,5000,"sd","10:57:04",6437300
10200,430,5000,"sd","10:57:04",6432300
10200,430,100,"sd","10:57:04",6427300
10200,430,7000,"sd","10:57:04",6427200
10200,430,200,"sd","10:57:04",6420200
10200,430,1000,"sd","10:57:04",6420000
10200,430,1000,"sd","10:57:04",6419000
10200,430,100,"sd","10:57:04",6418000
10200,430,3000,"sd","10:57:04",6417900
10200,430,400,"sd","10:57:04",6414900
10200,430,300,"sd","10:56:58",6414500
10200,430,300,"sd","10:56:31",6414200
10200,430,500,"sd","10:56:31",6413900
10200,430,200,"sd","10:56:31",6413400
10200,430,500,"sd","10:56:31",6413200
10200,430,1000,"sd","10:56:31",6412700
10200,430,1000,"sd","10:56:31",6411700
10200,430,300,"sd","10:56:31",6410700
10200,430,300,"sd","10:56:31",6410400
10200,430,3500,"sd","10:56:31",6410100
10250,480,300,"bu","10:56:19",6406600
10250,480,1000,"bu","10:55:47",6406300
10200,430,400,"sd","10:55:43",6405300
10250,480,900,"bu","10:55:20",6404900
10250,480,100,"bu","10:55:20",6404000
10250,480,1000,"bu","10:55:20",6403900
10200,430,100,"sd","10:55:19",6402900
10200,430,200,"sd","10:54:35",6402800
10250,480,1000,"bu","10:54:26",6402600
10200,430,100,"sd","10:54:22",6401600
10200,430,400,"sd","10:54:22",6401500
10200,430,500,"sd","10:54:22",6401100
10250,480,600,"bu","10:53:25",6400600
10200,430,100,"sd","10:53:24",6400000
10200,430,100,"sd","10:53:24",6399900
10200,430,800,"sd","10:53:24",6399800
10200,430,100,"sd","10:53:23",6399000
10200,430,500,"sd","10:53:11",6398900
10200,430,100,"sd","10:53:08",6398400
10200,430,500,"sd","10:53:04",6398300
10200,430,600,"sd","10:52:30",6397800
10250,480,300,"bu","10:51:46",6397200
10200,430,1000,"sd","10:51:41",6396900
10250,480,1000,"bu","10:51:16",6395900
10250,480,100,"bu","10:51:15",6394900
10250,480,1000,"bu","10:51:13",6394800
10250,480,1500,"bu","10:50:20",6393800
10200,430,6400,"sd","10:49:52",6392300
10200,430,100,"sd","10:49:52",6385900
10200,430,500,"sd","10:49:52",6385800
10200,430,300,"sd","10:49:52",6385300
10200,430,500,"sd","10:49:52",6385000
10200,430,200,"sd","10:49:52",6384500
10200,430,2000,"sd","10:49:52",6384300
10200,430,300,"sd","10:49:52",6382300
10200,430,600,"sd","10:49:52",6382000
10200,430,1000,"sd","10:49:52",6381400
10200,430,200,"sd","10:49:52",6380400
10200,430,100,"sd","10:49:52",6380200
10200,430,200,"sd","10:49:52",6380100
10200,430,3000,"sd","10:49:52",6379900
10200,430,200,"sd","10:49:52",6376900
10200,430,100,"sd","10:49:52",6376700
10200,430,2000,"sd","10:49:52",6376600
10200,430,100400,"sd","10:49:52",6374600
10200,430,500,"sd","10:49:52",6274200
10200,430,400,"sd","10:49:52",6273700
10200,430,1000,"sd","10:49:52",6273300
10200,430,3000,"sd","10:49:52",6272300
10200,430,2000,"sd","10:49:52",6269300
10200,430,200,"sd","10:49:52",6267300
10200,430,7000,"sd","10:49:52",6267100
10200,430,10000,"sd","10:49:52",6260100
10200,430,300,"sd","10:49:52",6250100
10200,430,1000,"sd","10:49:52",6249800
10200,430,1000,"sd","10:49:52",6248800
10200,430,2200,"sd","10:49:52",6247800
10200,430,3300,"sd","10:49:52",6245600
10200,430,100,"sd","10:49:52",6242300
10250,480,100,"bu","10:49:49",6242200
10200,430,2800,"sd","10:49:44",6242100
10200,430,200,"sd","10:49:29",6239300
10200,430,100,"sd","10:49:28",6239100
10200,430,500,"sd","10:49:22",6239000
10200,430,1000,"sd","10:49:22",6238500
10200,430,8500,"sd","10:49:22",6237500
10200,430,500,"sd","10:49:13",6229000
10250,480,1800,"bu","10:48:43",6228500
10250,480,200,"bu","10:48:43",6226700
10250,480,3000,"bu","10:48:32",6226500
10200,430,3000,"sd","10:48:10",6223500
10200,430,200,"sd","10:48:08",6220500
10200,430,400,"sd","10:46:55",6220300
10250,480,6800,"bu","10:46:48",6219900
10250,480,500,"bu","10:46:48",6213100
10250,480,5000,"bu","10:46:48",6212600
10250,480,100,"bu","10:46:48",6207600
10250,480,100,"bu","10:46:48",6207500
10250,480,500,"bu","10:46:48",6207400
10250,480,100,"bu","10:46:48",6206900
10250,480,300,"bu","10:46:48",6206800
10250,480,1700,"bu","10:46:33",6206500
10250,480,1500,"bu","10:46:33",6204800
10250,480,500,"bu","10:46:33",6203300
10250,480,2000,"bu","10:46:33",6202800
10250,480,500,"bu","10:46:33",6200800
10250,480,500,"bu","10:46:33",6200300
10250,480,3300,"bu","10:46:33",6199800
10250,480,1700,"bu","10:45:19",6196500
10250,480,1000,"bu","10:45:19",6194800
10250,480,100,"bu","10:45:19",6193800
10250,480,500,"bu","10:45:19",6193700
10250,480,100,"bu","10:45:19",6193200
10250,480,2200,"bu","10:45:19",6193100
10250,480,4400,"bu","10:45:19",6190900
10250,480,100,"bu","10:44:55",6186500
10250,480,500,"bu","10:44:48",6186400
10250,480,5000,"bu","10:44:17",6185900
10250,480,100,"bu","10:44:08",6180900
10250,480,100,"bu","10:44:08",6180800
10250,480,2000,"bu","10:44:07",6180700
10250,480,1000,"bu","10:43:44",6178700
10250,480,1800,"bu","10:43:35",6177700
10250,480,600,"bu","10:43:35",6175900
10250,480,500,"bu","10:42:56",6175300
10250,480,100,"bu","10:42:43",6174800
10250,480,200,"bu","10:42:32",6174700
10250,480,3000,"bu","10:41:42",6174500
10250,480,600,"bu","10:41:36",6171500
10250,480,300,"bu","10:41:36",6170900
10250,480,200,"bu","10:41:20",6170600
10250,480,300,"bu","10:41:20",6170400
10250,480,500,"bu","10:40:42",6170100
10250,480,200,"sd","10:40:42",6169600
10250,480,1000,"sd","10:40:41",6169400
10250,480,1800,"sd","10:40:28",6168400
10250,480,3200,"sd","10:40:28",6166600
10250,480,2000,"bu","10:40:18",6163400
10250,480,1400,"bu","10:40:18",6161400
10250,480,1200,"bu","10:40:18",6160000
10250,480,6800,"bu","10:40:13",6158800
10250,480,3000,"bu","10:40:10",6152000
10250,480,1000,"sd","10:40:08",6149000
10250,480,500,"sd","10:40:08",6148000
10250,480,200,"sd","10:40:08",6147500
10250,480,1000,"sd","10:40:08",6147300
10250,480,1000,"sd","10:40:08",6146300
10250,480,300,"sd","10:40:08",6145300
10250,480,700,"sd","10:39:56",6145000
10250,480,100,"sd","10:39:56",6144300
10250,480,200,"sd","10:39:56",6144200
10250,480,300,"sd","10:39:51",6144000
10250,480,1000,"sd","10:39:51",6143700
10250,480,200,"sd","10:39:51",6142700
10250,480,200,"sd","10:39:48",6142500
10250,480,400,"sd","10:39:48",6142300
10250,480,400,"sd","10:39:48",6141900
10250,480,100,"sd","10:39:42",6141500
10250,480,500,"sd","10:39:36",6141400
10250,480,400,"sd","10:39:36",6140900
10250,480,1900,"sd","10:39:36",6140500
10250,480,200,"sd","10:39:36",6138600
10250,480,1000,"sd","10:39:25",6138400
10250,480,3800,"sd","10:39:25",6137400
10250,480,5000,"sd","10:39:25",6133600
10250,480,200,"sd","10:39:25",6128600
10250,480,500,"sd","10:39:25",6128400
10250,480,100,"sd","10:39:25",6127900
10250,480,500,"sd","10:39:25",6127800
10250,480,200,"sd","10:39:25",6127300
10250,480,16300,"sd","10:39:25",6127100
10250,480,100,"sd","10:39:25",6110800
10250,480,2000,"sd","10:39:25",6110700
10250,480,300,"sd","10:39:25",6108700
10250,480,1000,"sd","10:39:18",6108400
10300,530,10000,"bu","10:39:14",6107400
10250,480,7700,"sd","10:39:02",6097400
10300,530,500,"bu","10:39:02",6089700
10300,530,2400,"bu","10:38:49",6089200
10250,480,500,"sd","10:38:42",6086800
10250,480,300,"sd","10:38:40",6086300
10250,480,1000,"sd","10:38:33",6086000
10300,530,100,"bu","10:38:26",6085000
10250,480,200,"sd","10:38:16",6084900
10250,480,2000,"sd","10:37:44",6084700
10300,530,9000,"bu","10:37:40",6082700
10250,480,1000,"sd","10:37:33",6073700
10250,480,200,"sd","10:37:25",6072700
10250,480,800,"sd","10:36:57",6072500
10250,480,5000,"sd","10:36:57",6071700
10250,480,3000,"sd","10:36:57",6066700
10250,480,1000,"sd","10:36:57",6063700
10250,480,200,"sd","10:36:57",6062700
10300,530,1900,"bu","10:36:56",6062500
10250,480,400,"sd","10:36:43",6060600
10300,530,1500,"bu","10:36:37",6060200
10250,480,2400,"sd","10:36:30",6058700
10250,480,100,"sd","10:36:30",6056300
10250,480,1000,"sd","10:36:30",6056200
10250,480,100,"sd","10:36:30",6055200
10250,480,100,"sd","10:36:30",6055100
10250,480,12300,"sd","10:36:30",6055000
10300,530,100,"bu","10:36:29",6042700
10300,530,1000,"bu","10:36:10",6042600
10300,530,500,"bu","10:35:39",6041600
10250,480,20000,"sd","10:35:27",6041100
10250,480,3000,"sd","10:35:13",6021100
10250,480,9700,"sd","10:34:57",6018100
10250,480,300,"sd","10:34:57",6008400
10300,530,5000,"bu","10:34:39",6008100
10250,480,700,"sd","10:34:04",6003100
10250,480,300,"sd","10:34:04",6002400
10250,480,500,"sd","10:34:02",6002100
10250,480,2000,"sd","10:34:00",6001600
10250,480,500,"sd","10:33:53",5999600
10250,480,100,"sd","10:33:41",5999100
10250,480,100,"sd","10:33:37",5999000
10250,480,100,"sd","10:33:22",5998900
10250,480,200,"sd","10:33:03",5998800
10250,480,100,"sd","10:32:59",5998600
10250,480,500,"sd","10:32:59",5998500
10300,530,2200,"bu","10:32:58",5998000
10300,530,100,"bu","10:32:58",5995800
10300,530,1000,"bu","10:32:58",5995700
10300,530,300,"bu","10:32:58",5994700
10300,530,100,"bu","10:32:58",5994400
10300,530,300,"bu","10:32:58",5994300
10300,530,1000,"bu","10:32:58",5994000
10300,530,800,"bu","10:32:58",5993000
10250,480,600,"sd","10:32:53",5992200
10250,480,500,"sd","10:32:51",5991600
10250,480,2000,"sd","10:32:25",5991100
10250,480,100,"sd","10:32:24",5989100
10300,530,1200,"bu","10:32:23",5989000
10300,530,2000,"bu","10:32:23",5987800
10300,530,1800,"bu","10:32:23",5985800
10300,530,1000,"bu","10:32:15",5984000
10250,480,1000,"sd","10:31:49",5983000
10250,480,300,"sd","10:31:42",5982000
10250,480,100,"sd","10:31:17",5981700
10250,480,500,"sd","10:31:10",5981600
10250,480,500,"sd","10:31:10",5981100
10250,480,500,"sd","10:31:08",5980600
10250,480,300,"sd","10:30:56",5980100
10250,480,700,"sd","10:30:53",5979800
10250,480,200,"sd","10:30:53",5979100
10250,480,100,"sd","10:30:53",5978900
10250,480,100,"sd","10:30:37",5978800
10250,480,400,"sd","10:30:34",5978700
10250,480,600,"sd","10:30:34",5978300
10250,480,500,"sd","10:30:22",5977700
10250,480,1000,"sd","10:30:20",5977200
10250,480,500,"sd","10:30:11",5976200
10250,480,1500,"sd","10:30:11",5975700
10250,480,2500,"sd","10:30:07",5974200
10250,480,500,"bu","10:29:53",5971700
10250,480,500,"bu","10:29:53",5971200
10250,480,3000,"sd","10:29:35",5970700
10250,480,200,"sd","10:29:35",5967700
10250,480,1000,"sd","10:29:35",5967500
10250,480,4000,"sd","10:29:35",5966500
10250,480,21300,"sd","10:29:35",5962500
10300,530,100,"bu","10:29:13",5941200
10250,480,300,"sd","10:29:01",5941100
10250,480,2300,"sd","10:29:01",5940800
10250,480,1600,"sd","10:28:56",5938500
10250,480,500,"sd","10:28:46",5936900
10250,480,2000,"bu","10:28:44",5936400
10250,480,500,"bu","10:28:44",5934400
10250,480,200,"bu","10:28:44",5933900
10250,480,20000,"bu","10:28:44",5933700
10250,480,2000,"bu","10:28:44",5913700
10250,480,1000,"bu","10:28:44",5911700
10250,480,10000,"bu","10:28:44",5910700
10250,480,100,"bu","10:28:44",5900700
10250,480,200,"bu","10:28:44",5900600
10250,480,100,"bu","10:28:44",5900400
10250,480,1300,"bu","10:28:44",5900300
10250,480,100,"bu","10:28:44",5899000
10250,480,100,"bu","10:28:44",5898900
10250,480,1000,"bu","10:28:44",5898800
10250,480,100,"bu","10:28:44",5897800
10250,480,6000,"bu","10:28:44",5897700
10250,480,2100,"bu","10:28:44",5891700
10250,480,500,"bu","10:28:44",5889600
10250,480,20100,"bu","10:28:44",5889100
10250,480,200,"bu","10:28:44",5869000
10250,480,5000,"bu","10:28:44",5868800
10250,480,18100,"bu","10:28:44",5863800
10250,480,1000,"bu","10:28:44",5845700
10250,480,1000,"bu","10:28:44",5844700
10250,480,1000,"bu","10:28:44",5843700
10250,480,1000,"bu","10:28:44",5842700
10250,480,1000,"bu","10:28:44",5841700
10250,480,900,"bu","10:28:44",5840700
10250,480,500,"bu","10:28:44",5839800
10250,480,100,"bu","10:28:44",5839300
10250,480,500,"bu","10:28:44",5839200
10250,480,10800,"bu","10:28:44",5838700
10250,480,10000,"bu","10:28:44",5827900
10250,480,7200,"bu","10:28:44",5817900
10250,480,1000,"bu","10:28:44",5810700
10250,480,1400,"bu","10:28:44",5809700
10250,480,2000,"bu","10:28:44",5808300
10250,480,300,"bu","10:28:44",5806300
10250,480,500,"bu","10:28:44",5806000
10250,480,3000,"bu","10:28:44",5805500
10250,480,1000,"bu","10:28:44",5802500
10250,480,100,"bu","10:28:44",5801500
10200,430,500,"sd","10:28:41",5801400
10200,430,100,"sd","10:28:20",5800900
10200,430,200,"sd","10:28:19",5800800
10200,430,100,"sd","10:28:03",5800600
10200,430,5000,"sd","10:27:57",5800500
10200,430,100,"sd","10:27:53",5795500
10200,430,100,"sd","10:27:23",5795400
10200,430,200,"sd","10:27:17",5795300
10200,430,200,"sd","10:27:14",5795100
10200,430,300,"sd","10:27:11",5794900
10200,430,400,"sd","10:27:10",5794600
10200,430,200,"bu","10:27:08",5794200
10200,430,1000,"bu","10:27:08",5794000
10200,430,1500,"bu","10:27:08",5793000
10200,430,1000,"bu","10:27:08",5791500
10200,430,100,"bu","10:27:08",5790500
10200,430,300,"bu","10:27:08",5790400
10200,430,12100,"bu","10:27:08",5790100
10200,430,1000,"bu","10:27:01",5778000
10200,430,1000,"bu","10:26:59",5777000
10200,430,200,"bu","10:26:49",5776000
10200,430,100,"bu","10:26:47",5775800
10200,430,3000,"sd","10:26:40",5775700
10200,430,2800,"sd","10:26:40",5772700
10200,430,1000,"bu","10:26:38",5769900
10200,430,1200,"bu","10:26:38",5768900
10200,430,100,"bu","10:26:37",5767700
10200,430,2700,"bu","10:26:28",5767600
10200,430,1000,"bu","10:26:28",5764900
10200,430,3000,"bu","10:26:28",5763900
10200,430,1000,"bu","10:26:28",5760900
10200,430,1000,"bu","10:26:28",5759900
10200,430,1900,"bu","10:26:28",5758900
10200,430,10000,"bu","10:26:28",5757000
10200,430,1500,"bu","10:26:28",5747000
10200,430,10000,"bu","10:26:28",5745500
10200,430,1300,"bu","10:26:28",5735500
10200,430,2500,"bu","10:26:28",5734200
10200,430,14900,"bu","10:26:28",5731700
10200,430,1000,"bu","10:26:28",5716800
10200,430,900,"bu","10:26:28",5715800
10200,430,1000,"bu","10:26:28",5714900
10200,430,100,"bu","10:26:28",5713900
10200,430,6400,"bu","10:26:28",5713800
10200,430,2000,"bu","10:26:28",5707400
10200,430,1900,"bu","10:26:28",5705400
10200,430,4000,"bu","10:26:28",5703500
10200,430,11900,"bu","10:26:28",5699500
10150,380,1000,"sd","10:26:08",5687600
10200,430,100,"bu","10:26:04",5686600
10200,430,600,"bu","10:25:56",5686500
10200,430,500,"bu","10:25:52",5685900
10200,430,200,"bu","10:25:50",5685400
10200,430,1000,"bu","10:25:49",5685200
10200,430,1000,"bu","10:25:41",5684200
10200,430,300,"bu","10:24:56",5683200
10200,430,4400,"bu","10:24:30",5682900
10200,430,100,"bu","10:24:30",5678500
10200,430,400,"bu","10:24:30",5678400
10200,430,300,"bu","10:24:30",5678000
10200,430,2000,"bu","10:24:30",5677700
10200,430,1000,"bu","10:24:30",5675700
10200,430,800,"bu","10:24:30",5674700
10200,430,2000,"bu","10:24:16",5673900
10200,430,200,"bu","10:24:12",5671900
10200,430,1800,"bu","10:24:12",5671700
10200,430,700,"bu","10:24:11",5669900
10200,430,1200,"bu","10:24:04",5669200
10200,430,100,"bu","10:23:58",5668000
10200,430,6200,"bu","10:23:51",5667900
10200,430,400,"bu","10:23:51",5661700
10200,430,100,"bu","10:23:51",5661300
10200,430,200,"bu","10:23:51",5661200
10200,430,3100,"bu","10:23:51",5661000
10200,430,1100,"bu","10:23:49",5657900
10200,430,500,"bu","10:23:39",5656800
10200,430,5000,"bu","10:23:03",5656300
10200,430,300,"bu","10:23:02",5651300
10200,430,700,"bu","10:23:02",5651000
10200,430,2000,"bu","10:22:55",5650300
10200,430,500,"bu","10:22:42",5648300
10200,430,1400,"bu","10:22:19",5647800
10200,430,1000,"bu","10:22:19",5646400
10200,430,2000,"bu","10:22:19",5645400
10200,430,600,"bu","10:22:19",5643400
10200,430,400,"bu","10:21:50",5642800
10200,430,1100,"bu","10:21:50",5642400
10200,430,500,"bu","10:21:46",5641300
10200,430,400,"bu","10:21:45",5640800
10200,430,600,"bu","10:21:45",5640400
10200,430,1600,"bu","10:21:16",5639800
10200,430,800,"bu","10:21:15",5638200
10200,430,500,"bu","10:21:15",5637400
10200,430,1100,"bu","10:21:15",5636900
10200,430,500,"bu","10:21:15",5635800
10200,430,300,"bu","10:21:06",5635300
10200,430,2000,"bu","10:20:56",5635000
10200,430,100,"bu","10:20:53",5633000
10200,430,200,"bu","10:20:43",5632900
10200,430,1000,"bu","10:20:16",5632700
10200,430,600,"bu","10:20:01",5631700
10200,430,100,"sd","10:19:51",5631100
10200,430,100,"sd","10:19:51",5631000
10200,430,100,"sd","10:19:51",5630900
10200,430,600,"sd","10:19:40",5630800
10200,430,200,"sd","10:19:40",5630200
10200,430,500,"sd","10:19:37",5630000
10200,430,100,"sd","10:19:32",5629500
10200,430,9200,"sd","10:19:31",5629400
10200,430,200,"sd","10:19:31",5620200
10200,430,600,"sd","10:19:31",5620000
10200,430,2000,"sd","10:19:27",5619400
10250,480,1000,"bu","10:19:23",5617400
10200,430,1000,"sd","10:19:23",5616400
10200,430,3600,"sd","10:19:22",5615400
10200,430,2000,"sd","10:19:21",5611800
10200,430,100,"sd","10:19:20",5609800
10200,430,2000,"sd","10:19:19",5609700
10200,430,500,"sd","10:19:05",5607700
10200,430,3000,"sd","10:18:58",5607200
10200,430,500,"bu","10:18:57",5604200
10200,430,2300,"bu","10:18:57",5603700
10200,430,1000,"bu","10:18:57",5601400
10200,430,100,"bu","10:18:57",5600400
10200,430,1500,"bu","10:18:57",5600300
10200,430,23800,"bu","10:18:57",5598800
10200,430,1200,"bu","10:18:55",5575000
10200,430,3800,"bu","10:18:55",5573800
10150,380,400,"sd","10:18:35",5570000
10200,430,1200,"bu","10:18:28",5569600
10200,430,200,"bu","10:18:28",5568400
10200,430,500,"bu","10:18:28",5568200
10200,430,1000,"bu","10:18:28",5567700
10200,430,20000,"bu","10:18:28",5566700
10200,430,300,"bu","10:18:28",5546700
10200,430,2500,"bu","10:18:28",5546400
10200,430,22300,"bu","10:18:28",5543900
10150,380,500,"sd","10:18:15",5521600
10150,380,500,"sd","10:18:15",5521100
10200,430,4000,"bu","10:17:50",5520600
10200,430,2000,"sd","10:17:29",5516600
10200,430,300,"sd","10:17:29",5514600
10200,430,1000,"sd","10:17:29",5514300
10200,430,400,"sd","10:17:29",5513300
10200,430,100,"sd","10:17:29",5512900
10200,430,1000,"sd","10:17:29",5512800
10200,430,1000,"sd","10:17:29",5511800
10200,430,1600,"sd","10:17:29",5510800
10200,430,1000,"sd","10:17:29",5509200
10200,430,1000,"sd","10:17:29",5508200
10200,430,500,"sd","10:17:29",5507200
10200,430,1000,"sd","10:17:29",5506700
10200,430,300,"sd","10:17:29",5505700
10200,430,500,"sd","10:17:29",5505400
10200,430,4300,"sd","10:17:29",5504900
10200,430,5300,"sd","10:17:29",5500600
10200,430,200,"sd","10:17:29",5495300
10200,430,2400,"sd","10:17:29",5495100
10200,430,2500,"sd","10:17:29",5492700
10200,430,1000,"sd","10:17:29",5490200
10200,430,4500,"sd","10:17:29",5489200
10200,430,6000,"sd","10:17:29",5484700
10200,430,100,"sd","10:17:29",5478700
10200,430,15000,"sd","10:17:29",5478600
10200,430,600,"sd","10:17:29",5463600
10200,430,1000,"sd","10:17:29",5463000
10200,430,3700,"sd","10:17:29",5462000
10200,430,1100,"sd","10:17:29",5458300
10200,430,200,"sd","10:17:29",5457200
10200,430,600,"sd","10:17:29",5457000
10200,430,3200,"sd","10:17:29",5456400
10200,430,500,"sd","10:17:29",5453200
10200,430,400,"sd","10:17:29",5452700
10200,430,2000,"sd","10:17:29",5452300
10200,430,200,"sd","10:17:29",5450300
10200,430,200,"sd","10:17:29",5450100
10200,430,400,"sd","10:17:29",5449900
10200,430,1400,"sd","10:17:29",5449500
10200,430,100,"sd","10:17:29",5448100
10200,430,300,"sd","10:17:29",5448000
10200,430,10000,"sd","10:17:29",5447700
10200,430,100,"sd","10:17:29",5437700
10200,430,1000,"sd","10:17:29",5437600
10200,430,100,"sd","10:17:29",5436600
10200,430,2000,"sd","10:17:29",5436500
10200,430,1200,"sd","10:17:29",5434500
10200,430,100,"sd","10:17:29",5433300
10200,430,400,"sd","10:17:29",5433200
10200,430,500,"sd","10:17:29",5432800
10200,430,200,"sd","10:17:29",5432300
10200,430,100,"sd","10:17:29",5432100
10200,430,4000,"sd","10:17:29",5432000
10200,430,500,"sd","10:17:29",5428000
10200,430,100,"sd","10:17:29",5427500
10200,430,2000,"sd","10:17:29",5427400
10200,430,5000,"sd","10:17:29",5425400
10200,430,3000,"sd","10:17:29",5420400
10200,430,300,"sd","10:17:29",5417400
10200,430,1000,"sd","10:17:29",5417100
10200,430,9000,"sd","10:17:29",5416100
10200,430,4200,"sd","10:17:29",5407100
10200,430,300,"sd","10:17:16",5402900
10250,480,100,"bu","10:17:15",5402600
10200,430,1000,"sd","10:17:10",5402500
10200,430,2000,"sd","10:17:09",5401500
10200,430,2500,"sd","10:17:05",5399500
10200,430,500,"sd","10:17:05",5397000
10200,430,500,"sd","10:17:04",5396500
10200,430,500,"sd","10:17:04",5396000
10200,430,2400,"sd","10:17:03",5395500
10200,430,2600,"sd","10:17:03",5393100
10200,430,7400,"sd","10:16:59",5390500
10200,430,20000,"sd","10:16:59",5383100
10200,430,1500,"sd","10:16:59",5363100
10200,430,11100,"sd","10:16:59",5361600
10200,430,3900,"sd","10:16:53",5350500
10200,430,100,"sd","10:16:53",5346600
10200,430,2000,"sd","10:16:49",5346500
10200,430,5000,"sd","10:16:43",5344500
10200,430,200,"sd","10:16:39",5339500
10200,430,400,"sd","10:16:27",5339300
10200,430,2300,"sd","10:16:21",5338900
10200,430,100,"sd","10:16:21",5336600
10200,430,2600,"sd","10:16:21",5336500
10200,430,2400,"sd","10:16:07",5333900
10200,430,10000,"sd","10:16:07",5331500
10200,430,500,"sd","10:16:07",5321500
10200,430,1000,"sd","10:16:07",5321000
10200,430,300,"sd","10:16:07",5320000
10200,430,1500,"sd","10:16:07",5319700
10200,430,200,"sd","10:16:07",5318200
10200,430,2000,"sd","10:16:07",5318000
10200,430,500,"sd","10:16:07",5316000
10200,430,1000,"sd","10:16:07",5315500
10200,430,2100,"sd","10:16:07",5314500
10250,480,200,"bu","10:16:04",5312400
10250,480,200,"bu","10:15:42",5312200
10250,480,500,"bu","10:15:37",5312000
10250,480,2000,"bu","10:15:27",5311500
10200,430,500,"sd","10:15:23",5309500
10200,430,300,"sd","10:15:21",5309000
10200,430,1100,"sd","10:15:21",5308700
10200,430,900,"sd","10:15:21",5307600
10200,430,100,"sd","10:15:14",5306700
10200,430,300,"sd","10:15:00",5306600
10200,430,100,"sd","10:15:00",5306300
10200,430,100,"sd","10:15:00",5306200
10200,430,500,"sd","10:14:20",5306100
10200,430,500,"sd","10:14:16",5305600
10250,480,1000,"bu","10:14:12",5305100
10200,430,1000,"sd","10:14:05",5304100
10250,480,400,"bu","10:14:03",5303100
10200,430,7700,"sd","10:13:48",5302700
10200,430,200,"sd","10:13:48",5295000
10200,430,2000,"sd","10:13:48",5294800
10200,430,100,"sd","10:13:48",5292800
10250,480,1000,"bu","10:13:43",5292700
10250,480,500,"bu","10:13:27",5291700
10250,480,500,"bu","10:13:25",5291200
10250,480,5000,"bu","10:13:07",5290700
10200,430,500,"sd","10:13:07",5285700
10200,430,400,"sd","10:13:06",5285200
10200,430,1000,"sd","10:13:04",5284800
10200,430,1000,"sd","10:12:57",5283800
10200,430,5000,"sd","10:12:57",5282800
10200,430,500,"sd","10:12:57",5277800
10200,430,3500,"sd","10:12:57",5277300
10200,430,3000,"sd","10:11:55",5273800
10200,430,300,"sd","10:11:43",5270800
10250,480,100,"bu","10:11:38",5270500
10250,480,1000,"bu","10:11:36",5270400
10250,480,1000,"bu","10:11:34",5269400
10250,480,100,"bu","10:11:24",5268400
10250,480,4400,"bu","10:11:22",5268300
10250,480,2000,"bu","10:11:22",5263900
10250,480,300,"bu","10:11:22",5261900
10250,480,3300,"bu","10:11:22",5261600
10250,480,100,"bu","10:11:17",5258300
10250,480,500,"bu","10:11:08",5258200
10250,480,100,"bu","10:10:57",5257700
10250,480,1000,"bu","10:10:48",5257600
10250,480,4000,"bu","10:10:48",5256600
10200,430,300,"sd","10:10:45",5252600
10250,480,500,"bu","10:10:45",5252300
10250,480,400,"bu","10:10:12",5251800
10250,480,100,"bu","10:10:07",5251400
10250,480,900,"bu","10:10:07",5251300
10250,480,300,"bu","10:09:57",5250400
10250,480,400,"bu","10:09:56",5250100
10250,480,5000,"sd","10:09:55",5249700
10250,480,200,"sd","10:09:55",5244700
10250,480,1200,"sd","10:09:55",5244500
10250,480,1000,"sd","10:09:51",5243300
10250,480,800,"bu","10:09:49",5242300
10250,480,3000,"bu","10:09:48",5241500
10250,480,300,"bu","10:09:47",5238500
10250,480,700,"bu","10:09:47",5238200
10250,480,1000,"bu","10:09:47",5237500
10250,480,2000,"unknown","10:09:47",5236500
10250,480,1000,"sd","10:09:47",5234500
10250,480,300,"sd","10:09:47",5233500
10250,480,900,"sd","10:09:47",5233200
10300,530,2100,"bu","10:09:46",5232300
10300,530,100,"bu","10:09:46",5230200
10300,530,300,"bu","10:09:46",5230100
10300,530,300,"bu","10:09:46",5229800
10300,530,6900,"bu","10:09:46",5229500
10250,480,100,"sd","10:09:44",5222600
10250,480,200,"sd","10:09:44",5222500
10250,480,100,"sd","10:09:42",5222300
10250,480,500,"sd","10:09:40",5222200
10250,480,1000,"sd","10:09:38",5221700
10250,480,200,"sd","10:09:33",5220700
10250,480,1000,"sd","10:09:33",5220500
10250,480,200,"sd","10:09:33",5219500
10250,480,300,"sd","10:09:33",5219300
10250,480,300,"sd","10:09:33",5219000
10250,480,500,"sd","10:09:29",5218700
10250,480,400,"sd","10:09:28",5218200
10250,480,1600,"sd","10:09:28",5217800
10250,480,8400,"sd","10:09:21",5216200
10250,480,2600,"sd","10:09:21",5207800
10250,480,5000,"sd","10:09:21",5205200
10250,480,4000,"sd","10:09:21",5200200
10250,480,200,"sd","10:09:19",5196200
10250,480,4000,"sd","10:09:19",5196000
10250,480,2200,"sd","10:09:15",5192000
10250,480,3600,"sd","10:09:13",5189800
10250,480,1200,"sd","10:09:13",5186200
10300,530,300,"bu","10:09:12",5185000
10250,480,500,"sd","10:09:07",5184700
10250,480,300,"sd","10:09:04",5184200
10250,480,200,"sd","10:09:04",5183900
10250,480,100,"sd","10:09:02",5183700
10300,530,600,"bu","10:08:58",5183600
10250,480,300,"sd","10:08:58",5183000
10250,480,1600,"sd","10:08:58",5182700
10250,480,400,"sd","10:08:58",5181100
10250,480,5400,"sd","10:08:56",5180700
10300,530,500,"bu","10:08:52",5175300
10300,530,800,"bu","10:08:50",5174800
10250,480,1000,"sd","10:08:49",5174000
10250,480,3200,"sd","10:08:46",5173000
10250,480,1800,"sd","10:08:46",5169800
10250,480,200,"bu","10:08:37",5168000
10250,480,2000,"bu","10:08:36",5167800
10250,480,1000,"bu","10:08:36",5165800
10250,480,1000,"bu","10:08:31",5164800
10250,480,2000,"sd","10:08:29",5163800
10250,480,300,"sd","10:08:29",5161800
10250,480,200,"sd","10:08:29",5161500
10250,480,2000,"sd","10:08:29",5161300
10250,480,3000,"sd","10:08:29",5159300
10250,480,500,"sd","10:08:29",5156300
10250,480,100,"sd","10:08:24",5155800
