"price","change","match_qtty","side","time","total_vol"
4890,140,4500,"bu","14:45:01",859600
4890,140,100,"bu","14:29:38",855100
4890,140,100,"bu","14:28:20",855000
4850,100,3000,"sd","14:28:09",854900
4850,100,1500,"sd","14:28:09",851900
4850,100,1000,"sd","14:28:09",850400
4850,100,100,"sd","14:28:09",849400
4850,100,400,"sd","14:28:09",849300
4860,110,200,"sd","14:28:09",848900
4860,110,4000,"sd","14:28:09",848700
4860,110,3400,"sd","14:27:53",844700
4860,110,200,"sd","14:27:53",841300
4860,110,600,"sd","14:27:53",841100
4870,120,200,"unknown","14:27:53",840500
4880,130,1000,"sd","14:27:53",840300
4880,130,400,"sd","14:27:53",839300
4880,130,100,"sd","14:27:53",838900
4880,130,4100,"sd","14:27:53",838800
4880,130,900,"sd","14:27:19",834700
4890,140,400,"bu","14:26:47",833800
4890,140,100,"bu","14:26:20",833400
4890,140,200,"bu","14:25:53",833300
4890,140,600,"bu","14:25:37",833100
4890,140,400,"bu","14:25:37",832500
4890,140,2000,"bu","14:24:50",832100
4890,140,100,"bu","14:24:39",830100
4880,130,10000,"bu","14:24:13",830000
4880,130,100,"bu","14:24:02",820000
4860,110,600,"sd","14:23:39",819900
4860,110,100,"sd","14:23:39",819300
4870,120,2000,"bu","14:23:36",819200
4870,120,100,"sd","14:22:53",817200
4870,120,200,"sd","14:22:37",817100
4880,130,1700,"sd","14:21:58",816900
4880,130,100,"sd","14:21:58",815200
4880,130,100,"sd","14:21:58",815100
4890,140,200,"sd","14:20:43",815000
4890,140,100,"sd","14:20:43",814800
4890,140,400,"sd","14:20:43",814700
4890,140,100,"sd","14:19:26",814300
4890,140,100,"sd","14:19:26",814200
4900,150,100,"bu","14:18:38",814100
4900,150,400,"bu","14:17:23",814000
4900,150,400,"sd","14:17:11",813600
4900,150,2500,"sd","14:16:57",813200
4910,160,300,"bu","14:16:25",810700
4900,150,7100,"bu","14:16:09",810400
4900,150,100,"bu","14:16:01",803300
4900,150,200,"bu","14:15:03",803200
4900,150,100,"sd","14:14:57",803000
4910,160,300,"bu","14:11:26",802900
4910,160,200,"bu","14:11:26",802600
4900,150,500,"bu","14:11:26",802400
4900,150,1500,"bu","14:10:40",801900
4900,150,200,"bu","14:10:40",800400
4900,150,700,"bu","14:10:40",800200
4900,150,1000,"bu","14:10:40",799500
4900,150,1000,"bu","14:09:10",798500
4900,150,100,"bu","14:08:05",797500
4880,130,300,"sd","14:07:29",797400
4880,130,700,"sd","14:07:29",797100
4900,150,1700,"bu","14:06:51",796400
4890,140,300,"bu","14:06:51",794700
4900,150,100,"bu","14:06:27",794400
4900,150,1100,"bu","14:06:11",794300
4900,150,2500,"bu","14:06:11",793200
4900,150,10000,"bu","14:06:11",790700
4900,150,1200,"bu","14:06:11",780700
4900,150,500,"bu","14:06:05",779500
4900,150,1000,"bu","14:06:05",779000
4890,140,500,"bu","14:06:05",778000
4890,140,2000,"sd","14:06:02",777500
4890,140,100,"sd","14:05:15",775500
4890,140,2400,"sd","14:05:01",775400
4890,140,2500,"bu","14:04:53",773000
4890,140,5000,"bu","14:04:53",770500
4890,140,5000,"bu","14:04:53",765500
4890,140,2200,"bu","14:04:53",760500
4890,140,800,"bu","14:04:53",758300
4880,130,2500,"sd","14:04:23",757500
4880,130,2500,"sd","14:03:39",755000
4880,130,5000,"bu","14:03:11",752500
4880,130,2000,"bu","14:03:11",747500
4880,130,3900,"bu","14:03:11",745500
4880,130,5000,"bu","14:02:48",741600
4870,120,5000,"bu","14:01:35",736600
4870,120,2000,"bu","14:01:35",731600
4870,120,5000,"bu","14:01:35",729600
4870,120,200,"bu","14:01:35",724600
4860,110,1200,"bu","14:01:35",724400
4860,110,1000,"bu","14:01:01",723200
4860,110,800,"bu","14:00:25",722200
4860,110,800,"bu","14:00:11",721400
4860,110,1000,"bu","13:59:47",720600
4860,110,100,"sd","13:58:56",719600
4860,110,100,"sd","13:58:56",719500
4870,120,700,"bu","13:57:02",719400
4860,110,600,"bu","13:55:28",718700
4860,110,200,"bu","13:55:28",718100
4860,110,5000,"bu","13:55:28",717900
4860,110,6100,"bu","13:55:28",712900
4850,100,100,"sd","13:54:24",706800
4850,100,100,"sd","13:54:24",706700
4850,100,1700,"sd","13:54:24",706600
4850,100,600,"sd","13:54:24",704900
4850,100,500,"sd","13:52:08",704300
4850,100,1700,"bu","13:51:42",703800
4850,100,300,"bu","13:51:39",702100
4840,90,1000,"sd","13:51:33",701800
4840,90,1000,"sd","13:50:54",700800
4840,90,1000,"sd","13:50:54",699800
4840,90,1000,"sd","13:49:43",698800
4840,90,1000,"sd","13:49:43",697800
4860,110,2000,"bu","13:49:18",696800
4840,90,400,"sd","13:47:53",694800
4840,90,100,"bu","13:46:43",694400
4840,90,600,"sd","13:46:25",694300
4840,90,400,"sd","13:46:25",693700
4840,90,900,"sd","13:46:25",693300
4850,100,400,"bu","13:44:56",692400
4850,100,200,"bu","13:44:32",692000
4840,90,100,"sd","13:44:19",691800
4850,100,100,"sd","13:43:40",691700
4850,100,2300,"sd","13:43:40",691600
4850,100,8100,"sd","13:43:08",689300
4850,100,1900,"sd","13:43:08",681200
4860,110,100,"bu","13:43:02",679300
4860,110,400,"bu","13:41:09",679200
4860,110,1000,"bu","13:40:32",678800
4860,110,100,"bu","13:40:26",677800
4860,110,300,"sd","13:40:14",677700
4860,110,10000,"sd","13:38:45",677400
4860,110,4000,"bu","13:38:24",667400
4860,110,5900,"bu","13:38:24",663400
4850,100,3100,"sd","13:37:35",657500
4850,100,500,"sd","13:37:35",654400
4850,100,200,"sd","13:37:16",653900
4850,100,800,"sd","13:37:16",653700
4860,110,4000,"bu","13:36:06",652900
4860,110,100,"bu","13:35:09",648900
4850,100,4200,"sd","13:35:08",648800
4850,100,5800,"sd","13:35:08",644600
4860,110,5000,"sd","13:34:25",638800
4870,120,500,"bu","13:34:19",633800
4870,120,4000,"bu","13:34:15",633300
4870,120,500,"bu","13:33:44",629300
4860,110,2000,"bu","13:31:58",628800
4860,110,400,"bu","13:31:58",626800
4860,110,1500,"sd","13:31:14",626400
4860,110,100,"sd","13:31:14",624900
4860,110,100,"sd","13:30:21",624800
4860,110,1000,"sd","13:30:21",624700
4860,110,200,"sd","13:30:21",623700
4860,110,1000,"sd","13:30:21",623500
4860,110,1200,"sd","13:28:40",622500
4860,110,200,"bu","13:28:21",621300
4860,110,100,"bu","13:28:17",621100
4860,110,200,"bu","13:28:15",621000
4850,100,4200,"sd","13:27:56",620800
4850,100,1900,"sd","13:27:56",616600
4860,110,4900,"sd","13:27:56",614700
4860,110,100,"bu","13:27:53",609800
4860,110,400,"bu","13:27:42",609700
4860,110,100,"bu","13:27:42",609300
4860,110,9500,"bu","13:27:42",609200
4860,110,1000,"bu","13:27:23",599700
4850,100,10000,"bu","13:26:29",598700
4850,100,3000,"bu","13:26:29",588700
4850,100,100,"bu","13:26:29",585700
4850,100,100,"bu","13:25:41",585600
4840,90,14000,"sd","13:25:14",585500
4850,100,100,"bu","13:24:45",571500
4840,90,6000,"bu","13:22:22",571400
4840,90,500,"bu","13:21:59",565400
4830,80,1000,"sd","13:21:10",564900
4830,80,500,"sd","13:21:10",563900
4830,80,100,"sd","13:21:10",563400
4830,80,1000,"sd","13:21:10",563300
4830,80,100,"sd","13:21:10",562300
4830,80,500,"sd","13:21:10",562200
4830,80,1000,"sd","13:21:10",561700
4840,90,100,"bu","13:20:48",560700
4840,90,5000,"sd","13:20:13",560600
4840,90,200,"sd","13:20:13",555600
4840,90,200,"sd","13:20:12",555400
4850,100,200,"sd","13:20:00",555200
4850,100,1000,"sd","13:20:00",555000
4850,100,200,"sd","13:20:00",554000
4850,100,900,"sd","13:20:00",553800
4860,110,500,"bu","13:17:52",552900
4860,110,800,"sd","13:15:45",552400
4860,110,2000,"sd","13:14:48",551600
4860,110,2000,"sd","13:13:42",549600
4860,110,1200,"sd","13:13:38",547600
4860,110,300,"sd","13:13:38",546400
4860,110,300,"sd","13:13:22",546100
4860,110,200,"sd","13:13:05",545800
4860,110,1000,"bu","13:12:46",545600
4860,110,200,"bu","13:12:46",544600
4860,110,100,"bu","13:12:20",544400
4860,110,100,"bu","13:12:15",544300
4850,100,100,"sd","13:11:59",544200
4850,100,100,"sd","13:11:59",544100
4850,100,100,"sd","13:11:59",544000
4850,100,100,"sd","13:11:59",543900
4850,100,6000,"sd","13:11:18",543800
4840,90,3000,"bu","13:10:29",537800
4840,90,11500,"bu","13:10:29",534800
4840,90,200,"sd","13:10:00",523300
4840,90,2400,"sd","13:10:00",523100
4840,90,800,"sd","13:10:00",520700
4840,90,1200,"sd","13:09:51",519900
4840,90,100,"sd","13:09:51",518700
4840,90,1400,"sd","13:09:51",518600
4850,100,600,"unknown","13:09:51",517200
4850,100,7400,"sd","13:09:10",516600
4850,100,100,"sd","13:09:10",509200
4850,100,100,"sd","13:09:10",509100
4850,100,300,"sd","13:08:56",509000
4850,100,1000,"sd","13:08:56",508700
4870,120,600,"bu","13:08:32",507700
4850,100,100,"sd","13:08:12",507100
4870,120,4500,"sd","13:07:53",507000
4870,120,500,"bu","13:07:37",502500
4870,120,100,"bu","13:07:07",502000
4860,110,6400,"sd","13:06:55",501900
4850,100,3400,"sd","13:06:15",495500
4850,100,1900,"sd","13:05:52",492100
4850,100,4700,"sd","13:05:43",490200
4850,100,300,"sd","13:05:43",485500
4850,100,200,"sd","13:05:22",485200
4850,100,3000,"sd","13:05:21",485000
4850,100,1000,"sd","13:05:21",482000
4850,100,600,"sd","13:05:21",481000
4850,100,1000,"sd","13:05:21",480400
4850,100,100,"sd","13:05:21",479400
4850,100,400,"sd","13:05:21",479300
4850,100,500,"sd","13:05:21",478900
4850,100,100,"sd","13:05:21",478400
4850,100,100,"sd","13:05:21",478300
4860,110,500,"sd","13:05:21",478200
4860,110,100,"bu","13:05:08",477700
4860,110,100,"bu","13:05:08",477600
4860,110,1000,"bu","13:05:08",477500
4860,110,800,"bu","13:05:08",476500
4860,110,100,"bu","13:05:00",475700
4860,110,100,"bu","13:04:50",475600
4860,110,400,"unknown","13:04:05",475500
4860,110,100,"unknown","13:04:05",475100
4860,110,200,"unknown","13:04:05",475000
4860,110,400,"sd","13:04:05",474800
4860,110,400,"sd","13:04:05",474400
4860,110,100,"sd","13:04:05",474000
4870,120,400,"sd","13:04:05",473900
4870,120,400,"sd","13:03:47",473500
4870,120,800,"sd","13:03:35",473100
4870,120,9200,"sd","13:03:35",472300
4870,120,10000,"sd","13:03:07",463100
4870,120,1100,"sd","13:02:07",453100
4880,130,100,"bu","13:02:03",452000
4870,120,2000,"sd","13:01:58",451900
4870,120,600,"sd","13:01:56",449900
4870,120,100,"sd","13:01:03",449300
4870,120,100,"sd","13:01:03",449200
4870,120,200,"sd","13:01:03",449100
4880,130,900,"bu","13:00:38",448900
4880,130,100,"bu","13:00:19",448000
4880,130,200,"bu","13:00:19",447900
4880,130,400,"bu","13:00:05",447700
4880,130,1400,"bu","13:00:05",447300
4880,130,100,"bu","13:00:05",445900
4880,130,500,"unknown","13:00:02",445800
4880,130,200,"sd","13:00:01",445300
4870,120,100,"sd","13:00:01",445100
4870,120,100,"sd","13:00:01",445000
4890,140,200,"bu","11:28:20",444900
4880,130,200,"bu","11:28:20",444700
4880,130,100,"bu","11:27:29",444500
4860,110,400,"sd","11:27:00",444400
4860,110,500,"sd","11:27:00",444000
4860,110,500,"sd","11:27:00",443500
4860,110,100,"sd","11:27:00",443000
4860,110,100,"sd","11:27:00",442900
4860,110,500,"sd","11:27:00",442800
4860,110,100,"sd","11:27:00",442300
4860,110,100,"sd","11:27:00",442200
4860,110,300,"sd","11:27:00",442100
4860,110,1600,"sd","11:27:00",441800
4870,120,200,"bu","11:26:57",440200
4870,120,300,"sd","11:26:52",440000
4870,120,100,"sd","11:26:52",439700
4870,120,500,"sd","11:26:19",439600
4870,120,500,"sd","11:26:19",439100
4870,120,200,"sd","11:25:24",438600
4880,130,100,"bu","11:24:26",438400
4880,130,400,"sd","11:24:08",438300
4880,130,100,"sd","11:24:08",437900
4880,130,1000,"sd","11:24:08",437800
4880,130,100,"sd","11:24:08",436800
4880,130,300,"sd","11:24:08",436700
4880,130,400,"sd","11:24:06",436400
4880,130,1600,"sd","11:24:06",436000
4890,140,200,"bu","11:23:27",434400
4890,140,200,"sd","11:23:22",434200
4890,140,500,"sd","11:23:22",434000
4890,140,1000,"sd","11:23:22",433500
4890,140,1800,"sd","11:23:12",432500
4890,140,600,"sd","11:23:12",430700
4890,140,5600,"sd","11:23:12",430100
4900,150,1800,"sd","11:22:32",424500
4900,150,100,"sd","11:22:32",422700
4900,150,1500,"sd","11:21:58",422600
4900,150,1500,"sd","11:21:44",421100
4910,160,100,"bu","11:20:26",419600
4890,140,600,"sd","11:20:12",419500
4900,150,200,"bu","11:19:59",418900
4900,150,400,"bu","11:19:49",418700
4900,150,100,"sd","11:19:34",418300
4900,150,200,"bu","11:14:33",418200
4900,150,500,"bu","11:14:24",418000
4900,150,1000,"bu","11:14:23",417500
4900,150,3300,"sd","11:14:11",416500
4900,150,1000,"sd","11:13:45",413200
4900,150,700,"sd","11:13:12",412200
4900,150,200,"sd","11:13:12",411500
4900,150,100,"sd","11:13:12",411300
4900,150,100,"sd","11:13:12",411200
4900,150,100,"sd","11:13:12",411100
4900,150,100,"sd","11:13:12",411000
4900,150,3700,"sd","11:13:12",410900
4900,150,500,"sd","11:12:30",407200
4910,160,100,"bu","11:12:22",406700
4900,150,3000,"sd","11:12:02",406600
4910,160,100,"bu","11:10:53",403600
4900,150,800,"sd","11:10:26",403500
4900,150,200,"sd","11:10:26",402700
4910,160,100,"bu","11:09:58",402500
4900,150,100,"sd","11:08:44",402400
4900,150,100,"sd","11:08:27",402300
4890,140,100,"sd","11:07:51",402200
4900,150,100,"bu","11:07:49",402100
4890,140,9500,"sd","11:07:31",402000
4900,150,100,"sd","11:07:31",392500
4890,140,25000,"sd","11:07:07",392400
4900,150,25600,"sd","11:06:37",367400
4900,150,5000,"sd","11:06:37",341800
4900,150,500,"sd","11:06:37",336800
4900,150,4600,"sd","11:06:37",336300
4910,160,200,"sd","11:06:37",331700
4910,160,100,"sd","11:06:37",331500
4910,160,100,"sd","11:06:37",331400
4910,160,3900,"sd","11:06:37",331300
4910,160,500,"sd","11:06:35",327400
4910,160,4000,"sd","11:05:43",326900
4910,160,100,"bu","11:04:40",322900
4910,160,1500,"bu","11:04:40",322800
4910,160,5000,"bu","11:04:33",321300
4910,160,2200,"bu","11:04:02",316300
4910,160,200,"bu","11:03:50",314100
4900,150,400,"sd","11:03:14",313900
4900,150,400,"sd","11:03:14",313500
4900,150,700,"sd","11:03:14",313100
4900,150,10000,"sd","11:03:14",312400
4900,150,500,"sd","11:03:14",302400
4910,160,100,"bu","11:03:04",301900
4900,150,500,"sd","11:02:53",301800
4910,160,600,"sd","11:02:38",301300
4910,160,200,"sd","11:02:38",300700
4910,160,200,"sd","11:02:38",300500
4920,170,1000,"bu","11:01:44",300300
4910,160,200,"sd","11:01:37",299300
4910,160,100,"sd","11:01:37",299100
4910,160,200,"sd","11:01:37",299000
4920,170,400,"bu","11:01:34",298800
4920,170,300,"sd","11:00:55",298400
4930,180,5000,"sd","11:00:11",298100
4930,180,200,"sd","11:00:11",293100
4930,180,300,"sd","11:00:11",292900
4940,190,2000,"bu","10:59:53",292600
4940,190,100,"sd","10:59:40",290600
4940,190,100,"sd","10:59:40",290500
4950,200,4300,"bu","10:59:22",290400
4950,200,100,"bu","10:58:52",286100
4950,200,900,"bu","10:58:52",286000
4950,200,1100,"bu","10:58:50",285100
4950,200,100,"bu","10:58:50",284000
4950,200,2000,"bu","10:58:50",283900
4950,200,1800,"bu","10:58:50",281900
4950,200,400,"bu","10:58:46",280100
4950,200,5000,"bu","10:58:35",279700
4950,200,2800,"bu","10:58:11",274700
4940,190,2200,"bu","10:58:11",271900
4940,190,300,"bu","10:57:23",269700
4940,190,4900,"sd","10:57:03",269400
4940,190,2500,"sd","10:56:34",264500
4940,190,2500,"sd","10:56:23",262000
4940,190,2500,"bu","10:56:08",259500
4940,190,1000,"bu","10:56:08",257000
4940,190,4100,"bu","10:56:08",256000
4940,190,1500,"bu","10:55:56",251900
4940,190,8000,"bu","10:55:47",250400
4940,190,800,"bu","10:55:47",242400
4930,180,2500,"bu","10:55:47",241600
4920,170,2500,"bu","10:55:47",239100
4920,170,1000,"bu","10:55:47",236600
4920,170,200,"bu","10:55:47",235600
4910,160,1000,"sd","10:55:06",235400
4910,160,2500,"bu","10:55:05",234400
4900,150,500,"bu","10:54:37",231900
4900,150,200,"bu","10:54:37",231400
4900,150,10000,"bu","10:54:37",231200
4900,150,5000,"bu","10:54:37",221200
4900,150,1000,"bu","10:54:36",216200
4900,150,10000,"bu","10:54:36",215200
4900,150,5800,"bu","10:54:36",205200
4900,150,200,"bu","10:54:34",199400
4890,140,1000,"bu","10:54:17",199200
4890,140,1200,"bu","10:54:17",198200
4890,140,5000,"bu","10:54:17",197000
4890,140,2500,"bu","10:54:17",192000
4880,130,2500,"sd","10:54:06",189500
4880,130,800,"bu","10:53:44",187000
4880,130,1000,"bu","10:53:44",186200
4870,120,2500,"bu","10:53:24",185200
4860,110,400,"bu","10:52:38",182700
4860,110,100,"bu","10:52:36",182300
4860,110,100,"bu","10:52:34",182200
4860,110,1900,"bu","10:52:28",182100
4860,110,100,"bu","10:52:15",180200
4860,110,9900,"bu","10:52:07",180100
4860,110,100,"bu","10:52:07",170200
4850,100,2500,"sd","10:50:47",170100
4850,100,900,"bu","10:50:29",167600
4850,100,100,"bu","10:50:21",166700
4850,100,1000,"bu","10:50:21",166600
4850,100,1000,"bu","10:50:21",165600
4850,100,2900,"bu","10:50:21",164600
4850,100,3600,"bu","10:50:12",161700
4850,100,200,"bu","10:50:12",158100
4850,100,500,"bu","10:50:12",157900
4850,100,800,"bu","10:50:12",157400
4840,90,900,"bu","10:50:12",156600
4840,90,1600,"bu","10:49:50",155700
4840,90,200,"bu","10:49:50",154100
4840,90,200,"bu","10:49:50",153900
4830,80,2500,"bu","10:49:31",152700
4830,80,1000,"bu","10:49:31",153700
4820,70,800,"bu","10:49:25",150200
4820,70,1000,"bu","10:49:16",149400
4820,70,300,"bu","10:49:14",148400
4820,70,3000,"bu","10:48:50",148100
4820,70,1300,"sd","10:48:40",145100
4820,70,10000,"sd","10:48:40",143800
4820,70,2000,"sd","10:48:40",133800
4820,70,1000,"sd","10:48:40",131800
4820,70,500,"sd","10:48:40",130800
4820,70,100,"sd","10:48:40",130300
4820,70,900,"bu","10:47:49",130200
4820,70,1000,"bu","10:47:35",129300
4820,70,600,"sd","10:47:19",128300
4810,60,1500,"sd","10:46:48",127700
4820,70,1000,"sd","10:46:48",126200
4820,70,2000,"bu","10:46:47",125200
4820,70,700,"bu","10:46:47",123200
4820,70,10000,"bu","10:46:47",122500
4820,70,800,"bu","10:46:47",112500
4810,60,2500,"bu","10:46:40",111700
4800,50,400,"bu","10:45:49",109200
4800,50,4000,"bu","10:45:49",108800
4800,50,500,"bu","10:45:49",104800
4800,50,2000,"bu","10:45:49",104300
4800,50,500,"bu","10:45:49",102300
4800,50,1000,"bu","10:45:49",101800
4790,40,100,"bu","10:45:49",100800
4790,40,100,"bu","10:41:44",100700
4790,40,1000,"bu","10:41:28",100600
4790,40,1000,"bu","10:40:45",99600
4790,40,400,"bu","10:37:22",98600
4790,40,300,"bu","10:37:22",98200
4790,40,200,"bu","10:36:21",97900
4790,40,800,"bu","10:36:21",97700
4790,40,2000,"bu","10:36:10",96900
4790,40,2200,"bu","10:36:01",94900
4790,40,2000,"bu","10:36:01",92700
4790,40,800,"bu","10:36:01",90700
4780,30,100,"bu","10:35:52",89900
4780,30,900,"bu","10:35:52",89800
4780,30,100,"bu","10:35:27",88900
4780,30,1000,"bu","10:35:23",88800
4780,30,200,"bu","10:32:04",87800
4780,30,100,"bu","10:31:58",87600
4760,10,400,"bu","10:31:46",87500
4760,10,1000,"bu","10:31:32",87100
4760,10,600,"bu","10:30:48",86100
4760,10,400,"bu","10:30:48",85500
4760,10,1600,"bu","10:29:51",85100
4760,10,200,"bu","10:27:39",83500
4750,0,4100,"sd","10:22:38",83300
4750,0,6000,"sd","10:19:19",79200
4750,0,200,"bu","10:19:11",73200
4750,0,300,"bu","10:19:11",73000
4740,-10,500,"sd","10:17:12",72700
4750,0,300,"sd","10:13:34",72200
4750,0,1900,"sd","10:13:34",71900
4750,0,100,"sd","10:12:35",70000
4760,10,100,"bu","10:11:16",69900
4760,10,900,"bu","10:09:19",69800
4760,10,2000,"bu","10:08:19",68900
4750,0,1000,"bu","10:00:01",66900
4750,0,100,"bu","10:00:01",65900
4740,-10,300,"sd","09:56:00",65800
4740,-10,500,"sd","09:55:44",65500
4740,-10,400,"sd","09:55:16",65000
4730,-20,700,"sd","09:54:35",64600
4730,-20,100,"sd","09:54:35",63900
4730,-20,100,"sd","09:54:35",63800
4750,0,100,"bu","09:48:30",63700
4740,-10,100,"sd","09:48:22",63600
4750,0,300,"bu","09:46:19",63500
4740,-10,4900,"sd","09:44:19",63200
4740,-10,100,"sd","09:44:19",58300
4750,0,200,"bu","09:43:25",58200
4750,0,300,"sd","09:43:00",58000
4750,0,200,"sd","09:43:00",57700
4780,30,400,"bu","09:35:49",57500
4780,30,1600,"bu","09:35:35",57100
4780,30,100,"bu","09:35:21",55500
4740,-10,5000,"bu","09:34:41",55400
4740,-10,1000,"bu","09:34:41",50400
4730,-20,400,"bu","09:34:38",49400
4730,-20,100,"bu","09:34:01",49000
4720,-30,700,"bu","09:33:42",48900
4720,-30,600,"bu","09:33:35",48200
4720,-30,100,"bu","09:32:58",47600
4720,-30,200,"bu","09:32:42",47500
4700,-50,700,"bu","09:31:48",47300
4700,-50,2000,"bu","09:31:48",46600
4700,-50,1800,"sd","09:31:37",44600
4700,-50,200,"bu","09:31:17",42800
4700,-50,5000,"sd","09:31:13",42600
4700,-50,200,"sd","09:31:13",37600
4700,-50,500,"sd","09:31:13",37400
4700,-50,1000,"sd","09:31:13",36900
4700,-50,200,"sd","09:31:13",35900
4710,-40,1000,"sd","09:31:13",35700
4710,-40,100,"sd","09:31:13",34700
4710,-40,1300,"sd","09:31:13",34600
4710,-40,700,"sd","09:30:36",33300
4720,-30,700,"sd","09:30:20",32600
4730,-20,2500,"sd","09:30:02",31900
4730,-20,100,"sd","09:28:45",29400
4730,-20,900,"sd","09:27:05",29300
4730,-20,1000,"bu","09:26:46",28400
4730,-20,500,"bu","09:26:46",27400
4720,-30,1000,"sd","09:26:43",26900
4730,-20,500,"sd","09:26:11",25900
4740,-10,2000,"sd","09:23:47",25400
4740,-10,100,"sd","09:23:46",23400
4740,-10,900,"sd","09:23:46",23300
4740,-10,2000,"sd","09:23:02",22400
4740,-10,100,"sd","09:22:58",20400
4740,-10,100,"sd","09:22:58",20300
4790,40,1000,"bu","09:21:27",20200
4790,40,1200,"bu","09:20:22",19200
4790,40,18000,"bu","09:15:01",18000
