"price","change","match_qtty","side","time","total_vol"
6470,-300,114700,"bu","14:45:03",4620800
6490,-280,100,"sd","14:29:57",4506100
6500,-270,2600,"bu","14:29:53",4506000
6500,-270,17400,"bu","14:29:52",4503400
6500,-270,300,"bu","14:29:43",4486000
6490,-280,1000,"sd","14:29:42",4485700
6490,-280,700,"bu","14:29:41",4484700
6480,-290,6700,"sd","14:29:36",4484000
6480,-290,500,"sd","14:29:35",4477300
6480,-290,200,"sd","14:29:35",4476800
6490,-280,700,"bu","14:29:34",4476600
6480,-290,600,"sd","14:29:34",4475900
6480,-290,2000,"sd","14:29:33",4475300
6490,-280,300,"bu","14:29:22",4473300
6490,-280,500,"sd","14:29:18",4473000
6490,-280,600,"sd","14:29:18",4472500
6490,-280,100,"sd","14:29:10",4471900
6490,-280,500,"sd","14:29:07",4471800
6490,-280,200,"sd","14:29:05",4471300
6490,-280,100,"sd","14:29:05",4471100
6490,-280,200,"sd","14:29:04",4471000
6490,-280,2000,"sd","14:28:40",4470800
6500,-270,5000,"bu","14:28:36",4468800
6500,-270,400,"bu","14:28:35",4463800
6500,-270,500,"bu","14:28:30",4463400
6500,-270,2200,"bu","14:28:28",4462900
6500,-270,4200,"bu","14:28:28",4460700
6500,-270,900,"bu","14:28:24",4456500
6500,-270,1000,"bu","14:28:23",4455600
6500,-270,300,"bu","14:28:23",4454600
6500,-270,500,"bu","14:28:22",4454300
6500,-270,200,"bu","14:28:05",4453800
6500,-270,100,"bu","14:28:05",4453600
6500,-270,100,"bu","14:28:04",4453500
6500,-270,100,"bu","14:28:04",4453400
6500,-270,100,"bu","14:28:04",4453300
6500,-270,4600,"bu","14:28:03",4453200
6500,-270,500,"bu","14:28:03",4448600
6500,-270,600,"bu","14:28:03",4448100
6500,-270,500,"bu","14:28:02",4447500
6500,-270,4000,"bu","14:28:00",4447000
6500,-270,2900,"bu","14:27:49",4443000
6490,-280,100,"bu","14:27:48",4440100
6500,-270,1000,"bu","14:27:40",4440000
6500,-270,4000,"bu","14:27:24",4439000
6480,-290,400,"sd","14:27:21",4435000
6480,-290,800,"sd","14:27:03",4434600
6480,-290,300,"sd","14:26:25",4433800
6480,-290,400,"sd","14:26:25",4433500
6480,-290,600,"sd","14:26:25",4433100
6500,-270,7800,"bu","14:26:20",4432500
6500,-270,1000,"bu","14:26:20",4424700
6500,-270,1200,"bu","14:26:19",4423700
6480,-290,800,"sd","14:26:17",4422500
6500,-270,2000,"bu","14:26:03",4421700
6500,-270,10000,"bu","14:25:58",4419700
6500,-270,200,"bu","14:25:57",4409700
6490,-280,1000,"unknown","14:25:57",4409500
6500,-270,6800,"bu","14:25:54",4408500
6500,-270,1000,"bu","14:25:53",4401700
6500,-270,1000,"bu","14:25:53",4400700
6480,-290,200,"sd","14:25:47",4399700
6480,-290,1800,"sd","14:25:46",4399500
6480,-290,100,"sd","14:25:44",4397700
6480,-290,2100,"sd","14:25:40",4397600
6480,-290,1900,"sd","14:25:39",4395500
6480,-290,5000,"sd","14:25:30",4393600
6480,-290,300,"sd","14:25:29",4388600
6480,-290,1000,"sd","14:25:28",4388300
6480,-290,1000,"sd","14:25:28",4387300
6480,-290,900,"sd","14:25:27",4386300
6480,-290,1800,"sd","14:25:27",4385400
6480,-290,1600,"sd","14:25:26",4383600
6480,-290,100,"sd","14:25:26",4382000
6480,-290,300,"sd","14:25:25",4381900
6480,-290,100,"sd","14:25:24",4381600
6480,-290,6000,"sd","14:25:24",4381500
6480,-290,200,"bu","14:25:13",4375500
6410,-360,100,"sd","14:24:23",4375300
6480,-290,200,"bu","14:23:53",4375200
6480,-290,5000,"unknown","14:23:43",4375000
6480,-290,400,"unknown","14:23:42",4370000
6490,-280,2700,"bu","14:23:40",4369600
6490,-280,1900,"bu","14:23:40",4366900
6480,-290,500,"bu","14:23:32",4365000
6490,-280,600,"bu","14:23:00",4364500
6490,-280,1500,"bu","14:22:58",4363900
6430,-340,2800,"bu","14:22:42",4362400
6430,-340,200,"bu","14:22:41",4359600
6430,-340,2200,"bu","14:22:40",4359400
6370,-400,100,"sd","14:22:36",4357200
6430,-340,2800,"bu","14:22:34",4357100
6420,-350,2000,"unknown","14:22:34",4354300
6370,-400,3000,"sd","14:22:20",4352300
6370,-400,1100,"bu","14:22:09",4349300
6370,-400,200,"bu","14:22:02",4348200
6370,-400,2000,"bu","14:22:01",4348000
6360,-410,300,"sd","14:21:59",4346000
6370,-400,1900,"bu","14:21:58",4345700
6370,-400,2400,"bu","14:21:55",4343800
6370,-400,1000,"bu","14:21:53",4341400
6370,-400,600,"bu","14:21:47",4340400
6370,-400,300,"bu","14:21:39",4339800
6370,-400,1000,"bu","14:21:32",4339500
6360,-410,400,"sd","14:21:26",4338500
6360,-410,500,"sd","14:21:26",4338100
6360,-410,1500,"sd","14:21:26",4337600
6360,-410,500,"sd","14:21:26",4336100
6360,-410,500,"sd","14:21:18",4335600
6360,-410,1000,"sd","14:21:18",4335100
6360,-410,100,"sd","14:21:18",4334100
6360,-410,6200,"sd","14:21:18",4334000
6360,-410,200,"sd","14:21:18",4327800
6360,-410,500,"sd","14:21:18",4327600
6360,-410,1200,"sd","14:21:18",4327100
6360,-410,200,"sd","14:21:18",4325900
6370,-400,6000,"bu","14:21:17",4325700
6370,-400,200,"bu","14:21:15",4319700
6370,-400,200,"bu","14:21:09",4319500
6360,-410,100,"sd","14:21:06",4319300
6370,-400,200,"bu","14:21:05",4319200
6370,-400,17000,"bu","14:21:04",4319000
6360,-410,100,"sd","14:21:04",4302000
6360,-410,400,"sd","14:21:03",4301900
6360,-410,100,"sd","14:21:02",4301500
6360,-410,200,"sd","14:21:02",4301400
6360,-410,17000,"sd","14:21:02",4301200
6360,-410,2300,"sd","14:21:01",4284200
6370,-400,1000,"bu","14:20:55",4281900
6370,-400,100,"bu","14:20:54",4280900
6370,-400,6000,"bu","14:20:54",4280800
6370,-400,100,"bu","14:20:48",4274800
6370,-400,100,"bu","14:20:43",4274700
6370,-400,200,"bu","14:20:37",4274600
6370,-400,100,"bu","14:20:24",4274400
6360,-410,1100,"sd","14:20:13",4274300
6370,-400,6000,"bu","14:20:12",4273200
6360,-410,600,"sd","14:19:54",4267200
6360,-410,100,"sd","14:19:54",4266600
6360,-410,100,"sd","14:19:50",4266500
6360,-410,100,"sd","14:19:50",4266400
6370,-400,1000,"bu","14:19:49",4266300
6360,-410,300,"sd","14:19:27",4265300
6360,-410,100,"sd","14:19:27",4265000
6360,-410,2000,"sd","14:19:27",4264900
6360,-410,3600,"sd","14:19:27",4262900
6370,-400,1000,"bu","14:19:24",4259300
6370,-400,4000,"bu","14:19:21",4258300
6380,-390,1000,"bu","14:19:19",4254300
6380,-390,100,"bu","14:19:19",4253300
6380,-390,400,"sd","14:19:19",4253200
6380,-390,2700,"sd","14:19:19",4252800
6370,-400,1800,"sd","14:19:19",4250100
6380,-390,500,"sd","14:19:19",4248300
6370,-400,2100,"sd","14:19:19",4247800
6380,-390,200,"sd","14:19:19",4245700
6380,-390,1000,"sd","14:19:19",4245500
6370,-400,100,"sd","14:19:19",4244500
6380,-390,1000,"sd","14:19:19",4244400
6370,-400,100,"sd","14:19:19",4243400
6370,-400,3500,"sd","14:19:19",4243300
6370,-400,1000,"sd","14:19:19",4239800
6380,-390,200,"sd","14:19:19",4238800
6370,-400,10300,"sd","14:19:19",4238600
6390,-380,400,"sd","14:19:19",4228300
6370,-400,100,"sd","14:19:19",4227900
6390,-380,300,"sd","14:19:19",4227800
6370,-400,100,"sd","14:19:19",4227500
6380,-390,1000,"sd","14:19:19",4227400
6380,-390,28000,"sd","14:19:19",4226400
6390,-380,100,"sd","14:19:13",4198400
6390,-380,100,"sd","14:19:13",4198300
6390,-380,800,"sd","14:19:13",4198200
6390,-380,200,"sd","14:19:12",4197400
6390,-380,4000,"sd","14:18:48",4197200
6420,-350,300,"bu","14:18:29",4193200
6400,-370,1500,"bu","14:18:29",4192900
6400,-370,1000,"bu","14:18:29",4191400
6400,-370,1000,"bu","14:18:29",4190400
6400,-370,31200,"bu","14:18:29",4189400
6400,-370,200,"bu","14:18:29",4158200
6400,-370,500,"sd","14:18:29",4158000
6400,-370,100,"sd","14:18:29",4157500
6400,-370,1000,"sd","14:18:29",4157400
6400,-370,1000,"sd","14:18:28",4156400
6400,-370,5000,"sd","14:18:28",4155400
6400,-370,20000,"sd","14:18:28",4150400
6420,-350,200,"sd","14:18:28",4130400
6420,-350,5000,"sd","14:18:28",4130200
6430,-340,700,"sd","14:18:26",4125200
6430,-340,1400,"sd","14:18:26",4124500
6430,-340,100,"sd","14:18:26",4123100
6430,-340,1000,"sd","14:18:26",4123000
6430,-340,2000,"sd","14:18:26",4122000
6430,-340,900,"sd","14:18:11",4120000
6440,-330,100,"sd","14:18:11",4119100
6430,-340,600,"sd","14:17:46",4119000
6440,-330,100,"sd","14:17:46",4118400
6440,-330,100,"sd","14:17:46",4118300
6450,-320,1000,"unknown","14:17:10",4118200
6450,-320,1000,"unknown","14:17:10",4117200
6450,-320,300,"unknown","14:17:10",4116200
6430,-340,3700,"sd","14:17:09",4115900
6440,-330,200,"unknown","14:17:09",4112200
6440,-330,3000,"sd","14:17:09",4112000
6440,-330,8000,"sd","14:17:09",4109000
6440,-330,2700,"sd","14:17:09",4101000
6450,-320,100,"sd","14:17:09",4098300
6460,-310,500,"sd","14:17:08",4098200
6460,-310,1000,"sd","14:17:00",4097700
6460,-310,1000,"sd","14:17:00",4096700
6440,-330,1200,"bu","14:15:16",4095700
6430,-340,200,"sd","14:15:15",4094500
6430,-340,400,"bu","14:15:09",4094300
6430,-340,100,"sd","14:15:08",4093900
6440,-330,400,"bu","14:14:55",4093800
6440,-330,600,"bu","14:14:55",4093400
6430,-340,3000,"bu","14:14:51",4092800
6430,-340,1000,"sd","14:14:45",4089800
6440,-330,100,"bu","14:14:39",4088800
6420,-350,200,"sd","14:14:35",4088700
6430,-340,100,"sd","14:14:35",4088500
6430,-340,700,"sd","14:14:35",4088400
6430,-340,300,"bu","14:14:25",4087700
6420,-350,500,"sd","14:14:25",4087400
6430,-340,200,"bu","14:14:15",4086900
6380,-390,800,"sd","14:12:33",4086700
6380,-390,200,"sd","14:12:33",4085900
6400,-370,4000,"sd","14:12:33",4085700
6440,-330,1300,"bu","14:12:32",4081700
6440,-330,8000,"bu","14:12:32",4080400
6440,-330,1000,"bu","14:12:32",4072400
6440,-330,700,"bu","14:12:32",4071400
6440,-330,100,"bu","14:12:12",4070700
6370,-400,200,"sd","14:12:06",4070600
6370,-400,200,"sd","14:12:06",4070400
6370,-400,600,"sd","14:12:05",4070200
6380,-390,200,"sd","14:12:05",4069600
6400,-370,200,"sd","14:12:05",4069400
6400,-370,800,"bu","14:12:03",4069200
6400,-370,1000,"bu","14:12:03",4068400
6400,-370,500,"bu","14:12:00",4067400
6400,-370,1000,"bu","14:12:00",4066900
6400,-370,700,"bu","14:11:51",4065900
6400,-370,300,"bu","14:11:51",4065200
6370,-400,8900,"sd","14:11:46",4064900
6390,-380,1000,"unknown","14:11:42",4056000
6370,-400,300,"sd","14:11:28",4055000
6360,-410,6400,"sd","14:11:02",4054700
6360,-410,200,"sd","14:11:00",4048300
6360,-410,2000,"sd","14:11:00",4048100
6360,-410,1000,"sd","14:10:59",4046100
6360,-410,2000,"sd","14:10:59",4045100
6360,-410,100,"sd","14:10:59",4043100
6360,-410,1100,"bu","14:10:59",4043000
6360,-410,2000,"sd","14:10:59",4041900
6360,-410,200,"sd","14:10:58",4039900
6360,-410,100,"sd","14:10:43",4039700
6360,-410,2800,"sd","14:10:40",4039600
6360,-410,1000,"bu","14:10:25",4036800
6360,-410,200,"bu","14:10:25",4035800
6360,-410,100,"bu","14:10:22",4035600
6360,-410,2900,"bu","14:10:21",4035500
6360,-410,1000,"bu","14:10:11",4032600
6360,-410,100,"bu","14:10:11",4031600
6400,-370,800,"bu","14:10:09",4031500
6360,-410,1000,"bu","14:10:09",4030700
6400,-370,500,"bu","14:10:07",4029700
6360,-410,500,"unknown","14:10:07",4029200
6360,-410,100,"sd","14:10:06",4028700
6400,-370,2500,"bu","14:10:06",4028600
6360,-410,100,"sd","14:10:05",4026100
6400,-370,1100,"bu","14:10:04",4026000
6360,-410,2200,"sd","14:10:03",4024900
6380,-390,100,"bu","14:10:02",4022700
6380,-390,500,"bu","14:09:47",4022600
6360,-410,700,"sd","14:09:39",4022100
6400,-370,200,"bu","14:09:13",4021400
6400,-370,2000,"bu","14:08:39",4021200
6340,-430,500,"sd","14:08:30",4019200
6340,-430,3000,"sd","14:08:13",4018700
6340,-430,4100,"sd","14:07:50",4015700
6340,-430,100,"sd","14:07:49",4011600
6340,-430,5400,"sd","14:07:47",4011500
6340,-430,900,"sd","14:07:41",4006100
6330,-440,2000,"sd","14:07:35",4005200
6330,-440,3000,"sd","14:07:34",4003200
6400,-370,1700,"bu","14:07:28",4000200
6400,-370,4000,"bu","14:07:27",3998500
6400,-370,1000,"bu","14:07:25",3994500
6400,-370,2300,"bu","14:07:24",3993500
6320,-450,1000,"sd","14:06:58",3991200
6320,-450,200,"sd","14:06:48",3990200
6390,-380,30000,"bu","14:06:43",3990000
6310,-460,8500,"sd","14:06:38",3960000
6310,-460,5000,"sd","14:06:37",3951500
6310,-460,500,"sd","14:06:36",3946500
6310,-460,100,"sd","14:06:35",3946000
6310,-460,900,"sd","14:06:34",3945900
6310,-460,5100,"sd","14:06:29",3945000
6310,-460,4200,"sd","14:06:28",3939900
6320,-450,1000,"unknown","14:06:28",3935700
6320,-450,1700,"unknown","14:06:27",3934700
6320,-450,500,"unknown","14:06:26",3933000
6320,-450,1000,"unknown","14:06:26",3932500
6320,-450,100,"unknown","14:06:25",3931500
6320,-450,1000,"unknown","14:06:25",3931400
6320,-450,4400,"sd","14:06:24",3930400
6400,-370,600,"bu","14:06:22",3926000
6320,-450,1300,"sd","14:06:20",3925400
6320,-450,600,"sd","14:06:19",3924100
6400,-370,500,"bu","14:06:19",3923500
6320,-450,500,"sd","14:06:19",3923000
6320,-450,2600,"sd","14:06:18",3922500
6400,-370,100,"bu","14:06:12",3919900
6430,-340,1000,"bu","14:05:56",3919800
6350,-420,100,"unknown","14:05:55",3918800
6400,-370,900,"unknown","14:05:55",3918700
6320,-450,500,"sd","14:05:55",3917800
6350,-420,1000,"unknown","14:05:55",3917300
6400,-370,2000,"unknown","14:05:55",3916300
6400,-370,1000,"unknown","14:05:55",3914300
6320,-450,1000,"sd","14:05:55",3913300
6350,-420,1000,"unknown","14:05:55",3912300
6400,-370,600,"unknown","14:05:55",3911300
6320,-450,4400,"sd","14:05:55",3910700
6360,-410,200,"unknown","14:05:55",3906300
6400,-370,1700,"unknown","14:05:55",3906100
6400,-370,100,"unknown","14:05:55",3904400
6330,-440,400,"unknown","14:05:55",3904300
6360,-410,300,"unknown","14:05:55",3903900
6400,-370,2000,"unknown","14:05:54",3903600
6400,-370,100,"unknown","14:05:54",3901600
6330,-440,200,"unknown","14:05:54",3901500
6360,-410,100,"unknown","14:05:54",3901300
6400,-370,100,"unknown","14:05:54",3901200
6400,-370,1000,"unknown","14:05:54",3901100
6330,-440,20000,"unknown","14:05:54",3900100
6400,-370,2000,"unknown","14:05:54",3880100
6400,-370,15000,"unknown","14:05:54",3878100
6360,-410,100,"sd","14:05:54",3863100
6400,-370,800,"sd","14:05:54",3863000
6340,-430,2000,"sd","14:05:54",3862200
6360,-410,300,"sd","14:05:54",3860200
6400,-370,200,"sd","14:05:54",3859900
6400,-370,700,"sd","14:05:54",3859700
6340,-430,100,"sd","14:05:54",3859000
6360,-410,100,"sd","14:05:54",3858900
6400,-370,3000,"sd","14:05:54",3858800
6340,-430,500,"sd","14:05:54",3855800
6370,-400,300,"unknown","14:05:54",3855300
6400,-370,200,"unknown","14:05:54",3855000
6400,-370,500,"unknown","14:05:54",3854800
6350,-420,1000,"unknown","14:05:54",3854300
6380,-390,100,"unknown","14:05:54",3853300
6400,-370,8000,"unknown","14:05:54",3853200
6400,-370,1000,"unknown","14:05:54",3845200
6350,-420,4000,"unknown","14:05:54",3844200
6380,-390,100,"unknown","14:05:54",3840200
6400,-370,1000,"unknown","14:05:54",3840100
6350,-420,1500,"unknown","14:05:54",3839100
6380,-390,3000,"unknown","14:05:54",3837600
6400,-370,100,"unknown","14:05:54",3834600
6350,-420,2000,"unknown","14:05:54",3834500
6400,-370,20300,"unknown","14:05:54",3832500
6350,-420,100,"unknown","14:05:53",3812200
6400,-370,200,"unknown","14:05:53",3812100
6410,-360,100,"unknown","14:05:53",3811900
6390,-380,100,"sd","14:05:53",3811800
6350,-420,200,"sd","14:05:53",3811700
6410,-360,1200,"sd","14:05:53",3811500
6390,-380,100,"sd","14:05:53",3810300
6350,-420,400,"sd","14:05:53",3810200
6410,-360,10600,"sd","14:05:53",3809800
6410,-360,500,"sd","14:05:53",3799200
6400,-370,100,"sd","14:05:53",3798700
6390,-380,5000,"sd","14:05:53",3798600
6350,-420,1500,"sd","14:05:53",3793600
6420,-350,5000,"sd","14:05:53",3792100
6400,-370,100,"sd","14:05:53",3787100
6390,-380,1300,"sd","14:05:53",3787000
6420,-350,200,"sd","14:05:53",3785700
6400,-370,100,"sd","14:05:53",3785500
6350,-420,2000,"sd","14:05:53",3785400
6420,-350,5000,"sd","14:05:53",3783400
6400,-370,600,"sd","14:05:53",3778400
6350,-420,200,"sd","14:05:53",3777800
6400,-370,500,"sd","14:05:53",3777600
6420,-350,100,"sd","14:05:53",3777100
6400,-370,2000,"sd","14:05:53",3777000
6350,-420,300,"sd","14:05:53",3775000
6400,-370,100,"sd","14:05:53",3774700
6320,-450,2400,"sd","14:05:53",3774600
6350,-420,100,"sd","14:05:53",3772200
6400,-370,3300,"sd","14:05:53",3772100
6420,-350,2100,"sd","14:05:51",3768800
6420,-350,100,"sd","14:05:51",3766700
6420,-350,200,"sd","14:05:51",3766600
6420,-350,1000,"sd","14:05:51",3766400
6420,-350,200,"sd","14:05:51",3765400
6420,-350,100,"sd","14:05:51",3765200
6420,-350,4300,"sd","14:05:51",3765100
6430,-340,100,"bu","14:05:40",3760800
6430,-340,900,"sd","14:05:34",3760700
6430,-340,100,"sd","14:05:26",3759800
6430,-340,900,"sd","14:05:17",3759700
6430,-340,500,"sd","14:05:15",3758800
6430,-340,100,"sd","14:05:09",3758300
6430,-340,1000,"sd","14:05:09",3758200
6430,-340,100,"sd","14:05:09",3757200
6430,-340,2600,"sd","14:05:08",3757100
6440,-330,700,"sd","14:05:01",3754500
6440,-330,1300,"bu","14:04:30",3753800
6430,-340,100,"sd","14:04:11",3752500
6440,-330,100,"bu","14:04:10",3752400
6440,-330,100,"bu","14:03:49",3752300
6440,-330,100,"sd","14:03:35",3752200
6440,-330,1000,"sd","14:03:35",3752100
6440,-330,1000,"sd","14:03:35",3751100
6440,-330,100,"sd","14:03:35",3750100
6450,-320,100,"sd","14:03:12",3750000
6450,-320,67500,"sd","14:03:12",3749900
6450,-320,22600,"sd","14:03:11",3682400
6450,-320,12200,"sd","14:02:59",3659800
6450,-320,5000,"sd","14:02:55",3647600
6450,-320,200,"sd","14:02:51",3642600
6450,-320,9100,"sd","14:02:41",3642400
6450,-320,3100,"sd","14:02:28",3633300
6450,-320,10000,"sd","14:02:28",3630200
6450,-320,100,"sd","14:02:28",3620200
6450,-320,1000,"sd","14:02:28",3620100
6450,-320,1500,"sd","14:02:28",3619100
6450,-320,3000,"sd","14:02:28",3617600
6450,-320,100,"sd","14:02:28",3614600
6450,-320,400,"sd","14:02:28",3614500
6460,-310,2000,"sd","14:02:28",3614100
6460,-310,13000,"sd","14:02:28",3612100
6460,-310,15800,"sd","14:02:28",3599100
6460,-310,1000,"sd","14:02:27",3583300
6460,-310,3200,"sd","14:02:21",3582300
6460,-310,1800,"sd","14:02:21",3579100
6470,-300,500,"sd","14:02:13",3577300
6470,-300,100,"sd","14:02:13",3576800
6470,-300,1000,"sd","14:02:13",3576700
6470,-300,100,"sd","14:02:13",3575700
6480,-290,200,"sd","14:01:43",3575600
6480,-290,900,"sd","14:01:43",3575400
6480,-290,100,"sd","14:01:31",3574500
6480,-290,300,"sd","14:01:22",3574400
6480,-290,300,"sd","14:01:22",3574100
6490,-280,200,"bu","14:01:08",3573800
6490,-280,100,"bu","14:01:06",3573600
6490,-280,500,"sd","14:00:53",3573500
6490,-280,500,"sd","14:00:53",3573000
6500,-270,100,"sd","14:00:53",3572500
6490,-280,1500,"sd","14:00:49",3572400
6490,-280,1000,"sd","14:00:49",3570900
6500,-270,200,"sd","14:00:32",3569900
6500,-270,800,"sd","14:00:14",3569700
6500,-270,400,"sd","14:00:14",3568900
6500,-270,1000,"sd","14:00:14",3568500
6500,-270,5400,"sd","14:00:14",3567500
6500,-270,400,"sd","14:00:14",3562100
6500,-270,300,"sd","13:59:39",3561700
6500,-270,200,"sd","13:59:29",3561400
6510,-260,3000,"bu","13:59:24",3561200
6510,-260,1000,"bu","13:59:08",3558200
6500,-270,2800,"sd","13:58:37",3557200
6500,-270,300,"bu","13:58:28",3554400
6500,-270,1500,"bu","13:58:28",3554100
6500,-270,200,"bu","13:58:28",3552600
6500,-270,400,"bu","13:58:01",3552400
6500,-270,3600,"bu","13:57:57",3552000
6500,-270,11400,"bu","13:57:57",3548400
6490,-280,3100,"bu","13:57:25",3537000
6490,-280,200,"bu","13:57:21",3533900
6490,-280,10000,"bu","13:57:21",3533700
6490,-280,12400,"bu","13:57:18",3523700
6490,-280,5000,"bu","13:57:13",3511300
6490,-280,16800,"bu","13:57:09",3506300
6490,-280,2500,"bu","13:57:07",3489500
6480,-290,100,"bu","13:56:52",3487000
6480,-290,600,"bu","13:56:52",3486900
6480,-290,100,"bu","13:56:52",3486300
6480,-290,1500,"bu","13:56:51",3486200
6480,-290,1000,"bu","13:56:44",3484700
6480,-290,5000,"bu","13:56:43",3483700
6480,-290,100,"bu","13:56:37",3478700
6480,-290,500,"bu","13:56:36",3478600
6480,-290,800,"bu","13:56:35",3478100
6480,-290,100,"bu","13:56:35",3477300
6480,-290,200,"bu","13:56:34",3477200
6480,-290,100,"bu","13:56:31",3477000
6480,-290,400,"bu","13:56:31",3476900
6480,-290,17500,"bu","13:56:31",3476500
6480,-290,1000,"bu","13:56:31",3459000
6480,-290,100,"bu","13:56:13",3458000
6460,-310,8200,"sd","13:56:10",3457900
6460,-310,1300,"sd","13:56:10",3449700
6480,-290,1400,"bu","13:56:07",3448400
6470,-300,33100,"bu","13:56:07",3447000
6470,-300,16800,"bu","13:56:05",3413900
6470,-300,100,"sd","13:56:02",3397100
6470,-300,2000,"unknown","13:55:57",3397000
6470,-300,12800,"bu","13:55:51",3395000
6470,-300,35200,"bu","13:55:49",3382200
6470,-300,1400,"sd","13:55:30",3347000
6470,-300,2000,"sd","13:55:30",3345600
6470,-300,300,"sd","13:55:30",3343600
6470,-300,100,"sd","13:55:30",3343300
6470,-300,500,"sd","13:55:30",3343200
6470,-300,3900,"sd","13:55:30",3342700
6470,-300,100,"sd","13:54:47",3338800
6480,-290,100,"sd","13:54:47",3338700
6480,-290,300,"sd","13:54:47",3338600
6480,-290,100,"sd","13:54:47",3338300
6480,-290,200,"sd","13:54:47",3338200
6480,-290,400,"sd","13:54:47",3338000
6480,-290,5000,"sd","13:54:47",3337600
6480,-290,200,"sd","13:54:47",3332600
6480,-290,1600,"sd","13:54:47",3332400
6490,-280,2000,"sd","13:54:47",3330800
6490,-280,1000,"bu","13:54:34",3328800
6500,-270,600,"bu","13:53:06",3327800
6500,-270,3400,"bu","13:53:06",3327200
6480,-290,400,"sd","13:52:58",3323800
6500,-270,1000,"bu","13:52:47",3323400
6500,-270,1100,"unknown","13:52:46",3322400
6500,-270,100,"sd","13:52:46",3321300
6500,-270,1000,"sd","13:52:46",3321200
6500,-270,1000,"sd","13:52:46",3320200
6500,-270,1000,"sd","13:52:46",3319200
6500,-270,6400,"sd","13:52:46",3318200
6500,-270,200,"sd","13:52:46",3311800
6500,-270,100,"sd","13:52:45",3311600
6500,-270,500,"sd","13:52:45",3311500
6500,-270,400,"sd","13:52:45",3311000
6500,-270,2000,"sd","13:52:45",3310600
6510,-260,100,"bu","13:52:36",3308600
6510,-260,400,"sd","13:52:34",3308500
6510,-260,100,"sd","13:52:34",3308100
6510,-260,5500,"sd","13:52:34",3308000
6510,-260,1000,"sd","13:52:34",3302500
6530,-240,6000,"bu","13:52:22",3301500
6530,-240,300,"sd","13:52:13",3295500
6540,-230,1000,"sd","13:52:13",3295200
6540,-230,1700,"sd","13:52:13",3294200
6540,-230,1000,"sd","13:52:04",3292500
6540,-230,100,"bu","13:51:51",3291500
6540,-230,200,"bu","13:51:51",3291400
6540,-230,300,"bu","13:51:43",3291200
6540,-230,500,"bu","13:51:43",3290900
6540,-230,200,"sd","13:51:41",3290400
6540,-230,1000,"sd","13:51:26",3290200
6540,-230,100,"sd","13:51:18",3289200
6540,-230,300,"sd","13:51:16",3289100
6570,-200,400,"bu","13:51:07",3288800
6570,-200,600,"bu","13:51:07",3288400
6570,-200,400,"bu","13:50:34",3287800
6570,-200,1000,"sd","13:50:29",3287400
6570,-200,100,"bu","13:50:20",3286400
6530,-240,3700,"sd","13:50:16",3286300
6530,-240,200,"sd","13:50:15",3282600
6540,-230,1000,"unknown","13:50:15",3282400
6550,-220,100,"unknown","13:50:14",3281400
6550,-220,5600,"sd","13:50:13",3281300
6560,-210,2400,"sd","13:50:13",3275700
6570,-200,100,"bu","13:50:09",3273300
6570,-200,100,"bu","13:50:08",3273200
6570,-200,200,"bu","13:50:08",3273100
6590,-180,100,"bu","13:49:58",3272900
6590,-180,1100,"bu","13:49:53",3272800
6590,-180,5000,"bu","13:49:52",3271700
6590,-180,3900,"sd","13:49:48",3266700
6600,-170,800,"bu","13:49:47",3262800
6590,-180,1300,"sd","13:49:47",3262000
6600,-170,200,"bu","13:49:47",3260700
6590,-180,4200,"sd","13:49:45",3260500
6590,-180,600,"sd","13:49:44",3256300
6590,-180,900,"sd","13:49:40",3255700
6590,-180,500,"sd","13:49:40",3254800
6600,-170,1000,"bu","13:49:35",3254300
6600,-170,12700,"bu","13:49:30",3253300
6600,-170,100,"sd","13:49:29",3240600
6600,-170,2000,"sd","13:49:29",3240500
6600,-170,1000,"sd","13:49:27",3238500
6600,-170,2300,"sd","13:49:25",3237500
6600,-170,2700,"sd","13:49:24",3235200
6600,-170,1000,"sd","13:49:21",3232500
6600,-170,3000,"sd","13:49:20",3231500
6600,-170,400,"sd","13:49:20",3228500
6610,-160,200,"unknown","13:49:20",3228100
6630,-140,100,"unknown","13:49:20",3227900
6600,-170,5300,"sd","13:49:18",3227800
6630,-140,100,"bu","13:49:18",3222500
6630,-140,100,"bu","13:49:14",3222400
6630,-140,400,"bu","13:48:54",3222300
6630,-140,100,"bu","13:48:54",3221900
6600,-170,100,"bu","13:48:09",3221800
6600,-170,1000,"bu","13:48:03",3221700
6600,-170,500,"bu","13:48:03",3220700
6600,-170,100,"bu","13:48:03",3220200
6600,-170,500,"bu","13:48:03",3220100
6600,-170,900,"bu","13:48:03",3219600
6600,-170,800,"bu","13:48:00",3218700
6600,-170,2600,"bu","13:47:59",3217900
6600,-170,400,"bu","13:47:57",3215300
6600,-170,300,"bu","13:47:50",3214900
6600,-170,100,"bu","13:47:50",3214600
6600,-170,600,"bu","13:47:50",3214500
6590,-180,1000,"sd","13:47:48",3213900
6590,-180,500,"bu","13:47:36",3212900
6590,-180,500,"bu","13:47:27",3212400
6570,-200,800,"bu","13:47:12",3211900
6570,-200,3400,"bu","13:46:58",3211100
6570,-200,1600,"bu","13:46:57",3207700
6560,-210,200,"bu","13:46:45",3206100
6550,-220,2400,"sd","13:46:41",3205900
6550,-220,5000,"bu","13:46:38",3203500
6550,-220,2600,"bu","13:46:30",3198500
6550,-220,400,"bu","13:46:30",3195900
6550,-220,100,"bu","13:46:21",3195500
6530,-240,1000,"sd","13:46:19",3195400
6540,-230,500,"sd","13:46:18",3194400
6540,-230,1000,"sd","13:46:16",3193900
6540,-230,8000,"bu","13:46:12",3192900
6540,-230,500,"bu","13:46:02",3184900
6540,-230,100,"bu","13:45:58",3184400
6540,-230,2000,"bu","13:45:57",3184300
6540,-230,1500,"bu","13:45:40",3182300
6540,-230,100,"bu","13:45:33",3180800
6540,-230,2000,"bu","13:45:32",3180700
6540,-230,1000,"bu","13:45:19",3178700
6540,-230,700,"bu","13:45:12",3177700
6540,-230,1200,"bu","13:45:12",3177000
6530,-240,1000,"sd","13:45:08",3175800
6530,-240,3200,"sd","13:44:33",3174800
6540,-230,500,"bu","13:44:31",3171600
6530,-240,4000,"sd","13:44:30",3171100
6540,-230,1000,"bu","13:44:25",3167100
6530,-240,1600,"sd","13:44:17",3166100
6530,-240,400,"sd","13:44:17",3164500
6530,-240,2600,"sd","13:44:09",3164100
6530,-240,200,"bu","13:44:03",3161500
6530,-240,100,"bu","13:44:03",3161300
6530,-240,200,"bu","13:44:02",3161200
6530,-240,2200,"bu","13:44:02",3161000
6510,-260,100,"sd","13:43:37",3158800
6510,-260,100,"sd","13:43:34",3158700
6500,-270,1500,"sd","13:42:54",3158600
6500,-270,300,"sd","13:42:54",3157100
6500,-270,100,"bu","13:42:48",3156800
6490,-280,1400,"sd","13:42:48",3156700
6490,-280,400,"bu","13:42:39",3155300
6490,-280,600,"bu","13:42:27",3154900
6490,-280,1000,"bu","13:42:25",3154300
6490,-280,200,"sd","13:42:23",3153300
6490,-280,400,"sd","13:42:23",3153100
6490,-280,100,"sd","13:42:23",3152700
6500,-270,600,"bu","13:42:22",3152600
6500,-270,6400,"bu","13:42:22",3152000
6500,-270,400,"bu","13:42:15",3145600
6500,-270,200,"bu","13:42:04",3145200
6500,-270,1000,"bu","13:41:55",3145000
6500,-270,2500,"bu","13:41:55",3144000
6500,-270,1000,"bu","13:41:55",3141500
6500,-270,200,"bu","13:41:55",3140500
6500,-270,100,"bu","13:41:55",3140300
6490,-280,200,"bu","13:41:55",3140200
6490,-280,200,"sd","13:41:54",3140000
6490,-280,1000,"sd","13:41:54",3139800
6490,-280,100,"sd","13:41:54",3138800
6490,-280,3500,"sd","13:41:54",3138700
6490,-280,100,"bu","13:41:43",3135200
6490,-280,1000,"bu","13:41:40",3135100
6490,-280,3000,"bu","13:41:32",3134100
6490,-280,900,"bu","13:41:30",3131100
6490,-280,7500,"bu","13:41:20",3130200
6490,-280,500,"bu","13:41:20",3122700
6490,-280,500,"bu","13:41:07",3122200
6490,-280,600,"bu","13:41:07",3121700
6480,-290,200,"sd","13:40:47",3121100
6480,-290,600,"sd","13:40:47",3120900
6490,-280,200,"bu","13:40:47",3120300
6480,-290,200,"sd","13:40:47",3120100
6490,-280,100,"bu","13:40:43",3119900
6490,-280,200,"bu","13:40:26",3119800
6490,-280,1000,"bu","13:40:26",3119600
6490,-280,800,"bu","13:40:26",3118600
6490,-280,200,"bu","13:40:23",3117800
6490,-280,100,"bu","13:40:23",3117600
6490,-280,100,"bu","13:40:20",3117500
6490,-280,400,"bu","13:40:20",3117400
6490,-280,1000,"bu","13:40:12",3117000
6480,-290,400,"bu","13:40:09",3116000
6480,-290,400,"sd","13:40:09",3115600
6480,-290,200,"sd","13:40:09",3115200
6480,-290,100,"sd","13:40:05",3115000
6480,-290,200,"sd","13:39:52",3114900
6480,-290,1000,"sd","13:39:52",3114700
6480,-290,500,"sd","13:39:52",3113700
6480,-290,1000,"sd","13:39:48",3113200
6480,-290,100,"sd","13:39:47",3112200
6480,-290,400,"bu","13:39:34",3112100
6480,-290,4000,"bu","13:39:26",3111700
6480,-290,100,"bu","13:39:22",3107700
6480,-290,800,"bu","13:39:15",3107600
6480,-290,2000,"bu","13:39:08",3106800
6480,-290,3100,"bu","13:39:02",3104800
6480,-290,6200,"bu","13:39:02",3101700
6480,-290,3700,"bu","13:39:02",3095500
6480,-290,200,"bu","13:39:01",3091800
6480,-290,500,"bu","13:38:57",3091600
6480,-290,600,"bu","13:38:42",3091100
6470,-300,500,"bu","13:38:16",3090500
6470,-300,1000,"bu","13:38:16",3090000
6470,-300,3600,"bu","13:38:16",3089000
6470,-300,2500,"bu","13:38:16",3085400
6460,-310,100,"bu","13:37:58",3082900
6460,-310,900,"sd","13:37:54",3082800
6460,-310,100,"bu","13:37:43",3081900
6450,-320,600,"sd","13:37:42",3081800
6450,-320,5000,"sd","13:37:42",3081200
6450,-320,4000,"sd","13:37:42",3076200
6450,-320,100,"sd","13:37:42",3072200
6450,-320,300,"sd","13:37:42",3072100
6460,-310,200,"bu","13:37:27",3071800
6450,-320,100,"sd","13:37:21",3071600
6460,-310,600,"bu","13:37:14",3071500
6460,-310,100,"sd","13:37:13",3070900
6470,-300,1000,"bu","13:36:55",3070800
6470,-300,1000,"bu","13:36:55",3069800
6470,-300,700,"bu","13:36:52",3068800
6470,-300,3700,"bu","13:36:39",3068100
6460,-310,100,"bu","13:36:39",3064400
6460,-310,200,"bu","13:36:39",3064300
6450,-320,1700,"bu","13:36:26",3064100
6450,-320,2100,"bu","13:36:26",3062400
6450,-320,100,"bu","13:36:24",3060300
6450,-320,1400,"bu","13:36:20",3060200
6450,-320,5000,"bu","13:36:12",3058800
6450,-320,400,"bu","13:36:12",3053800
6450,-320,400,"bu","13:36:10",3053400
6450,-320,600,"bu","13:36:01",3053000
6450,-320,4400,"bu","13:36:01",3052400
6450,-320,2000,"bu","13:35:59",3048000
6450,-320,13000,"bu","13:35:50",3046000
6450,-320,100,"bu","13:35:48",3033000
6450,-320,200,"bu","13:35:47",3032900
6450,-320,300,"bu","13:35:42",3032700
6440,-330,200,"sd","13:35:30",3032400
6440,-330,4800,"bu","13:35:18",3032200
6440,-330,5200,"bu","13:35:15",3027400
6440,-330,1300,"bu","13:35:15",3022200
6440,-330,100,"bu","13:35:15",3020900
6430,-340,900,"bu","13:35:15",3020800
6430,-340,100,"bu","13:35:12",3019900
6420,-350,700,"sd","13:34:33",3019800
6440,-330,900,"bu","13:34:33",3019100
6440,-330,200,"bu","13:34:32",3018200
6440,-330,100,"bu","13:34:31",3018000
6430,-340,4100,"sd","13:34:31",3017900
6430,-340,900,"sd","13:34:31",3013800
6440,-330,200,"bu","13:33:32",3012900
6430,-340,700,"sd","13:33:27",3012700
6430,-340,100,"sd","13:33:27",3012000
6430,-340,1900,"sd","13:33:09",3011900
6430,-340,100,"bu","13:33:00",3010000
6430,-340,1000,"sd","13:32:55",3009900
6420,-350,300,"bu","13:32:00",3008900
6420,-350,100,"bu","13:31:52",3008600
6420,-350,100,"sd","13:31:39",3008500
6410,-360,2200,"sd","13:31:05",3008400
6420,-350,1100,"sd","13:31:05",3006200
6420,-350,200,"sd","13:31:05",3005100
6420,-350,500,"sd","13:31:05",3004900
6430,-340,1000,"sd","13:31:05",3004400
6430,-340,1000,"bu","13:30:37",3003400
6430,-340,500,"bu","13:30:33",3002400
6430,-340,1000,"bu","13:30:25",3001900
6430,-340,2500,"sd","13:30:24",3000900
6440,-330,1000,"bu","13:30:19",2998400
6430,-340,200,"sd","13:30:18",2997400
6430,-340,2300,"sd","13:30:18",2997200
6430,-340,500,"sd","13:30:18",2994900
6430,-340,400,"bu","13:30:05",2994400
6430,-340,1100,"bu","13:30:05",2994000
6430,-340,2900,"sd","13:29:46",2992900
6430,-340,300,"sd","13:29:24",2990000
6430,-340,200,"bu","13:29:19",2989700
6430,-340,1300,"bu","13:29:19",2989500
6430,-340,1500,"bu","13:29:19",2988200
6430,-340,200,"bu","13:29:19",2986700
6410,-360,300,"sd","13:29:05",2986500
6410,-360,200,"sd","13:29:05",2986200
6410,-360,200,"bu","13:28:54",2986000
6410,-360,500,"bu","13:28:50",2985800
6410,-360,200,"bu","13:28:48",2985300
6410,-360,1000,"sd","13:28:40",2985100
6410,-360,1000,"sd","13:28:36",2984100
6400,-370,2000,"sd","13:28:31",2983100
6430,-340,5200,"bu","13:28:21",2981100
6430,-340,200,"bu","13:28:21",2975900
6430,-340,1800,"bu","13:28:21",2975700
6430,-340,4100,"bu","13:28:21",2973900
6430,-340,100,"bu","13:28:13",2969800
6400,-370,2900,"sd","13:28:12",2969700
6400,-370,1500,"sd","13:28:10",2966800
6410,-360,500,"sd","13:28:10",2965300
6400,-370,9500,"sd","13:27:52",2964800
6410,-360,500,"sd","13:27:52",2955300
6410,-360,1500,"bu","13:27:50",2954800
6410,-360,100,"bu","13:27:48",2953300
6400,-370,10000,"sd","13:27:46",2953200
6400,-370,500,"sd","13:27:46",2943200
6400,-370,200,"sd","13:27:46",2942700
6400,-370,100,"sd","13:27:46",2942500
6400,-370,8000,"sd","13:27:46",2942400
6400,-370,1000,"sd","13:27:46",2934400
6400,-370,200,"sd","13:27:46",2933400
6410,-360,200,"bu","13:27:41",2933200
6410,-360,1100,"bu","13:27:27",2933000
6410,-360,2000,"sd","13:27:27",2931900
6410,-360,6700,"sd","13:27:27",2929900
6410,-360,400,"sd","13:27:22",2923200
6410,-360,700,"sd","13:27:22",2922800
6410,-360,100,"sd","13:27:22",2922100
6430,-340,100,"bu","13:27:21",2922000
6410,-360,100,"sd","13:27:10",2921900
6410,-360,300,"sd","13:26:58",2921800
6410,-360,100,"sd","13:26:53",2921500
6430,-340,2000,"bu","13:26:51",2921400
6420,-350,1000,"bu","13:26:51",2919400
6410,-360,900,"sd","13:26:44",2918400
6410,-360,1400,"sd","13:26:44",2917500
6420,-350,200,"sd","13:26:44",2916100
6420,-350,100,"sd","13:26:44",2915900
6420,-350,1100,"sd","13:26:44",2915800
6420,-350,100,"sd","13:26:44",2914700
6420,-350,2200,"sd","13:26:44",2914600
6430,-340,900,"bu","13:26:39",2912400
6430,-340,500,"bu","13:26:35",2911500
6420,-350,2000,"sd","13:26:34",2911000
6420,-350,1500,"sd","13:26:34",2909000
6420,-350,2000,"sd","13:26:21",2907500
6430,-340,300,"sd","13:26:20",2905500
6420,-350,1400,"bu","13:25:51",2905200
6420,-350,100,"bu","13:25:43",2903800
6420,-350,100,"bu","13:25:42",2903700
6420,-350,400,"bu","13:25:39",2903600
6420,-350,100,"bu","13:25:39",2903200
6420,-350,300,"bu","13:25:29",2903100
6420,-350,100,"bu","13:25:21",2902800
6420,-350,500,"bu","13:25:14",2902700
6420,-350,100,"bu","13:25:13",2902200
6420,-350,500,"bu","13:25:12",2902100
6420,-350,1400,"bu","13:25:07",2901600
6410,-360,100,"sd","13:25:07",2900200
6420,-350,500,"sd","13:25:06",2900100
6420,-350,100,"bu","13:24:57",2899600
6410,-360,300,"bu","13:24:39",2899500
6410,-360,500,"sd","13:24:32",2899200
6410,-360,200,"sd","13:24:32",2898700
6400,-370,200,"sd","13:24:16",2898500
6400,-370,300,"sd","13:24:15",2898300
6410,-360,100,"unknown","13:24:15",2898000
6460,-310,1100,"unknown","13:24:15",2897900
6460,-310,500,"unknown","13:24:15",2896800
6470,-300,1900,"unknown","13:24:15",2896300
6430,-340,3100,"sd","13:24:14",2894400
6440,-330,400,"sd","13:24:14",2891300
6400,-370,2000,"sd","13:24:14",2890900
6400,-370,2300,"sd","13:24:14",2888900
6480,-290,100,"sd","13:24:14",2886600
6400,-370,1100,"sd","13:24:14",2886500
6400,-370,2300,"sd","13:24:14",2885400
6450,-320,3900,"sd","13:24:14",2883100
6450,-320,100,"sd","13:24:14",2879200
6460,-310,500,"sd","13:24:14",2879100
6460,-310,300,"sd","13:24:14",2878600
6490,-280,800,"bu","13:24:14",2878300
6490,-280,500,"sd","13:24:12",2877500
6490,-280,500,"sd","13:24:08",2877000
6500,-270,300,"bu","13:24:00",2876500
6490,-280,200,"sd","13:23:58",2876200
6490,-280,300,"sd","13:23:58",2876000
6500,-270,2300,"sd","13:23:52",2875700
6500,-270,1000,"sd","13:23:52",2873400
6500,-270,1000,"sd","13:23:52",2872400
6500,-270,4300,"sd","13:23:52",2871400
6510,-260,8300,"sd","13:23:52",2867100
6510,-260,300,"bu","13:23:40",2858800
6510,-260,300,"bu","13:23:40",2858500
6510,-260,100,"bu","13:23:40",2858200
6500,-270,700,"sd","13:23:39",2858100
6500,-270,1300,"sd","13:23:39",2857400
6500,-270,300,"sd","13:23:36",2856100
6510,-260,1000,"bu","13:23:31",2855800
6510,-260,100,"bu","13:23:25",2854800
6510,-260,1000,"sd","13:23:23",2854700
6510,-260,500,"sd","13:23:23",2853700
6510,-260,3600,"sd","13:23:23",2853200
6510,-260,5000,"sd","13:23:16",2849600
6510,-260,200,"sd","13:23:08",2844600
6510,-260,300,"sd","13:23:06",2844400
6520,-250,200,"sd","13:23:06",2844100
6510,-260,100,"sd","13:22:54",2843900
6510,-260,300,"sd","13:22:25",2843800
6520,-250,200,"sd","13:22:25",2843500
6520,-250,4800,"bu","13:22:24",2843300
6520,-250,200,"bu","13:22:17",2838500
6510,-260,500,"bu","13:22:14",2838300
6500,-270,200,"bu","13:22:13",2837800
6500,-270,200,"bu","13:22:13",2837600
6490,-280,100,"bu","13:22:08",2837400
6490,-280,8100,"bu","13:21:57",2837300
6500,-270,9800,"bu","13:21:57",2829200
6500,-270,1800,"bu","13:21:57",2819400
6490,-280,300,"bu","13:21:57",2817600
6490,-280,1000,"bu","13:21:56",2817300
6490,-280,3400,"sd","13:21:45",2816300
6490,-280,1000,"sd","13:21:40",2812900
6490,-280,500,"unknown","13:21:39",2811900
6490,-280,100,"unknown","13:21:39",2811400
6480,-290,400,"bu","13:21:33",2811300
6490,-280,200,"bu","13:21:33",2810900
6480,-290,100,"sd","13:21:29",2810700
6480,-290,500,"sd","13:21:21",2810600
6490,-280,12200,"bu","13:21:14",2810100
6490,-280,800,"bu","13:21:14",2797900
6490,-280,4000,"bu","13:21:00",2797100
6460,-310,5500,"sd","13:21:00",2793100
6460,-310,2600,"sd","13:21:00",2787600
6460,-310,100,"sd","13:21:00",2785000
6460,-310,100,"sd","13:21:00",2784900
6460,-310,1000,"sd","13:21:00",2784800
6460,-310,100,"sd","13:21:00",2783800
6470,-300,1000,"sd","13:21:00",2783700
6480,-290,500,"sd","13:21:00",2782700
6480,-290,100,"sd","13:21:00",2782200
6480,-290,5600,"sd","13:20:53",2782100
6480,-290,1300,"sd","13:20:52",2776500
6480,-290,500,"sd","13:20:52",2775200
6480,-290,800,"sd","13:20:52",2774700
6480,-290,100,"sd","13:20:52",2773900
6480,-290,1000,"sd","13:20:52",2773800
6480,-290,800,"sd","13:20:45",2772800
6480,-290,7200,"bu","13:20:42",2772000
6480,-290,1000,"bu","13:20:36",2764800
6480,-290,100,"sd","13:20:34",2763800
6480,-290,200,"sd","13:20:34",2763700
6480,-290,500,"sd","13:20:34",2763500
6480,-290,900,"sd","13:20:34",2763000
6480,-290,100,"bu","13:20:30",2762100
6480,-290,100,"bu","13:20:28",2762000
6480,-290,100,"bu","13:20:26",2761900
6480,-290,200,"bu","13:20:16",2761800
6480,-290,1500,"bu","13:20:13",2761600
6480,-290,1000,"bu","13:20:11",2760100
6490,-280,200,"bu","13:20:03",2759100
6480,-290,5000,"bu","13:19:38",2758900
6460,-310,700,"bu","13:19:14",2753900
6450,-320,200,"bu","13:19:14",2753200
6450,-320,500,"sd","13:19:14",2753000
6450,-320,1000,"sd","13:19:14",2752500
6450,-320,300,"sd","13:19:14",2751500
6460,-310,300,"bu","13:19:12",2751200
6460,-310,7000,"bu","13:19:06",2750900
6450,-320,200,"bu","13:18:59",2743900
6450,-320,200,"bu","13:18:56",2743700
6450,-320,100,"bu","13:18:54",2743500
6450,-320,200,"bu","13:18:54",2743400
6450,-320,2000,"bu","13:18:53",2743200
6450,-320,300,"bu","13:18:53",2741200
6450,-320,3000,"bu","13:18:48",2740900
6450,-320,2500,"bu","13:18:34",2737900
6450,-320,500,"bu","13:18:34",2735400
6440,-330,3000,"sd","13:18:34",2734900
6440,-330,1500,"bu","13:18:32",2731900
6430,-340,1000,"bu","13:18:18",2730400
6420,-350,1000,"bu","13:18:18",2729400
6420,-350,2500,"bu","13:18:18",2728400
6420,-350,700,"bu","13:18:12",2725900
6420,-350,1200,"bu","13:18:12",2725200
6420,-350,100,"bu","13:18:06",2724000
6420,-350,200,"bu","13:18:01",2723900
6420,-350,1000,"bu","13:17:50",2723700
6410,-360,9000,"bu","13:17:50",2722700
6400,-370,200,"sd","13:17:45",2713700
6400,-370,500,"sd","13:17:45",2713500
6400,-370,100,"sd","13:17:45",2713000
6400,-370,4300,"sd","13:17:45",2712900
6400,-370,800,"sd","13:17:45",2708600
6410,-360,100,"sd","13:17:45",2707800
6420,-350,4300,"bu","13:17:35",2707700
6410,-360,100,"unknown","13:17:35",2703400
6410,-360,9800,"unknown","13:17:35",2703300
6400,-370,1000,"sd","13:17:23",2693500
6410,-360,200,"bu","13:17:22",2692500
6400,-370,2700,"sd","13:17:13",2692300
6400,-370,500,"bu","13:17:13",2689600
6400,-370,1000,"bu","13:17:06",2689100
6400,-370,300,"bu","13:17:04",2688100
6400,-370,200,"bu","13:17:01",2687800
6400,-370,300,"bu","13:16:58",2687600
6400,-370,500,"bu","13:16:54",2687300
6400,-370,200,"bu","13:16:54",2686800
6400,-370,400,"bu","13:16:53",2686600
6400,-370,100,"bu","13:16:52",2686200
6400,-370,500,"bu","13:16:47",2686100
6400,-370,200,"bu","13:16:34",2685600
6390,-380,100,"unknown","13:16:29",2685400
6390,-380,400,"unknown","13:16:29",2685300
6360,-410,400,"sd","13:16:29",2684900
6370,-400,200,"sd","13:16:29",2684500
6370,-400,300,"sd","13:16:29",2684300
6370,-400,100,"sd","13:16:28",2684000
6370,-400,200,"sd","13:16:28",2683900
6380,-390,300,"sd","13:16:28",2683700
6390,-380,100,"sd","13:16:28",2683400
6390,-380,100,"sd","13:16:27",2683300
6400,-370,600,"bu","13:16:25",2683200
6390,-380,100,"bu","13:16:24",2682600
6390,-380,1000,"bu","13:16:20",2682500
6390,-380,900,"bu","13:16:16",2681500
6390,-380,700,"bu","13:16:16",2680600
6390,-380,300,"bu","13:16:16",2679900
6390,-380,100,"bu","13:16:15",2679600
6390,-380,2000,"bu","13:16:12",2679500
6390,-380,100,"bu","13:16:10",2677500
6380,-390,200,"sd","13:16:09",2677400
6390,-380,800,"bu","13:16:08",2677200
6390,-380,1000,"bu","13:16:07",2676400
6390,-380,1000,"bu","13:16:01",2675400
6390,-380,500,"bu","13:16:00",2674400
6390,-380,1000,"bu","13:15:57",2673900
6390,-380,300,"bu","13:15:53",2672900
6390,-380,400,"bu","13:15:39",2672600
6390,-380,200,"bu","13:15:38",2672200
6390,-380,200,"bu","13:15:32",2672000
6390,-380,300,"bu","13:15:30",2671800
6390,-380,100,"bu","13:15:25",2671500
6390,-380,1800,"bu","13:15:23",2671400
6390,-380,300,"bu","13:15:20",2669600
6390,-380,100,"bu","13:15:18",2669300
6390,-380,100,"bu","13:15:12",2669200
6390,-380,100,"bu","13:15:08",2669100
6390,-380,100,"bu","13:15:08",2669000
6320,-450,600,"sd","13:15:04",2668900
6320,-450,100,"sd","13:15:04",2668300
6320,-450,1000,"sd","13:15:04",2668200
6320,-450,1000,"sd","13:15:04",2667200
6320,-450,100,"sd","13:15:04",2666200
6320,-450,1200,"sd","13:15:04",2666100
6320,-450,4000,"sd","13:15:04",2664900
6330,-440,2000,"sd","13:15:04",2660900
6310,-460,200,"sd","13:14:39",2658900
6390,-380,100,"bu","13:14:39",2658700
6310,-460,7100,"sd","13:14:36",2658600
6310,-460,3000,"sd","13:14:36",2651500
6310,-460,5000,"bu","13:14:36",2648500
6310,-460,100,"bu","13:14:36",2643500
6310,-460,400,"bu","13:14:36",2643400
6310,-460,300,"bu","13:14:35",2643000
6310,-460,200,"bu","13:14:35",2642700
6310,-460,600,"bu","13:14:35",2642500
6310,-460,12000,"bu","13:14:34",2641900
6310,-460,200,"bu","13:14:34",2629900
6310,-460,3900,"bu","13:14:33",2629700
6310,-460,2000,"bu","13:14:33",2625800
6310,-460,2800,"bu","13:14:33",2623800
6310,-460,1000,"bu","13:14:33",2621000
6310,-460,10000,"bu","13:14:32",2620000
6310,-460,500,"bu","13:14:31",2610000
6310,-460,2000,"bu","13:14:31",2609500
6310,-460,500,"bu","13:14:31",2607500
6310,-460,100,"bu","13:14:29",2607000
6310,-460,1600,"bu","13:14:29",2606900
6310,-460,5000,"bu","13:14:28",2605300
6310,-460,3600,"bu","13:14:28",2600300
6310,-460,15000,"bu","13:14:26",2596700
6310,-460,3000,"bu","13:14:24",2581700
6310,-460,300,"bu","13:14:24",2578700
6310,-460,1400,"bu","13:14:21",2578400
6310,-460,600,"bu","13:14:12",2577000
6310,-460,1300,"bu","13:14:10",2576400
6310,-460,1000,"bu","13:14:09",2575100
6310,-460,100,"bu","13:14:08",2574100
6310,-460,600,"bu","13:14:05",2574000
6310,-460,5000,"bu","13:14:04",2573400
6300,-470,100,"sd","13:14:02",2568400
6300,-470,500,"sd","13:14:02",2568300
6300,-470,100,"sd","13:14:02",2567800
6300,-470,2000,"sd","13:14:01",2567700
6300,-470,1000,"sd","13:14:01",2565700
6300,-470,1800,"sd","13:14:01",2564700
6300,-470,200,"sd","13:14:01",2562900
6310,-460,300,"bu","13:13:59",2562700
6310,-460,3000,"bu","13:13:51",2562400
6310,-460,1000,"bu","13:13:50",2559400
6310,-460,1000,"bu","13:13:49",2558400
6310,-460,100,"bu","13:13:42",2557400
6310,-460,200,"bu","13:13:39",2557300
6300,-470,3200,"sd","13:13:38",2557100
6300,-470,4000,"sd","13:13:38",2553900
6300,-470,500,"sd","13:13:38",2549900
6300,-470,300,"sd","13:13:38",2549400
6300,-470,300,"sd","13:13:38",2549100
6300,-470,1000,"sd","13:13:38",2548800
6300,-470,100,"sd","13:13:38",2547800
6300,-470,4600,"sd","13:13:38",2547700
6300,-470,500,"bu","13:13:34",2543100
6300,-470,3900,"bu","13:13:34",2542600
6300,-470,1000,"bu","13:13:32",2538700
6300,-470,500,"bu","13:13:32",2537700
6300,-470,900,"bu","13:13:31",2537200
6300,-470,500,"bu","13:13:31",2536300
6300,-470,1600,"bu","13:13:28",2535800
6300,-470,3400,"bu","13:13:28",2534200
6300,-470,10500,"bu","13:13:27",2530800
6300,-470,2000,"bu","13:13:25",2520300
6300,-470,200,"bu","13:13:24",2518300
6300,-470,2000,"bu","13:13:23",2518100
6300,-470,300,"bu","13:13:23",2516100
6300,-470,800,"bu","13:13:23",2515800
6300,-470,8900,"bu","13:13:23",2515000
6300,-470,1000,"bu","13:13:22",2506100
6300,-470,100,"bu","13:13:22",2505100
6300,-470,100,"bu","13:13:22",2505000
6300,-470,500,"bu","13:13:21",2504900
6300,-470,100,"bu","13:13:19",2504400
6300,-470,200,"bu","13:13:18",2504300
6300,-470,3600,"bu","13:13:17",2504100
6300,-470,100,"bu","13:13:17",2500500
6300,-470,6800,"bu","13:13:16",2500400
6300,-470,100,"bu","13:13:16",2493600
6300,-470,100,"bu","13:13:16",2493500
6300,-470,100,"bu","13:13:16",2493400
6300,-470,1700,"bu","13:13:16",2493300
6300,-470,1100,"bu","13:13:16",2491600
6300,-470,900,"bu","13:13:16",2490500
6310,-460,100,"bu","13:13:15",2489600
6300,-470,100,"sd","13:13:14",2489500
6300,-470,300,"sd","13:13:14",2489400
6300,-470,200,"sd","13:13:14",2489100
6300,-470,600,"sd","13:13:14",2488900
6300,-470,4400,"sd","13:13:11",2488300
6300,-470,100,"sd","13:13:11",2483900
6300,-470,3500,"sd","13:13:11",2483800
6300,-470,400,"sd","13:13:11",2480300
6300,-470,1600,"sd","13:13:11",2479900
6300,-470,800,"sd","13:13:08",2478300
6300,-470,200,"sd","13:13:08",2477500
6300,-470,400,"sd","13:13:08",2477300
6300,-470,500,"sd","13:13:08",2476900
6300,-470,100,"sd","13:13:08",2476400
6300,-470,3000,"sd","13:13:08",2476300
6300,-470,8500,"sd","13:13:08",2473300
6300,-470,1500,"sd","13:13:07",2464800
6300,-470,2000,"sd","13:13:07",2463300
6300,-470,500,"sd","13:13:07",2461300
6300,-470,1200,"sd","13:13:06",2460800
6300,-470,300,"sd","13:13:06",2459600
6300,-470,200,"sd","13:13:06",2459300
6300,-470,200,"sd","13:13:06",2459100
6300,-470,400,"sd","13:13:06",2458900
6310,-460,1000,"bu","13:13:06",2458500
6300,-470,1000,"sd","13:13:05",2457500
6300,-470,100,"sd","13:13:05",2456500
6300,-470,2100,"sd","13:13:05",2456400
6300,-470,15500,"sd","13:13:05",2454300
6300,-470,600,"sd","13:13:05",2438800
6300,-470,100,"sd","13:13:05",2438200
6300,-470,200,"sd","13:13:04",2438100
6300,-470,400,"sd","13:13:04",2437900
6300,-470,1000,"sd","13:13:02",2437500
6300,-470,4000,"sd","13:13:00",2436500
6310,-460,1400,"bu","13:12:59",2432500
6310,-460,100,"bu","13:12:59",2431100
6310,-460,1300,"bu","13:12:59",2431000
6300,-470,9500,"sd","13:12:54",2429700
6300,-470,2000,"sd","13:12:54",2420200
6300,-470,100,"sd","13:12:54",2418200
6300,-470,500,"sd","13:12:54",2418100
6300,-470,2000,"sd","13:12:54",2417600
6300,-470,900,"sd","13:12:54",2415600
6300,-470,9100,"sd","13:12:53",2414700
6300,-470,100,"sd","13:12:53",2405600
6300,-470,800,"sd","13:12:53",2405500
6310,-460,100,"bu","13:12:52",2404700
6300,-470,1200,"sd","13:12:52",2404600
6300,-470,100,"sd","13:12:52",2403400
6300,-470,700,"sd","13:12:52",2403300
6300,-470,1000,"sd","13:12:51",2402600
6300,-470,8300,"sd","13:12:50",2401600
6300,-470,2100,"sd","13:12:50",2393300
6300,-470,1000,"sd","13:12:49",2391200
6300,-470,400,"sd","13:12:48",2390200
6310,-460,800,"bu","13:12:45",2389800
6310,-460,200,"bu","13:12:45",2389000
6310,-460,200,"bu","13:12:44",2388800
6300,-470,8100,"sd","13:12:44",2388600
6300,-470,100,"sd","13:12:44",2380500
6300,-470,200,"sd","13:12:43",2380400
6300,-470,1000,"sd","13:12:43",2380200
6300,-470,300,"sd","13:12:43",2379200
6310,-460,600,"bu","13:12:41",2378900
6300,-470,1000,"sd","13:12:39",2378300
6300,-470,1700,"sd","13:12:37",2377300
6300,-470,1000,"sd","13:12:37",2375600
6300,-470,100,"sd","13:12:37",2374600
6300,-470,100,"sd","13:12:37",2374500
6300,-470,2000,"sd","13:12:37",2374400
6300,-470,200,"sd","13:12:37",2372400
6300,-470,1900,"sd","13:12:37",2372200
6300,-470,1000,"sd","13:12:35",2370300
6310,-460,200,"bu","13:12:34",2369300
6300,-470,1000,"sd","13:12:33",2369100
6300,-470,100,"sd","13:12:33",2368100
6300,-470,5200,"bu","13:12:33",2368000
6300,-470,400,"bu","13:12:32",2362800
6300,-470,1000,"bu","13:12:32",2362400
6300,-470,3300,"bu","13:12:32",2361400
6300,-470,100,"bu","13:12:32",2358100
6300,-470,3600,"bu","13:12:31",2358000
6300,-470,1000,"bu","13:12:29",2354400
6300,-470,200,"bu","13:12:28",2353400
6300,-470,2000,"bu","13:12:28",2353200
6300,-470,6300,"bu","13:12:28",2351200
6300,-470,36800,"bu","13:12:28",2344900
6300,-470,1200,"bu","13:12:28",2308100
6300,-470,100,"bu","13:12:27",2306900
6300,-470,7000,"bu","13:12:27",2306800
6300,-470,200,"bu","13:12:26",2299800
6300,-470,500,"bu","13:12:25",2299600
6300,-470,5000,"bu","13:12:25",2299100
6300,-470,1000,"bu","13:12:24",2294100
6300,-470,500,"bu","13:12:24",2293100
6300,-470,300,"bu","13:12:24",2292600
6300,-470,500,"bu","13:12:24",2292300
6300,-470,600,"bu","13:12:22",2291800
6300,-470,30000,"sd","13:12:22",2291200
6300,-470,200,"sd","13:12:22",2261200
6300,-470,100,"sd","13:12:22",2261000
6300,-470,300,"sd","13:12:22",2260900
6300,-470,700,"sd","13:12:22",2260600
6300,-470,10000,"sd","13:12:22",2259900
6300,-470,1500,"sd","13:12:22",2249900
6300,-470,500,"sd","13:12:22",2248400
6300,-470,1000,"sd","13:12:22",2247900
6300,-470,3000,"sd","13:12:22",2246900
6300,-470,100,"sd","13:12:22",2243900
6300,-470,1000,"sd","13:12:22",2243800
6300,-470,4000,"sd","13:12:22",2242800
6300,-470,1300,"sd","13:12:22",2238800
6300,-470,4000,"sd","13:12:22",2237500
6300,-470,300,"sd","13:12:22",2233500
6300,-470,1000,"sd","13:12:21",2233200
6300,-470,1000,"sd","13:12:21",2232200
6300,-470,200,"sd","13:12:21",2231200
6300,-470,500,"sd","13:12:21",2231000
6300,-470,300,"sd","13:12:21",2230500
6300,-470,4000,"sd","13:12:21",2230200
6300,-470,400,"sd","13:12:21",2226200
6300,-470,2800,"sd","13:12:21",2225800
6300,-470,5000,"sd","13:12:21",2223000
6300,-470,300,"sd","13:12:21",2218000
6300,-470,500,"sd","13:12:21",2217700
6300,-470,5000,"sd","13:12:21",2217200
6300,-470,400,"sd","13:12:21",2212200
6300,-470,7000,"sd","13:12:21",2211800
6300,-470,100,"sd","13:12:21",2204800
6300,-470,6100,"sd","13:12:21",2204700
6300,-470,100,"sd","13:12:21",2198600
6300,-470,300,"sd","13:12:21",2198500
6300,-470,100,"sd","13:12:21",2198200
6300,-470,10000,"sd","13:12:21",2198100
6300,-470,300,"sd","13:12:21",2188100
6300,-470,1000,"sd","13:12:21",2187800
6300,-470,3600,"sd","13:12:21",2186800
6300,-470,100,"sd","13:12:21",2183200
6300,-470,100,"sd","13:12:21",2183100
6300,-470,2300,"sd","13:12:21",2183000
6300,-470,200,"sd","13:12:21",2180700
6300,-470,100,"sd","13:12:21",2180500
6300,-470,1200,"sd","13:12:21",2180400
6300,-470,3000,"sd","13:12:21",2179200
6300,-470,1100,"sd","13:12:21",2176200
6300,-470,100,"sd","13:12:21",2175100
6300,-470,800,"sd","13:12:21",2175000
6300,-470,300,"sd","13:12:21",2174200
6300,-470,6300,"sd","13:12:21",2173900
6300,-470,4600,"sd","13:12:21",2167600
6310,-460,4700,"bu","13:12:19",2163000
6300,-470,4700,"sd","13:12:18",2158300
6300,-470,5300,"sd","13:12:18",2153600
6310,-460,2000,"bu","13:12:17",2148300
6310,-460,10000,"bu","13:12:15",2146300
6310,-460,200,"bu","13:12:12",2136300
6310,-460,3000,"bu","13:12:11",2136100
6310,-460,1000,"bu","13:12:11",2133100
6300,-470,600,"sd","13:12:11",2132100
6300,-470,300,"sd","13:12:11",2131500
6300,-470,1400,"sd","13:12:11",2131200
6300,-470,3500,"sd","13:12:11",2129800
6300,-470,1900,"sd","13:12:11",2126300
6300,-470,1000,"sd","13:12:11",2124400
6300,-470,2500,"sd","13:12:11",2123400
6300,-470,2700,"sd","13:12:11",2120900
6300,-470,400,"sd","13:12:11",2118200
6300,-470,1400,"sd","13:12:11",2117800
6310,-460,1500,"sd","13:12:11",2116400
6300,-470,1200,"sd","13:12:11",2114900
6300,-470,2000,"sd","13:12:11",2113700
6300,-470,1100,"sd","13:12:11",2111700
6300,-470,1000,"sd","13:12:11",2110600
6300,-470,1700,"sd","13:12:11",2109600
6300,-470,1000,"sd","13:12:11",2107900
6310,-460,2700,"sd","13:12:11",2106900
6310,-460,7200,"sd","13:12:11",2104200
6310,-460,4000,"sd","13:12:11",2097000
6310,-460,7900,"sd","13:12:10",2093000
6310,-460,9200,"bu","13:12:09",2085100
6310,-460,200,"bu","13:12:09",2075900
6310,-460,5000,"bu","13:12:09",2075700
6310,-460,500,"bu","13:12:09",2070700
6310,-460,13900,"bu","13:12:08",2070200
6300,-470,200,"sd","13:12:07",2056300
6300,-470,100,"sd","13:12:07",2056100
6300,-470,5000,"sd","13:12:07",2056000
6300,-470,2300,"sd","13:12:07",2051000
6300,-470,200,"sd","13:12:07",2048700
6300,-470,3000,"sd","13:12:07",2048500
6300,-470,500,"sd","13:12:07",2045500
6300,-470,100,"sd","13:12:07",2045000
6300,-470,300,"sd","13:12:07",2044900
6300,-470,100,"sd","13:12:07",2044600
6300,-470,5000,"sd","13:12:07",2044500
6300,-470,5000,"sd","13:12:07",2039500
6300,-470,1000,"sd","13:12:07",2034500
6300,-470,100,"sd","13:12:07",2033500
6300,-470,2000,"sd","13:12:07",2033400
6300,-470,6000,"sd","13:12:07",2031400
6300,-470,2000,"sd","13:12:07",2025400
6300,-470,2000,"sd","13:12:07",2023400
6300,-470,1000,"sd","13:12:07",2021400
6300,-470,2000,"sd","13:12:07",2020400
6300,-470,100,"sd","13:12:07",2018400
6300,-470,1000,"sd","13:12:07",2018300
6300,-470,1000,"sd","13:12:06",2017300
6300,-470,2000,"sd","13:12:06",2016300
6300,-470,100,"sd","13:12:06",2014300
6300,-470,500,"sd","13:12:06",2014200
6300,-470,1100,"sd","13:12:06",2013700
6300,-470,900,"sd","13:12:06",2012600
6300,-470,3600,"sd","13:12:06",2011700
6300,-470,400,"sd","13:12:06",2008100
6300,-470,200,"sd","13:12:06",2007700
6300,-470,1000,"sd","13:12:06",2007500
6300,-470,1000,"sd","13:12:06",2006500
6300,-470,400,"sd","13:12:06",2005500
6300,-470,1300,"sd","13:12:06",2005100
6300,-470,4400,"sd","13:12:06",2003800
6300,-470,200,"sd","13:12:06",1999400
6300,-470,3500,"sd","13:12:06",1999200
6300,-470,500,"sd","13:12:06",1995700
6310,-460,2300,"bu","13:12:06",1995200
6300,-470,500,"sd","13:12:00",1992900
6310,-460,200,"bu","13:11:58",1992400
6310,-460,2000,"bu","13:11:58",1992200
6310,-460,100,"bu","13:11:58",1990200
6310,-460,1000,"bu","13:11:57",1990100
6310,-460,1000,"bu","13:11:56",1989100
6310,-460,200,"bu","13:11:56",1988100
6310,-460,100,"bu","13:11:54",1987900
6300,-470,6000,"sd","13:11:52",1987800
6300,-470,300,"sd","13:11:52",1981800
6300,-470,3700,"sd","13:11:52",1981500
6310,-460,4800,"bu","13:11:52",1977800
6300,-470,16300,"sd","13:11:50",1973000
6300,-470,200,"sd","13:11:50",1956700
6300,-470,1000,"sd","13:11:50",1956500
6300,-470,200,"sd","13:11:50",1955500
6300,-470,7800,"sd","13:11:50",1955300
6300,-470,100,"sd","13:11:50",1947500
6300,-470,1000,"sd","13:11:50",1947400
6300,-470,500,"sd","13:11:50",1946400
6300,-470,200,"sd","13:11:50",1945900
6300,-470,3700,"sd","13:11:50",1945700
6310,-460,200,"bu","13:11:50",1942000
6300,-470,1300,"sd","13:11:49",1941800
6300,-470,2000,"sd","13:11:49",1940500
6300,-470,1200,"sd","13:11:49",1938500
6300,-470,200,"sd","13:11:49",1937300
6310,-460,900,"bu","13:11:49",1937100
6300,-470,4800,"sd","13:11:48",1936200
6300,-470,4200,"sd","13:11:48",1931400
6300,-470,3000,"sd","13:11:48",1927200
6300,-470,5000,"sd","13:11:48",1924200
6300,-470,200,"sd","13:11:48",1919200
6300,-470,2000,"sd","13:11:48",1919000
6300,-470,800,"sd","13:11:48",1917000
6310,-460,300,"bu","13:11:45",1916200
6310,-460,2000,"bu","13:11:44",1915900
6310,-460,500,"bu","13:11:44",1913900
6310,-460,1000,"bu","13:11:44",1913400
6310,-460,1000,"bu","13:11:43",1912400
6310,-460,10000,"bu","13:11:43",1911400
6310,-460,400,"bu","13:11:42",1901400
6310,-460,200,"bu","13:11:42",1901000
6310,-460,100,"bu","13:11:41",1900800
6310,-460,100,"bu","13:11:41",1900700
6310,-460,2000,"bu","13:11:41",1900600
6310,-460,2000,"bu","13:11:41",1898600
6310,-460,100,"bu","13:11:38",1896600
6310,-460,100,"sd","13:11:37",1896500
6310,-460,100,"sd","13:11:37",1896400
6310,-460,100,"sd","13:11:37",1896300
6310,-460,300,"sd","13:11:37",1896200
6310,-460,100,"sd","13:11:37",1895900
6310,-460,2400,"sd","13:11:37",1895800
6310,-460,600,"sd","13:11:34",1893400
6310,-460,10000,"sd","13:11:33",1892800
6310,-460,400,"bu","13:11:31",1882800
6310,-460,11600,"bu","13:11:31",1882400
6310,-460,100,"bu","13:11:29",1870800
6300,-470,5000,"sd","13:11:29",1870700
6310,-460,200,"bu","13:11:29",1865700
6310,-460,6500,"bu","13:11:29",1865500
6310,-460,200,"bu","13:11:28",1859000
6300,-470,2200,"sd","13:11:24",1858800
6300,-470,500,"sd","13:11:24",1856600
6300,-470,1000,"sd","13:11:24",1856100
6300,-470,200,"sd","13:11:24",1855100
6300,-470,100,"sd","13:11:24",1854900
6300,-470,7000,"sd","13:11:22",1854800
6310,-460,5000,"bu","13:11:21",1847800
6310,-460,4300,"bu","13:11:20",1842800
6310,-460,700,"bu","13:11:20",1838500
6300,-470,300,"sd","13:11:18",1837800
6300,-470,2600,"sd","13:11:17",1837500
6300,-470,200,"sd","13:11:17",1834900
6310,-460,300,"bu","13:11:17",1834700
6300,-470,200,"sd","13:11:14",1834400
6310,-460,500,"sd","13:11:13",1834200
6300,-470,21500,"sd","13:11:09",1833700
6310,-460,1900,"sd","13:11:09",1812200
6310,-460,5000,"sd","13:11:09",1810300
6310,-460,1000,"sd","13:11:09",1805300
6310,-460,200,"sd","13:11:09",1804300
6310,-460,10000,"sd","13:11:09",1804100
6310,-460,1000,"sd","13:11:09",1794100
6310,-460,5000,"sd","13:11:09",1793100
6310,-460,200,"sd","13:11:09",1788100
6310,-460,10000,"sd","13:11:09",1787900
6310,-460,20000,"sd","13:11:09",1777900
6310,-460,2000,"sd","13:11:09",1757900
6310,-460,100,"sd","13:11:09",1755900
6310,-460,8000,"sd","13:11:09",1755800
6310,-460,2000,"sd","13:11:09",1747800
6310,-460,9500,"sd","13:11:09",1745800
6350,-420,1000,"sd","13:11:09",1736300
6300,-470,600,"sd","13:11:09",1735300
6300,-470,500,"sd","13:11:09",1734700
6300,-470,500,"sd","13:11:09",1734200
6310,-460,500,"sd","13:11:03",1733700
6320,-450,500,"sd","13:11:03",1733200
6300,-470,1900,"sd","13:10:51",1732700
6360,-410,100,"sd","13:10:51",1730800
6300,-470,5300,"sd","13:10:43",1730700
6310,-460,2000,"sd","13:10:43",1725400
6350,-420,2000,"sd","13:10:43",1723400
6370,-400,1000,"sd","13:10:43",1721400
6380,-390,300,"sd","13:10:43",1720400
6390,-380,100,"sd","13:10:43",1720100
6400,-370,1300,"sd","13:10:43",1720000
6410,-360,5000,"sd","13:10:41",1718700
6410,-360,100,"sd","13:10:41",1713700
6410,-360,4900,"sd","13:10:29",1713600
6420,-350,100,"sd","13:10:29",1708700
6360,-410,400,"bu","13:10:25",1708600
6300,-470,900,"sd","13:10:22",1708200
6350,-420,2100,"unknown","13:10:22",1707300
6350,-420,100,"unknown","13:10:22",1705200
6360,-410,1000,"unknown","13:10:22",1705100
6380,-390,100,"unknown","13:10:22",1704100
6400,-370,1000,"unknown","13:10:22",1704000
6400,-370,1000,"unknown","13:10:22",1703000
6300,-470,40400,"sd","13:10:22",1702000
6300,-470,1100,"sd","13:10:22",1661600
6300,-470,300,"sd","13:10:22",1660500
6400,-370,1000,"unknown","13:10:22",1660200
6400,-370,3800,"sd","13:10:22",1659200
6400,-370,1000,"sd","13:10:22",1655400
6310,-460,400,"sd","13:10:22",1654400
6400,-370,2000,"sd","13:10:22",1654000
6310,-460,500,"sd","13:10:22",1652000
6400,-370,11500,"sd","13:10:22",1651500
6310,-460,200,"sd","13:10:22",1640000
6400,-370,3000,"sd","13:10:22",1639800
6310,-460,1000,"sd","13:10:22",1636800
6400,-370,2000,"sd","13:10:22",1635800
6310,-460,500,"sd","13:10:22",1633800
6400,-370,100,"sd","13:10:22",1633300
6330,-440,100,"sd","13:10:21",1633200
6400,-370,100,"sd","13:10:21",1633100
6400,-370,800,"sd","13:10:21",1633000
6400,-370,200,"sd","13:10:21",1632200
6410,-360,7200,"sd","13:10:21",1632000
6400,-370,100,"sd","13:10:21",1624800
6330,-440,4000,"sd","13:10:21",1624700
6340,-430,2300,"sd","13:10:21",1620700
6350,-420,1000,"sd","13:10:21",1618400
6400,-370,100,"sd","13:10:21",1617400
6350,-420,5000,"sd","13:10:21",1617300
6400,-370,1000,"sd","13:10:21",1612300
6350,-420,22000,"sd","13:10:21",1611300
6400,-370,2000,"sd","13:10:21",1589300
6410,-360,1500,"sd","13:10:20",1587300
6410,-360,4300,"sd","13:10:14",1585800
6410,-360,100,"sd","13:10:14",1581500
6420,-350,600,"sd","13:10:14",1581400
6450,-320,100,"bu","13:10:10",1580800
6460,-310,500,"bu","13:10:03",1580700
6460,-310,2700,"bu","13:10:03",1580200
6460,-310,1200,"bu","13:10:03",1577500
6420,-350,400,"sd","13:10:03",1576300
6430,-340,400,"sd","13:10:03",1575900
6430,-340,600,"sd","13:10:02",1575500
6430,-340,300,"sd","13:10:02",1574900
6450,-320,1000,"sd","13:10:02",1574600
6450,-320,100,"sd","13:10:02",1573600
6450,-320,100,"sd","13:10:02",1573500
6450,-320,100,"sd","13:10:02",1573400
6450,-320,200,"sd","13:10:02",1573300
6450,-320,100,"sd","13:10:02",1573100
6450,-320,500,"sd","13:10:02",1573000
6450,-320,100,"sd","13:10:02",1572500
6450,-320,100,"sd","13:10:02",1572400
6450,-320,5000,"sd","13:10:02",1572300
6450,-320,2000,"sd","13:10:02",1567300
6450,-320,400,"sd","13:10:02",1565300
6450,-320,100,"sd","13:10:02",1564900
6450,-320,2300,"sd","13:10:02",1564800
6450,-320,12000,"sd","13:10:00",1562500
6460,-310,200,"bu","13:09:59",1550500
6450,-320,200,"sd","13:09:59",1549600
6450,-320,700,"sd","13:09:59",1550300
6460,-310,2000,"bu","13:09:53",1549400
6460,-310,1400,"bu","13:09:53",1547400
6460,-310,200,"sd","13:09:53",1546000
6470,-300,100,"bu","13:09:48",1545800
6470,-300,6100,"bu","13:09:44",1545700
6470,-300,500,"bu","13:09:42",1539600
6460,-310,1100,"sd","13:09:41",1539100
6460,-310,1000,"sd","13:09:41",1538000
6460,-310,200,"sd","13:09:41",1537000
6460,-310,700,"sd","13:09:41",1536800
6470,-300,100,"bu","13:09:38",1536100
6470,-300,100,"bu","13:09:38",1536000
6470,-300,1000,"bu","13:09:36",1535900
6470,-300,100,"sd","13:09:30",1534900
6470,-300,100,"sd","13:09:30",1534800
6470,-300,100,"sd","13:09:26",1534700
6490,-280,200,"bu","13:09:24",1534600
6490,-280,500,"bu","13:09:23",1534400
6480,-290,500,"bu","13:09:23",1533900
6480,-290,1000,"bu","13:09:12",1533400
6490,-280,200,"bu","13:09:02",1532400
6460,-310,300,"sd","13:09:02",1532200
6470,-300,500,"sd","13:09:02",1531900
6480,-290,100,"sd","13:09:02",1531400
6480,-290,1000,"sd","13:09:02",1531300
6480,-290,1000,"sd","13:09:01",1530300
6480,-290,100,"sd","13:09:01",1529300
6480,-290,1000,"sd","13:09:01",1529200
6490,-280,1000,"sd","13:08:56",1528200
6490,-280,100,"sd","13:08:55",1527200
6500,-270,100,"bu","13:08:55",1527100
6500,-270,100,"bu","13:08:52",1527000
6500,-270,300,"sd","13:08:48",1526900
6500,-270,5000,"sd","13:08:48",1526600
6500,-270,100,"sd","13:08:48",1521600
6500,-270,10000,"sd","13:08:48",1521500
6500,-270,300,"sd","13:08:48",1511500
6500,-270,1000,"sd","13:08:48",1511200
6500,-270,6700,"sd","13:08:48",1510200
6500,-270,600,"sd","13:08:48",1503500
6500,-270,500,"sd","13:08:48",1502900
6510,-260,1000,"bu","13:08:48",1502400
6500,-270,100,"sd","13:08:48",1501400
6500,-270,300,"sd","13:08:48",1501300
6500,-270,400,"sd","13:08:48",1501000
6500,-270,100,"sd","13:08:48",1500600
6500,-270,200,"sd","13:08:48",1500500
6500,-270,200,"sd","13:08:48",1500300
6500,-270,500,"sd","13:08:48",1500100
6500,-270,200,"sd","13:08:48",1499600
6500,-270,5000,"sd","13:08:47",1499400
6500,-270,3000,"sd","13:08:47",1494400
6500,-270,300,"sd","13:08:47",1491400
6500,-270,4300,"sd","13:08:47",1491100
6500,-270,1000,"sd","13:08:47",1486800
6500,-270,300,"sd","13:08:47",1485800
6500,-270,500,"sd","13:08:47",1485500
6500,-270,200,"sd","13:08:47",1485000
6500,-270,1200,"sd","13:08:47",1484800
6500,-270,1000,"sd","13:08:47",1483600
6500,-270,100,"sd","13:08:47",1482600
6500,-270,1000,"sd","13:08:45",1482500
6500,-270,500,"sd","13:08:41",1481500
6500,-270,100,"sd","13:08:41",1481000
6500,-270,2000,"sd","13:08:41",1480900
6500,-270,2600,"sd","13:08:41",1478900
6500,-270,14800,"sd","13:08:41",1476300
6510,-260,3000,"bu","13:08:38",1461500
6510,-260,1000,"bu","13:08:33",1458500
6500,-270,300,"sd","13:08:29",1457500
6500,-270,7100,"sd","13:08:22",1457200
6500,-270,500,"sd","13:08:22",1450100
6500,-270,2400,"sd","13:08:22",1449600
6510,-260,100,"bu","13:08:20",1447200
6510,-260,100,"bu","13:08:18",1447100
6510,-260,800,"bu","13:08:09",1447000
6500,-270,2400,"sd","13:08:02",1446200
6500,-270,200,"sd","13:07:59",1443800
6500,-270,100,"sd","13:07:59",1443600
6500,-270,2700,"sd","13:07:59",1443500
6510,-260,1000,"bu","13:07:58",1440800
6510,-260,500,"bu","13:07:55",1439800
6510,-260,3300,"sd","13:07:54",1439300
6510,-260,500,"bu","13:07:51",1436000
6510,-260,200,"bu","13:07:51",1435500
6520,-250,300,"sd","13:07:49",1435300
6510,-260,1000,"sd","13:07:49",1435000
6500,-270,7300,"sd","13:07:45",1434000
6500,-270,900,"sd","13:07:45",1426700
6500,-270,200,"sd","13:07:45",1425800
6500,-270,7000,"sd","13:07:45",1425600
6500,-270,100,"sd","13:07:45",1418600
6500,-270,1000,"sd","13:07:45",1418500
6500,-270,100,"sd","13:07:45",1417500
6500,-270,100,"sd","13:07:45",1417400
6500,-270,1000,"sd","13:07:45",1417300
6500,-270,1000,"sd","13:07:45",1416300
6500,-270,1000,"sd","13:07:45",1415300
6500,-270,100,"sd","13:07:45",1414300
6510,-260,200,"sd","13:07:45",1414200
6530,-240,34300,"bu","13:07:42",1414000
6520,-250,400,"bu","13:07:42",1379700
6520,-250,5000,"bu","13:07:42",1379300
6520,-250,300,"bu","13:07:42",1374300
6520,-250,1200,"bu","13:07:38",1374000
6510,-260,1800,"sd","13:07:37",1372800
6510,-260,2000,"sd","13:07:37",1371000
6510,-260,100,"sd","13:07:37",1369000
6510,-260,1600,"sd","13:07:37",1368900
6510,-260,300,"sd","13:07:37",1367300
6510,-260,2000,"sd","13:07:37",1367000
6510,-260,8000,"sd","13:07:37",1365000
6510,-260,200,"sd","13:07:37",1357000
6510,-260,2000,"sd","13:07:37",1356800
6520,-250,100,"bu","13:07:33",1354800
6520,-250,200,"sd","13:07:26",1354700
6520,-250,100,"sd","13:07:26",1354500
6520,-250,100,"sd","13:07:26",1354400
6530,-240,100,"bu","13:07:21",1354300
6530,-240,100,"bu","13:07:09",1354200
6530,-240,100,"bu","13:07:08",1354100
6530,-240,1000,"sd","13:07:03",1354000
6530,-240,300,"sd","13:07:03",1353000
6530,-240,4300,"sd","13:07:03",1352700
6530,-240,100,"sd","13:07:03",1348400
6530,-240,1000,"sd","13:07:03",1348300
6530,-240,10000,"sd","13:07:03",1347300
6530,-240,100,"sd","13:07:03",1337300
6530,-240,900,"sd","13:07:03",1337200
6530,-240,1100,"sd","13:06:57",1336300
6530,-240,2000,"sd","13:06:56",1335200
6530,-240,1900,"sd","13:06:56",1333200
6530,-240,3100,"sd","13:06:56",1331300
6540,-230,100,"sd","13:06:55",1328200
6540,-230,100,"sd","13:06:55",1328100
6540,-230,100,"sd","13:06:55",1328000
6540,-230,200,"sd","13:06:55",1327900
6540,-230,3300,"sd","13:06:55",1327700
6540,-230,100,"sd","13:06:54",1324400
6550,-220,2000,"bu","13:06:44",1324300
6540,-230,1600,"sd","13:06:37",1322300
6540,-230,100,"sd","13:06:37",1320700
6540,-230,200,"sd","13:06:37",1320600
6540,-230,600,"sd","13:06:37",1320400
6550,-220,100,"bu","13:06:31",1319800
6550,-220,900,"bu","13:06:31",1319700
6550,-220,100,"bu","13:06:29",1318800
6550,-220,100,"bu","13:06:20",1318700
6550,-220,1000,"bu","13:06:20",1318600
6550,-220,1000,"bu","13:06:20",1317600
6550,-220,1900,"bu","13:06:20",1316600
6550,-220,100,"sd","13:06:19",1314700
6550,-220,100,"sd","13:06:19",1314600
6550,-220,200,"sd","13:06:19",1314500
6550,-220,100,"sd","13:06:19",1314300
6560,-210,800,"bu","13:06:05",1314200
6550,-220,400,"bu","13:05:51",1313400
6540,-230,400,"sd","13:05:47",1313000
6550,-220,100,"bu","13:05:40",1312600
6550,-220,1000,"sd","13:05:35",1312500
6550,-220,200,"sd","13:05:35",1311500
6550,-220,1300,"sd","13:05:35",1311300
6550,-220,2000,"sd","13:05:35",1310000
6550,-220,100,"sd","13:05:25",1308000
6550,-220,900,"sd","13:05:25",1307900
6560,-210,200,"bu","13:05:20",1307000
6550,-220,1100,"sd","13:04:54",1306800
6550,-220,1000,"sd","13:04:54",1305700
6550,-220,100,"sd","13:04:54",1304700
6560,-210,1800,"sd","13:04:47",1304600
6560,-210,200,"sd","13:04:47",1302800
6560,-210,2800,"sd","13:04:47",1302600
6560,-210,10000,"sd","13:04:40",1299800
6560,-210,2000,"sd","13:04:34",1289800
6570,-200,2000,"bu","13:04:33",1287800
6560,-210,200,"sd","13:04:15",1285800
6570,-200,100,"bu","13:04:09",1285600
6570,-200,200,"bu","13:03:54",1285500
6570,-200,1100,"bu","13:03:48",1285300
6570,-200,200,"sd","13:03:35",1284200
6570,-200,600,"bu","13:03:31",1284000
6550,-220,3100,"bu","13:03:31",1283400
6540,-230,500,"sd","13:03:28",1280300
6540,-230,300,"sd","13:03:28",1279800
6540,-230,600,"sd","13:03:22",1279500
6550,-220,2000,"sd","13:03:22",1278900
6550,-220,400,"sd","13:03:22",1276900
6570,-200,200,"bu","13:03:17",1276500
6550,-220,9400,"bu","13:03:16",1276300
6550,-220,200,"bu","13:03:16",1266900
6540,-230,100,"sd","13:03:15",1266700
6540,-230,100,"sd","13:03:15",1266600
6540,-230,100,"sd","13:03:15",1266500
6540,-230,100,"sd","13:03:15",1266400
6540,-230,100,"sd","13:03:15",1266300
6540,-230,900,"sd","13:03:13",1266200
6550,-220,500,"bu","13:03:08",1265300
6550,-220,1000,"bu","13:03:03",1264800
6550,-220,1000,"sd","13:02:51",1263800
6550,-220,500,"sd","13:02:51",1262800
6550,-220,100,"sd","13:02:51",1262300
6550,-220,1000,"sd","13:02:51",1262200
6550,-220,2000,"sd","13:02:51",1261200
6550,-220,2100,"sd","13:02:51",1259200
6550,-220,100,"sd","13:02:51",1257100
6550,-220,5000,"sd","13:02:51",1257000
6550,-220,100,"sd","13:02:51",1252000
6550,-220,3200,"sd","13:02:51",1251900
6550,-220,2000,"sd","13:02:51",1248700
6550,-220,200,"sd","13:02:51",1246700
6560,-210,100,"sd","13:02:51",1246500
6560,-210,500,"sd","13:02:51",1246400
6560,-210,200,"sd","13:02:51",1245900
6560,-210,100,"sd","13:02:51",1245700
6560,-210,2000,"sd","13:02:51",1245600
6560,-210,300,"sd","13:02:51",1243600
6560,-210,100,"sd","13:02:51",1243300
6560,-210,500,"sd","13:02:51",1243200
6560,-210,100,"sd","13:02:51",1242700
6560,-210,100,"sd","13:02:51",1242600
6560,-210,200,"sd","13:02:51",1242500
6560,-210,1800,"sd","13:02:51",1242300
6570,-200,200,"bu","13:02:43",1240500
6570,-200,1500,"bu","13:02:40",1240300
6570,-200,500,"bu","13:02:36",1238800
6570,-200,200,"bu","13:02:31",1238300
6570,-200,700,"bu","13:02:17",1238100
6570,-200,2000,"bu","13:02:15",1237400
6570,-200,100,"bu","13:02:14",1235400
6570,-200,300,"sd","13:02:07",1235300
6570,-200,3700,"sd","13:02:07",1235000
6570,-200,2100,"sd","13:02:03",1231300
6570,-200,900,"sd","13:02:03",1229200
6570,-200,6000,"sd","13:02:02",1228300
6570,-200,2000,"sd","13:02:02",1222300
6570,-200,100,"sd","13:02:02",1220300
6570,-200,100,"sd","13:02:02",1220200
6570,-200,100,"sd","13:02:02",1220100
6570,-200,500,"sd","13:02:02",1220000
6570,-200,2000,"sd","13:02:02",1219500
6570,-200,900,"sd","13:02:02",1217500
6580,-190,300,"sd","13:02:02",1216600
6600,-170,300,"bu","13:01:59",1216300
6600,-170,300,"sd","13:01:57",1216000
6630,-140,100,"bu","13:01:44",1215700
6600,-170,100,"sd","13:01:40",1215600
6620,-150,3000,"sd","13:01:40",1215500
6620,-150,100,"sd","13:01:40",1212500
6620,-150,1000,"sd","13:01:32",1212400
6620,-150,400,"sd","13:01:27",1211400
6660,-110,300,"bu","13:01:23",1211000
6660,-110,500,"bu","13:01:20",1210700
6620,-150,400,"sd","13:01:20",1210200
6580,-190,3000,"sd","13:01:16",1209800
6580,-190,200,"sd","13:01:14",1206800
6580,-190,300,"sd","13:01:10",1206600
6620,-150,1000,"sd","13:01:08",1206300
6580,-190,100,"sd","13:01:07",1205300
6590,-180,500,"sd","13:01:02",1205200
6650,-120,1900,"bu","13:01:02",1204700
6590,-180,100,"sd","13:00:58",1202800
6590,-180,900,"sd","13:00:53",1202700
6600,-170,500,"sd","13:00:48",1201800
6620,-150,3700,"bu","13:00:45",1201300
6600,-170,1000,"sd","13:00:42",1197600
6600,-170,5000,"sd","13:00:36",1196600
6600,-170,1000,"sd","13:00:30",1191600
6620,-150,600,"bu","13:00:25",1190600
6600,-170,100,"unknown","13:00:25",1190000
6600,-170,100,"sd","13:00:19",1189900
6600,-170,1000,"sd","13:00:13",1189800
6600,-170,1000,"sd","13:00:08",1188800
6650,-120,100,"bu","13:00:05",1187800
6620,-150,200,"sd","13:00:04",1187700
6650,-120,300,"bu","13:00:04",1187500
6650,-120,100,"sd","13:00:02",1187200
6650,-120,1000,"sd","13:00:00",1187100
6680,-90,200,"sd","11:29:20",1186100
6680,-90,300,"sd","11:29:20",1185900
6680,-90,200,"sd","11:29:20",1185600
6680,-90,600,"sd","11:29:20",1185400
6680,-90,400,"sd","11:29:05",1184800
6680,-90,600,"sd","11:29:05",1184400
6680,-90,400,"sd","11:28:18",1183800
6680,-90,600,"sd","11:28:18",1183400
6680,-90,200,"bu","11:27:06",1182800
6680,-90,100,"bu","11:26:53",1182600
6690,-80,100,"bu","11:25:34",1182500
6650,-120,200,"sd","11:24:30",1182400
6650,-120,300,"sd","11:24:30",1182200
6650,-120,600,"bu","11:23:53",1181900
6650,-120,400,"bu","11:22:57",1181300
6650,-120,100,"bu","11:22:57",1180900
6650,-120,100,"bu","11:22:53",1180800
6650,-120,100,"bu","11:22:42",1180700
6650,-120,100,"bu","11:21:36",1180600
6600,-170,1000,"sd","11:21:20",1180500
6610,-160,200,"bu","11:21:02",1179500
6600,-170,3000,"bu","11:20:38",1179300
6600,-170,100,"sd","11:20:34",1176300
6600,-170,600,"sd","11:20:34",1176200
6600,-170,5000,"sd","11:20:34",1175600
6600,-170,600,"sd","11:20:11",1170600
6600,-170,1800,"sd","11:20:07",1170000
6600,-170,200,"sd","11:20:07",1168200
6600,-170,100,"bu","11:19:01",1168000
6600,-170,200,"bu","11:18:57",1167900
6600,-170,100,"bu","11:18:56",1167700
6600,-170,500,"bu","11:18:51",1167600
6600,-170,1100,"bu","11:18:43",1167100
6600,-170,2000,"bu","11:18:43",1166000
6600,-170,1000,"bu","11:18:43",1164000
6600,-170,100,"bu","11:18:43",1163000
6600,-170,4800,"bu","11:18:43",1162900
6590,-180,100,"sd","11:18:26",1158100
6590,-180,100,"bu","11:18:04",1158000
6590,-180,200,"bu","11:18:04",1157900
6570,-200,100,"sd","11:17:22",1157700
6570,-200,900,"sd","11:17:22",1157600
6570,-200,100,"bu","11:16:16",1156700
6570,-200,400,"bu","11:16:11",1156600
6570,-200,3600,"bu","11:16:11",1156200
6560,-210,1600,"sd","11:16:07",1152600
6570,-200,200,"bu","11:15:53",1151000
6570,-200,200,"bu","11:15:38",1150800
6570,-200,3000,"bu","11:15:15",1150600
6570,-200,100,"bu","11:15:06",1147600
6570,-200,100,"bu","11:14:59",1147500
6570,-200,500,"bu","11:14:57",1147400
6570,-200,100,"bu","11:14:54",1146900
6570,-200,500,"bu","11:14:52",1146800
6570,-200,100,"bu","11:14:49",1146300
6570,-200,1000,"bu","11:14:47",1146200
6570,-200,500,"bu","11:14:42",1145200
6570,-200,100,"bu","11:14:42",1144700
6570,-200,1000,"bu","11:14:39",1144600
6570,-200,1000,"bu","11:14:17",1143600
6570,-200,1200,"bu","11:13:34",1142600
6560,-210,1100,"sd","11:13:15",1141400
6560,-210,2000,"bu","11:13:14",1140300
6560,-210,1600,"bu","11:13:14",1138300
6560,-210,500,"bu","11:13:11",1136700
6560,-210,400,"bu","11:13:11",1136200
6560,-210,100,"bu","11:12:35",1135800
6560,-210,100,"bu","11:12:16",1135700
6560,-210,100,"bu","11:12:15",1135600
6560,-210,1000,"bu","11:12:10",1135500
6560,-210,300,"bu","11:12:08",1134500
6560,-210,700,"bu","11:12:08",1134200
6560,-210,200,"bu","11:11:57",1133500
6560,-210,100,"bu","11:11:56",1133300
6560,-210,2000,"bu","11:11:48",1133200
6540,-230,1800,"sd","11:11:40",1131200
6530,-240,4300,"bu","11:11:15",1129400
6530,-240,1000,"bu","11:10:43",1125100
6530,-240,1300,"bu","11:10:40",1124100
6530,-240,4400,"sd","11:10:38",1122800
6530,-240,5600,"sd","11:10:32",1118400
6530,-240,7800,"sd","11:10:32",1112800
6540,-230,5000,"sd","11:10:32",1105000
6550,-220,1000,"sd","11:10:32",1100000
6550,-220,300,"sd","11:10:32",1099000
6550,-220,300,"sd","11:10:32",1098700
6540,-230,200,"bu","11:10:07",1098400
6530,-240,2200,"sd","11:10:03",1098200
6540,-230,100,"sd","11:10:02",1096000
6540,-230,1000,"sd","11:10:02",1095900
6550,-220,100,"sd","11:10:02",1094900
6560,-210,200,"sd","11:10:02",1094800
6560,-210,900,"sd","11:10:02",1094600
6570,-200,1000,"bu","11:10:02",1093700
6570,-200,5300,"bu","11:09:45",1092700
6560,-210,4700,"bu","11:09:44",1087400
6560,-210,300,"bu","11:09:42",1082700
6560,-210,200,"sd","11:09:33",1082400
6550,-220,3000,"sd","11:09:29",1082200
6550,-220,100,"bu","11:09:29",1079200
6560,-210,100,"bu","11:09:28",1079100
6570,-200,100,"bu","11:09:28",1079000
6550,-220,4000,"bu","11:09:28",1078900
6550,-220,6100,"bu","11:09:27",1074900
6560,-210,800,"sd","11:09:27",1068800
6570,-200,100,"bu","11:09:18",1068000
6570,-200,300,"bu","11:09:17",1067900
6570,-200,200,"bu","11:09:06",1067600
6570,-200,300,"bu","11:09:05",1067400
6550,-220,300,"bu","11:08:33",1067100
6550,-220,100,"bu","11:08:23",1066800
6550,-220,3000,"bu","11:08:22",1066700
6550,-220,3200,"bu","11:08:21",1063700
6560,-210,300,"bu","11:08:19",1060500
6550,-220,1800,"sd","11:08:07",1060200
6560,-210,1000,"unknown","11:08:06",1058400
6570,-200,1200,"sd","11:08:05",1057400
6580,-190,400,"unknown","11:07:57",1056200
6580,-190,500,"sd","11:07:56",1055800
6570,-200,2800,"sd","11:07:54",1055300
6570,-200,700,"sd","11:07:53",1052500
6570,-200,5000,"sd","11:07:52",1051800
6570,-200,100,"sd","11:07:51",1046800
6580,-190,400,"sd","11:07:50",1046700
6580,-190,100,"sd","11:07:49",1046300
6590,-180,1100,"bu","11:07:17",1046200
6580,-190,9500,"sd","11:07:16",1045100
6580,-190,500,"sd","11:07:15",1035600
6590,-180,500,"bu","11:07:14",1035100
6590,-180,100,"bu","11:07:14",1034600
6590,-180,2400,"bu","11:07:13",1034500
6590,-180,100,"bu","11:07:06",1032100
6590,-180,400,"bu","11:06:30",1032000
6590,-180,100,"bu","11:06:20",1031600
6590,-180,1000,"bu","11:06:20",1031500
6590,-180,100,"sd","11:05:27",1030500
6590,-180,100,"sd","11:05:19",1030400
6590,-180,100,"sd","11:05:19",1030300
6600,-170,100,"bu","11:05:14",1030200
6600,-170,5000,"bu","11:04:37",1030100
6600,-170,100,"bu","11:04:10",1025100
6600,-170,700,"bu","11:04:08",1025000
6600,-170,400,"bu","11:04:08",1024300
6600,-170,2800,"bu","11:04:08",1023900
6600,-170,1000,"bu","11:04:08",1021100
6600,-170,100,"bu","11:04:08",1020100
6600,-170,10000,"bu","11:04:08",1020000
6600,-170,1000,"bu","11:04:08",1010000
6600,-170,2000,"sd","11:04:08",1009000
6600,-170,1000,"sd","11:04:08",1007000
6600,-170,5000,"sd","11:04:08",1006000
6600,-170,3000,"sd","11:04:08",1001000
6600,-170,100,"sd","11:04:08",998000
6600,-170,1000,"sd","11:04:08",997900
6600,-170,1000,"sd","11:04:08",996900
6600,-170,1700,"sd","11:04:08",995900
6600,-170,300,"sd","11:03:57",994200
6600,-170,600,"sd","11:03:57",993900
6600,-170,2000,"sd","11:03:57",993300
6600,-170,400,"sd","11:03:57",991300
6600,-170,11000,"sd","11:03:49",990900
6600,-170,28600,"sd","11:03:37",979900
6600,-170,400,"sd","11:03:37",951300
6610,-160,8000,"unknown","11:03:37",950900
6610,-160,200,"unknown","11:03:37",942900
6610,-160,1000,"unknown","11:03:37",942700
6620,-150,1000,"unknown","11:03:36",941700
6620,-150,500,"sd","11:03:36",940700
6640,-130,1500,"sd","11:01:59",940200
6650,-120,400,"bu","11:01:57",938700
6650,-120,100,"sd","11:01:29",938300
6650,-120,100,"sd","11:01:29",938200
6650,-120,1100,"sd","11:01:05",938100
6650,-120,100,"sd","11:01:01",937000
6650,-120,3800,"sd","11:00:40",936900
6650,-120,200,"sd","11:00:40",933100
6650,-120,1500,"sd","11:00:40",932900
6650,-120,1000,"sd","11:00:40",931400
6650,-120,2000,"sd","11:00:40",930400
6650,-120,500,"sd","11:00:40",928400
6650,-120,1000,"sd","11:00:40",927900
6660,-110,1400,"sd","11:00:12",926900
6660,-110,500,"sd","11:00:12",925500
6660,-110,100,"sd","11:00:12",925000
6660,-110,100,"sd","11:00:12",924900
6660,-110,500,"sd","11:00:12",924800
6660,-110,100,"sd","11:00:12",924300
6660,-110,2000,"sd","11:00:12",924200
6660,-110,2500,"sd","11:00:12",922200
6670,-100,200,"bu","10:59:48",919700
6660,-110,100,"sd","10:59:37",919500
6660,-110,2400,"sd","10:59:20",919400
6660,-110,100,"sd","10:59:20",917000
6660,-110,12900,"sd","10:59:20",916900
6670,-100,1300,"bu","10:59:18",904000
6670,-100,200,"bu","10:59:18",902700
6660,-110,1100,"sd","10:59:07",902500
6660,-110,1000,"sd","10:59:07",901400
6660,-110,4000,"sd","10:59:07",900400
6660,-110,1000,"sd","10:59:03",896400
6660,-110,500,"sd","10:59:03",895400
6660,-110,1000,"sd","10:59:03",894900
6670,-100,2000,"sd","10:59:03",893900
6670,-100,500,"sd","10:59:03",891900
6670,-100,600,"sd","10:58:39",891400
6670,-100,1000,"sd","10:58:39",890800
6670,-100,500,"sd","10:58:39",889800
6670,-100,4000,"sd","10:58:39",889300
6670,-100,1900,"sd","10:58:39",885300
6680,-90,1000,"bu","10:58:39",883400
6670,-100,200,"sd","10:58:33",882400
6670,-100,100,"sd","10:58:33",882200
6670,-100,1700,"sd","10:58:33",882100
6670,-100,300,"sd","10:58:07",880400
6670,-100,800,"sd","10:58:07",880100
6670,-100,300,"sd","10:58:07",879300
6670,-100,300,"bu","10:57:02",879000
6670,-100,100,"sd","10:56:56",878700
6670,-100,100,"sd","10:56:56",878600
6680,-90,100,"bu","10:56:46",878500
6680,-90,100,"bu","10:56:41",878400
6680,-90,2000,"bu","10:55:49",878300
6680,-90,1000,"sd","10:55:41",876300
6680,-90,100,"sd","10:55:41",875300
6680,-90,2000,"sd","10:55:41",875200
6680,-90,200,"sd","10:55:41",873200
6680,-90,2600,"sd","10:55:41",873000
6680,-90,100,"sd","10:55:41",870400
6680,-90,2500,"sd","10:55:41",870300
6680,-90,300,"sd","10:55:41",867800
6690,-80,1000,"bu","10:55:17",867500
6690,-80,100,"bu","10:54:36",866500
6690,-80,500,"bu","10:54:27",866400
6690,-80,100,"bu","10:54:25",865900
6690,-80,2000,"sd","10:54:18",865800
6690,-80,27500,"sd","10:54:18",863800
6700,-70,500,"sd","10:54:18",836300
6700,-70,1000,"sd","10:54:18",835800
6700,-70,100,"sd","10:54:18",834800
6690,-80,100,"sd","10:54:18",834700
6700,-70,1500,"sd","10:53:56",834600
6710,-60,1000,"bu","10:52:56",833100
6710,-60,100,"bu","10:52:23",832100
6710,-60,2900,"bu","10:52:23",832000
6700,-70,3400,"sd","10:52:10",829100
6700,-70,2000,"sd","10:52:10",825700
6700,-70,10000,"sd","10:52:10",823700
6700,-70,500,"sd","10:52:10",813700
6700,-70,1300,"sd","10:52:10",813200
6700,-70,2000,"sd","10:52:10",811900
6700,-70,800,"sd","10:52:10",809900
6710,-60,200,"bu","10:52:00",809100
6710,-60,100,"bu","10:51:59",808900
6710,-60,100,"bu","10:51:50",808800
6710,-60,300,"bu","10:51:47",808700
6710,-60,21600,"sd","10:51:47",808400
6720,-50,500,"bu","10:51:41",786800
6710,-60,15000,"sd","10:51:33",786300
6720,-50,100,"bu","10:51:32",771300
6720,-50,1000,"bu","10:51:32",771200
6720,-50,900,"bu","10:51:32",770200
6710,-60,500,"unknown","10:51:22",769300
6710,-60,1400,"bu","10:50:28",768800
6710,-60,500,"sd","10:50:15",767400
6700,-70,500,"sd","10:50:01",766900
6700,-70,500,"sd","10:50:01",766400
6690,-80,1000,"bu","10:49:25",765900
6690,-80,10600,"bu","10:49:25",764900
6690,-80,100,"bu","10:49:22",754300
6690,-80,500,"bu","10:49:20",754200
6690,-80,300,"bu","10:49:12",753700
6690,-80,15000,"bu","10:49:07",753400
6690,-80,100,"bu","10:48:58",738400
6690,-80,10000,"bu","10:48:57",738300
6690,-80,3000,"bu","10:48:55",728300
6690,-80,200,"bu","10:47:53",725300
6680,-90,700,"sd","10:47:52",725100
6680,-90,2000,"sd","10:47:52",724400
6680,-90,1000,"sd","10:47:52",722400
6680,-90,2000,"sd","10:47:52",721400
6680,-90,2000,"sd","10:47:52",719400
6680,-90,300,"sd","10:47:37",717400
6680,-90,500,"sd","10:47:37",717100
6680,-90,400,"sd","10:47:37",716600
6680,-90,300,"sd","10:47:37",716200
6690,-80,5000,"bu","10:46:55",715900
6690,-80,500,"sd","10:46:55",710900
6690,-80,800,"sd","10:46:55",710400
6690,-80,5000,"sd","10:46:55",709600
6700,-70,200,"sd","10:46:55",704600
6700,-70,100,"sd","10:46:55",704400
6700,-70,100,"sd","10:46:55",704300
6700,-70,200,"sd","10:46:55",704200
6700,-70,200,"sd","10:46:55",704000
6700,-70,3000,"sd","10:46:55",703800
6700,-70,1000,"sd","10:46:55",700800
6710,-60,4000,"sd","10:46:55",699800
6710,-60,100,"sd","10:46:55",695800
6720,-50,300,"bu","10:45:53",695700
6700,-70,100,"sd","10:45:48",695400
6700,-70,2700,"sd","10:45:40",695300
6700,-70,300,"sd","10:45:40",692600
6700,-70,500,"sd","10:45:40",692300
6700,-70,1100,"sd","10:45:40",691800
6700,-70,100,"sd","10:45:40",690700
6700,-70,5200,"sd","10:45:40",690600
6710,-60,100,"sd","10:45:40",685400
6720,-50,7500,"bu","10:45:38",685300
6720,-50,12000,"bu","10:45:38",677800
6710,-60,100,"bu","10:45:31",665800
6710,-60,300,"bu","10:45:31",665700
6710,-60,100,"bu","10:44:47",665400
6710,-60,2000,"bu","10:44:13",665300
6700,-70,2300,"bu","10:44:02",663300
6700,-70,1000,"bu","10:44:02",661000
6700,-70,1700,"bu","10:44:02",660000
6700,-70,2000,"bu","10:44:00",658300
6700,-70,100,"sd","10:43:55",656300
6700,-70,500,"sd","10:43:55",656200
6700,-70,700,"sd","10:43:55",655700
6700,-70,1300,"sd","10:43:39",655000
6700,-70,100,"sd","10:43:39",653700
6700,-70,2000,"sd","10:43:39",653600
6700,-70,2400,"sd","10:43:39",651600
6700,-70,2000,"sd","10:43:39",649200
6700,-70,1200,"sd","10:43:39",647200
6710,-60,100,"bu","10:43:34",646000
6710,-60,500,"sd","10:43:16",645900
6700,-70,800,"sd","10:43:09",645400
6700,-70,300,"sd","10:43:09",644600
6700,-70,200,"sd","10:43:09",644300
6700,-70,3000,"sd","10:43:09",644100
6700,-70,100,"sd","10:43:09",641100
6700,-70,400,"sd","10:43:09",641000
6710,-60,100,"sd","10:43:09",640600
6710,-60,100,"sd","10:43:09",640500
6700,-70,1600,"sd","10:42:10",640400
6700,-70,200,"sd","10:42:10",638800
6700,-70,100,"sd","10:42:10",638600
6700,-70,200,"sd","10:42:10",638500
6700,-70,3000,"sd","10:42:10",638300
6700,-70,900,"sd","10:42:10",635300
6700,-70,1100,"sd","10:42:01",634400
6700,-70,400,"sd","10:42:01",633300
6700,-70,3000,"sd","10:42:01",632900
6700,-70,500,"sd","10:42:01",629900
6700,-70,100,"sd","10:42:01",629400
6700,-70,500,"sd","10:42:01",629300
6700,-70,4400,"sd","10:42:01",628800
6700,-70,10600,"sd","10:41:28",624400
6700,-70,5000,"sd","10:41:28",613800
6710,-60,500,"sd","10:41:28",608800
6710,-60,2000,"sd","10:41:28",608300
6710,-60,500,"sd","10:41:27",605300
6710,-60,1000,"sd","10:41:27",606300
6720,-50,300,"sd","10:41:27",604800
6720,-50,100,"sd","10:41:27",604500
6720,-50,1900,"sd","10:41:07",604400
6720,-50,1000,"sd","10:41:07",602500
6720,-50,2100,"sd","10:41:06",601500
6720,-50,2900,"sd","10:41:01",599400
6720,-50,500,"sd","10:41:01",596500
6720,-50,1000,"sd","10:40:31",596000
6720,-50,500,"sd","10:40:27",595000
6730,-40,1000,"bu","10:40:02",594500
6730,-40,10000,"bu","10:40:02",593500
6730,-40,1000,"bu","10:40:02",583500
6730,-40,300,"bu","10:40:02",582500
6730,-40,1100,"bu","10:40:02",582200
6740,-30,100,"bu","10:40:02",581100
6740,-30,100,"bu","10:40:02",581000
6740,-30,700,"bu","10:40:02",580900
6740,-30,1000,"sd","10:39:50",580200
6740,-30,1000,"sd","10:39:50",579200
6750,-20,2300,"bu","10:39:41",578200
6750,-20,2000,"sd","10:39:03",575900
6760,-10,100,"sd","10:38:36",573900
6760,-10,4100,"sd","10:38:36",573800
6760,-10,500,"sd","10:37:41",569700
6770,0,100,"bu","10:37:21",569200
6780,10,800,"bu","10:36:52",569100
6780,10,200,"bu","10:36:52",568300
6770,0,1900,"sd","10:36:44",568100
6770,0,100,"sd","10:36:44",566200
6790,20,3800,"bu","10:35:34",566100
6790,20,4500,"bu","10:34:44",562300
6780,10,300,"bu","10:34:44",557800
6770,0,200,"bu","10:34:44",557500
6770,0,2800,"sd","10:33:54",557300
6770,0,100,"bu","10:32:55",554500
6770,0,100,"bu","10:32:55",554400
6760,-10,300,"bu","10:32:24",554300
6760,-10,100,"bu","10:32:24",554000
6760,-10,3000,"bu","10:32:19",553900
6750,-20,600,"bu","10:32:03",550900
6750,-20,1000,"sd","10:31:30",550300
6750,-20,100,"sd","10:31:30",549300
6750,-20,1300,"sd","10:31:12",549200
6750,-20,100,"sd","10:31:12",547900
6750,-20,500,"sd","10:31:12",547800
6760,-10,100,"bu","10:29:05",547300
6760,-10,6800,"bu","10:29:05",547200
6760,-10,500,"bu","10:28:27",540400
6760,-10,1800,"bu","10:27:54",539900
6760,-10,200,"bu","10:27:54",538100
6760,-10,2800,"bu","10:27:33",537900
6760,-10,200,"bu","10:27:08",535100
6760,-10,4800,"bu","10:26:42",534900
6760,-10,2700,"bu","10:26:42",530100
6760,-10,2900,"bu","10:26:11",527400
6760,-10,100,"bu","10:25:55",524500
6760,-10,2400,"sd","10:25:26",524400
6760,-10,2600,"bu","10:25:17",522000
6750,-20,3000,"sd","10:25:15",519400
6750,-20,1000,"sd","10:25:15",516400
6760,-10,3900,"bu","10:24:55",515400
6770,0,1400,"bu","10:24:49",511500
6770,0,600,"bu","10:24:49",510100
6760,-10,1100,"bu","10:24:42",509500
6760,-10,3000,"bu","10:24:30",508400
6760,-10,500,"bu","10:23:27",505400
6760,-10,19500,"bu","10:23:27",504900
6760,-10,100,"bu","10:22:32",485400
6740,-30,100,"sd","10:22:31",485300
6740,-30,500,"sd","10:22:31",485200
6740,-30,100,"sd","10:22:30",484700
6740,-30,100,"sd","10:22:30",484600
6740,-30,500,"sd","10:22:30",484500
6740,-30,500,"sd","10:22:30",484000
6750,-20,500,"sd","10:22:30",483500
6750,-20,1000,"sd","10:22:30",483000
6750,-20,300,"sd","10:22:30",482000
6730,-40,11900,"sd","10:22:30",481700
6730,-40,500,"sd","10:22:30",469800
6760,-10,400,"bu","10:21:58",469300
6750,-20,1700,"sd","10:21:03",468900
6750,-20,800,"sd","10:21:03",467200
6750,-20,400,"sd","10:21:02",466400
6750,-20,100,"sd","10:21:02",466000
6750,-20,200,"sd","10:21:02",465900
6750,-20,500,"sd","10:21:02",465700
6750,-20,2000,"sd","10:21:02",465200
6750,-20,300,"sd","10:21:02",463200
6760,-10,1000,"bu","10:20:30",462900
6760,-10,5000,"bu","10:19:57",461900
6760,-10,1000,"sd","10:19:50",456900
6760,-10,1000,"sd","10:19:50",455900
6760,-10,100,"sd","10:19:50",454900
6760,-10,1200,"sd","10:19:50",454800
6760,-10,800,"sd","10:18:41",453600
6760,-10,1200,"sd","10:18:41",452800
6760,-10,2500,"sd","10:18:37",451600
6760,-10,1000,"sd","10:18:37",449100
6760,-10,200,"sd","10:18:15",448100
6760,-10,100,"sd","10:16:48",447900
6760,-10,900,"sd","10:16:48",447800
6760,-10,700,"sd","10:16:19",446900
6760,-10,300,"sd","10:16:19",446200
6760,-10,1100,"sd","10:15:19",445900
6770,0,500,"bu","10:13:36",444800
6770,0,100,"sd","10:12:37",444300
6770,0,5000,"sd","10:12:37",444200
6770,0,200,"sd","10:12:37",439200
6770,0,3600,"sd","10:12:37",439000
6770,0,500,"bu","10:11:34",435400
6770,0,5000,"sd","10:11:26",434900
6770,0,100,"sd","10:11:26",429900
6770,0,2400,"sd","10:11:26",429800
6780,10,2000,"sd","10:11:19",427400
6780,10,1600,"sd","10:11:19",425400
6790,20,400,"bu","10:11:16",423800
6790,20,4600,"bu","10:11:16",423400
6790,20,400,"bu","10:11:05",418800
6780,10,400,"bu","10:10:56",418400
6780,10,3000,"bu","10:10:51",418000
6780,10,1700,"bu","10:10:46",415000
6780,10,300,"bu","10:10:43",413300
6780,10,600,"sd","10:10:36",413000
6780,10,100,"sd","10:10:35",412400
6780,10,2800,"bu","10:10:19",412300
6780,10,8000,"bu","10:10:18",409500
6780,10,5000,"bu","10:10:14",401500
6780,10,800,"bu","10:10:14",396500
6780,10,1700,"bu","10:10:09",395700
6780,10,1700,"sd","10:10:03",394000
6780,10,1300,"bu","10:09:58",392300
6780,10,3000,"bu","10:09:53",391000
6780,10,1600,"bu","10:09:42",388000
6780,10,3700,"bu","10:09:36",386400
6780,10,400,"bu","10:09:31",382700
6780,10,100,"bu","10:09:31",382300
6780,10,1300,"bu","10:09:26",382200
6770,0,2600,"bu","10:09:19",380900
6770,0,6500,"bu","10:09:13",378300
6770,0,2300,"bu","10:09:06",371800
6770,0,5000,"bu","10:09:02",369500
6770,0,1600,"bu","10:08:56",364500
6770,0,100,"sd","10:07:46",362900
6770,0,1900,"sd","10:07:46",362800
6770,0,4100,"sd","10:07:40",360900
6770,0,600,"bu","10:07:34",356800
6770,0,500,"bu","10:07:28",356200
6770,0,2500,"bu","10:07:25",355700
6770,0,1700,"bu","10:07:21",353200
6770,0,3000,"bu","10:07:16",351500
6770,0,1600,"bu","10:07:11",348500
6770,0,3100,"bu","10:07:05",346900
6770,0,800,"bu","10:06:58",343800
6770,0,2000,"sd","10:06:53",343000
6770,0,100,"sd","10:06:53",341000
6770,0,900,"bu","10:06:47",340900
6770,0,700,"bu","10:06:45",340000
6770,0,1100,"bu","10:06:39",339300
6770,0,2500,"bu","10:06:34",338200
6770,0,300,"bu","10:06:29",335700
6760,-10,2600,"bu","10:06:22",335400
6760,-10,2300,"bu","10:06:16",332800
6760,-10,200,"bu","10:06:16",330500
6760,-10,1800,"bu","10:06:11",330300
6760,-10,3000,"bu","10:06:06",328500
6760,-10,400,"bu","10:06:01",325500
6760,-10,2800,"bu","10:05:56",325100
6760,-10,600,"bu","10:05:39",322300
6760,-10,1700,"bu","10:05:32",321700
6760,-10,3200,"bu","10:05:25",320000
6760,-10,1300,"sd","10:05:19",316800
6760,-10,700,"bu","10:05:13",315500
6760,-10,800,"bu","10:05:08",314800
6760,-10,100,"bu","10:05:03",314000
6760,-10,3000,"bu","10:05:01",313900
6760,-10,10000,"sd","10:04:50",310900
6760,-10,200,"sd","10:04:50",300900
6760,-10,100,"sd","10:04:49",300700
6760,-10,100,"sd","10:04:49",300600
6770,0,500,"bu","10:04:47",300500
6770,0,500,"bu","10:04:43",300000
6760,-10,4800,"sd","10:04:41",299500
6760,-10,5000,"sd","10:04:41",294700
6760,-10,100,"sd","10:04:41",289700
6760,-10,100,"sd","10:04:41",289600
6780,10,700,"bu","10:04:28",289500
6780,10,1600,"bu","10:04:23",288800
6780,10,5000,"bu","10:03:57",287200
6770,0,5000,"sd","10:03:56",282200
6780,10,500,"bu","10:03:36",277200
6770,0,900,"bu","10:03:36",276700
6770,0,2600,"sd","10:03:35",275800
6770,0,100,"sd","10:03:35",273200
6770,0,10000,"sd","10:03:35",273100
6770,0,3800,"sd","10:03:35",263100
6770,0,600,"sd","10:03:35",259300
6780,10,3000,"bu","10:03:32",258700
6780,10,1200,"bu","10:03:16",255700
6780,10,3100,"bu","10:03:06",254500
6780,10,700,"bu","10:03:06",251400
6780,10,800,"bu","10:03:01",250700
6780,10,500,"bu","10:02:47",249900
6780,10,2100,"bu","10:02:47",249400
6780,10,1100,"bu","10:02:42",247300
6780,10,600,"bu","10:02:38",246200
6780,10,1200,"sd","10:01:32",245600
6770,0,1700,"bu","10:00:40",244400
6770,0,200,"sd","09:59:49",242700
6770,0,200,"sd","09:59:49",242500
6770,0,100,"sd","09:59:49",242300
6770,0,400,"sd","09:57:46",242200
6770,0,500,"sd","09:57:46",241800
6770,0,100,"sd","09:57:46",241300
6770,0,2700,"sd","09:57:46",241200
6770,0,700,"sd","09:57:46",238500
6780,10,100,"unknown","09:57:39",237800
6770,0,200,"sd","09:57:39",237700
6770,0,100,"sd","09:57:20",237500
6780,10,200,"sd","09:57:20",237400
6780,10,100,"sd","09:57:20",237200
6790,20,500,"sd","09:57:20",237100
6800,30,1100,"sd","09:57:02",236600
6800,30,100,"sd","09:57:02",235500
6800,30,600,"sd","09:57:02",235400
6800,30,400,"sd","09:57:02",234800
6800,30,9600,"sd","09:54:13",234400
6800,30,100,"sd","09:54:13",224800
6800,30,3000,"sd","09:54:13",224700
6810,40,1000,"sd","09:54:13",221700
6800,30,2000,"sd","09:54:13",220700
6810,40,300,"sd","09:54:13",218700
6800,30,200,"sd","09:54:13",218400
6810,40,1200,"sd","09:54:13",218200
6800,30,9500,"sd","09:54:13",217000
6820,50,1700,"sd","09:54:13",207500
6810,40,800,"sd","09:54:13",205800
6810,40,100,"sd","09:54:13",205000
6810,40,400,"sd","09:54:13",204900
6810,40,100,"sd","09:54:13",204500
6830,60,1100,"bu","09:53:49",204400
6830,60,300,"bu","09:53:48",203300
6830,60,1500,"bu","09:53:48",203000
6830,60,3000,"bu","09:53:48",201500
6830,60,4100,"bu","09:53:48",198500
6820,50,2300,"sd","09:53:38",194400
6820,50,800,"sd","09:53:38",192100
6820,50,900,"sd","09:53:38",191300
6830,60,1000,"bu","09:52:51",190400
6830,60,900,"sd","09:51:59",189400
6830,60,100,"sd","09:51:01",188500
6830,60,1000,"sd","09:51:01",188400
6830,60,1500,"sd","09:51:01",187400
6830,60,2400,"sd","09:51:01",185900
6830,60,1000,"sd","09:49:57",183500
6830,60,1600,"sd","09:49:11",182500
6840,70,4400,"sd","09:48:56",180900
6840,70,1600,"sd","09:48:56",176500
6840,70,2800,"sd","09:48:51",174900
6850,80,5000,"bu","09:48:32",172100
6850,80,500,"bu","09:48:32",167100
6870,100,500,"sd","09:47:32",166600
6870,100,500,"sd","09:47:17",166100
6880,110,300,"sd","09:46:53",165600
6880,110,200,"bu","09:46:40",165300
6880,110,1800,"bu","09:46:09",165100
6880,110,100,"bu","09:46:09",163300
6880,110,2000,"bu","09:46:09",163200
6860,90,500,"bu","09:46:09",161200
6860,90,400,"bu","09:46:09",160700
6860,90,200,"bu","09:46:09",160300
6840,70,400,"sd","09:45:48",160100
6840,70,800,"sd","09:45:39",159700
6840,70,1200,"sd","09:44:57",158900
6840,70,500,"sd","09:44:53",157700
6840,70,100,"bu","09:44:50",157200
6840,70,700,"bu","09:44:49",157100
6840,70,400,"sd","09:44:31",156400
6840,70,2000,"sd","09:44:31",156000
6840,70,1900,"sd","09:44:31",154000
6840,70,3900,"sd","09:44:20",152100
6840,70,3000,"sd","09:44:20",148200
6840,70,1000,"sd","09:44:20",145200
6840,70,2100,"sd","09:44:20",144200
6840,70,500,"sd","09:43:16",142100
6840,70,2400,"sd","09:42:08",141600
6840,70,4700,"sd","09:42:08",139200
6840,70,5000,"sd","09:41:21",134500
6850,80,5000,"sd","09:41:21",129500
6850,80,1000,"sd","09:39:50",124500
6850,80,300,"bu","09:39:11",123500
6850,80,100,"bu","09:38:10",123200
6850,80,100,"bu","09:38:00",123100
6840,70,300,"sd","09:37:09",123000
6840,70,2000,"sd","09:36:36",122700
6840,70,400,"sd","09:36:36",120700
6850,80,100,"sd","09:36:34",120300
6850,80,5000,"sd","09:36:34",120200
6850,80,3000,"sd","09:36:34",115200
6860,90,200,"bu","09:35:32",112200
6860,90,700,"unknown","09:35:11",112000
6870,100,100,"sd","09:34:57",111300
6870,100,1400,"sd","09:34:47",111200
6870,100,500,"sd","09:34:42",109800
6870,100,700,"bu","09:34:42",109300
6870,100,100,"bu","09:34:42",108600
6870,100,800,"bu","09:34:42",108500
6860,90,100,"bu","09:34:31",107700
6850,80,300,"bu","09:34:21",107600
6850,80,8300,"bu","09:33:29",107300
6840,70,400,"unknown","09:33:29",99000
6840,70,300,"unknown","09:33:29",98600
6840,70,200,"bu","09:33:02",98300
6840,70,500,"bu","09:32:54",98100
6820,50,100,"sd","09:32:44",97600
6820,50,200,"sd","09:31:11",97500
6820,50,800,"sd","09:31:11",97300
6820,50,5200,"sd","09:31:11",96500
6820,50,500,"sd","09:29:57",91300
6820,50,300,"sd","09:29:27",90800
6820,50,3700,"sd","09:29:27",90500
6820,50,1300,"sd","09:28:46",86800
6820,50,2000,"sd","09:28:46",85500
6820,50,1200,"sd","09:28:27",83500
6820,50,100,"sd","09:28:27",82300
6820,50,600,"bu","09:27:59",82200
6820,50,100,"bu","09:27:43",81600
6820,50,300,"bu","09:27:21",81500
6820,50,500,"bu","09:27:21",81200
6820,50,200,"bu","09:27:21",80700
6810,40,200,"sd","09:26:05",80500
6820,50,200,"bu","09:26:03",80300
6810,40,100,"bu","09:25:31",80100
6810,40,5000,"bu","09:24:49",80000
6800,30,12500,"sd","09:24:49",75000
6810,40,100,"bu","09:24:15",62500
6800,30,500,"sd","09:23:45",62400
6800,30,200,"sd","09:23:40",61900
6800,30,8400,"bu","09:23:16",61700
6790,20,800,"bu","09:23:16",53300
6790,20,1000,"bu","09:23:07",52500
6790,20,200,"bu","09:23:07",51500
6800,30,1000,"sd","09:22:59",51300
6800,30,400,"sd","09:22:59",50300
6800,30,100,"sd","09:22:59",49900
6800,30,100,"sd","09:22:59",49800
6800,30,100,"sd","09:22:46",49700
6800,30,100,"sd","09:22:46",49600
6810,40,500,"bu","09:22:45",49500
6800,30,100,"sd","09:22:33",49000
6800,30,17800,"sd","09:22:21",48900
6800,30,400,"sd","09:22:21",31100
6800,30,100,"sd","09:22:21",30700
6800,30,100,"sd","09:22:21",30600
6800,30,500,"sd","09:22:21",30500
6800,30,1000,"sd","09:22:21",30000
6800,30,100,"sd","09:22:21",29000
6810,40,1000,"bu","09:22:03",28900
6810,40,100,"sd","09:21:52",27900
6810,40,300,"sd","09:21:52",27800
6810,40,100,"sd","09:21:52",27500
6820,50,100,"bu","09:21:51",27400
6820,50,1000,"sd","09:21:42",27300
6820,50,1000,"sd","09:21:01",26300
6820,50,2000,"sd","09:20:58",25300
6840,70,100,"bu","09:20:48",23300
6850,80,1400,"sd","09:20:34",23200
6850,80,1100,"sd","09:20:06",21800
6850,80,300,"sd","09:20:06",20700
6860,90,600,"sd","09:19:25",20400
6870,100,2000,"bu","09:18:55",19800
6860,90,100,"unknown","09:18:40",17800
6860,90,400,"sd","09:18:30",17700
6860,90,100,"sd","09:18:30",17300
6860,90,500,"sd","09:18:30",17200
6870,100,100,"bu","09:18:20",16700
6870,100,1600,"sd","09:18:05",16600
6870,100,100,"sd","09:17:57",15000
6870,100,100,"sd","09:17:57",14900
6870,100,900,"bu","09:17:47",14800
6870,100,900,"bu","09:17:23",13900
6870,100,100,"bu","09:17:01",13000
6860,90,1500,"sd","09:16:38",12900
6860,90,1000,"sd","09:16:38",11400
6860,90,200,"sd","09:16:38",10400
6860,90,2300,"sd","09:16:38",10200
6870,100,100,"bu","09:16:30",7900
6860,90,500,"sd","09:16:11",7800
6860,90,2200,"bu","09:15:43",7300
6860,90,1000,"bu","09:15:43",5100
6860,90,1800,"bu","09:15:31",4100
6850,80,2300,"sd","09:15:00",2300
