"price","change","match_qtty","side","time","total_vol"
81200,-300,43000,"bu","14:45:02",581800
81000,-500,100,"sd","14:29:53",538800
81000,-500,200,"bu","14:28:22",538700
81000,-500,200,"bu","14:28:22",538500
81000,-500,300,"bu","14:28:22",538300
81000,-500,100,"bu","14:28:22",538000
81000,-500,2100,"bu","14:28:22",537900
80900,-600,1000,"bu","14:28:22",535800
81000,-500,100,"bu","14:28:10",534800
81000,-500,100,"bu","14:27:58",534700
81000,-500,2000,"bu","14:27:43",534600
81000,-500,100,"bu","14:27:29",532600
81000,-500,4700,"bu","14:26:35",532500
81000,-500,2000,"bu","14:26:35",527800
81000,-500,500,"bu","14:26:35",525800
80900,-600,3000,"bu","14:26:35",525300
80900,-600,500,"bu","14:26:35",522300
80900,-600,1000,"bu","14:26:35",521800
80800,-700,7500,"bu","14:26:35",520800
80600,-900,800,"bu","14:26:35",513300
80500,-1000,2200,"sd","14:25:59",512500
80600,-900,100,"bu","14:25:49",510300
80600,-900,100,"bu","14:25:33",510200
80600,-900,300,"sd","14:25:32",510100
80600,-900,100,"sd","14:25:32",509800
80600,-900,800,"sd","14:25:32",509700
80600,-900,200,"sd","14:25:05",508900
80600,-900,100,"sd","14:25:05",508700
80600,-900,1900,"sd","14:25:05",508600
80600,-900,100,"bu","14:24:47",506700
80600,-900,100,"sd","14:24:38",506600
80600,-900,1000,"sd","14:24:38",506500
80600,-900,1000,"sd","14:24:38",505500
80800,-700,500,"bu","14:24:25",504500
80500,-1000,2200,"sd","14:24:11",504000
80500,-1000,1200,"bu","14:23:58",501800
80500,-1000,300,"bu","14:23:53",500600
80500,-1000,200,"bu","14:23:53",500300
80500,-1000,500,"bu","14:23:53",500100
80300,-1200,300,"sd","14:23:44",499600
80300,-1200,1900,"sd","14:23:44",499300
80400,-1100,400,"bu","14:23:22",497400
80300,-1200,2200,"sd","14:23:17",497000
80400,-1100,100,"bu","14:23:17",494800
80400,-1100,900,"bu","14:23:17",494700
80400,-1100,300,"bu","14:23:07",493800
80400,-1100,200,"bu","14:23:06",493500
80300,-1200,500,"sd","14:23:06",493300
80400,-1100,100,"bu","14:22:53",492800
80400,-1100,100,"sd","14:22:50",492700
80400,-1100,500,"sd","14:22:50",492600
80400,-1100,100,"sd","14:22:50",492100
80500,-1000,100,"bu","14:22:49",492000
80500,-1000,100,"bu","14:22:43",491900
80500,-1000,500,"bu","14:22:37",491800
80500,-1000,500,"bu","14:22:29",491300
80500,-1000,500,"sd","14:22:23",490800
80400,-1100,400,"bu","14:22:13",490300
80400,-1100,100,"bu","14:22:11",489900
80400,-1100,1000,"bu","14:22:09",489800
80400,-1100,100,"bu","14:21:57",488800
80400,-1100,300,"bu","14:21:56",488700
80400,-1100,100,"bu","14:21:56",488400
80400,-1100,100,"sd","14:21:56",488300
80400,-1100,100,"sd","14:21:56",488200
80400,-1100,500,"bu","14:21:44",488100
80400,-1100,100,"bu","14:21:33",487600
80400,-1100,100,"bu","14:21:31",487500
80400,-1100,1000,"bu","14:21:29",487400
80400,-1100,100,"sd","14:21:29",486400
80400,-1100,500,"sd","14:21:29",486300
80400,-1100,500,"bu","14:21:06",485800
80300,-1200,2300,"sd","14:21:02",485300
80400,-1100,100,"bu","14:20:48",483000
80400,-1100,100,"bu","14:20:42",482900
80300,-1200,2300,"sd","14:20:35",482800
80300,-1200,100,"sd","14:20:24",480500
80300,-1200,100,"sd","14:20:24",480400
80300,-1200,200,"sd","14:20:24",480300
80300,-1200,800,"sd","14:20:24",480100
80300,-1200,200,"sd","14:20:24",479300
80300,-1200,500,"sd","14:20:24",479100
80300,-1200,3000,"sd","14:20:24",478600
80300,-1200,100,"sd","14:20:24",475600
80300,-1200,1000,"sd","14:20:24",475500
80300,-1200,100,"sd","14:20:24",474500
80300,-1200,1000,"sd","14:20:24",474400
80300,-1200,500,"sd","14:20:24",473400
80300,-1200,300,"sd","14:20:24",472900
80300,-1200,2000,"sd","14:20:24",472600
80300,-1200,100,"sd","14:20:24",470600
80400,-1100,100,"sd","14:20:08",470500
80400,-1100,1500,"sd","14:20:08",470400
80400,-1100,500,"sd","14:20:00",468900
80400,-1100,400,"sd","14:19:41",468400
80400,-1100,1900,"sd","14:19:41",468000
80500,-1000,100,"bu","14:19:19",466100
80400,-1100,6100,"sd","14:19:18",466000
80400,-1100,500,"sd","14:19:18",459900
80400,-1100,500,"sd","14:19:18",459400
80400,-1100,300,"sd","14:19:18",458900
80400,-1100,100,"sd","14:19:18",458600
80400,-1100,200,"sd","14:19:18",458500
80400,-1100,200,"sd","14:19:18",458300
80400,-1100,100,"sd","14:19:18",458100
80400,-1100,100,"sd","14:19:14",458000
80400,-1100,1400,"sd","14:19:14",457900
80400,-1100,200,"sd","14:19:14",456500
80400,-1100,100,"sd","14:19:14",456300
80400,-1100,100,"sd","14:19:14",456200
80400,-1100,200,"sd","14:19:14",456100
80400,-1100,100,"sd","14:19:14",455900
80400,-1100,100,"sd","14:19:14",455800
80500,-1000,100,"bu","14:19:07",455700
80400,-1100,400,"sd","14:18:57",455600
80400,-1100,200,"sd","14:18:57",455200
80400,-1100,100,"sd","14:18:57",455000
80400,-1100,300,"sd","14:18:57",454900
80400,-1100,100,"sd","14:18:47",454600
80400,-1100,100,"sd","14:18:47",454500
80400,-1100,500,"sd","14:18:47",454400
80400,-1100,200,"sd","14:18:47",453900
80400,-1100,1400,"sd","14:18:47",453700
80500,-1000,2100,"sd","14:18:21",452300
80400,-1100,100,"sd","14:17:54",450200
80400,-1100,1500,"sd","14:17:54",450100
80400,-1100,600,"sd","14:17:54",448600
80400,-1100,100,"sd","14:17:54",448000
80400,-1100,100,"sd","14:17:27",447900
80400,-1100,200,"sd","14:17:27",447800
80400,-1100,300,"sd","14:17:27",447600
80400,-1100,500,"sd","14:17:27",447300
80400,-1100,500,"sd","14:17:27",446800
80400,-1100,100,"sd","14:17:27",446300
80400,-1100,100,"sd","14:17:27",446200
80400,-1100,500,"sd","14:17:27",446100
80500,-1000,100,"bu","14:17:14",445600
80500,-1000,100,"sd","14:17:00",445500
80500,-1000,100,"sd","14:17:00",445400
80500,-1000,100,"sd","14:17:00",445300
80500,-1000,1900,"sd","14:17:00",445200
80500,-1000,2300,"sd","14:16:34",443300
80500,-1000,800,"sd","14:16:06",441000
80500,-1000,100,"sd","14:16:06",440200
80500,-1000,100,"sd","14:16:06",440100
80500,-1000,100,"sd","14:16:06",440000
80500,-1000,100,"sd","14:16:06",439900
80500,-1000,900,"sd","14:16:06",439800
80600,-900,100,"bu","14:16:03",438900
80600,-900,100,"bu","14:15:55",438800
80500,-1000,600,"sd","14:15:39",438700
80500,-1000,100,"sd","14:15:39",438100
80500,-1000,1000,"sd","14:15:39",438000
80500,-1000,400,"sd","14:15:39",437000
80500,-1000,300,"sd","14:15:37",436600
80600,-900,1000,"bu","14:15:18",436300
80600,-900,900,"sd","14:15:12",435300
80600,-900,700,"bu","14:15:08",434400
80500,-1000,2100,"sd","14:14:45",433700
80600,-900,100,"sd","14:14:18",431600
80600,-900,500,"sd","14:14:18",431500
80600,-900,800,"sd","14:14:18",431000
80600,-900,100,"sd","14:14:02",430200
80600,-900,400,"bu","14:13:59",430100
80600,-900,1700,"sd","14:13:51",429700
80600,-900,2100,"sd","14:13:24",428000
80600,-900,1200,"bu","14:13:19",425900
80600,-900,900,"sd","14:12:57",424700
80600,-900,100,"bu","14:12:54",423800
80500,-1000,2100,"sd","14:12:30",423700
80600,-900,100,"bu","14:12:19",421600
80500,-1000,800,"sd","14:12:09",421500
80500,-1000,100,"sd","14:12:09",420700
80500,-1000,2100,"sd","14:12:03",420600
80600,-900,100,"bu","14:12:01",418500
80600,-900,100,"bu","14:12:01",418400
80600,-900,100,"bu","14:11:56",418300
80500,-1000,2100,"sd","14:11:36",418200
80600,-900,200,"bu","14:11:27",416100
80500,-1000,100,"sd","14:11:09",415900
80500,-1000,600,"sd","14:11:09",415800
80500,-1000,500,"sd","14:11:09",415200
80500,-1000,900,"sd","14:11:09",414700
80500,-1000,1400,"sd","14:10:42",413800
80500,-1000,100,"sd","14:10:42",412400
80500,-1000,100,"sd","14:10:42",412300
80500,-1000,200,"sd","14:10:42",412200
80500,-1000,300,"sd","14:10:42",412000
80500,-1000,2100,"sd","14:10:15",411700
80600,-900,100,"bu","14:10:04",409600
80600,-900,1300,"sd","14:09:48",409500
80600,-900,700,"bu","14:09:44",408200
80500,-1000,1500,"bu","14:09:28",407500
80500,-1000,100,"sd","14:09:21",406000
80500,-1000,500,"sd","14:09:21",405900
80500,-1000,1000,"sd","14:08:54",405400
80500,-1000,300,"sd","14:08:54",404400
80500,-1000,200,"sd","14:08:54",404100
80500,-1000,500,"sd","14:08:54",403900
80500,-1000,100,"sd","14:08:54",403400
80600,-900,6000,"bu","14:08:29",403300
80500,-1000,400,"sd","14:08:27",397300
80500,-1000,200,"sd","14:08:27",396900
80500,-1000,100,"sd","14:08:27",396700
80500,-1000,100,"sd","14:08:27",396600
80500,-1000,100,"sd","14:08:27",396500
80500,-1000,500,"sd","14:08:27",396400
80500,-1000,100,"sd","14:08:27",395900
80500,-1000,100,"sd","14:08:27",395800
80500,-1000,1300,"sd","14:08:27",395700
80500,-1000,100,"sd","14:08:27",394400
80500,-1000,100,"sd","14:08:27",394300
80500,-1000,200,"sd","14:08:27",394200
80500,-1000,100,"sd","14:08:27",394000
80500,-1000,200,"sd","14:08:27",393900
80500,-1000,100,"sd","14:08:27",393700
80500,-1000,100,"sd","14:08:27",393600
80500,-1000,300,"sd","14:08:27",393500
80500,-1000,300,"sd","14:08:27",393200
80500,-1000,2100,"sd","14:08:27",392900
80500,-1000,900,"sd","14:08:14",390800
80500,-1000,2100,"sd","14:08:00",389900
80500,-1000,100,"sd","14:07:52",387800
80500,-1000,2100,"sd","14:07:33",387700
80500,-1000,2100,"sd","14:07:06",385600
80500,-1000,600,"sd","14:06:39",383500
80500,-1000,100,"sd","14:06:39",382900
80500,-1000,1400,"sd","14:06:39",382800
80600,-900,100,"sd","14:06:29",381400
80600,-900,500,"sd","14:06:29",381300
80600,-900,1000,"sd","14:06:29",380800
80600,-900,100,"sd","14:06:29",379800
80600,-900,100,"sd","14:06:29",379700
80600,-900,1500,"sd","14:06:29",379600
80600,-900,500,"sd","14:06:12",378100
80600,-900,100,"sd","14:06:12",377600
80600,-900,100,"sd","14:06:12",377500
80600,-900,1400,"sd","14:06:12",377400
80600,-900,1100,"sd","14:06:09",376000
80600,-900,200,"sd","14:06:09",374900
80600,-900,200,"sd","14:06:09",374700
80600,-900,2100,"sd","14:05:45",374500
80700,-800,1000,"bu","14:05:19",372400
80600,-900,2100,"sd","14:05:18",371400
80600,-900,600,"sd","14:04:51",369300
80600,-900,900,"sd","14:04:51",368700
80600,-900,700,"sd","14:04:51",367800
80600,-900,500,"sd","14:04:41",367100
80600,-900,100,"sd","14:04:41",366600
80600,-900,2200,"sd","14:04:24",366500
80600,-900,2200,"sd","14:03:57",364300
80700,-800,100,"sd","14:03:31",362100
80700,-800,500,"sd","14:03:31",362000
80700,-800,600,"sd","14:03:31",361500
80700,-800,2200,"sd","14:03:04",360900
80800,-700,200,"bu","14:03:02",358700
80700,-800,2200,"sd","14:02:37",358500
80800,-700,1200,"bu","14:02:36",356300
80600,-900,2200,"sd","14:02:10",355100
80600,-900,2200,"sd","14:01:43",352900
80600,-900,1100,"bu","14:01:33",350700
80500,-1000,5000,"sd","14:01:32",349600
80600,-900,1000,"bu","14:01:29",344600
80600,-900,100,"sd","14:01:16",343600
80600,-900,1700,"bu","14:01:12",343500
80500,-1000,100,"sd","14:01:09",341800
80600,-900,100,"bu","14:00:59",341700
80500,-1000,2200,"sd","14:00:49",341600
80500,-1000,1300,"sd","14:00:42",339400
80500,-1000,200,"sd","14:00:42",338100
80600,-900,200,"bu","14:00:25",337900
80500,-1000,100,"sd","14:00:22",337700
80500,-1000,500,"sd","14:00:22",337600
80500,-1000,1000,"sd","14:00:22",337100
80500,-1000,500,"sd","14:00:22",336100
80500,-1000,100,"sd","14:00:22",335600
80600,-900,200,"sd","13:59:55",335500
80600,-900,100,"sd","13:59:46",335300
80600,-900,200,"bu","13:59:37",335200
80600,-900,2000,"sd","13:59:28",335000
80800,-700,400,"bu","13:59:09",333000
80700,-800,600,"unknown","13:59:09",332600
80600,-900,100,"sd","13:59:01",332000
80600,-900,2000,"sd","13:59:01",331900
80600,-900,100,"sd","13:59:01",329900
80500,-1000,2200,"sd","13:58:34",329800
80600,-900,1000,"bu","13:58:26",327600
80600,-900,100,"bu","13:58:18",326600
80600,-900,500,"bu","13:58:17",326500
80600,-900,100,"sd","13:58:07",326000
80600,-900,500,"sd","13:58:07",325900
80500,-1000,2200,"sd","13:57:40",325400
80600,-900,100,"bu","13:57:30",323200
80600,-900,500,"bu","13:57:13",323100
80500,-1000,600,"sd","13:57:13",322600
80500,-1000,100,"sd","13:57:13",322000
80500,-1000,100,"sd","13:57:13",321900
80500,-1000,1400,"sd","13:57:13",321800
80600,-900,100,"bu","13:56:59",320400
80600,-900,400,"bu","13:56:47",320300
80500,-1000,600,"sd","13:56:46",319900
80500,-1000,1000,"sd","13:56:46",319300
80500,-1000,500,"sd","13:56:46",318300
80500,-1000,100,"sd","13:56:46",317800
80600,-900,500,"bu","13:56:26",317700
80600,-900,500,"bu","13:56:21",317200
80600,-900,100,"sd","13:56:19",316700
80700,-800,1000,"bu","13:56:16",316600
80600,-900,100,"bu","13:56:02",315600
80500,-1000,100,"sd","13:55:52",315500
80500,-1000,2000,"sd","13:55:52",315400
80500,-1000,100,"sd","13:55:52",313400
80600,-900,500,"bu","13:55:46",313300
80500,-1000,100,"sd","13:55:25",312800
80500,-1000,100,"sd","13:55:25",312700
80500,-1000,200,"sd","13:55:25",312600
80500,-1000,1000,"sd","13:55:25",312400
80500,-1000,100,"sd","13:55:25",311400
80500,-1000,400,"sd","13:55:25",311300
80500,-1000,200,"sd","13:55:25",310900
80500,-1000,100,"sd","13:55:25",310700
80600,-900,100,"bu","13:55:24",310600
80600,-900,1000,"bu","13:55:19",310500
80600,-900,100,"bu","13:55:19",309500
80500,-1000,1800,"sd","13:55:12",309400
80600,-900,100,"bu","13:55:01",307600
80600,-900,100,"bu","13:55:01",307500
80600,-900,100,"sd","13:54:58",307400
80600,-900,100,"sd","13:54:58",307300
80600,-900,900,"sd","13:54:55",307200
80600,-900,100,"bu","13:54:48",306300
80600,-900,300,"bu","13:54:42",306200
80600,-900,100,"bu","13:54:39",305900
80600,-900,200,"sd","13:54:31",305800
80600,-900,100,"sd","13:54:31",305600
80600,-900,500,"sd","13:54:31",305500
80600,-900,500,"sd","13:54:04",305000
80600,-900,1700,"sd","13:54:04",304500
80700,-800,100,"bu","13:54:04",302800
80700,-800,500,"sd","13:53:37",302700
80800,-700,400,"sd","13:53:10",302200
80800,-700,100,"bu","13:52:58",301800
80800,-700,200,"bu","13:52:56",301700
80600,-900,3300,"sd","13:52:52",301500
80600,-900,100,"sd","13:52:52",298200
80600,-900,100,"sd","13:52:52",298100
80600,-900,3300,"sd","13:52:52",298000
80700,-800,300,"sd","13:52:52",294700
80700,-800,800,"sd","13:52:52",294400
80700,-800,2200,"sd","13:52:43",293600
80800,-700,600,"bu","13:52:40",291400
80700,-800,1900,"sd","13:52:16",290800
80700,-800,300,"sd","13:52:16",288900
80800,-700,500,"bu","13:52:08",288600
80600,-900,200,"sd","13:52:03",288100
80600,-900,1500,"sd","13:51:49",287900
80600,-900,500,"sd","13:51:49",286400
80600,-900,200,"sd","13:51:49",285900
80700,-800,1000,"bu","13:51:33",285700
80700,-800,200,"sd","13:51:22",284700
80700,-800,100,"sd","13:51:22",284500
80700,-800,100,"sd","13:51:22",284400
80700,-800,800,"sd","13:51:22",284300
80700,-800,200,"sd","13:50:55",283500
80700,-800,100,"sd","13:50:55",283300
80700,-800,300,"sd","13:50:55",283200
80700,-800,1600,"sd","13:50:55",282900
80800,-700,100,"bu","13:50:47",281300
80700,-800,1400,"sd","13:50:41",281200
80700,-800,200,"sd","13:50:41",279800
80700,-800,400,"sd","13:50:41",279600
80800,-700,500,"bu","13:50:38",279200
80700,-800,2200,"sd","13:50:28",278700
80800,-700,100,"bu","13:50:12",276500
80800,-700,100,"sd","13:50:01",276400
80800,-700,300,"bu","13:49:53",276300
80800,-700,300,"bu","13:49:45",276000
80700,-800,2200,"sd","13:49:34",275700
80800,-700,100,"bu","13:49:31",273500
80700,-800,100,"sd","13:49:31",273400
80800,-700,100,"sd","13:49:07",273300
80800,-700,1000,"sd","13:49:07",273200
80800,-700,100,"sd","13:49:07",272200
80800,-700,300,"sd","13:49:07",272100
80900,-600,500,"bu","13:48:53",271800
80900,-600,500,"sd","13:48:41",271300
80900,-600,1000,"sd","13:48:41",270800
80900,-600,100,"sd","13:48:41",269800
80900,-600,100,"sd","13:48:41",269700
80900,-600,600,"sd","13:48:36",269600
80900,-600,300,"sd","13:48:14",269000
80900,-600,500,"sd","13:48:14",268700
80900,-600,100,"sd","13:48:14",268200
80900,-600,100,"sd","13:48:14",268100
80900,-600,100,"sd","13:48:14",268000
80900,-600,1100,"sd","13:48:14",267900
81000,-500,100,"sd","13:47:47",266800
80900,-600,2200,"sd","13:47:20",266700
81100,-400,600,"bu","13:47:10",264500
81000,-500,400,"bu","13:47:10",263900
80900,-600,1700,"sd","13:46:53",263500
80900,-600,200,"sd","13:46:53",261800
80900,-600,200,"sd","13:46:53",261600
80900,-600,100,"sd","13:46:53",261400
81000,-500,100,"bu","13:46:43",261300
81000,-500,200,"bu","13:46:43",261200
81000,-500,100,"sd","13:46:26",261000
81000,-500,100,"sd","13:46:26",260900
81000,-500,1300,"sd","13:46:26",260800
81000,-500,1600,"sd","13:45:59",259500
81000,-500,600,"sd","13:45:59",257900
81000,-500,100,"sd","13:45:32",257300
81000,-500,100,"sd","13:45:32",257200
81000,-500,100,"sd","13:45:32",257100
81000,-500,200,"sd","13:45:32",257000
81000,-500,400,"sd","13:45:32",256800
81000,-500,1300,"sd","13:45:32",256400
81000,-500,700,"sd","13:45:05",255100
81000,-500,500,"sd","13:45:05",254400
81000,-500,1000,"sd","13:45:05",253900
81100,-400,200,"bu","13:44:45",252900
81100,-400,100,"sd","13:44:38",252700
81100,-400,400,"bu","13:44:34",252600
81100,-400,300,"bu","13:44:30",252200
81000,-500,2000,"sd","13:44:11",251900
81000,-500,200,"sd","13:44:11",249900
81100,-400,500,"bu","13:44:04",249700
81100,-400,500,"sd","13:43:44",249200
81100,-400,500,"sd","13:43:44",248700
81100,-400,200,"sd","13:43:17",248200
81100,-400,2000,"sd","13:43:17",248000
81100,-400,2200,"sd","13:42:50",246000
81100,-400,2200,"sd","13:42:23",243800
81200,-300,500,"bu","13:42:10",241600
81100,-400,600,"sd","13:41:56",241100
81100,-400,100,"sd","13:41:56",240500
81100,-400,100,"sd","13:41:56",240400
81100,-400,600,"sd","13:41:56",240300
81100,-400,200,"sd","13:41:56",239700
81100,-400,300,"sd","13:41:56",239500
81100,-400,300,"sd","13:41:56",239200
81100,-400,200,"sd","13:41:29",238900
81100,-400,2000,"sd","13:41:29",238700
81100,-400,1500,"sd","13:35:17",236700
81100,-400,500,"sd","13:35:17",235200
81100,-400,200,"bu","13:33:32",234700
81100,-400,200,"bu","13:31:55",234500
81100,-400,200,"bu","13:31:10",234300
81100,-400,800,"bu","13:31:10",234100
81100,-400,200,"bu","13:28:37",233300
81100,-400,800,"bu","13:28:37",233100
81100,-400,100,"bu","13:28:00",232300
81100,-400,100,"bu","13:27:26",232200
81100,-400,1000,"bu","13:26:41",232100
81000,-500,1000,"sd","13:26:27",231100
81000,-500,2000,"sd","13:26:25",230100
81300,-200,200,"bu","13:25:24",228100
81300,-200,5000,"bu","13:25:11",227900
81300,-200,700,"bu","13:22:02",222900
81300,-200,300,"bu","13:22:02",222200
81300,-200,400,"sd","13:21:03",221900
81300,-200,300,"sd","13:21:03",221500
81300,-200,1200,"bu","13:20:29",221200
81300,-200,1800,"bu","13:20:21",220000
81300,-200,2000,"bu","13:19:49",218200
81300,-200,300,"bu","13:19:49",216200
81300,-200,500,"bu","13:19:46",215900
81200,-300,1000,"sd","13:19:38",215400
81200,-300,500,"bu","13:19:35",214400
81200,-300,1000,"bu","13:19:35",213900
81200,-300,400,"bu","13:19:35",212900
81000,-500,600,"bu","13:19:07",212500
81000,-500,1000,"bu","13:19:07",211900
81000,-500,100,"bu","13:19:07",210900
81000,-500,100,"bu","13:19:05",210800
81000,-500,100,"bu","13:18:58",210700
81000,-500,900,"bu","13:18:58",210600
81000,-500,1100,"bu","13:18:50",209700
81000,-500,900,"bu","13:18:50",208600
81000,-500,200,"bu","13:18:35",207600
81000,-500,100,"bu","13:18:35",207700
80900,-600,900,"bu","13:18:03",207400
80900,-600,100,"bu","13:18:01",206500
80900,-600,900,"bu","13:18:01",206400
80900,-600,100,"bu","13:17:54",205500
80900,-600,600,"bu","13:17:54",205400
80800,-700,100,"sd","13:17:49",204800
80800,-700,200,"bu","13:17:38",204700
80800,-700,100,"bu","13:17:18",204500
80800,-700,200,"bu","13:17:11",204400
80800,-700,500,"bu","13:16:44",204200
80800,-700,500,"bu","13:16:27",203700
80700,-800,100,"bu","13:14:24",203200
80700,-800,300,"bu","13:14:24",203100
80700,-800,500,"bu","13:14:24",202800
80700,-800,1000,"bu","13:14:13",202300
80700,-800,100,"bu","13:14:08",201300
80700,-800,200,"bu","13:13:57",201200
80700,-800,500,"bu","13:13:27",201000
80700,-800,500,"bu","13:13:23",200500
80600,-900,1000,"sd","13:13:14",200000
80600,-900,200,"sd","13:13:12",199000
80600,-900,400,"sd","13:12:42",198800
80600,-900,1200,"bu","13:12:23",198400
80600,-900,1300,"bu","13:12:19",197200
80600,-900,700,"bu","13:12:19",195900
80600,-900,100,"bu","13:12:13",195200
80500,-1000,2000,"sd","13:10:30",195100
80600,-900,1000,"sd","13:08:32",193100
80600,-900,100,"sd","13:08:32",192100
80600,-900,100,"sd","13:08:32",192000
80600,-900,300,"sd","13:08:32",191900
80600,-900,200,"sd","13:08:32",191600
80600,-900,100,"sd","13:08:32",191400
80600,-900,1000,"sd","13:08:32",191300
80600,-900,300,"sd","13:08:32",190300
80700,-800,500,"bu","13:07:27",190000
80800,-700,100,"bu","13:06:05",189500
80800,-700,100,"bu","13:00:33",189400
80800,-700,100,"bu","13:00:24",189300
80800,-700,500,"bu","13:00:23",189200
80800,-700,500,"bu","13:00:02",188700
80800,-700,200,"bu","13:00:02",188200
80900,-600,400,"bu","13:00:02",188000
80800,-700,100,"sd","13:00:00",187600
80800,-700,100,"sd","11:27:57",187500
80500,-1000,400,"bu","11:22:52",187400
80500,-1000,600,"bu","11:22:52",187000
80500,-1000,500,"bu","11:22:52",186400
80500,-1000,1400,"bu","11:22:52",185900
80500,-1000,5100,"bu","11:22:52",184500
80500,-1000,3000,"bu","11:22:48",179400
80500,-1000,100,"bu","11:22:45",176400
80500,-1000,500,"bu","11:22:37",176300
80500,-1000,2000,"bu","11:22:27",175800
80500,-1000,500,"bu","11:22:16",173800
80500,-1000,5000,"bu","11:22:10",173300
80500,-1000,200,"bu","11:22:00",168300
80500,-1000,6600,"bu","11:22:00",168100
80500,-1000,400,"bu","11:21:52",161500
80500,-1000,500,"bu","11:21:48",161100
80400,-1100,100,"sd","11:21:43",160600
80500,-1000,200,"bu","11:21:40",160500
80400,-1100,300,"sd","11:21:24",160300
80400,-1100,100,"sd","11:21:24",160000
80400,-1100,3600,"sd","11:21:24",159900
80400,-1100,900,"sd","11:21:04",156300
80500,-1000,1500,"bu","11:20:45",155400
80400,-1100,100,"sd","11:20:27",153900
80500,-1000,2000,"bu","11:20:20",153800
80500,-1000,5000,"bu","11:20:07",151800
80500,-1000,2000,"bu","11:19:52",146800
80500,-1000,100,"bu","11:19:37",144800
80500,-1000,2000,"bu","11:19:22",144700
80500,-1000,1500,"bu","11:19:18",142700
80400,-1100,1000,"sd","11:19:05",141200
80400,-1100,500,"sd","11:18:47",140200
80400,-1100,200,"sd","11:18:42",139700
80500,-1000,100,"bu","11:17:52",139500
80500,-1000,100,"bu","11:17:36",139400
80500,-1000,300,"bu","11:17:27",139300
80400,-1100,100,"sd","11:17:22",139000
80500,-1000,2000,"bu","11:17:11",138900
80500,-1000,200,"bu","11:16:19",136900
80500,-1000,200,"bu","11:15:57",136700
80500,-1000,100,"bu","11:14:38",136500
80400,-1100,200,"sd","11:14:21",136400
80400,-1100,100,"sd","11:13:08",136200
80500,-1000,100,"bu","11:13:02",136100
80500,-1000,400,"bu","11:12:56",136000
80500,-1000,500,"bu","11:12:50",135600
80400,-1100,300,"sd","11:11:39",135100
80400,-1100,200,"sd","11:11:39",134800
80400,-1100,100,"sd","11:11:39",134600
80400,-1100,300,"sd","11:11:39",134500
80500,-1000,100,"bu","11:11:34",134200
80500,-1000,300,"bu","11:11:25",134100
80500,-1000,600,"bu","11:10:04",133800
80500,-1000,200,"bu","11:09:50",133200
80500,-1000,1000,"bu","11:09:37",133000
80500,-1000,100,"bu","11:09:20",132000
80400,-1100,200,"sd","11:08:37",131900
80400,-1100,500,"sd","11:08:11",131700
80400,-1100,100,"sd","11:08:11",131200
80400,-1100,100,"sd","11:07:39",131100
80500,-1000,7000,"bu","11:07:33",131000
80500,-1000,2000,"bu","11:07:21",124000
80400,-1100,100,"sd","11:07:10",122000
80400,-1100,100,"sd","11:07:06",121900
80400,-1100,100,"sd","11:07:06",121800
80400,-1100,200,"sd","11:07:06",121700
80400,-1100,1000,"sd","11:07:06",121500
80400,-1100,100,"sd","11:07:06",120500
80400,-1100,500,"sd","11:06:44",120400
80500,-1000,2000,"bu","11:06:38",119900
80400,-1100,100,"sd","11:04:36",117900
80400,-1100,100,"bu","11:03:59",117800
80400,-1100,200,"bu","11:03:59",117700
80400,-1100,200,"sd","11:03:46",117500
80400,-1100,200,"sd","11:03:46",117300
80400,-1100,100,"sd","11:03:42",117100
80400,-1100,100,"sd","11:03:42",117000
80400,-1100,800,"sd","11:03:42",116900
80400,-1100,500,"sd","11:03:38",116100
80500,-1000,500,"bu","11:03:34",115600
80500,-1000,200,"bu","11:03:27",115100
80400,-1100,700,"sd","11:03:12",114900
80500,-1000,2000,"sd","11:02:23",114200
80500,-1000,1000,"sd","11:02:23",112200
80500,-1000,100,"sd","11:02:23",111200
80500,-1000,100,"sd","11:02:23",111100
80500,-1000,2500,"sd","11:02:23",111000
80500,-1000,500,"sd","11:02:23",108500
80500,-1000,300,"sd","11:02:23",108000
80500,-1000,100,"sd","11:02:23",107700
80500,-1000,100,"sd","11:02:23",107600
80500,-1000,2000,"sd","11:02:23",107500
80500,-1000,500,"sd","11:02:23",105500
80500,-1000,300,"sd","11:02:23",105000
80500,-1000,100,"sd","11:02:23",104700
80500,-1000,100,"sd","11:02:23",104600
80500,-1000,100,"sd","11:02:23",104500
80500,-1000,100,"sd","11:02:23",104400
80500,-1000,200,"sd","11:02:23",104300
80500,-1000,100,"sd","11:02:23",104100
80500,-1000,200,"sd","11:02:23",104000
80500,-1000,1000,"sd","11:02:23",103800
80500,-1000,10000,"sd","11:02:23",102800
80500,-1000,100,"sd","11:02:23",92800
80500,-1000,100,"sd","11:02:23",92700
80500,-1000,2000,"sd","11:02:23",92600
80500,-1000,500,"sd","11:02:23",90500
80500,-1000,100,"sd","11:02:23",90600
80600,-900,500,"sd","11:02:23",90000
80600,-900,100,"sd","11:02:23",89500
80600,-900,100,"sd","11:02:23",89400
80600,-900,100,"sd","11:02:23",89300
80600,-900,500,"sd","11:02:23",89200
80600,-900,300,"sd","11:02:23",88700
80600,-900,1000,"sd","11:02:23",88400
80700,-800,100,"sd","11:02:23",87400
80600,-900,10000,"sd","11:02:23",87300
80700,-800,200,"sd","11:02:23",77300
80600,-900,1000,"sd","11:02:23",77100
80700,-800,400,"sd","11:02:23",76100
80600,-900,3000,"sd","11:02:23",75700
80800,-700,300,"sd","11:02:23",72700
80600,-900,100,"sd","11:02:23",72400
80600,-900,1100,"sd","11:02:23",72300
80700,-800,300,"sd","11:02:23",71200
80700,-800,500,"sd","11:02:23",70900
80700,-800,200,"sd","11:01:11",70400
80800,-700,100,"sd","11:01:11",70200
80800,-700,200,"sd","11:01:11",70100
80800,-700,300,"sd","10:59:51",69900
80800,-700,100,"bu","10:59:31",69600
80800,-700,300,"bu","10:59:31",69500
80800,-700,200,"bu","10:59:31",69200
80800,-700,100,"bu","10:59:31",69000
80800,-700,300,"bu","10:59:31",68900
80800,-700,300,"bu","10:59:26",68600
80800,-700,100,"bu","10:59:23",68300
80800,-700,400,"bu","10:59:17",68200
80800,-700,3000,"bu","10:59:06",67800
80800,-700,2000,"bu","10:58:42",64800
80800,-700,500,"bu","10:57:55",62800
80800,-700,100,"bu","10:57:53",62300
80800,-700,2000,"bu","10:57:38",62200
80800,-700,100,"bu","10:57:20",60200
80800,-700,200,"bu","10:56:46",60100
80800,-700,3000,"bu","10:56:15",59900
80800,-700,500,"bu","10:55:52",56900
80800,-700,1000,"bu","10:55:52",56400
80800,-700,100,"bu","10:55:33",55400
80800,-700,300,"sd","10:54:44",55300
80800,-700,200,"sd","10:54:44",55000
80800,-700,100,"sd","10:54:44",54800
80800,-700,3000,"sd","10:54:44",54700
80800,-700,100,"sd","10:54:44",51700
80800,-700,2100,"sd","10:54:44",51600
80800,-700,900,"sd","10:53:51",49500
80900,-600,100,"sd","10:53:51",48600
80900,-600,100,"sd","10:53:51",48500
80900,-600,100,"sd","10:53:51",48400
80900,-600,600,"sd","10:53:51",48300
81000,-500,100,"bu","10:53:16",47700
80900,-600,200,"sd","10:52:08",47600
80900,-600,700,"sd","10:51:52",47400
80900,-600,300,"sd","10:51:52",46700
81000,-500,500,"bu","10:50:50",46400
81000,-500,100,"bu","10:49:51",45900
80900,-600,600,"sd","10:49:37",45800
80900,-600,200,"sd","10:49:37",45200
80900,-600,100,"sd","10:49:37",45000
80900,-600,100,"sd","10:49:37",44900
80900,-600,200,"sd","10:48:04",44800
81000,-500,200,"bu","10:47:27",44600
81000,-500,100,"bu","10:47:27",44400
80900,-600,100,"bu","10:46:36",44300
80900,-600,500,"bu","10:46:26",44200
80900,-600,200,"bu","10:46:24",43700
80900,-600,300,"bu","10:46:24",43500
80900,-600,200,"sd","10:45:30",43200
80900,-600,500,"sd","10:44:08",43000
80900,-600,100,"sd","10:44:08",42500
80900,-600,100,"sd","10:44:08",42400
80900,-600,200,"sd","10:43:06",42300
80900,-600,300,"sd","10:43:06",42100
81000,-500,500,"bu","10:42:57",41800
81000,-500,200,"bu","10:42:52",41300
80900,-600,100,"sd","10:42:52",41100
81000,-500,500,"bu","10:42:31",41000
81000,-500,300,"bu","10:42:31",40500
81000,-500,100,"unknown","10:42:31",40200
81000,-500,100,"sd","10:42:31",40100
81000,-500,200,"sd","10:42:31",40000
81000,-500,100,"sd","10:42:06",39800
81000,-500,100,"sd","10:41:39",39700
81000,-500,100,"sd","10:41:39",39600
81000,-500,100,"sd","10:41:39",39500
81000,-500,100,"sd","10:41:39",39400
81000,-500,100,"sd","10:41:39",39300
81000,-500,100,"sd","10:41:39",39200
81000,-500,1600,"sd","10:41:39",38700
81000,-500,100,"sd","10:41:39",39100
81000,-500,300,"sd","10:41:39",39000
81100,-400,500,"sd","10:41:39",37100
81100,-400,500,"sd","10:41:39",36600
81100,-400,100,"sd","10:41:39",36100
81100,-400,400,"sd","10:41:39",36000
81100,-400,100,"sd","10:41:18",35600
81100,-400,200,"sd","10:41:10",35500
81200,-300,500,"bu","10:38:05",35300
81100,-400,2300,"sd","10:38:01",34800
81100,-400,100,"sd","10:38:01",32500
81100,-400,100,"sd","10:37:29",32400
81100,-400,500,"sd","10:37:29",32300
81100,-400,100,"sd","10:37:29",31800
81100,-400,100,"sd","10:37:29",31700
81100,-400,200,"sd","10:37:29",31600
81100,-400,200,"sd","10:35:18",31400
81100,-400,2000,"sd","10:34:22",31200
81200,-300,100,"bu","10:33:52",29200
81100,-400,100,"sd","10:32:47",29100
81100,-400,200,"sd","10:31:47",29000
81100,-400,200,"sd","10:31:47",28800
81100,-400,600,"sd","10:31:47",28600
81100,-400,200,"sd","10:27:31",28000
81100,-400,100,"sd","10:26:19",27800
81100,-400,600,"sd","10:24:26",27700
81100,-400,200,"sd","10:24:22",27100
81100,-400,100,"sd","10:23:21",26900
81200,-300,400,"sd","10:21:15",26800
81200,-300,100,"bu","10:20:32",26400
81200,-300,100,"bu","10:19:39",26300
81200,-300,100,"bu","10:18:01",26200
81100,-400,100,"sd","10:16:28",26100
81100,-400,100,"sd","10:15:36",26000
81200,-300,100,"bu","10:15:03",25900
81200,-300,100,"sd","10:14:44",25800
81200,-300,100,"sd","10:14:44",25700
81200,-300,200,"sd","10:14:44",25600
81200,-300,100,"sd","10:14:44",25400
81200,-300,100,"sd","10:14:44",25300
81200,-300,100,"sd","10:14:44",25200
81200,-300,1200,"sd","10:14:44",25100
81200,-300,100,"sd","10:14:25",23900
81200,-300,300,"sd","10:13:17",23800
81200,-300,800,"sd","10:11:32",23500
81200,-300,600,"sd","10:10:41",22700
81200,-300,300,"sd","10:10:41",22100
81200,-300,100,"sd","10:10:41",21800
81200,-300,800,"sd","10:09:49",21700
81300,-200,100,"sd","10:09:17",20900
81300,-200,500,"sd","10:09:17",20800
81400,-100,100,"bu","10:07:31",20300
81400,-100,200,"sd","10:07:20",20200
81400,-100,200,"sd","10:07:20",20000
81400,-100,100,"sd","10:06:32",19800
81400,-100,100,"sd","10:06:32",19700
81400,-100,200,"sd","10:01:51",19600
81500,0,100,"bu","09:59:52",19400
81500,0,200,"bu","09:59:52",19300
81500,0,200,"bu","09:59:52",19100
81500,0,100,"bu","09:58:22",18900
81500,0,100,"bu","09:56:29",18800
81500,0,600,"sd","09:54:50",18700
81500,0,900,"sd","09:54:50",18100
81500,0,300,"sd","09:54:50",17200
81500,0,100,"sd","09:54:50",16900
81500,0,300,"sd","09:54:50",16800
81500,0,1400,"sd","09:54:50",16500
81600,100,200,"bu","09:52:54",15100
81500,0,100,"sd","09:52:51",14900
81500,0,300,"sd","09:52:01",14800
81600,100,100,"bu","09:51:01",14500
81600,100,100,"bu","09:50:58",14400
81600,100,300,"sd","09:49:02",14300
81600,100,100,"sd","09:49:02",14000
81600,100,500,"sd","09:48:08",13900
81600,100,200,"sd","09:47:21",13400
81700,200,200,"bu","09:46:16",13200
81700,200,200,"bu","09:45:29",13000
81600,100,100,"bu","09:44:57",12800
81600,100,100,"bu","09:44:57",12700
81600,100,400,"sd","09:44:02",12600
81600,100,100,"bu","09:43:58",12200
81600,100,200,"bu","09:43:58",12100
81600,100,300,"bu","09:43:58",11900
81600,100,200,"bu","09:43:48",11600
81600,100,500,"bu","09:43:21",11400
81600,100,200,"bu","09:42:46",10900
81600,100,100,"bu","09:42:46",10700
81600,100,100,"bu","09:42:35",10600
81600,100,200,"bu","09:42:35",10500
81600,100,200,"bu","09:42:35",10300
81600,100,500,"bu","09:42:35",10100
81600,100,100,"bu","09:42:35",9600
81600,100,900,"bu","09:42:35",9500
81600,100,200,"bu","09:41:41",8600
81500,0,100,"sd","09:38:23",8400
81500,0,100,"bu","09:36:59",8300
81500,0,500,"bu","09:36:59",8200
81500,0,2000,"bu","09:36:59",7700
81500,0,300,"bu","09:36:59",5700
81500,0,500,"bu","09:33:00",5400
81200,-300,100,"sd","09:32:37",4900
81200,-300,100,"sd","09:32:37",4800
81500,0,100,"bu","09:27:59",4700
81500,0,100,"bu","09:27:49",4600
81500,0,200,"bu","09:23:05",4500
81500,0,1000,"sd","09:22:58",4300
81500,0,100,"bu","09:21:57",3300
81500,0,200,"bu","09:21:57",3200
81500,0,300,"bu","09:19:03",3000
81500,0,400,"bu","09:18:16",2700
81500,0,2300,"bu","09:15:00",2300
