"price","change","match_qtty","side","time","total_vol"
18800,-250,1484200,"unknown","14:45:04",38605400
18850,-200,3000,"unknown","14:30:04",37121200
18800,-250,100,"sd","14:29:59",37118200
18850,-200,1000,"bu","14:29:57",37118100
18850,-200,6300,"bu","14:29:57",37117100
18850,-200,200,"sd","14:29:57",37110800
18800,-250,3000,"sd","14:29:57",37110600
18850,-200,300,"sd","14:29:56",37107600
18850,-200,600,"sd","14:29:55",37107300
18850,-200,1500,"sd","14:29:55",37106700
18850,-200,2700,"sd","14:29:54",37105200
18850,-200,200,"unknown","14:29:53",37102500
18850,-200,2100,"sd","14:29:53",37102300
18800,-250,200,"sd","14:29:52",37100200
18800,-250,400,"sd","14:29:52",37100000
18850,-200,200,"sd","14:29:52",37099600
18850,-200,500,"sd","14:29:52",37099400
18800,-250,100,"sd","14:29:52",37098900
18850,-200,8100,"sd","14:29:51",37098800
18800,-250,3000,"sd","14:29:51",37090700
18850,-200,300,"bu","14:29:51",37087700
18850,-200,300,"bu","14:29:50",37087400
18800,-250,500,"sd","14:29:50",37087100
18800,-250,700,"sd","14:29:50",37086600
18800,-250,1300,"sd","14:29:49",37085900
18850,-200,1500,"bu","14:29:49",37084600
18800,-250,100,"sd","14:29:49",37083100
18850,-200,1000,"bu","14:29:48",37083000
18800,-250,200,"sd","14:29:48",37082000
18850,-200,7700,"bu","14:29:48",37081800
18850,-200,5000,"bu","14:29:48",37074100
18850,-200,100,"bu","14:29:47",37069100
18850,-200,1400,"bu","14:29:47",37069000
18850,-200,500,"bu","14:29:46",37067600
18850,-200,100,"bu","14:29:46",37067100
18850,-200,6900,"bu","14:29:46",37067000
18850,-200,500,"bu","14:29:46",37060100
18850,-200,500,"bu","14:29:46",37059600
18850,-200,100,"bu","14:29:46",37059100
18850,-200,100,"bu","14:29:45",37059000
18850,-200,500,"bu","14:29:45",37058900
18800,-250,200,"sd","14:29:45",37058400
18850,-200,100,"bu","14:29:45",37058200
18850,-200,1000,"bu","14:29:45",37058100
18850,-200,1000,"bu","14:29:44",37057100
18850,-200,1000,"bu","14:29:44",37056100
18850,-200,2600,"bu","14:29:44",37055100
18850,-200,300,"bu","14:29:44",37052500
18850,-200,300,"bu","14:29:44",37052200
18850,-200,2000,"bu","14:29:44",37051900
18850,-200,400,"bu","14:29:43",37049900
18850,-200,200,"bu","14:29:43",37049500
18850,-200,1800,"bu","14:29:43",37049300
18850,-200,3400,"bu","14:29:42",37047500
18850,-200,4900,"bu","14:29:42",37044100
18850,-200,500,"bu","14:29:42",37039200
18850,-200,1000,"bu","14:29:42",37038700
18850,-200,300,"bu","14:29:41",37037700
18850,-200,1600,"bu","14:29:41",37037400
18850,-200,200,"bu","14:29:41",37035800
18850,-200,800,"bu","14:29:41",37035600
18850,-200,1700,"bu","14:29:41",37034800
18850,-200,200,"bu","14:29:40",37033100
18850,-200,100,"bu","14:29:40",37032900
18850,-200,200,"bu","14:29:40",37032800
18850,-200,300,"bu","14:29:39",37032600
18850,-200,400,"bu","14:29:39",37032300
18850,-200,400,"bu","14:29:38",37031900
18850,-200,100,"bu","14:29:38",37031500
18850,-200,200,"bu","14:29:36",37031400
18850,-200,2400,"bu","14:29:35",37031200
18850,-200,3000,"bu","14:29:35",37028800
18850,-200,2600,"bu","14:29:34",37025800
18850,-200,1500,"bu","14:29:33",37023200
18850,-200,1400,"bu","14:29:33",37021700
18850,-200,500,"bu","14:29:32",37020300
18850,-200,500,"bu","14:29:32",37019800
18850,-200,100,"bu","14:29:32",37019300
18850,-200,500,"bu","14:29:31",37019200
18850,-200,100,"bu","14:29:31",37018700
18850,-200,100,"bu","14:29:30",37018600
18850,-200,1000,"bu","14:29:30",37018500
18850,-200,1000,"bu","14:29:30",37017500
18850,-200,100,"bu","14:29:29",37016500
18850,-200,200,"bu","14:29:28",37016400
18850,-200,5000,"bu","14:29:28",37016200
18850,-200,100,"bu","14:29:27",37011200
18850,-200,800,"bu","14:29:27",37011100
18850,-200,4500,"bu","14:29:27",37010300
18850,-200,5000,"bu","14:29:26",37005800
18850,-200,500,"bu","14:29:26",37000800
18850,-200,2000,"bu","14:29:25",37000300
18850,-200,1000,"bu","14:29:24",36998300
18850,-200,1800,"bu","14:29:24",36997300
18850,-200,100,"bu","14:29:23",36995500
18850,-200,5000,"bu","14:29:23",36995400
18800,-250,500,"sd","14:29:21",36990400
18800,-250,100,"sd","14:29:20",36989900
18800,-250,200,"sd","14:29:20",36989800
18850,-200,500,"bu","14:29:19",36989600
18800,-250,200,"sd","14:29:19",36989100
18800,-250,500,"sd","14:29:19",36988900
18800,-250,3500,"sd","14:29:18",36988400
18850,-200,200,"bu","14:29:18",36984900
18850,-200,600,"bu","14:29:16",36984700
18850,-200,200,"bu","14:29:15",36984100
18850,-200,1000,"bu","14:29:15",36983900
18850,-200,100,"bu","14:29:14",36982900
18850,-200,200,"bu","14:29:14",36982800
18850,-200,1500,"bu","14:29:13",36982600
18850,-200,1000,"bu","14:29:11",36981100
18850,-200,1000,"bu","14:29:10",36980100
18800,-250,1000,"sd","14:29:10",36979100
18850,-200,800,"bu","14:29:09",36978100
18850,-200,500,"bu","14:29:09",36977300
18850,-200,1000,"bu","14:29:08",36976800
18800,-250,500,"sd","14:29:07",36975800
18800,-250,9500,"sd","14:29:07",36975300
18850,-200,4000,"bu","14:29:07",36965800
18800,-250,700,"sd","14:29:07",36961800
18850,-200,2000,"bu","14:29:06",36961100
18850,-200,5000,"bu","14:29:06",36959100
18800,-250,700,"sd","14:29:06",36954100
18850,-200,1000,"bu","14:29:04",36953400
18850,-200,200,"bu","14:29:04",36952400
18850,-200,1500,"bu","14:29:01",36952200
18800,-250,1000,"sd","14:28:59",36950700
18850,-200,1000,"bu","14:28:59",36949700
18850,-200,200,"bu","14:28:59",36948700
18850,-200,3000,"bu","14:28:56",36948500
18850,-200,2000,"bu","14:28:55",36945500
18850,-200,300,"bu","14:28:53",36943500
18800,-250,100,"sd","14:28:50",36943200
18850,-200,100,"bu","14:28:47",36943100
18800,-250,300,"sd","14:28:46",36943000
18850,-200,300,"bu","14:28:44",36942700
18850,-200,4000,"bu","14:28:43",36942400
18850,-200,1400,"bu","14:28:40",36938400
18850,-200,100,"bu","14:28:40",36937000
18800,-250,1000,"sd","14:28:40",36936900
18800,-250,100,"sd","14:28:38",36935900
18800,-250,400,"sd","14:28:31",36935800
18800,-250,1200,"sd","14:28:30",36935400
18800,-250,2300,"bu","14:28:30",36934200
18800,-250,1000,"bu","14:28:29",36931900
18800,-250,100,"bu","14:28:29",36930900
18800,-250,300,"bu","14:28:28",36930800
18800,-250,100,"bu","14:28:27",36930500
18800,-250,100,"bu","14:28:25",36930400
18800,-250,3000,"bu","14:28:25",36930300
18800,-250,300,"sd","14:28:24",36927300
18800,-250,200,"sd","14:28:24",36927000
18800,-250,700,"sd","14:28:24",36926800
18800,-250,1000,"sd","14:28:24",36926100
18800,-250,3500,"sd","14:28:24",36925100
18800,-250,200,"sd","14:28:23",36921600
18800,-250,500,"sd","14:28:23",36921400
18800,-250,300,"sd","14:28:23",36920900
18800,-250,44700,"sd","14:28:23",36920600
18800,-250,500,"sd","14:28:23",36875900
18800,-250,1000,"bu","14:28:22",36875400
18800,-250,600,"bu","14:28:22",36874400
18800,-250,1000,"bu","14:28:22",36873800
18800,-250,15000,"bu","14:28:22",36872800
18800,-250,5000,"bu","14:28:21",36857800
18800,-250,5000,"bu","14:28:21",36852800
18800,-250,1000,"bu","14:28:21",36847800
18800,-250,1100,"bu","14:28:21",36846800
18800,-250,1000,"bu","14:28:20",36845700
18800,-250,100,"bu","14:28:20",36844700
18800,-250,1700,"bu","14:28:19",36844600
18800,-250,2000,"bu","14:28:18",36842900
18800,-250,5000,"bu","14:28:17",36840900
18800,-250,300,"bu","14:28:17",36835900
18800,-250,100,"bu","14:28:15",36835600
18800,-250,3800,"bu","14:28:15",36835500
18800,-250,1000,"bu","14:28:15",36831700
18800,-250,1200,"bu","14:28:15",36830700
18800,-250,100,"bu","14:28:14",36829500
18800,-250,1400,"bu","14:28:14",36829400
18800,-250,100,"bu","14:28:14",36828000
18800,-250,100,"bu","14:28:14",36827900
18800,-250,4800,"bu","14:28:14",36827800
18800,-250,1000,"bu","14:28:13",36823000
18800,-250,200,"bu","14:28:13",36822000
18800,-250,200,"bu","14:28:12",36821800
18800,-250,3000,"bu","14:28:12",36821600
18800,-250,500,"bu","14:28:12",36818600
18800,-250,2000,"bu","14:28:12",36818100
18800,-250,300,"bu","14:28:11",36816100
18800,-250,1100,"bu","14:28:11",36815800
18800,-250,1000,"bu","14:28:11",36814700
18800,-250,600,"bu","14:28:10",36813700
18800,-250,100,"bu","14:28:10",36813100
18800,-250,1000,"bu","14:28:09",36813000
18800,-250,1900,"bu","14:28:09",36812000
18800,-250,100,"bu","14:28:09",36810100
18800,-250,400,"bu","14:28:08",36810000
18800,-250,1800,"bu","14:28:08",36809600
18800,-250,1000,"bu","14:28:08",36807800
18800,-250,500,"bu","14:28:07",36806800
18800,-250,500,"bu","14:28:07",36806300
18800,-250,5000,"bu","14:28:07",36805800
18800,-250,1000,"bu","14:28:07",36800800
18800,-250,800,"bu","14:28:07",36799800
18800,-250,100,"bu","14:28:06",36799000
18800,-250,1000,"bu","14:28:06",36798900
18800,-250,1000,"bu","14:28:06",36797900
18800,-250,1000,"bu","14:28:06",36796900
18800,-250,5000,"bu","14:28:05",36795900
18800,-250,1000,"bu","14:28:05",36790900
18800,-250,500,"bu","14:28:05",36789900
18800,-250,1000,"bu","14:28:04",36789400
18800,-250,1500,"bu","14:28:04",36788400
18800,-250,1000,"bu","14:28:02",36786900
18800,-250,2300,"bu","14:28:02",36785900
18800,-250,500,"bu","14:28:01",36783600
18800,-250,500,"bu","14:28:00",36783100
18800,-250,300,"bu","14:27:59",36782600
18800,-250,5000,"bu","14:27:58",36782300
18800,-250,1000,"bu","14:27:57",36777300
18800,-250,100,"bu","14:27:57",36776300
18800,-250,500,"bu","14:27:57",36776200
18800,-250,1000,"bu","14:27:56",36775700
18800,-250,2000,"bu","14:27:56",36774700
18800,-250,4900,"bu","14:27:56",36772700
18800,-250,200,"bu","14:27:56",36767800
18800,-250,100,"bu","14:27:55",36767600
18800,-250,1500,"bu","14:27:55",36767500
18800,-250,1000,"bu","14:27:54",36766000
18800,-250,500,"bu","14:27:54",36765000
18800,-250,1100,"bu","14:27:54",36764500
18800,-250,100,"bu","14:27:54",36763400
18800,-250,100,"bu","14:27:54",36763300
18800,-250,100,"bu","14:27:54",36763200
18800,-250,200,"bu","14:27:53",36763100
18800,-250,200,"bu","14:27:53",36762900
18750,-300,5000,"sd","14:27:52",36762700
18800,-250,500,"bu","14:27:52",36757700
18800,-250,100,"bu","14:27:51",36757200
18800,-250,200,"bu","14:27:51",36757100
18800,-250,200,"bu","14:27:48",36756900
18800,-250,14700,"bu","14:27:48",36756700
18800,-250,3000,"bu","14:27:48",36742000
18800,-250,5000,"bu","14:27:48",36739000
18800,-250,1000,"bu","14:27:48",36734000
18800,-250,1000,"bu","14:27:47",36733000
18800,-250,200,"bu","14:27:47",36732000
18800,-250,500,"bu","14:27:47",36731800
18800,-250,2000,"bu","14:27:46",36731300
18800,-250,1000,"bu","14:27:46",36729300
18800,-250,3500,"bu","14:27:46",36728300
18800,-250,5000,"bu","14:27:45",36724800
18800,-250,6900,"bu","14:27:45",36719800
18800,-250,100,"bu","14:27:45",36712900
18800,-250,1000,"bu","14:27:44",36712800
18800,-250,500,"bu","14:27:43",36711800
18800,-250,1000,"bu","14:27:42",36711300
18800,-250,5000,"bu","14:27:42",36710300
18800,-250,500,"bu","14:27:42",36705300
18800,-250,1700,"bu","14:27:39",36704800
18800,-250,2000,"bu","14:27:39",36703100
18800,-250,3000,"bu","14:27:38",36701100
18800,-250,10300,"bu","14:27:37",36698100
18800,-250,800,"bu","14:27:37",36687800
18800,-250,1000,"bu","14:27:37",36687000
18800,-250,200,"bu","14:27:37",36686000
18800,-250,3000,"bu","14:27:37",36685800
18800,-250,500,"bu","14:27:37",36682800
18800,-250,300,"bu","14:27:37",36682300
18800,-250,100,"bu","14:27:36",36682000
18800,-250,8100,"bu","14:27:36",36681900
18800,-250,900,"bu","14:27:35",36673800
18800,-250,100,"bu","14:27:34",36672900
18800,-250,1000,"bu","14:27:34",36672800
18800,-250,1000,"bu","14:27:33",36671800
18800,-250,500,"bu","14:27:33",36670800
18800,-250,300,"bu","14:27:33",36670300
18800,-250,700,"bu","14:27:30",36670000
18800,-250,100,"bu","14:27:26",36669300
18800,-250,700,"bu","14:27:26",36669200
18800,-250,4300,"bu","14:27:26",36668500
18800,-250,100,"bu","14:27:20",36664200
18750,-300,500,"sd","14:27:14",36664100
18750,-300,500,"sd","14:27:12",36663600
18750,-300,400,"sd","14:27:11",36663100
18750,-300,200,"sd","14:27:03",36662700
18750,-300,500,"sd","14:27:03",36662500
18750,-300,100,"sd","14:27:03",36662000
18750,-300,300,"sd","14:27:03",36661900
18750,-300,100,"sd","14:27:03",36661600
18750,-300,100,"sd","14:27:02",36661500
18750,-300,10000,"sd","14:27:02",36661400
18750,-300,100,"sd","14:27:02",36651400
18750,-300,2000,"sd","14:27:02",36651300
18750,-300,18700,"sd","14:27:02",36649300
18750,-300,1000,"sd","14:27:01",36630600
18750,-300,100,"sd","14:27:01",36629600
18750,-300,200,"bu","14:27:00",36629500
18750,-300,600,"bu","14:27:00",36629300
18750,-300,800,"bu","14:27:00",36628700
18750,-300,500,"bu","14:26:58",36627900
18750,-300,1100,"bu","14:26:58",36627400
18700,-350,200,"sd","14:26:57",36626300
18750,-300,100,"bu","14:26:57",36626100
18750,-300,800,"bu","14:26:57",36626000
18750,-300,200,"bu","14:26:57",36625200
18750,-300,100,"bu","14:26:57",36625000
18750,-300,1600,"bu","14:26:57",36624900
18750,-300,2000,"bu","14:26:57",36623300
18750,-300,2000,"bu","14:26:57",36621300
18750,-300,4300,"bu","14:26:56",36619300
18750,-300,5700,"bu","14:26:55",36615000
18750,-300,5000,"bu","14:26:55",36609300
18750,-300,3000,"bu","14:26:54",36604300
18750,-300,5000,"bu","14:26:53",36601300
18750,-300,5000,"bu","14:26:52",36596300
18750,-300,10000,"bu","14:26:52",36591300
18750,-300,5000,"bu","14:26:52",36581300
18750,-300,300,"bu","14:26:50",36576300
18750,-300,2000,"bu","14:26:49",36576000
18750,-300,1000,"bu","14:26:47",36574000
18750,-300,300,"bu","14:26:46",36573000
18750,-300,300,"bu","14:26:45",36572700
18750,-300,200,"bu","14:26:44",36572400
18750,-300,7000,"bu","14:26:41",36572200
18750,-300,200,"bu","14:26:40",36565200
18750,-300,100,"bu","14:26:40",36565000
18750,-300,100,"bu","14:26:40",36564900
18750,-300,1900,"bu","14:26:40",36564800
18750,-300,1500,"bu","14:26:39",36562900
18750,-300,4600,"bu","14:26:39",36561400
18750,-300,500,"bu","14:26:33",36556800
18750,-300,4900,"bu","14:26:33",36556300
18750,-300,100,"bu","14:26:33",36551400
18750,-300,2000,"bu","14:26:31",36551300
18750,-300,200,"bu","14:26:30",36549300
18750,-300,5000,"bu","14:26:30",36549100
18750,-300,1000,"bu","14:26:30",36544100
18750,-300,5000,"bu","14:26:27",36543100
18750,-300,1000,"bu","14:26:26",36538100
18750,-300,200,"bu","14:26:23",36537100
18750,-300,3000,"bu","14:26:22",36536900
18750,-300,500,"bu","14:26:22",36533900
18750,-300,1300,"bu","14:26:22",36533400
18750,-300,5000,"bu","14:26:22",36532100
18750,-300,100,"bu","14:26:21",36527100
18750,-300,600,"bu","14:26:21",36527000
18750,-300,500,"bu","14:26:21",36526400
18750,-300,500,"bu","14:26:18",36525900
18750,-300,6600,"bu","14:26:16",36525400
18750,-300,100,"bu","14:26:11",36518800
18750,-300,500,"bu","14:26:11",36518700
18700,-350,2000,"sd","14:26:11",36518200
18750,-300,5300,"bu","14:26:10",36516200
18750,-300,500,"bu","14:26:07",36510900
18750,-300,3000,"bu","14:26:07",36510400
18750,-300,2000,"bu","14:26:06",36507400
18750,-300,500,"bu","14:26:05",36505400
18750,-300,100,"bu","14:26:02",36504900
18750,-300,3600,"bu","14:26:01",36504800
18750,-300,1400,"bu","14:26:01",36501200
18750,-300,500,"bu","14:26:01",36499800
18750,-300,200,"bu","14:25:59",36499300
18750,-300,1100,"bu","14:25:59",36499100
18750,-300,100,"bu","14:25:58",36498000
18750,-300,5100,"bu","14:25:57",36497900
18750,-300,100,"bu","14:25:57",36492800
18750,-300,1000,"bu","14:25:56",36492700
18750,-300,1000,"bu","14:25:55",36491700
18750,-300,400,"bu","14:25:55",36490700
18750,-300,2000,"bu","14:25:55",36490300
18750,-300,300,"bu","14:25:54",36488300
18750,-300,100,"bu","14:25:54",36488000
18750,-300,500,"bu","14:25:53",36487900
18750,-300,300,"bu","14:25:53",36487400
18750,-300,4100,"bu","14:25:53",36487100
18750,-300,700,"bu","14:25:53",36483000
18700,-350,4000,"sd","14:25:49",36482300
18700,-350,1000,"sd","14:25:48",36478300
18750,-300,500,"bu","14:25:48",36477300
18700,-350,1000,"sd","14:25:42",36476800
18650,-400,100,"sd","14:25:40",36475800
18700,-350,2000,"sd","14:25:40",36475700
18700,-350,500,"sd","14:25:39",36473700
18700,-350,600,"sd","14:25:38",36473200
18700,-350,2500,"sd","14:25:38",36472600
18700,-350,400,"bu","14:25:37",36470100
18700,-350,1200,"bu","14:25:37",36469700
18700,-350,1100,"bu","14:25:37",36468500
18700,-350,100,"bu","14:25:37",36467400
18700,-350,500,"bu","14:25:36",36467300
18700,-350,900,"bu","14:25:36",36466800
18700,-350,100,"bu","14:25:36",36465900
18700,-350,200,"bu","14:25:36",36465800
18700,-350,1000,"bu","14:25:35",36465600
18700,-350,100,"bu","14:25:35",36464600
18700,-350,200,"bu","14:25:34",36464500
18700,-350,100,"bu","14:25:33",36464300
18700,-350,200,"bu","14:25:33",36464200
18700,-350,1000,"bu","14:25:33",36464000
18700,-350,1700,"bu","14:25:33",36463000
18700,-350,2000,"bu","14:25:32",36461300
18700,-350,1000,"bu","14:25:32",36459300
18700,-350,500,"bu","14:25:32",36458300
18700,-350,7900,"bu","14:25:31",36457800
18700,-350,500,"bu","14:25:31",36449900
18700,-350,7800,"bu","14:25:31",36449400
18700,-350,1900,"bu","14:25:30",36441600
18700,-350,200,"bu","14:25:30",36439700
18700,-350,1000,"bu","14:25:30",36439500
18700,-350,100,"bu","14:25:29",36438500
18700,-350,1900,"bu","14:25:29",36438400
18700,-350,200,"bu","14:25:29",36436500
18700,-350,200,"bu","14:25:28",36436300
18700,-350,100,"bu","14:25:27",36436100
18700,-350,800,"bu","14:25:27",36436000
18700,-350,100,"bu","14:25:26",36435200
18700,-350,100,"bu","14:25:26",36435100
18700,-350,300,"bu","14:25:25",36435000
18700,-350,2000,"bu","14:25:25",36434700
18700,-350,3000,"bu","14:25:25",36432700
18700,-350,100,"bu","14:25:24",36429700
18700,-350,500,"bu","14:25:23",36429600
18650,-400,100,"sd","14:25:23",36429100
18700,-350,400,"bu","14:25:23",36429000
18700,-350,800,"bu","14:25:22",36428600
18700,-350,1000,"bu","14:25:22",36427800
18700,-350,1000,"bu","14:25:21",36426800
18700,-350,4000,"bu","14:25:21",36425800
18700,-350,2000,"bu","14:25:21",36421800
18700,-350,500,"bu","14:25:20",36419800
18700,-350,1000,"bu","14:25:19",36419300
18700,-350,700,"bu","14:25:19",36418300
18700,-350,9500,"bu","14:25:17",36417600
18700,-350,3000,"bu","14:25:17",36408100
18650,-400,100,"sd","14:25:17",36405100
18700,-350,100,"bu","14:25:16",36405000
18700,-350,400,"bu","14:25:16",36404900
18700,-350,100,"bu","14:25:15",36404500
18700,-350,11000,"bu","14:25:15",36404400
18700,-350,1000,"bu","14:25:12",36393400
18700,-350,5000,"bu","14:25:11",36392400
18650,-400,600,"sd","14:25:07",36387400
18650,-400,600,"sd","14:25:06",36386800
18650,-400,100,"sd","14:25:06",36386200
18650,-400,900,"sd","14:25:05",36386100
18650,-400,1000,"sd","14:25:04",36385200
18650,-400,300,"sd","14:25:03",36384200
18650,-400,100,"sd","14:25:03",36383900
18650,-400,100,"sd","14:25:00",36383800
18650,-400,400,"bu","14:24:58",36383700
18650,-400,1000,"bu","14:24:58",36383300
18650,-400,1000,"bu","14:24:58",36382300
18650,-400,500,"bu","14:24:57",36381300
18650,-400,600,"bu","14:24:57",36380800
18650,-400,2600,"bu","14:24:57",36380200
18650,-400,800,"bu","14:24:56",36377600
18650,-400,3300,"bu","14:24:56",36376800
18650,-400,1700,"bu","14:24:56",36373500
18650,-400,400,"bu","14:24:56",36371800
18650,-400,500,"bu","14:24:56",36371400
18650,-400,1800,"bu","14:24:55",36370900
18650,-400,100,"bu","14:24:54",36369100
18650,-400,400,"bu","14:24:54",36369000
18650,-400,3000,"bu","14:24:52",36368600
18600,-450,100,"sd","14:24:51",36365600
18650,-400,100,"bu","14:24:51",36365500
18650,-400,2000,"bu","14:24:51",36365400
18650,-400,900,"bu","14:24:51",36363400
18600,-450,400,"sd","14:24:50",36362500
18650,-400,5500,"bu","14:24:49",36362100
18600,-450,1000,"sd","14:24:49",36356600
18650,-400,1000,"bu","14:24:48",36355600
18650,-400,2000,"bu","14:24:48",36354600
18650,-400,300,"bu","14:24:48",36352600
18650,-400,1000,"bu","14:24:47",36352300
18650,-400,200,"bu","14:24:47",36351300
18650,-400,10000,"bu","14:24:46",36351100
18650,-400,2000,"bu","14:24:45",36341100
18650,-400,500,"bu","14:24:45",36339100
18650,-400,1000,"bu","14:24:45",36338600
18650,-400,100,"bu","14:24:43",36337600
18650,-400,1200,"bu","14:24:43",36337500
18650,-400,4800,"bu","14:24:42",36336300
18650,-400,100,"bu","14:24:42",36331500
18650,-400,5000,"bu","14:24:42",36331400
18600,-450,2000,"sd","14:24:41",36326400
18600,-450,10000,"sd","14:24:41",36324400
18650,-400,3300,"bu","14:24:41",36314400
18650,-400,2000,"bu","14:24:41",36311100
18650,-400,200,"bu","14:24:41",36309100
18600,-450,300,"sd","14:24:40",36308900
18600,-450,5100,"sd","14:24:40",36308600
18600,-450,100,"sd","14:24:38",36303500
18600,-450,1000,"sd","14:24:37",36303400
18600,-450,100,"sd","14:24:36",36302400
18600,-450,2000,"sd","14:24:36",36302300
18600,-450,2000,"sd","14:24:35",36300300
18600,-450,7000,"sd","14:24:35",36298300
18600,-450,4000,"sd","14:24:34",36291300
18600,-450,600,"sd","14:24:33",36287300
18600,-450,1000,"sd","14:24:33",36286700
18600,-450,1000,"sd","14:24:33",36285700
18600,-450,100,"sd","14:24:32",36284700
18600,-450,3400,"sd","14:24:31",36284600
18600,-450,3000,"sd","14:24:31",36281200
18600,-450,1000,"sd","14:24:30",36278200
18600,-450,7500,"sd","14:24:30",36277200
18600,-450,500,"sd","14:24:29",36269700
18600,-450,200,"sd","14:24:29",36269200
18600,-450,400,"bu","14:24:29",36269000
18600,-450,1300,"bu","14:24:28",36268600
18600,-450,1000,"bu","14:24:28",36267300
18600,-450,5000,"bu","14:24:27",36266300
18600,-450,500,"bu","14:24:27",36261300
18600,-450,500,"bu","14:24:26",36260800
18600,-450,600,"bu","14:24:26",36260300
18600,-450,300,"bu","14:24:26",36259700
18600,-450,42000,"bu","14:24:25",36259400
18600,-450,200,"bu","14:24:25",36217400
18600,-450,6500,"bu","14:24:24",36217200
18600,-450,500,"bu","14:24:24",36210700
18600,-450,2000,"bu","14:24:23",36210200
18600,-450,500,"bu","14:24:23",36208200
18600,-450,5000,"bu","14:24:23",36207700
18600,-450,3000,"bu","14:24:22",36202700
18600,-450,400,"bu","14:24:22",36199700
18600,-450,500,"bu","14:24:22",36199300
18600,-450,20000,"bu","14:24:22",36198800
18600,-450,400,"bu","14:24:22",36178800
18600,-450,500,"bu","14:24:21",36178400
18600,-450,1000,"bu","14:24:21",36177900
18600,-450,1000,"bu","14:24:21",36176900
18600,-450,3600,"bu","14:24:21",36175900
18600,-450,500,"bu","14:24:21",36172300
18600,-450,100,"bu","14:24:21",36171800
18600,-450,500,"bu","14:24:20",36171700
18600,-450,1000,"bu","14:24:19",36171200
18600,-450,200,"bu","14:24:19",36170200
18600,-450,100,"bu","14:24:19",36170000
18600,-450,1000,"bu","14:24:18",36169900
18600,-450,200,"bu","14:24:18",36168900
18600,-450,3700,"bu","14:24:17",36168700
18600,-450,400,"bu","14:24:15",36165000
18600,-450,1700,"bu","14:24:13",36164600
18600,-450,100,"bu","14:24:13",36162900
18600,-450,500,"bu","14:24:12",36162800
18600,-450,3000,"bu","14:24:12",36162300
18600,-450,2000,"bu","14:24:12",36159300
18600,-450,1300,"bu","14:24:12",36157300
18600,-450,400,"bu","14:24:11",36156000
18600,-450,100,"bu","14:24:11",36155600
18600,-450,300,"bu","14:24:11",36155500
18600,-450,200,"bu","14:24:11",36155200
18600,-450,500,"bu","14:24:10",36155000
18600,-450,1500,"bu","14:24:10",36154500
18600,-450,6400,"bu","14:24:09",36153000
18600,-450,200,"bu","14:24:09",36146600
18600,-450,1800,"bu","14:24:08",36146400
18600,-450,3800,"bu","14:24:07",36144600
18600,-450,1000,"bu","14:24:06",36140800
18600,-450,5200,"bu","14:24:06",36139800
18600,-450,1000,"bu","14:24:04",36134600
18600,-450,9300,"bu","14:24:02",36133600
18600,-450,200,"bu","14:24:02",36124300
18550,-500,5000,"sd","14:24:02",36124100
18600,-450,1800,"bu","14:24:02",36119100
18550,-500,5000,"sd","14:24:00",36117300
18600,-450,1000,"bu","14:23:57",36112300
18550,-500,1000,"sd","14:23:53",36111300
18600,-450,2000,"bu","14:23:53",36110300
18600,-450,3400,"bu","14:23:51",36108300
18600,-450,300,"bu","14:23:51",36104900
18600,-450,200,"bu","14:23:51",36104600
18600,-450,100,"bu","14:23:50",36104400
18600,-450,500,"bu","14:23:50",36104300
18600,-450,100,"bu","14:23:50",36103800
18600,-450,100,"bu","14:23:49",36103700
18600,-450,100,"bu","14:23:49",36103600
18600,-450,1100,"bu","14:23:49",36103500
18550,-500,7000,"sd","14:23:48",36102400
18600,-450,100,"bu","14:23:47",36095400
18550,-500,5000,"sd","14:23:46",36095300
18550,-500,2900,"sd","14:23:46",36090300
18600,-450,100,"bu","14:23:43",36087400
18600,-450,100,"bu","14:23:43",36087300
18600,-450,500,"bu","14:23:42",36087200
18600,-450,400,"bu","14:23:42",36086700
18550,-500,2100,"sd","14:23:39",36086300
18600,-450,100,"bu","14:23:36",36084200
18600,-450,900,"bu","14:23:36",36084100
18600,-450,500,"bu","14:23:36",36083200
18600,-450,1000,"bu","14:23:36",36082700
18600,-450,2000,"bu","14:23:32",36081700
18600,-450,2500,"bu","14:23:31",36079700
18600,-450,500,"bu","14:23:31",36077200
18600,-450,700,"bu","14:23:30",36076700
18600,-450,500,"bu","14:23:30",36076000
18600,-450,10000,"bu","14:23:27",36075500
18600,-450,30000,"bu","14:23:23",36065500
18600,-450,500,"bu","14:23:20",36035500
18600,-450,500,"bu","14:23:19",36035000
18600,-450,1300,"bu","14:23:19",36034500
18600,-450,5200,"bu","14:23:16",36033200
18550,-500,1000,"sd","14:23:14",36028000
18600,-450,5000,"bu","14:23:14",36027000
18600,-450,200,"bu","14:23:14",36022000
18600,-450,1000,"bu","14:23:14",36021800
18600,-450,10000,"bu","14:23:12",36020800
18600,-450,100,"bu","14:23:12",36010800
18550,-500,6000,"sd","14:23:12",36010700
18600,-450,100,"bu","14:23:11",36004700
18600,-450,100,"bu","14:23:11",36004600
18600,-450,2000,"bu","14:23:10",36004500
18600,-450,300,"bu","14:23:08",36002500
18600,-450,5000,"bu","14:23:07",36002200
18600,-450,1000,"bu","14:23:04",35997200
18600,-450,7000,"bu","14:23:03",35996200
18600,-450,1000,"bu","14:23:03",35989200
18600,-450,400,"bu","14:23:02",35988200
18600,-450,500,"bu","14:23:01",35987800
18600,-450,200,"bu","14:23:00",35987300
18600,-450,500,"bu","14:22:58",35987100
18550,-500,11700,"sd","14:22:57",35986600
18550,-500,1000,"sd","14:22:57",35974900
18550,-500,3100,"sd","14:22:56",35973900
18600,-450,1000,"bu","14:22:56",35970800
18550,-500,100,"sd","14:22:55",35969800
18600,-450,1000,"bu","14:22:50",35969700
18550,-500,1000,"sd","14:22:50",35968700
18600,-450,2000,"bu","14:22:50",35967700
18600,-450,20000,"bu","14:22:46",35965700
18600,-450,900,"bu","14:22:46",35945700
18600,-450,1000,"bu","14:22:43",35944800
18600,-450,5200,"bu","14:22:43",35943800
18600,-450,900,"bu","14:22:43",35938600
18550,-500,800,"sd","14:22:41",35937700
18550,-500,2200,"sd","14:22:41",35936900
18550,-500,700,"sd","14:22:39",35934700
18600,-450,20000,"bu","14:22:35",35934000
18550,-500,500,"sd","14:22:35",35914000
18600,-450,4000,"bu","14:22:30",35913500
18550,-500,800,"sd","14:22:19",35909500
18550,-500,800,"sd","14:22:16",35908700
18550,-500,100,"sd","14:22:16",35907900
18550,-500,1200,"sd","14:22:16",35907800
18550,-500,1200,"sd","14:22:16",35906600
18550,-500,900,"sd","14:22:16",35905400
18550,-500,5500,"sd","14:22:14",35904500
18550,-500,500,"sd","14:22:14",35899000
18550,-500,1000,"sd","14:22:14",35898500
18550,-500,100,"sd","14:22:14",35897500
18600,-450,5100,"bu","14:22:11",35897400
18550,-500,300,"sd","14:22:09",35892300
18550,-500,2000,"sd","14:22:08",35892000
18550,-500,100,"sd","14:22:08",35890000
18550,-500,5000,"sd","14:22:08",35889900
18550,-500,7000,"sd","14:22:08",35884900
18550,-500,500,"sd","14:22:07",35877900
18550,-500,200,"sd","14:22:07",35877400
18550,-500,3000,"sd","14:22:07",35877200
18550,-500,2100,"sd","14:22:07",35874200
18550,-500,2000,"sd","14:22:06",35872100
18550,-500,30000,"sd","14:22:06",35870100
18550,-500,200,"bu","14:22:06",35840100
18550,-500,100,"bu","14:22:06",35839900
18550,-500,2000,"bu","14:22:06",35839800
18550,-500,2000,"bu","14:22:06",35837800
18550,-500,2000,"bu","14:22:06",35835800
18550,-500,500,"bu","14:22:05",35833800
18550,-500,1000,"bu","14:22:05",35833300
18550,-500,300,"bu","14:22:05",35832300
18500,-550,100,"sd","14:22:01",35832000
18500,-550,500,"sd","14:22:01",35831900
18500,-550,400,"sd","14:21:59",35831400
18500,-550,3700,"sd","14:21:54",35831000
18500,-550,200,"unknown","14:21:54",35827300
18500,-550,300,"unknown","14:21:54",35827100
18500,-550,3000,"unknown","14:21:54",35826800
18500,-550,200,"unknown","14:21:54",35823800
18500,-550,1000,"unknown","14:21:54",35823600
18500,-550,200,"unknown","14:21:54",35822600
18500,-550,3000,"unknown","14:21:54",35822400
18500,-550,4500,"unknown","14:21:53",35819400
18500,-550,300,"unknown","14:21:53",35814900
18500,-550,500,"bu","14:21:53",35814600
18500,-550,600,"bu","14:21:51",35814100
18500,-550,400,"bu","14:21:51",35813500
18500,-550,100,"bu","14:21:50",35813100
18500,-550,200,"bu","14:21:49",35813000
18500,-550,5000,"bu","14:21:48",35812800
18450,-600,300,"sd","14:21:48",35807800
18500,-550,1200,"bu","14:21:46",35807500
18500,-550,100,"bu","14:21:46",35806300
18500,-550,3000,"bu","14:21:45",35806200
18500,-550,200,"bu","14:21:45",35803200
18500,-550,200,"bu","14:21:45",35803000
18500,-550,1600,"bu","14:21:45",35802800
18500,-550,100,"bu","14:21:44",35801200
18500,-550,100,"bu","14:21:41",35801100
18500,-550,3200,"bu","14:21:40",35801000
18500,-550,1800,"bu","14:21:40",35797800
18450,-600,200,"sd","14:21:39",35796000
18450,-600,100,"sd","14:21:39",35795800
18450,-600,200,"sd","14:21:35",35795700
18450,-600,600,"sd","14:21:34",35795500
18500,-550,8200,"bu","14:21:33",35794900
18450,-600,2500,"bu","14:21:30",35786700
18450,-600,1500,"bu","14:21:30",35784200
18400,-650,4800,"sd","14:21:30",35782700
18400,-650,300,"sd","14:21:30",35777900
18400,-650,400,"sd","14:21:30",35777600
18400,-650,700,"sd","14:21:30",35777200
18400,-650,200,"sd","14:21:30",35776500
18400,-650,1000,"sd","14:21:30",35776300
18400,-650,700,"sd","14:21:30",35775300
18400,-650,6000,"sd","14:21:29",35774600
18400,-650,200,"sd","14:21:29",35768600
18450,-600,1000,"bu","14:21:29",35768400
18400,-650,2000,"sd","14:21:29",35767400
18400,-650,200,"sd","14:21:29",35765400
18400,-650,500,"sd","14:21:29",35765200
18450,-600,1000,"bu","14:21:29",35764700
18450,-600,2500,"bu","14:21:29",35763700
18450,-600,8300,"bu","14:21:29",35761200
18450,-600,2000,"bu","14:21:29",35752900
18450,-600,700,"bu","14:21:28",35750900
18450,-600,500,"bu","14:21:27",35750200
18450,-600,200,"bu","14:21:27",35749700
18450,-600,5000,"bu","14:21:27",35749500
18450,-600,300,"bu","14:21:26",35744500
18450,-600,500,"bu","14:21:26",35744200
18450,-600,100,"bu","14:21:26",35743700
18450,-600,100,"bu","14:21:26",35743600
18450,-600,300,"bu","14:21:24",35743500
18450,-600,100,"bu","14:21:24",35743200
18450,-600,2000,"bu","14:21:23",35743100
18450,-600,500,"bu","14:21:23",35741100
18450,-600,5000,"bu","14:21:23",35740600
18450,-600,9900,"bu","14:21:22",35735600
18450,-600,3000,"bu","14:21:21",35725700
18450,-600,100,"bu","14:21:20",35722700
18450,-600,2200,"bu","14:21:20",35722600
18450,-600,100,"bu","14:21:20",35720400
18450,-600,2400,"bu","14:21:19",35720300
18450,-600,5100,"bu","14:21:19",35717900
18450,-600,700,"bu","14:21:19",35712800
18450,-600,1500,"bu","14:21:19",35712100
18450,-600,200,"bu","14:21:19",35710600
18450,-600,700,"bu","14:21:17",35710400
18450,-600,2500,"bu","14:21:17",35709700
18450,-600,600,"bu","14:21:17",35707200
18450,-600,400,"bu","14:21:17",35706600
18450,-600,3600,"bu","14:21:17",35706200
18450,-600,3200,"bu","14:21:17",35702600
18450,-600,200,"bu","14:21:16",35699400
18450,-600,600,"bu","14:21:16",35699200
18400,-650,100,"sd","14:21:14",35698600
18400,-650,200,"sd","14:21:14",35698500
18450,-600,1000,"bu","14:21:12",35698300
18450,-600,1000,"bu","14:21:12",35697300
18450,-600,1200,"bu","14:21:11",35696300
18450,-600,1000,"bu","14:21:11",35695100
18400,-650,9400,"sd","14:21:10",35694100
18450,-600,1000,"bu","14:21:09",35684700
18450,-600,100,"bu","14:21:08",35683700
18450,-600,1600,"bu","14:21:08",35683600
18450,-600,2500,"bu","14:21:07",35682000
18450,-600,300,"bu","14:21:07",35679500
18450,-600,200,"bu","14:21:07",35679200
18450,-600,1500,"bu","14:21:06",35679000
18450,-600,800,"bu","14:21:06",35677500
18450,-600,500,"bu","14:21:06",35676700
18450,-600,100,"bu","14:21:06",35676200
18450,-600,100,"bu","14:21:06",35676100
18450,-600,1000,"bu","14:21:05",35676000
18450,-600,100,"bu","14:21:05",35675000
18450,-600,2900,"bu","14:21:05",35674900
18450,-600,100,"bu","14:21:02",35672000
18450,-600,200,"bu","14:21:02",35671900
18450,-600,200,"bu","14:20:59",35671700
18450,-600,500,"bu","14:20:53",35671500
18400,-650,5300,"sd","14:20:53",35671000
18450,-600,4200,"bu","14:20:53",35665700
18450,-600,3000,"bu","14:20:53",35661500
18400,-650,2200,"sd","14:20:53",35658500
18450,-600,2000,"bu","14:20:52",35656300
18400,-650,14000,"sd","14:20:52",35654300
18450,-600,1000,"bu","14:20:48",35640300
18400,-650,100,"sd","14:20:48",35639300
18450,-600,1000,"bu","14:20:47",35639200
18450,-600,1300,"bu","14:20:43",35638200
18400,-650,200,"sd","14:20:39",35636900
18400,-650,1500,"sd","14:20:37",35636700
18450,-600,800,"bu","14:20:35",35635200
18450,-600,1000,"bu","14:20:35",35634400
18450,-600,2000,"bu","14:20:35",35633400
18450,-600,400,"bu","14:20:35",35631400
18450,-600,1000,"bu","14:20:35",35631000
18400,-650,5000,"sd","14:20:34",35630000
18450,-600,200,"bu","14:20:34",35625000
18400,-650,100,"sd","14:20:29",35624800
18450,-600,100,"bu","14:20:26",35624700
18450,-600,2300,"bu","14:20:26",35624600
18450,-600,2600,"bu","14:20:25",35622300
18400,-650,500,"sd","14:20:22",35619700
18400,-650,400,"sd","14:20:21",35619200
18400,-650,2000,"sd","14:20:20",35618800
18400,-650,4100,"sd","14:20:19",35616800
18400,-650,900,"sd","14:20:19",35612700
18400,-650,100,"sd","14:20:17",35611800
18400,-650,100,"sd","14:20:16",35611700
18400,-650,100,"bu","14:20:16",35611600
18400,-650,500,"bu","14:20:16",35611500
18400,-650,400,"sd","14:20:15",35611000
18400,-650,100,"sd","14:20:15",35610600
18400,-650,100,"sd","14:20:15",35610500
18400,-650,1000,"sd","14:20:15",35610400
18400,-650,1600,"sd","14:20:15",35609400
18400,-650,100,"sd","14:20:15",35607800
18400,-650,2100,"sd","14:20:15",35607700
18400,-650,600,"sd","14:20:09",35605600
18400,-650,400,"sd","14:20:09",35605000
18400,-650,600,"sd","14:20:09",35604600
18400,-650,300,"sd","14:20:09",35604000
18400,-650,700,"sd","14:20:09",35603700
18400,-650,300,"bu","14:20:04",35603000
18400,-650,2900,"bu","14:20:04",35602700
18400,-650,2100,"bu","14:20:04",35599800
18400,-650,100,"sd","14:20:03",35597700
18400,-650,500,"sd","14:20:03",35597600
18400,-650,3200,"sd","14:20:01",35597100
18400,-650,15000,"sd","14:19:59",35593900
18400,-650,800,"sd","14:19:59",35578900
18400,-650,500,"unknown","14:19:57",35578100
18350,-700,3000,"sd","14:19:57",35577600
18400,-650,200,"sd","14:19:57",35574600
18400,-650,400,"bu","14:19:56",35574400
18400,-650,100,"bu","14:19:55",35574000
18350,-700,4400,"sd","14:19:54",35573900
18350,-700,500,"sd","14:19:54",35569500
18350,-700,600,"sd","14:19:54",35569000
18350,-700,200,"sd","14:19:54",35568400
18350,-700,100,"sd","14:19:54",35568200
18350,-700,3000,"sd","14:19:54",35568100
18350,-700,4000,"sd","14:19:54",35565100
18350,-700,500,"sd","14:19:54",35561100
18350,-700,400,"sd","14:19:54",35560600
18350,-700,100,"sd","14:19:54",35560200
18350,-700,8100,"sd","14:19:54",35560100
18350,-700,100,"sd","14:19:54",35552000
18350,-700,10000,"sd","14:19:54",35551900
18350,-700,3300,"sd","14:19:54",35541900
18350,-700,2000,"sd","14:19:54",35538600
18400,-650,10000,"bu","14:19:54",35536600
18350,-700,2200,"sd","14:19:54",35526600
18400,-650,100,"bu","14:19:54",35524400
18350,-700,2100,"sd","14:19:54",35524300
18350,-700,300,"sd","14:19:54",35522200
18350,-700,600,"sd","14:19:54",35521900
18400,-650,100,"bu","14:19:54",35521300
18350,-700,1000,"sd","14:19:53",35521200
18400,-650,2300,"bu","14:19:53",35520200
18350,-700,1200,"sd","14:19:53",35517900
18350,-700,2000,"sd","14:19:53",35516700
18400,-650,800,"bu","14:19:53",35514700
18400,-650,10300,"bu","14:19:53",35513900
18350,-700,200,"sd","14:19:53",35503600
18350,-700,1000,"sd","14:19:53",35503400
18350,-700,3000,"sd","14:19:53",35502400
18350,-700,500,"sd","14:19:53",35499400
18400,-650,1400,"bu","14:19:53",35498900
18350,-700,400,"sd","14:19:53",35497500
18400,-650,500,"bu","14:19:53",35497100
18350,-700,200,"sd","14:19:53",35496600
18400,-650,3400,"sd","14:19:53",35496400
18350,-700,20400,"sd","14:19:53",35493000
18400,-650,2500,"sd","14:19:53",35472600
18350,-700,15000,"sd","14:19:53",35470100
18400,-650,1000,"sd","14:19:53",35455100
18350,-700,2000,"sd","14:19:53",35454100
18400,-650,600,"sd","14:19:53",35452100
18400,-650,100,"sd","14:19:53",35451500
18350,-700,100,"sd","14:19:53",35451400
18400,-650,3600,"sd","14:19:53",35451300
18350,-700,100,"sd","14:19:53",35447700
18400,-650,2400,"sd","14:19:53",35447600
18350,-700,1600,"sd","14:19:53",35445200
18350,-700,500,"sd","14:19:53",35443600
18350,-700,2000,"sd","14:19:53",35443100
18350,-700,2500,"sd","14:19:53",35441100
18350,-700,6000,"sd","14:19:53",35438600
18350,-700,9900,"sd","14:19:53",35432600
18350,-700,1000,"sd","14:19:53",35422700
18350,-700,3000,"sd","14:19:53",35421700
18400,-650,1600,"sd","14:19:48",35418700
18400,-650,100,"sd","14:19:48",35417100
18400,-650,6800,"sd","14:19:48",35417000
18400,-650,500,"sd","14:19:48",35410200
18450,-600,200,"bu","14:19:48",35409700
18400,-650,700,"sd","14:19:45",35409500
18400,-650,2000,"sd","14:19:44",35408800
18400,-650,2000,"sd","14:19:44",35406800
18400,-650,1000,"sd","14:19:44",35404800
18400,-650,1000,"sd","14:19:43",35403800
18400,-650,1000,"sd","14:19:37",35402800
18400,-650,3300,"sd","14:19:37",35401800
18400,-650,1400,"sd","14:19:37",35398500
18400,-650,100,"sd","14:19:36",35397100
18400,-650,1000,"sd","14:19:32",35397000
18450,-600,3200,"bu","14:19:31",35396000
18450,-600,100,"bu","14:19:31",35392800
18450,-600,500,"bu","14:19:31",35392700
18450,-600,300,"bu","14:19:31",35392200
18450,-600,1100,"bu","14:19:31",35391900
18400,-650,2200,"sd","14:19:30",35390800
18400,-650,300,"sd","14:19:30",35388600
18450,-600,300,"bu","14:19:27",35388300
18450,-600,1000,"bu","14:19:27",35388000
18400,-650,100,"sd","14:19:26",35387000
18450,-600,400,"bu","14:19:24",35386900
18450,-600,2000,"bu","14:19:23",35386500
18400,-650,1900,"sd","14:19:23",35384500
18400,-650,100,"sd","14:19:23",35382600
18450,-600,200,"bu","14:19:23",35382500
18450,-600,3000,"sd","14:19:22",35382300
18450,-600,1000,"bu","14:19:21",35379300
18450,-600,100,"bu","14:19:21",35378300
18450,-600,1700,"bu","14:19:21",35378200
18400,-650,4900,"sd","14:19:20",35376500
18400,-650,1000,"sd","14:19:20",35371600
18400,-650,100,"sd","14:19:20",35370600
18450,-600,300,"bu","14:19:19",35370500
18450,-600,400,"sd","14:19:15",35370200
18450,-600,200,"sd","14:19:15",35369800
18450,-600,1000,"sd","14:19:12",35369600
18450,-600,300,"sd","14:19:12",35368600
18450,-600,100,"sd","14:19:07",35368300
18450,-600,2000,"sd","14:19:06",35368200
18450,-600,1000,"sd","14:19:04",35366200
18350,-700,1700,"sd","14:19:03",35365200
18500,-550,300,"bu","14:19:03",35363500
18450,-600,1700,"unknown","14:19:03",35363200
18400,-650,200,"unknown","14:19:02",35361500
18400,-650,1100,"unknown","14:19:02",35361300
18400,-650,500,"unknown","14:19:02",35360200
18400,-650,2000,"unknown","14:19:02",35359700
18400,-650,100,"unknown","14:19:02",35357700
18400,-650,1000,"unknown","14:19:02",35357600
18400,-650,3000,"unknown","14:19:02",35356600
18400,-650,1000,"unknown","14:19:01",35353600
18400,-650,300,"unknown","14:19:01",35352600
18400,-650,500,"unknown","14:19:01",35352300
18400,-650,100,"unknown","14:19:01",35351800
18400,-650,100,"unknown","14:19:01",35351700
18400,-650,1000,"unknown","14:19:01",35351600
18400,-650,500,"unknown","14:19:01",35350600
18400,-650,5000,"unknown","14:19:01",35350100
18400,-650,100000,"unknown","14:19:01",35345100
18400,-650,700,"unknown","14:19:01",35245100
18400,-650,200,"unknown","14:19:01",35244400
18400,-650,500,"unknown","14:19:01",35244200
18450,-600,1000,"unknown","14:19:01",35243700
18400,-650,1000,"unknown","14:19:01",35242700
18400,-650,3000,"unknown","14:19:01",35241700
18400,-650,3000,"unknown","14:19:01",35238700
18450,-600,1000,"unknown","14:19:01",35235700
18500,-550,900,"bu","14:19:01",35234700
18400,-650,2000,"unknown","14:19:01",35233800
18400,-650,300,"unknown","14:19:01",35231800
18400,-650,100,"unknown","14:19:01",35231500
18450,-600,1000,"unknown","14:19:01",35231400
18500,-550,300,"bu","14:19:01",35230400
18400,-650,100,"unknown","14:19:01",35230100
18400,-650,600,"unknown","14:19:01",35230000
18400,-650,1000,"unknown","14:19:01",35229400
18450,-600,500,"unknown","14:19:01",35228400
18500,-550,900,"bu","14:19:01",35227900
18450,-600,1700,"unknown","14:19:01",35227000
18400,-650,2800,"unknown","14:19:01",35225300
18400,-650,3800,"unknown","14:19:01",35222500
18400,-650,500,"unknown","14:19:01",35218700
18400,-650,100,"unknown","14:19:01",35218200
18400,-650,20000,"unknown","14:19:01",35218100
18400,-650,200,"sd","14:19:01",35198100
18400,-650,1000,"sd","14:19:01",35197900
18400,-650,1500,"sd","14:19:01",35196900
18400,-650,600,"sd","14:19:01",35195400
18400,-650,600,"sd","14:19:01",35194800
18450,-600,500,"sd","14:19:01",35194200
18400,-650,200,"sd","14:19:01",35193700
18400,-650,1000,"sd","14:19:01",35193500
18400,-650,30000,"sd","14:19:01",35192500
18400,-650,300,"sd","14:19:01",35162500
18400,-650,3700,"sd","14:19:00",35162200
18450,-600,100,"sd","14:19:00",35158500
18400,-650,10000,"sd","14:19:00",35158400
18400,-650,100,"sd","14:19:00",35148400
18400,-650,500,"sd","14:19:00",35148300
18450,-600,500,"sd","14:19:00",35147800
18450,-600,3100,"sd","14:19:00",35147300
18400,-650,100,"sd","14:19:00",35144200
18450,-600,5200,"sd","14:19:00",35144100
18450,-600,4000,"sd","14:19:00",35138900
18400,-650,500,"sd","14:19:00",35134900
18450,-600,400,"sd","14:19:00",35134400
18400,-650,1000,"sd","14:19:00",35134000
18400,-650,1000,"sd","14:19:00",35133000
18450,-600,1000,"sd","14:19:00",35132000
18450,-600,3000,"sd","14:19:00",35131000
18400,-650,500,"sd","14:19:00",35128000
18400,-650,6400,"sd","14:19:00",35127500
18450,-600,300,"sd","14:19:00",35121100
18450,-600,1000,"sd","14:19:00",35120800
18400,-650,1000,"sd","14:19:00",35119800
18450,-600,1700,"sd","14:19:00",35118800
18450,-600,1200,"sd","14:19:00",35117100
18400,-650,100,"sd","14:19:00",35115900
18400,-650,2000,"sd","14:19:00",35115800
18400,-650,700,"sd","14:19:00",35113800
18450,-600,4100,"sd","14:19:00",35113100
18400,-650,20000,"sd","14:19:00",35109000
18400,-650,1500,"sd","14:19:00",35089000
18450,-600,11800,"sd","14:19:00",35087500
18450,-600,1800,"sd","14:19:00",35075700
18400,-650,12500,"sd","14:19:00",35073900
18450,-600,2000,"sd","14:19:00",35061400
18450,-600,3200,"sd","14:18:58",35059400
18450,-600,100,"sd","14:18:57",35056200
18450,-600,2000,"sd","14:18:53",35056100
18450,-600,1200,"sd","14:18:53",35054100
18450,-600,1500,"sd","14:18:53",35052900
18500,-550,100,"bu","14:18:50",35051400
18500,-550,1000,"bu","14:18:50",35051300
18450,-600,2300,"sd","14:18:49",35050300
18450,-600,500,"sd","14:18:48",35048000
18450,-600,400,"sd","14:18:48",35047500
18500,-550,300,"bu","14:18:43",35047100
18500,-550,200,"bu","14:18:43",35046800
18500,-550,2000,"bu","14:18:43",35046600
18500,-550,500,"bu","14:18:43",35044600
18450,-600,3100,"sd","14:18:40",35044100
18450,-600,1000,"sd","14:18:40",35041000
18450,-600,900,"sd","14:18:40",35040000
18450,-600,100,"sd","14:18:40",35039100
18450,-600,2000,"sd","14:18:40",35039000
18450,-600,500,"sd","14:18:40",35037000
18500,-550,1500,"bu","14:18:38",35036500
18500,-550,3500,"bu","14:18:38",35035000
18500,-550,5000,"bu","14:18:29",35031500
18500,-550,1000,"sd","14:18:27",35026500
18450,-600,500,"sd","14:18:27",35025500
18450,-600,1000,"sd","14:18:27",35025000
18500,-550,2000,"sd","14:18:27",35024000
18500,-550,800,"sd","14:18:27",35022000
18450,-600,300,"sd","14:18:27",35021200
18450,-600,7500,"sd","14:18:27",35020900
18450,-600,100,"sd","14:18:27",35013400
18450,-600,2000,"sd","14:18:27",35013300
18450,-600,200,"sd","14:18:27",35011300
18500,-550,7100,"sd","14:18:27",35011100
18450,-600,500,"sd","14:18:27",35004000
18450,-600,500,"sd","14:18:27",35003500
18450,-600,200,"sd","14:18:27",35003000
18450,-600,500,"sd","14:18:27",35002800
18450,-600,1600,"sd","14:18:27",35002300
18500,-550,10000,"sd","14:18:27",35000700
18500,-550,200,"sd","14:18:26",34990700
18500,-550,100,"sd","14:18:26",34990500
18500,-550,2000,"sd","14:18:25",34990400
18500,-550,3000,"sd","14:18:24",34988400
18500,-550,100,"sd","14:18:24",34985400
18500,-550,1700,"sd","14:18:22",34985300
18500,-550,100,"sd","14:18:20",34983600
18500,-550,1000,"sd","14:18:20",34983500
18500,-550,200,"sd","14:18:20",34982500
18500,-550,800,"sd","14:18:20",34982300
18500,-550,100,"sd","14:18:20",34981500
18500,-550,2500,"sd","14:18:20",34981400
18500,-550,800,"sd","14:18:20",34978900
18500,-550,1100,"sd","14:18:20",34978100
18500,-550,500,"sd","14:18:20",34977000
18500,-550,12700,"sd","14:18:20",34976500
18500,-550,300,"sd","14:18:20",34963800
18500,-550,500,"sd","14:18:19",34963500
18500,-550,100,"sd","14:18:19",34963000
18500,-550,2000,"sd","14:18:19",34962900
18500,-550,20000,"sd","14:18:19",34960900
18500,-550,2000,"sd","14:18:19",34940900
18500,-550,2000,"sd","14:18:19",34938900
18500,-550,1000,"sd","14:18:19",34936900
18500,-550,100,"sd","14:18:19",34935900
18500,-550,5000,"sd","14:18:19",34935800
18500,-550,100,"sd","14:18:19",34930800
18500,-550,1000,"sd","14:18:19",34930700
18500,-550,400,"sd","14:18:19",34929700
18500,-550,100,"sd","14:18:15",34929300
18500,-550,100,"sd","14:18:15",34929200
18500,-550,100,"sd","14:18:15",34929100
18500,-550,200,"sd","14:18:15",34929000
18500,-550,3000,"sd","14:18:14",34928800
18500,-550,500,"sd","14:18:14",34925800
18500,-550,200,"sd","14:18:14",34925300
18500,-550,800,"sd","14:18:14",34925100
18500,-550,200,"sd","14:18:11",34924300
18500,-550,2200,"sd","14:18:11",34924100
18500,-550,1000,"sd","14:18:11",34921900
18500,-550,100,"sd","14:18:11",34920900
18500,-550,2300,"sd","14:18:11",34920800
18500,-550,200,"sd","14:18:11",34918500
18500,-550,3000,"sd","14:18:10",34918300
18500,-550,1200,"sd","14:18:08",34915300
18500,-550,900,"sd","14:18:08",34914100
18500,-550,600,"sd","14:18:08",34913200
18500,-550,3700,"sd","14:18:07",34912600
18500,-550,2000,"sd","14:18:07",34908900
18500,-550,23000,"sd","14:18:06",34906900
18500,-550,8500,"sd","14:18:06",34883900
18500,-550,400,"sd","14:18:06",34875400
18500,-550,800,"sd","14:18:06",34875000
18500,-550,500,"sd","14:18:05",34874200
18500,-550,200,"sd","14:18:05",34873700
18500,-550,500,"sd","14:18:05",34873500
18500,-550,600,"sd","14:18:05",34873000
18500,-550,100,"sd","14:18:05",34872400
18500,-550,1000,"sd","14:18:05",34872300
18500,-550,19400,"sd","14:18:05",34871300
18500,-550,100,"sd","14:18:02",34851900
18500,-550,1000,"sd","14:18:02",34851800
18500,-550,5000,"sd","14:18:02",34850800
18500,-550,1000,"sd","14:18:02",34845800
18500,-550,100,"sd","14:18:02",34844800
18500,-550,100,"sd","14:18:02",34844700
18500,-550,2000,"sd","14:18:02",34844600
18500,-550,1000,"sd","14:18:01",34842600
18500,-550,1000,"sd","14:18:01",34841600
18500,-550,200,"sd","14:18:01",34840600
18500,-550,600,"sd","14:18:01",34840400
18500,-550,500,"sd","14:18:01",34839800
18550,-500,200,"bu","14:18:00",34839300
18550,-500,1800,"bu","14:18:00",34839100
18550,-500,400,"bu","14:18:00",34837300
18500,-550,900,"sd","14:17:59",34836900
18500,-550,2000,"sd","14:17:59",34836000
18500,-550,12700,"sd","14:17:59",34834000
18550,-500,800,"bu","14:17:59",34821300
18550,-500,1000,"bu","14:17:59",34820500
18550,-500,500,"bu","14:17:59",34819500
18550,-500,300,"bu","14:17:59",34819000
18550,-500,100,"bu","14:17:59",34818700
18550,-500,2100,"bu","14:17:59",34818600
18500,-550,700,"sd","14:17:57",34816500
18500,-550,36600,"sd","14:17:57",34815800
18500,-550,100,"sd","14:17:57",34779200
18500,-550,200,"sd","14:17:57",34779100
18500,-550,500,"sd","14:17:57",34778900
18500,-550,1000,"sd","14:17:57",34778400
18500,-550,1000,"sd","14:17:57",34777400
18500,-550,1000,"sd","14:17:57",34776400
18500,-550,1000,"sd","14:17:57",34775400
18500,-550,1000,"sd","14:17:57",34774400
18500,-550,100,"sd","14:17:57",34773400
18500,-550,200,"sd","14:17:57",34773300
18500,-550,1000,"sd","14:17:57",34773100
18500,-550,1800,"sd","14:17:57",34772100
18500,-550,1000,"sd","14:17:56",34770300
18500,-550,100,"sd","14:17:56",34769300
18500,-550,3400,"sd","14:17:56",34769200
18550,-500,100,"bu","14:17:56",34765800
18550,-500,1000,"bu","14:17:49",34765700
18550,-500,1000,"bu","14:17:42",34764700
18550,-500,2000,"bu","14:17:41",34763700
18550,-500,200,"bu","14:17:40",34761700
18550,-500,2000,"bu","14:17:39",34761500
18550,-500,200,"bu","14:17:38",34759500
18550,-500,100,"bu","14:17:34",34759300
18550,-500,1300,"bu","14:17:33",34759200
18550,-500,1200,"bu","14:17:33",34757900
18550,-500,1000,"bu","14:17:33",34756700
18550,-500,1500,"bu","14:17:33",34755700
18550,-500,1000,"bu","14:17:29",34754200
18550,-500,300,"bu","14:17:28",34753200
18550,-500,300,"bu","14:17:27",34752900
18550,-500,5300,"bu","14:17:26",34752600
18550,-500,100,"bu","14:17:24",34747300
18550,-500,100,"bu","14:17:23",34747200
18550,-500,100,"bu","14:17:21",34747100
18550,-500,100,"bu","14:17:20",34747000
18550,-500,100,"bu","14:17:17",34746900
18550,-500,2000,"bu","14:17:12",34746800
18550,-500,2000,"bu","14:17:09",34744800
18550,-500,400,"bu","14:17:09",34742800
18550,-500,1500,"bu","14:17:08",34742400
18550,-500,100,"bu","14:17:08",34740900
18550,-500,500,"bu","14:17:08",34740800
18550,-500,3100,"bu","14:17:08",34740300
18550,-500,10000,"bu","14:17:08",34737200
18550,-500,2000,"bu","14:17:08",34727200
18550,-500,10900,"bu","14:17:08",34725200
18550,-500,100,"bu","14:17:08",34714300
18550,-500,5000,"bu","14:17:08",34714200
18550,-500,1000,"bu","14:17:08",34709200
18550,-500,7100,"sd","14:17:08",34708200
18550,-500,200,"sd","14:17:07",34701100
18550,-500,500,"sd","14:17:07",34700900
18550,-500,100,"sd","14:17:07",34700400
18550,-500,500,"sd","14:17:07",34700300
18550,-500,1000,"sd","14:17:07",34699800
18550,-500,200,"sd","14:17:07",34698800
18550,-500,2400,"sd","14:17:07",34698600
18550,-500,300,"sd","14:17:07",34696200
18550,-500,100,"sd","14:17:07",34695900
18550,-500,300,"sd","14:17:07",34695800
18550,-500,11300,"sd","14:17:07",34695500
18550,-500,100,"sd","14:17:07",34684200
18550,-500,400,"sd","14:17:07",34684100
18550,-500,500,"sd","14:17:05",34683700
18550,-500,600,"sd","14:17:03",34683200
18550,-500,100,"sd","14:17:03",34682600
18550,-500,100,"sd","14:17:02",34682500
18550,-500,1000,"sd","14:17:02",34682400
18550,-500,1000,"sd","14:17:02",34681400
18550,-500,1000,"sd","14:17:02",34680400
18550,-500,800,"sd","14:17:02",34679400
18550,-500,1000,"sd","14:17:02",34678600
18550,-500,3000,"sd","14:16:59",34677600
18550,-500,9600,"sd","14:16:58",34674600
18550,-500,400,"sd","14:16:58",34665000
18550,-500,600,"sd","14:16:57",34664600
18550,-500,200,"sd","14:16:57",34664000
18550,-500,100,"sd","14:16:57",34663800
18550,-500,2000,"sd","14:16:57",34663700
18550,-500,100,"sd","14:16:57",34661700
18550,-500,500,"sd","14:16:55",34661600
18600,-450,5100,"bu","14:16:54",34661100
18550,-500,3400,"sd","14:16:54",34656000
18550,-500,6000,"sd","14:16:54",34652600
18550,-500,600,"sd","14:16:53",34646600
18550,-500,3400,"sd","14:16:53",34646000
18550,-500,100,"sd","14:16:53",34642600
18550,-500,2500,"sd","14:16:51",34642500
18550,-500,1400,"sd","14:16:50",34640000
18550,-500,1400,"sd","14:16:47",34638600
18550,-500,100,"sd","14:16:47",34637200
18550,-500,2200,"sd","14:16:46",34637100
18550,-500,4000,"sd","14:16:46",34634900
18550,-500,2000,"sd","14:16:42",34630900
18550,-500,20800,"sd","14:16:42",34628900
18550,-500,3000,"sd","14:16:38",34608100
18550,-500,500,"sd","14:16:36",34605100
18550,-500,800,"sd","14:16:36",34604600
18550,-500,8000,"sd","14:16:34",34603800
18600,-450,3300,"bu","14:16:30",34595800
18550,-500,100,"sd","14:16:28",34592500
18550,-500,19700,"sd","14:16:25",34592400
18550,-500,200,"sd","14:16:25",34572700
18550,-500,900,"sd","14:16:25",34572500
18600,-450,100,"bu","14:16:24",34571600
18600,-450,5000,"bu","14:16:23",34571500
18550,-500,300,"sd","14:16:14",34566500
18550,-500,100,"sd","14:16:14",34566200
18550,-500,200,"sd","14:16:14",34566100
18550,-500,2800,"sd","14:16:13",34565900
18550,-500,100,"sd","14:16:13",34563100
18550,-500,1000,"sd","14:16:13",34563000
18550,-500,500,"sd","14:16:13",34562000
18600,-450,500,"bu","14:16:11",34561500
18600,-450,1000,"bu","14:16:02",34561000
18600,-450,500,"bu","14:16:00",34560000
18600,-450,4000,"bu","14:15:58",34559500
18600,-450,5100,"bu","14:15:51",34555500
18550,-500,7200,"sd","14:15:50",34550400
18550,-500,5000,"sd","14:15:50",34543200
18550,-500,10000,"sd","14:15:50",34538200
18550,-500,500,"sd","14:15:50",34528200
18550,-500,100,"sd","14:15:50",34527700
18550,-500,100,"sd","14:15:50",34527600
18550,-500,1000,"sd","14:15:50",34527500
18550,-500,2000,"sd","14:15:50",34526500
18550,-500,200,"sd","14:15:50",34524500
18550,-500,1200,"sd","14:15:42",34524300
18600,-450,2000,"bu","14:15:41",34523100
18600,-450,1000,"bu","14:15:37",34521100
18600,-450,7900,"bu","14:15:31",34520100
18600,-450,12100,"bu","14:15:31",34512200
18600,-450,100,"bu","14:15:25",34500100
18550,-500,300,"sd","14:15:25",34500000
18550,-500,2200,"sd","14:15:24",34499700
18600,-450,2600,"bu","14:15:21",34497500
18600,-450,4800,"bu","14:15:21",34494900
18600,-450,2000,"bu","14:15:20",34490100
18600,-450,1800,"bu","14:15:10",34488100
18600,-450,1500,"bu","14:15:03",34486300
18550,-500,3000,"sd","14:14:58",34484800
18600,-450,100,"bu","14:14:52",34481800
18550,-500,3100,"sd","14:14:51",34481700
18550,-500,500,"sd","14:14:51",34478600
18550,-500,1400,"sd","14:14:51",34478100
18600,-450,4800,"bu","14:14:50",34476700
18600,-450,100,"bu","14:14:39",34471900
18600,-450,20000,"bu","14:14:33",34471800
18600,-450,100,"bu","14:14:32",34451800
18600,-450,3000,"bu","14:14:31",34451700
18600,-450,4800,"bu","14:14:20",34448700
18600,-450,1000,"bu","14:14:17",34443900
18600,-450,500,"bu","14:14:17",34442900
18550,-500,100,"sd","14:14:15",34442400
18600,-450,400,"bu","14:14:10",34442300
18550,-500,1300,"bu","14:14:08",34441900
18550,-500,200,"bu","14:14:08",34440600
18550,-500,800,"bu","14:14:06",34440400
18550,-500,500,"bu","14:14:04",34439600
18550,-500,10000,"bu","14:14:03",34439100
18550,-500,2000,"bu","14:14:02",34429100
18500,-550,1600,"sd","14:14:01",34427100
18500,-550,500,"sd","14:14:01",34425500
18550,-500,400,"sd","14:14:01",34425000
18550,-500,2000,"sd","14:14:01",34424600
18550,-500,1000,"sd","14:14:01",34422600
18550,-500,3300,"sd","14:14:01",34421600
18550,-500,500,"sd","14:14:01",34418300
18550,-500,300,"sd","14:14:01",34417800
18550,-500,500,"sd","14:14:01",34417500
18550,-500,500,"sd","14:14:01",34417000
18550,-500,500,"sd","14:14:01",34416500
18550,-500,500,"sd","14:14:01",34416000
18550,-500,16000,"sd","14:14:01",34415500
18550,-500,10000,"sd","14:14:01",34399500
18550,-500,1000,"sd","14:14:00",34389500
18600,-450,1200,"bu","14:14:00",34388500
18600,-450,8800,"bu","14:14:00",34387300
18600,-450,2100,"bu","14:13:54",34378500
18600,-450,3000,"bu","14:13:54",34376400
18600,-450,5000,"bu","14:13:54",34373400
18600,-450,2000,"bu","14:13:54",34368400
18600,-450,17900,"bu","14:13:54",34366400
18600,-450,2100,"bu","14:13:52",34348500
18600,-450,100,"bu","14:13:52",34346400
18600,-450,12000,"bu","14:13:52",34346300
18600,-450,800,"bu","14:13:52",34334300
18600,-450,700,"bu","14:13:50",34333500
18600,-450,2000,"bu","14:13:50",34332800
18600,-450,1500,"bu","14:13:50",34330800
18600,-450,300,"bu","14:13:50",34329300
18600,-450,400,"bu","14:13:50",34329000
18550,-500,500,"sd","14:13:48",34328600
18550,-500,3500,"sd","14:13:48",34328100
18550,-500,1000,"sd","14:13:48",34324600
18550,-500,100,"sd","14:13:48",34323600
18550,-500,5000,"sd","14:13:48",34323500
18550,-500,1000,"sd","14:13:48",34318500
18550,-500,10500,"sd","14:13:48",34317500
18550,-500,1500,"sd","14:13:48",34307000
18550,-500,400,"sd","14:13:47",34305500
18550,-500,300,"sd","14:13:47",34305100
18550,-500,1000,"sd","14:13:47",34304800
18550,-500,100,"sd","14:13:47",34303800
18550,-500,100,"sd","14:13:47",34303700
18600,-450,600,"bu","14:13:45",34303600
18600,-450,4400,"bu","14:13:45",34303000
18600,-450,1000,"bu","14:13:41",34298600
18550,-500,1700,"sd","14:13:23",34297600
18550,-500,100,"sd","14:13:23",34295900
18550,-500,1100,"sd","14:13:23",34295800
18550,-500,100,"sd","14:13:23",34294700
18550,-500,1000,"sd","14:13:23",34294600
18550,-500,100,"bu","14:13:23",34293600
18550,-500,3900,"bu","14:13:22",34293500
18550,-500,900,"bu","14:13:22",34289600
18550,-500,2800,"bu","14:13:22",34288700
18550,-500,14700,"bu","14:13:22",34285900
18550,-500,500,"bu","14:13:21",34271200
18550,-500,700,"bu","14:13:20",34270700
18550,-500,4900,"bu","14:13:19",34270000
18550,-500,2000,"bu","14:13:19",34265100
18550,-500,2000,"bu","14:13:17",34263100
18550,-500,1000,"bu","14:13:14",34261100
18550,-500,1000,"bu","14:13:13",34260100
18550,-500,1200,"bu","14:13:13",34259100
18550,-500,100,"bu","14:13:12",34257900
18550,-500,200,"bu","14:13:10",34257800
18550,-500,10000,"bu","14:13:09",34257600
18550,-500,500,"bu","14:13:07",34247600
18550,-500,5000,"bu","14:13:06",34247100
18550,-500,1000,"bu","14:13:05",34242100
18550,-500,1000,"bu","14:13:01",34241100
18550,-500,4200,"bu","14:13:00",34240100
18550,-500,1200,"bu","14:13:00",34235900
18550,-500,300,"bu","14:12:50",34234700
18550,-500,500,"bu","14:12:50",34234400
18550,-500,200,"bu","14:12:50",34233900
18500,-550,500,"bu","14:12:48",34233700
18500,-550,400,"bu","14:12:48",34233200
18500,-550,1100,"bu","14:12:48",34232800
18500,-550,100,"bu","14:12:48",34231700
18500,-550,1100,"bu","14:12:48",34231600
18500,-550,1500,"bu","14:12:48",34230500
18500,-550,200,"bu","14:12:48",34229000
18500,-550,1000,"bu","14:12:48",34228800
18500,-550,300,"bu","14:12:48",34227800
18500,-550,500,"bu","14:12:48",34227500
18500,-550,200,"bu","14:12:47",34227000
18500,-550,800,"bu","14:12:47",34226800
18500,-550,4400,"bu","14:12:47",34226000
18500,-550,600,"bu","14:12:46",34221600
18500,-550,1000,"bu","14:12:46",34221000
18500,-550,1000,"bu","14:12:46",34220000
18500,-550,1000,"bu","14:12:46",34219000
18500,-550,100,"bu","14:12:46",34218000
18500,-550,14700,"bu","14:12:46",34217900
18500,-550,300,"bu","14:12:46",34203200
18500,-550,100,"bu","14:12:46",34202900
18500,-550,1200,"bu","14:12:46",34202800
18500,-550,100,"bu","14:12:46",34201600
18500,-550,100,"bu","14:12:45",34201500
18500,-550,1000,"bu","14:12:45",34201400
18500,-550,10300,"bu","14:12:45",34200400
18500,-550,5000,"bu","14:12:45",34190100
18500,-550,2000,"bu","14:12:45",34185100
18500,-550,100,"bu","14:12:45",34183100
18500,-550,100,"bu","14:12:45",34183000
18500,-550,2000,"bu","14:12:45",34182900
18500,-550,100,"bu","14:12:45",34180900
18500,-550,200,"bu","14:12:45",34180800
18500,-550,500,"bu","14:12:45",34180600
18500,-550,900,"bu","14:12:45",34180100
18500,-550,1000,"bu","14:12:44",34179200
18500,-550,2600,"bu","14:12:44",34178200
18500,-550,2400,"bu","14:12:44",34175600
18500,-550,200,"bu","14:12:44",34173200
18500,-550,2400,"bu","14:12:44",34173000
18500,-550,5000,"bu","14:12:44",34170600
18500,-550,2600,"bu","14:12:44",34165600
18500,-550,500,"bu","14:12:44",34163000
18500,-550,1900,"bu","14:12:43",34162500
18500,-550,1100,"bu","14:12:43",34160600
18500,-550,19700,"bu","14:12:43",34159500
18500,-550,200,"bu","14:12:43",34139800
18500,-550,10000,"bu","14:12:43",34139600
18500,-550,10100,"bu","14:12:43",34129600
18500,-550,10000,"bu","14:12:42",34119500
18500,-550,100,"bu","14:12:42",34109500
18500,-550,300,"bu","14:12:42",34109400
18500,-550,5000,"bu","14:12:41",34109100
18500,-550,600,"bu","14:12:41",34104100
18500,-550,5000,"bu","14:12:41",34103500
18500,-550,5000,"bu","14:12:41",34098500
18500,-550,10000,"bu","14:12:40",34093500
18500,-550,500,"bu","14:12:40",34083500
18450,-600,400,"sd","14:12:39",34083000
18450,-600,1800,"sd","14:12:39",34082600
18500,-550,100,"bu","14:12:39",34080800
18500,-550,300,"bu","14:12:38",34080700
18500,-550,3000,"bu","14:12:37",34080400
18500,-550,100,"bu","14:12:36",34077400
18500,-550,200,"bu","14:12:35",34077300
18500,-550,2000,"bu","14:12:35",34077100
18500,-550,3000,"bu","14:12:34",34075100
18500,-550,700,"bu","14:12:33",34072100
18500,-550,2000,"bu","14:12:33",34071400
18500,-550,10000,"bu","14:12:31",34069400
18500,-550,1000,"bu","14:12:30",34059400
18500,-550,3700,"bu","14:12:30",34058400
18500,-550,1800,"bu","14:12:30",34054700
18500,-550,1000,"bu","14:12:29",34052900
18500,-550,2000,"bu","14:12:29",34051900
18500,-550,3000,"bu","14:12:28",34049900
18500,-550,5000,"bu","14:12:28",34046900
18500,-550,100,"bu","14:12:27",34041900
18500,-550,2700,"bu","14:12:27",34041800
18500,-550,100,"bu","14:12:24",34039100
18500,-550,500,"bu","14:12:23",34039000
18500,-550,20000,"bu","14:12:23",34038500
18500,-550,2000,"bu","14:12:22",34018500
18500,-550,100,"bu","14:12:21",34016500
18500,-550,2000,"bu","14:12:21",34016400
18450,-600,5800,"sd","14:12:20",34014400
18450,-600,1000,"sd","14:12:20",34008600
18450,-600,300,"sd","14:12:20",34007600
18450,-600,500,"sd","14:12:20",34007300
18450,-600,600,"sd","14:12:20",34006800
18500,-550,800,"bu","14:12:18",34006200
18500,-550,4000,"bu","14:12:16",34005400
18500,-550,100,"bu","14:12:15",34001400
18500,-550,5100,"bu","14:12:14",34001300
18500,-550,500,"bu","14:12:14",33996200
18500,-550,10000,"bu","14:12:12",33995700
18500,-550,2400,"bu","14:12:11",33985700
18500,-550,3600,"bu","14:12:08",33983300
18500,-550,100,"bu","14:12:07",33979700
18500,-550,5000,"bu","14:12:07",33979600
18500,-550,500,"bu","14:12:07",33974600
18500,-550,100,"bu","14:12:06",33974100
18500,-550,200,"bu","14:12:04",33974000
18500,-550,200,"bu","14:12:03",33973800
18500,-550,4700,"bu","14:12:02",33973600
18500,-550,2000,"bu","14:12:02",33968900
18500,-550,200,"bu","14:11:59",33966900
18500,-550,100,"bu","14:11:55",33966700
18450,-600,1000,"sd","14:11:50",33966600
18500,-550,2600,"bu","14:11:49",33965600
18450,-600,100,"sd","14:11:48",33963000
18450,-600,1000,"sd","14:11:48",33962900
18450,-600,1200,"sd","14:11:48",33961900
18450,-600,2000,"sd","14:11:47",33960700
18450,-600,200,"sd","14:11:47",33958700
18450,-600,1000,"sd","14:11:47",33958500
18450,-600,1100,"sd","14:11:47",33957500
18450,-600,500,"sd","14:11:47",33956400
18450,-600,500,"sd","14:11:47",33955900
18450,-600,600,"sd","14:11:47",33955400
18450,-600,10000,"sd","14:11:47",33954800
18450,-600,2000,"sd","14:11:46",33944800
18450,-600,100,"sd","14:11:46",33942800
18450,-600,200,"sd","14:11:46",33942700
18500,-550,500,"bu","14:11:46",33942500
18450,-600,500,"sd","14:11:46",33942000
18450,-600,400,"sd","14:11:45",33941500
18450,-600,500,"sd","14:11:45",33941100
18450,-600,10000,"sd","14:11:45",33940600
18450,-600,200,"sd","14:11:45",33930600
18450,-600,500,"sd","14:11:45",33930400
18450,-600,5300,"sd","14:11:45",33929900
18450,-600,500,"sd","14:11:45",33924600
18450,-600,500,"sd","14:11:44",33924100
18450,-600,3300,"sd","14:11:44",33923600
18450,-600,8300,"sd","14:11:44",33920300
18500,-550,1000,"bu","14:11:44",33912000
18500,-550,1000,"bu","14:11:43",33911000
18500,-550,5200,"bu","14:11:42",33910000
18500,-550,100,"bu","14:11:42",33904800
18500,-550,2000,"bu","14:11:40",33904700
18450,-600,1200,"sd","14:11:38",33902700
18450,-600,700,"sd","14:11:38",33901500
18450,-600,100,"sd","14:11:38",33900800
18450,-600,1000,"sd","14:11:37",33900700
18450,-600,100,"sd","14:11:37",33899700
18500,-550,100,"bu","14:11:33",33899600
18450,-600,300,"sd","14:11:27",33899500
18450,-600,500,"sd","14:11:27",33899200
18450,-600,3000,"sd","14:11:26",33898700
18500,-550,1000,"bu","14:11:26",33895700
18450,-600,200,"sd","14:11:26",33894700
18500,-550,500,"bu","14:11:26",33894500
18450,-600,10000,"sd","14:11:25",33894000
18450,-600,100,"sd","14:11:25",33884000
18450,-600,700,"sd","14:11:25",33883900
18450,-600,1000,"sd","14:11:24",33883200
18450,-600,4500,"sd","14:11:24",33882200
18500,-550,500,"bu","14:11:23",33877700
18450,-600,1500,"sd","14:11:19",33877200
18450,-600,2200,"sd","14:11:19",33875700
18450,-600,3000,"sd","14:11:19",33873500
18450,-600,100,"sd","14:11:19",33870500
18450,-600,1000,"sd","14:11:18",33870400
18450,-600,200,"sd","14:11:18",33869400
18450,-600,2700,"sd","14:11:18",33869200
18450,-600,500,"sd","14:11:17",33866500
18450,-600,1000,"sd","14:11:17",33866000
18450,-600,5100,"sd","14:11:17",33865000
18450,-600,1200,"sd","14:11:16",33859900
18500,-550,10000,"bu","14:11:15",33858700
18450,-600,400,"sd","14:11:14",33848700
18450,-600,100,"sd","14:11:14",33848300
18450,-600,1600,"sd","14:11:14",33848200
18450,-600,1000,"unknown","14:11:13",33846600
18450,-600,2600,"unknown","14:11:12",33845600
18450,-600,1600,"unknown","14:11:12",33843000
18450,-600,100,"unknown","14:11:12",33841400
18450,-600,1000,"unknown","14:11:12",33841300
18450,-600,2400,"unknown","14:11:11",33840300
18450,-600,300,"unknown","14:11:11",33837900
18400,-650,14700,"sd","14:11:11",33837600
18450,-600,6800,"unknown","14:11:11",33822900
18450,-600,4600,"bu","14:11:11",33816100
18450,-600,400,"bu","14:11:11",33811500
18450,-600,1000,"bu","14:11:11",33811100
18450,-600,100,"bu","14:11:11",33810100
18450,-600,1500,"bu","14:11:10",33810000
18450,-600,600,"bu","14:11:10",33808500
18450,-600,1900,"bu","14:11:09",33807900
18450,-600,100,"bu","14:11:08",33806000
18450,-600,500,"bu","14:11:08",33805900
18450,-600,7000,"bu","14:11:08",33805400
18450,-600,100,"bu","14:11:08",33798400
18450,-600,900,"bu","14:11:08",33798300
18450,-600,700,"bu","14:11:08",33797400
18450,-600,100,"bu","14:11:08",33796700
18450,-600,1000,"bu","14:11:08",33796600
18450,-600,200,"bu","14:11:07",33795600
18450,-600,1100,"bu","14:11:07",33795400
18450,-600,100,"bu","14:11:07",33794300
18450,-600,200,"bu","14:11:07",33794200
18450,-600,4400,"bu","14:11:07",33794000
18450,-600,200,"bu","14:11:06",33789600
18450,-600,500,"bu","14:11:05",33789400
18450,-600,800,"bu","14:11:04",33788900
18450,-600,100,"bu","14:11:04",33788100
18450,-600,200,"bu","14:11:04",33788000
18450,-600,10000,"bu","14:11:03",33787800
18450,-600,100,"bu","14:11:01",33777800
18450,-600,500,"bu","14:11:00",33777700
18450,-600,3800,"bu","14:11:00",33777200
18450,-600,300,"bu","14:10:59",33773400
18450,-600,3000,"bu","14:10:59",33773100
18450,-600,2000,"bu","14:10:57",33770100
18450,-600,1000,"bu","14:10:56",33768100
18450,-600,2000,"bu","14:10:55",33767100
18450,-600,200,"bu","14:10:54",33765100
18450,-600,100,"bu","14:10:53",33764900
18450,-600,5000,"bu","14:10:52",33764800
18450,-600,3000,"bu","14:10:50",33759800
18400,-650,500,"sd","14:10:49",33756800
18450,-600,5100,"bu","14:10:47",33756300
18450,-600,2000,"bu","14:10:44",33751200
18450,-600,300,"bu","14:10:42",33749200
18350,-700,1100,"sd","14:10:40",33748900
18350,-700,600,"sd","14:10:39",33747800
18450,-600,2000,"bu","14:10:38",33747200
18350,-700,300,"sd","14:10:37",33745200
18350,-700,500,"sd","14:10:36",33744900
18450,-600,2000,"bu","14:10:35",33744400
18350,-700,1000,"sd","14:10:35",33742400
18450,-600,600,"bu","14:10:34",33741400
18350,-700,700,"sd","14:10:33",33740800
18400,-650,500,"sd","14:10:32",33740100
18400,-650,100,"sd","14:10:32",33739600
18400,-650,200,"sd","14:10:31",33739500
18400,-650,1000,"sd","14:10:30",33739300
18400,-650,1000,"sd","14:10:30",33738300
18400,-650,700,"sd","14:10:29",33737300
18450,-600,500,"bu","14:10:29",33736600
18400,-650,1500,"sd","14:10:29",33736100
18400,-650,100,"bu","14:10:28",33734600
18400,-650,200,"bu","14:10:28",33734500
18400,-650,100,"bu","14:10:26",33734300
18400,-650,200,"bu","14:10:25",33734200
18400,-650,100,"bu","14:10:24",33734000
18400,-650,1000,"bu","14:10:24",33733900
18400,-650,100,"bu","14:10:23",33732900
18400,-650,100,"bu","14:10:23",33732800
18400,-650,600,"bu","14:10:22",33732700
18400,-650,900,"sd","14:10:21",33732100
18350,-700,500,"sd","14:10:18",33731200
18400,-650,1200,"sd","14:10:18",33730700
18400,-650,1000,"sd","14:10:18",33729500
18350,-700,1100,"sd","14:10:17",33728500
18400,-650,1000,"sd","14:10:16",33727400
18400,-650,100,"sd","14:10:15",33726400
18350,-700,300,"sd","14:10:15",33726300
18350,-700,300,"sd","14:10:14",33726000
18400,-650,100,"sd","14:10:13",33725700
18400,-650,1400,"sd","14:10:13",33725600
18350,-700,1000,"sd","14:10:13",33724200
18350,-700,200,"sd","14:10:12",33723200
18350,-700,3000,"sd","14:10:11",33723000
18400,-650,100,"sd","14:10:11",33720000
18350,-700,4600,"sd","14:10:10",33719900
18350,-700,1500,"sd","14:10:09",33715300
18300,-750,4100,"sd","14:10:09",33713800
18400,-650,1000,"bu","14:10:08",33709700
18350,-700,700,"sd","14:10:07",33708700
18300,-750,300,"sd","14:10:07",33708000
18350,-700,100,"sd","14:10:05",33707700
18400,-650,600,"bu","14:10:05",33707600
18300,-750,600,"sd","14:10:05",33707000
18350,-700,500,"sd","14:10:04",33706400
18350,-700,1000,"sd","14:10:04",33705900
18300,-750,1000,"sd","14:10:03",33704900
18350,-700,200,"sd","14:10:02",33703900
18350,-700,500,"sd","14:10:02",33703700
18300,-750,800,"sd","14:10:01",33703200
18350,-700,3000,"sd","14:10:01",33702400
18300,-750,1000,"sd","14:10:00",33699400
18350,-700,100,"sd","14:09:59",33698400
18300,-750,2000,"sd","14:09:59",33698300
18300,-750,1400,"sd","14:09:57",33696300
18350,-700,100,"sd","14:09:57",33694900
18350,-700,200,"sd","14:09:57",33694800
18350,-700,2100,"sd","14:09:57",33694600
18300,-750,500,"sd","14:09:57",33692500
18350,-700,100,"sd","14:09:56",33692000
18350,-700,300,"bu","14:09:55",33691900
18300,-750,200,"sd","14:09:55",33691600
18350,-700,200,"bu","14:09:55",33691400
18300,-750,200,"sd","14:09:55",33691200
18300,-750,3000,"sd","14:09:54",33691000
18300,-750,100,"sd","14:09:53",33688000
18300,-750,500,"sd","14:09:52",33687900
18350,-700,4200,"bu","14:09:52",33687400
18350,-700,1000,"bu","14:09:51",33683200
18300,-750,100,"sd","14:09:50",33682200
18300,-750,1000,"sd","14:09:49",33682100
18300,-750,800,"sd","14:09:48",33681100
18300,-750,1000,"sd","14:09:47",33680300
18350,-700,500,"sd","14:09:45",33679300
18300,-750,3100,"sd","14:09:44",33678800
18300,-750,100,"sd","14:09:44",33675700
18300,-750,500,"sd","14:09:42",33675600
18300,-750,400,"sd","14:09:42",33675100
18350,-700,400,"bu","14:09:40",33674700
18300,-750,100,"sd","14:09:39",33674300
18300,-750,500,"sd","14:09:39",33674200
18300,-750,1800,"sd","14:09:39",33673700
18350,-700,100,"bu","14:09:39",33671900
18350,-700,1400,"bu","14:09:39",33671800
18350,-700,500,"bu","14:09:37",33670400
18300,-750,100,"sd","14:09:37",33669900
18300,-750,200,"sd","14:09:37",33669800
18300,-750,1000,"sd","14:09:37",33669600
18300,-750,2000,"sd","14:09:37",33668600
18350,-700,600,"bu","14:09:37",33666600
18300,-750,3100,"sd","14:09:36",33666000
18350,-700,100,"bu","14:09:35",33662900
18300,-750,300,"sd","14:09:35",33662800
18300,-750,100,"sd","14:09:35",33662500
18300,-750,1000,"sd","14:09:35",33662400
18300,-750,100,"sd","14:09:35",33661400
18350,-700,500,"bu","14:09:35",33661300
18300,-750,6900,"sd","14:09:34",33660800
18350,-700,500,"bu","14:09:33",33653900
18300,-750,600,"sd","14:09:33",33653400
18300,-750,200,"sd","14:09:33",33652800
18300,-750,3900,"sd","14:09:33",33652600
18300,-750,5200,"sd","14:09:31",33648700
18300,-750,100,"sd","14:09:30",33643500
18300,-750,100,"sd","14:09:28",33643400
18350,-700,500,"bu","14:09:28",33643300
18300,-750,100,"sd","14:09:27",33642800
18350,-700,300,"bu","14:09:27",33642700
18300,-750,1000,"sd","14:09:26",33642400
18300,-750,15000,"sd","14:09:25",33641400
18300,-750,1000,"sd","14:09:25",33626400
18300,-750,500,"sd","14:09:25",33625400
18350,-700,500,"bu","14:09:25",33624900
18300,-750,3000,"sd","14:09:23",33624400
18300,-750,13500,"sd","14:09:23",33621400
18300,-750,2000,"sd","14:09:22",33607900
18300,-750,2200,"sd","14:09:21",33605900
18300,-750,14900,"sd","14:09:21",33603700
18300,-750,500,"sd","14:09:20",33588800
18300,-750,2000,"sd","14:09:20",33588300
18300,-750,700,"sd","14:09:19",33586300
18300,-750,1000,"sd","14:09:19",33585600
18300,-750,200,"sd","14:09:19",33584600
18300,-750,200,"sd","14:09:18",33584400
18300,-750,100,"sd","14:09:18",33584200
18300,-750,20700,"sd","14:09:17",33584100
18300,-750,400,"sd","14:09:17",33563400
18300,-750,100,"bu","14:09:17",33563000
18300,-750,100,"bu","14:09:17",33562900
18300,-750,100,"bu","14:09:17",33562800
18300,-750,500,"bu","14:09:17",33562700
18350,-700,200,"bu","14:09:16",33562200
18300,-750,300,"bu","14:09:16",33562000
18300,-750,1000,"bu","14:09:16",33561700
18300,-750,600,"bu","14:09:16",33560700
18300,-750,700,"bu","14:09:16",33560100
18300,-750,800,"bu","14:09:15",33559400
18300,-750,100,"bu","14:09:15",33558600
18300,-750,1600,"bu","14:09:15",33558500
18300,-750,200,"bu","14:09:14",33556900
18300,-750,200,"bu","14:09:14",33556700
18250,-800,100,"sd","14:09:14",33556500
18300,-750,1000,"bu","14:09:14",33556400
18300,-750,100,"bu","14:09:14",33555400
18300,-750,100,"bu","14:09:14",33555300
18300,-750,1200,"bu","14:09:14",33555200
18300,-750,1000,"bu","14:09:14",33554000
18300,-750,400,"bu","14:09:12",33553000
18300,-750,1000,"bu","14:09:12",33552600
18300,-750,500,"bu","14:09:11",33551600
18300,-750,3000,"bu","14:09:11",33551100
18300,-750,3400,"bu","14:09:10",33548100
18300,-750,1900,"bu","14:09:10",33544700
18300,-750,400,"bu","14:09:10",33542800
18300,-750,1000,"bu","14:09:10",33542400
18300,-750,100,"bu","14:09:09",33541400
18300,-750,200,"bu","14:09:09",33541300
18300,-750,500,"bu","14:09:09",33541100
18300,-750,100,"bu","14:09:08",33540600
18300,-750,1000,"bu","14:09:08",33540500
18300,-750,20000,"bu","14:09:08",33539500
18300,-750,1000,"bu","14:09:08",33519500
18300,-750,500,"bu","14:09:08",33518500
18300,-750,20000,"bu","14:09:08",33518000
18250,-800,1700,"sd","14:09:07",33498000
18300,-750,1000,"bu","14:09:06",33496300
18300,-750,5000,"bu","14:09:06",33495300
18300,-750,600,"bu","14:09:06",33490300
18250,-800,1300,"sd","14:09:06",33489700
18300,-750,1000,"bu","14:09:04",33488400
18300,-750,1000,"bu","14:09:04",33487400
18300,-750,2000,"bu","14:09:04",33486400
18300,-750,1600,"bu","14:09:04",33484400
18250,-800,100,"sd","14:09:04",33482800
18300,-750,100,"bu","14:09:04",33482700
18300,-750,500,"bu","14:09:04",33482600
18300,-750,200,"bu","14:09:03",33482100
18300,-750,2000,"bu","14:09:03",33481900
18300,-750,300,"bu","14:09:03",33479900
18300,-750,5000,"bu","14:09:03",33479600
18300,-750,2000,"bu","14:09:03",33474600
18300,-750,500,"bu","14:09:03",33472600
18300,-750,1200,"bu","14:09:02",33472100
18300,-750,1900,"bu","14:09:02",33470900
18250,-800,200,"sd","14:09:02",33469000
18300,-750,1000,"bu","14:09:02",33468800
18300,-750,100,"bu","14:09:01",33467800
18300,-750,2000,"bu","14:09:01",33467700
18300,-750,10000,"bu","14:09:01",33465700
18300,-750,1000,"bu","14:09:01",33455700
18300,-750,100,"bu","14:09:01",33454700
18300,-750,100,"bu","14:09:01",33454600
18300,-750,100,"bu","14:09:01",33454500
18300,-750,500,"bu","14:09:01",33454400
18300,-750,1200,"bu","14:09:00",33453900
18250,-800,300,"sd","14:09:00",33452700
18300,-750,500,"bu","14:09:00",33452400
18300,-750,500,"bu","14:09:00",33451900
18300,-750,500,"bu","14:09:00",33451400
18300,-750,100,"bu","14:09:00",33450900
18300,-750,100,"bu","14:08:59",33450800
18300,-750,1000,"bu","14:08:59",33450700
18250,-800,100,"sd","14:08:59",33449700
18250,-800,3400,"sd","14:08:59",33449600
18300,-750,200,"bu","14:08:58",33446200
18300,-750,100,"bu","14:08:58",33446000
18300,-750,500,"bu","14:08:58",33445900
18300,-750,10000,"bu","14:08:58",33445400
18300,-750,1000,"bu","14:08:58",33435400
18300,-750,900,"bu","14:08:58",33434400
18300,-750,500,"bu","14:08:57",33433500
18300,-750,200,"bu","14:08:57",33433000
18300,-750,1000,"bu","14:08:57",33432800
18300,-750,100,"bu","14:08:56",33431800
18300,-750,1300,"bu","14:08:56",33431700
18300,-750,300,"bu","14:08:56",33430400
18300,-750,200,"bu","14:08:56",33430100
18300,-750,1600,"bu","14:08:55",33429900
18300,-750,1000,"bu","14:08:55",33428300
18300,-750,1000,"bu","14:08:55",33427300
18300,-750,400,"bu","14:08:55",33426300
18300,-750,100,"bu","14:08:55",33425900
18300,-750,100,"bu","14:08:55",33425800
18300,-750,100,"bu","14:08:55",33425700
18300,-750,11000,"bu","14:08:54",33425600
18300,-750,200,"bu","14:08:54",33414600
18300,-750,1000,"bu","14:08:54",33414400
18300,-750,5000,"bu","14:08:54",33413400
18300,-750,100,"bu","14:08:53",33408400
18300,-750,1000,"bu","14:08:53",33408300
18300,-750,100,"bu","14:08:53",33407300
18300,-750,200,"bu","14:08:53",33407200
18300,-750,100,"bu","14:08:53",33407000
18300,-750,1000,"bu","14:08:53",33406900
18350,-700,1000,"bu","14:08:53",33405900
18300,-750,500,"bu","14:08:53",33404900
18300,-750,1100,"bu","14:08:53",33404400
18300,-750,100,"bu","14:08:53",33403300
18300,-750,100,"bu","14:08:52",33403200
18250,-800,16500,"sd","14:08:52",33403100
18300,-750,100,"bu","14:08:52",33386600
18300,-750,10000,"bu","14:08:52",33386500
18300,-750,4000,"bu","14:08:52",33376500
18300,-750,500,"bu","14:08:52",33372500
18300,-750,100,"bu","14:08:51",33372000
18300,-750,1000,"bu","14:08:51",33371900
18300,-750,3000,"bu","14:08:51",33370900
18300,-750,500,"bu","14:08:51",33367900
18300,-750,1800,"bu","14:08:51",33367400
18300,-750,100,"bu","14:08:50",33365600
18300,-750,1000,"bu","14:08:50",33365500
18300,-750,100,"bu","14:08:50",33364500
18300,-750,500,"bu","14:08:50",33364400
18300,-750,3000,"bu","14:08:50",33363900
18300,-750,300,"bu","14:08:50",33360900
18300,-750,100,"bu","14:08:50",33360600
18300,-750,2000,"bu","14:08:50",33360500
18300,-750,100,"bu","14:08:50",33358500
18300,-750,500,"bu","14:08:50",33358400
18300,-750,1000,"bu","14:08:49",33357900
18300,-750,500,"bu","14:08:49",33356900
18300,-750,200,"bu","14:08:48",33356400
18300,-750,5000,"bu","14:08:48",33356200
18300,-750,5000,"bu","14:08:48",33351200
18300,-750,1000,"bu","14:08:48",33346200
18300,-750,100,"bu","14:08:48",33345200
18300,-750,500,"bu","14:08:48",33345100
18300,-750,2700,"bu","14:08:48",33344600
18300,-750,24000,"bu","14:08:48",33341900
18300,-750,5400,"bu","14:08:48",33317900
18300,-750,100,"bu","14:08:47",33312500
18300,-750,300,"bu","14:08:47",33312400
18300,-750,1000,"bu","14:08:47",33312100
18300,-750,1000,"bu","14:08:47",33311100
18300,-750,100,"bu","14:08:47",33310100
18300,-750,2500,"bu","14:08:47",33310000
18300,-750,200,"bu","14:08:47",33307500
18300,-750,300,"bu","14:08:47",33307300
18300,-750,100,"bu","14:08:47",33307000
18300,-750,1000,"bu","14:08:47",33306900
18300,-750,300,"bu","14:08:47",33305900
18350,-700,500,"bu","14:08:46",33305600
18350,-700,500,"bu","14:08:46",33305100
18350,-700,200,"bu","14:08:46",33304600
18300,-750,3000,"bu","14:08:46",33304400
18300,-750,200,"bu","14:08:46",33301400
18300,-750,1000,"bu","14:08:46",33301200
18300,-750,10000,"bu","14:08:46",33300200
18300,-750,400,"bu","14:08:45",33290200
18300,-750,400,"bu","14:08:45",33289800
18300,-750,300,"bu","14:08:45",33289400
18300,-750,1000,"bu","14:08:45",33289100
18300,-750,500,"bu","14:08:45",33288100
18300,-750,200,"bu","14:08:45",33287600
18300,-750,100,"bu","14:08:45",33287400
18300,-750,500,"bu","14:08:45",33287300
18350,-700,800,"unknown","14:08:45",33286800
18350,-700,500,"unknown","14:08:45",33286000
18350,-700,100,"unknown","14:08:45",33285500
18350,-700,300,"unknown","14:08:45",33285400
18300,-750,1000,"sd","14:08:45",33285100
18300,-750,100,"sd","14:08:44",33284100
18350,-700,3000,"unknown","14:08:44",33284000
18300,-750,1000,"sd","14:08:44",33281000
18300,-750,600,"sd","14:08:44",33280000
18300,-750,100,"sd","14:08:44",33279400
18300,-750,3000,"sd","14:08:44",33279300
18300,-750,1000,"sd","14:08:44",33276300
18300,-750,10000,"sd","14:08:44",33275300
18300,-750,500,"sd","14:08:44",33265300
18300,-750,200,"sd","14:08:44",33264800
18300,-750,100,"sd","14:08:44",33264600
18300,-750,5000,"sd","14:08:44",33264500
18350,-700,2000,"unknown","14:08:43",33259500
18350,-700,1000,"unknown","14:08:43",33257500
18350,-700,1000,"unknown","14:08:43",33256500
18350,-700,1000,"unknown","14:08:43",33255500
18400,-650,500,"bu","14:08:43",33254500
18300,-750,100,"sd","14:08:43",33254000
18350,-700,100,"unknown","14:08:43",33253900
18400,-650,5000,"bu","14:08:42",33253800
18300,-750,400,"sd","14:08:42",33248800
18300,-750,3000,"sd","14:08:42",33248400
18300,-750,3000,"sd","14:08:42",33245400
18300,-750,3200,"sd","14:08:42",33242400
18300,-750,500,"sd","14:08:42",33239200
18300,-750,500,"sd","14:08:42",33238700
18300,-750,1000,"sd","14:08:42",33238200
18300,-750,5000,"sd","14:08:42",33237200
18300,-750,1000,"sd","14:08:42",33232200
18300,-750,1800,"sd","14:08:42",33231200
18300,-750,100,"sd","14:08:42",33229400
18350,-700,500,"unknown","14:08:42",33229300
18350,-700,100,"unknown","14:08:42",33228800
18400,-650,100,"bu","14:08:42",33228700
18350,-700,1000,"unknown","14:08:42",33228600
18350,-700,100,"unknown","14:08:41",33227600
18300,-750,800,"sd","14:08:41",33227500
18400,-650,1000,"bu","14:08:41",33226700
18350,-700,300,"unknown","14:08:41",33225700
18300,-750,500,"sd","14:08:41",33225400
18300,-750,1000,"sd","14:08:41",33224900
18300,-750,1000,"sd","14:08:41",33223900
18300,-750,200,"sd","14:08:41",33222900
18300,-750,100,"sd","14:08:41",33222700
18300,-750,1000,"sd","14:08:41",33222600
18300,-750,1100,"sd","14:08:41",33221600
18300,-750,100,"sd","14:08:41",33220500
18300,-750,2200,"sd","14:08:40",33220400
18300,-750,2000,"sd","14:08:40",33218200
18300,-750,20000,"sd","14:08:40",33216200
18300,-750,100,"sd","14:08:40",33196200
18300,-750,1000,"sd","14:08:40",33196100
18350,-700,1000,"unknown","14:08:40",33195100
18350,-700,1000,"unknown","14:08:40",33194100
18400,-650,200,"bu","14:08:40",33193100
18350,-700,900,"unknown","14:08:40",33192900
18350,-700,500,"unknown","14:08:40",33192000
18300,-750,4000,"sd","14:08:40",33191500
18400,-650,100,"bu","14:08:39",33187500
18350,-700,5000,"unknown","14:08:39",33187400
18300,-750,1000,"sd","14:08:39",33182400
18300,-750,6000,"sd","14:08:39",33181400
18300,-750,500,"sd","14:08:39",33175400
18300,-750,200,"sd","14:08:39",33174900
18300,-750,100,"sd","14:08:39",33174700
18300,-750,200,"sd","14:08:39",33174600
18300,-750,200,"sd","14:08:39",33174400
18300,-750,100,"sd","14:08:39",33174200
18300,-750,500,"sd","14:08:39",33174100
18300,-750,300,"sd","14:08:39",33173600
18300,-750,300,"sd","14:08:39",33173300
18300,-750,1800,"sd","14:08:39",33173000
18350,-700,100,"unknown","14:08:38",33171200
18350,-700,200,"unknown","14:08:38",33171100
18300,-750,13200,"sd","14:08:38",33170900
18350,-700,2400,"unknown","14:08:38",33157700
18400,-650,1000,"bu","14:08:38",33155300
18350,-700,500,"unknown","14:08:38",33154300
18350,-700,500,"unknown","14:08:38",33153800
18350,-700,1200,"unknown","14:08:38",33153300
18300,-750,500,"sd","14:08:38",33152100
18400,-650,1800,"bu","14:08:38",33151600
18400,-650,100,"bu","14:08:38",33149800
18350,-700,200,"unknown","14:08:38",33149700
18350,-700,100,"unknown","14:08:38",33149500
18300,-750,500,"sd","14:08:38",33149400
18300,-750,100,"sd","14:08:38",33148900
18300,-750,500,"sd","14:08:38",33148800
18300,-750,400,"sd","14:08:38",33148300
18300,-750,300,"sd","14:08:37",33147900
18300,-750,2000,"sd","14:08:37",33147600
18300,-750,1000,"sd","14:08:37",33145600
18300,-750,300,"sd","14:08:37",33144600
18300,-750,200,"sd","14:08:37",33144300
18300,-750,500,"sd","14:08:37",33144100
18400,-650,3000,"bu","14:08:37",33143600
18350,-700,200,"unknown","14:08:37",33140600
18350,-700,10000,"unknown","14:08:37",33140400
18350,-700,5000,"unknown","14:08:37",33130400
18350,-700,1800,"unknown","14:08:37",33125400
18400,-650,1000,"bu","14:08:37",33123600
18350,-700,200,"unknown","14:08:37",33122600
18350,-700,5000,"unknown","14:08:37",33122400
18300,-750,500,"sd","14:08:36",33117400
18400,-650,500,"bu","14:08:36",33116900
18300,-750,400,"sd","14:08:36",33116400
18400,-650,100,"bu","14:08:36",33116000
18350,-700,100,"unknown","14:08:36",33115900
18300,-750,400,"sd","14:08:36",33115800
18300,-750,1200,"sd","14:08:36",33115400
18300,-750,200,"sd","14:08:36",33114200
18300,-750,100,"sd","14:08:36",33114000
18300,-750,500,"sd","14:08:36",33113900
18300,-750,3100,"sd","14:08:36",33113400
18350,-700,1000,"unknown","14:08:36",33110300
18400,-650,2800,"bu","14:08:35",33109300
18350,-700,20000,"unknown","14:08:35",33106500
18350,-700,800,"unknown","14:08:35",33086500
18400,-650,100,"bu","14:08:35",33085700
18350,-700,100,"unknown","14:08:35",33085600
18350,-700,5000,"unknown","14:08:35",33085500
18400,-650,100,"bu","14:08:35",33080500
18300,-750,500,"sd","14:08:35",33080400
18300,-750,100,"sd","14:08:35",33079900
18400,-650,200,"bu","14:08:35",33079800
18350,-700,100,"unknown","14:08:35",33079600
18300,-750,300,"sd","14:08:34",33079500
18300,-750,1000,"sd","14:08:34",33079200
18300,-750,300,"sd","14:08:34",33078200
18300,-750,10000,"sd","14:08:34",33077900
18300,-750,100,"sd","14:08:34",33067900
18300,-750,100,"sd","14:08:34",33067800
18300,-750,50200,"sd","14:08:34",33067700
18300,-750,400,"sd","14:08:34",33017500
18400,-650,3000,"bu","14:08:34",33017100
18400,-650,500,"bu","14:08:34",33014100
18350,-700,1100,"unknown","14:08:34",33013600
18350,-700,200,"unknown","14:08:34",33012500
18350,-700,3000,"unknown","14:08:34",33012300
18400,-650,400,"bu","14:08:34",33009300
18350,-700,1000,"unknown","14:08:34",33008900
18350,-700,100,"unknown","14:08:34",33007900
18400,-650,100,"bu","14:08:33",33007800
18300,-750,700,"sd","14:08:33",33007700
18300,-750,200,"sd","14:08:33",33007000
18400,-650,10000,"bu","14:08:33",33006800
18400,-650,300,"bu","14:08:33",32996800
18350,-700,1000,"unknown","14:08:33",32996500
18300,-750,200,"sd","14:08:33",32995500
18300,-750,3000,"sd","14:08:33",32995300
18300,-750,500,"sd","14:08:33",32992300
18300,-750,500,"sd","14:08:33",32991800
18300,-750,32700,"sd","14:08:33",32991300
18300,-750,300,"sd","14:08:33",32958600
18300,-750,2000,"sd","14:08:33",32958300
18300,-750,500,"sd","14:08:33",32956300
18400,-650,10000,"bu","14:08:33",32955800
18400,-650,4000,"bu","14:08:32",32945800
18350,-700,500,"unknown","14:08:32",32941800
18350,-700,300,"unknown","14:08:32",32941300
18350,-700,1000,"unknown","14:08:32",32941000
18350,-700,300,"unknown","14:08:32",32940000
18400,-650,500,"bu","14:08:32",32939700
18350,-700,5000,"unknown","14:08:32",32939200
18350,-700,100,"unknown","14:08:32",32934200
18350,-700,200,"unknown","14:08:32",32934100
18300,-750,1800,"sd","14:08:32",32933900
18400,-650,1000,"bu","14:08:32",32932100
18400,-650,1000,"bu","14:08:32",32931100
18300,-750,300,"sd","14:08:32",32930100
18300,-750,1300,"sd","14:08:31",32929800
18300,-750,200,"sd","14:08:31",32928500
18300,-750,800,"sd","14:08:31",32928300
18300,-750,500,"sd","14:08:31",32927500
18300,-750,500,"sd","14:08:31",32927000
18300,-750,300,"sd","14:08:31",32926500
18400,-650,5000,"bu","14:08:31",32926200
18400,-650,5000,"bu","14:08:31",32921200
18350,-700,300,"unknown","14:08:31",32916200
18350,-700,100,"unknown","14:08:31",32915900
18350,-700,1000,"unknown","14:08:31",32915800
18400,-650,5000,"bu","14:08:31",32914800
18350,-700,1100,"unknown","14:08:31",32909800
18350,-700,200,"unknown","14:08:31",32908700
18400,-650,400,"bu","14:08:30",32908500
18400,-650,100,"bu","14:08:30",32908100
18400,-650,2500,"bu","14:08:30",32908000
18300,-750,2000,"sd","14:08:30",32905500
18300,-750,200,"sd","14:08:30",32903500
18300,-750,100,"sd","14:08:30",32903300
18300,-750,5600,"sd","14:08:30",32903200
18300,-750,500,"sd","14:08:30",32897600
18300,-750,4200,"sd","14:08:30",32897100
18300,-750,10000,"sd","14:08:30",32892900
18300,-750,500,"sd","14:08:30",32882900
18300,-750,100,"sd","14:08:30",32882400
18400,-650,100,"bu","14:08:30",32882300
18400,-650,1200,"bu","14:08:30",32882200
18350,-700,100,"bu","14:08:30",32881000
18350,-700,200,"bu","14:08:29",32880900
18350,-700,1500,"bu","14:08:29",32880700
18350,-700,100,"bu","14:08:29",32879200
18400,-650,4900,"bu","14:08:29",32879100
18350,-700,300,"bu","14:08:29",32874200
18350,-700,3000,"bu","14:08:29",32873900
18400,-650,200,"bu","14:08:29",32870900
18400,-650,300,"bu","14:08:29",32870700
18400,-650,24500,"bu","14:08:29",32870400
18400,-650,500,"bu","14:08:29",32845900
18300,-750,1000,"sd","14:08:29",32845400
18300,-750,100,"sd","14:08:29",32844400
18300,-750,300,"sd","14:08:29",32844300
18300,-750,2300,"sd","14:08:29",32844000
18300,-750,100,"sd","14:08:29",32841700
18300,-750,1000,"sd","14:08:29",32841600
18300,-750,200,"sd","14:08:29",32840600
18300,-750,200,"sd","14:08:29",32840400
18300,-750,1000,"sd","14:08:29",32840200
18300,-750,3000,"sd","14:08:29",32839200
18400,-650,100,"bu","14:08:29",32836200
18400,-650,1000,"bu","14:08:28",32836100
18350,-700,8900,"bu","14:08:28",32835100
18350,-700,100,"bu","14:08:28",32826200
18350,-700,1000,"bu","14:08:28",32826100
18350,-700,5500,"bu","14:08:28",32825100
18400,-650,200,"bu","14:08:28",32819600
18350,-700,200,"bu","14:08:28",32819400
18350,-700,400,"bu","14:08:28",32819200
18400,-650,8000,"bu","14:08:28",32818800
18350,-700,6000,"bu","14:08:28",32810800
18400,-650,300,"bu","14:08:28",32804800
18300,-750,100,"sd","14:08:28",32804500
18300,-750,1000,"sd","14:08:28",32804400
18300,-750,200,"sd","14:08:28",32803400
18300,-750,2000,"sd","14:08:28",32803200
18300,-750,500,"sd","14:08:28",32801200
18300,-750,500,"sd","14:08:28",32800700
18300,-750,200,"sd","14:08:27",32800200
18400,-650,2000,"bu","14:08:27",32800000
18350,-700,500,"bu","14:08:27",32798000
18400,-650,500,"bu","14:08:27",32797500
18350,-700,200,"bu","14:08:27",32797000
18350,-700,100,"bu","14:08:27",32796800
18350,-700,100,"bu","14:08:27",32796700
18350,-700,2400,"bu","14:08:27",32796600
18400,-650,100,"bu","14:08:27",32794200
18350,-700,200,"bu","14:08:27",32794100
18350,-700,500,"bu","14:08:27",32793900
18400,-650,1000,"bu","14:08:27",32793400
18350,-700,100,"bu","14:08:27",32792400
18400,-650,600,"bu","14:08:27",32792300
18400,-650,10000,"bu","14:08:27",32791700
18300,-750,3000,"sd","14:08:26",32781700
18350,-700,2500,"bu","14:08:26",32778700
18300,-750,5000,"sd","14:08:26",32776200
18300,-750,15000,"sd","14:08:26",32771200
18300,-750,200,"sd","14:08:26",32756200
18300,-750,300,"sd","14:08:26",32756000
18300,-750,100,"sd","14:08:26",32755700
18300,-750,1000,"sd","14:08:26",32755600
18400,-650,100,"bu","14:08:26",32754600
18350,-700,13100,"bu","14:08:26",32754500
18400,-650,100,"bu","14:08:26",32741400
18350,-700,200,"bu","14:08:26",32741300
18350,-700,10000,"bu","14:08:26",32741100
18350,-700,200,"bu","14:08:26",32731100
18350,-700,3000,"bu","14:08:26",32730900
18350,-700,1000,"bu","14:08:26",32727900
18400,-650,5000,"bu","14:08:26",32726900
18350,-700,1000,"bu","14:08:26",32721900
18350,-700,500,"bu","14:08:26",32720900
18400,-650,5000,"bu","14:08:25",32720400
18400,-650,16300,"bu","14:08:25",32715400
18400,-650,1000,"bu","14:08:25",32699100
18300,-750,300,"sd","14:08:25",32698100
18300,-750,100,"sd","14:08:25",32697800
18300,-750,100,"sd","14:08:25",32697700
18300,-750,1000,"sd","14:08:25",32697600
18300,-750,100,"sd","14:08:25",32696600
18300,-750,18000,"sd","14:08:25",32696500
18300,-750,3400,"sd","14:08:25",32678500
18400,-650,2000,"bu","14:08:25",32675100
18400,-650,1000,"bu","14:08:25",32673100
18350,-700,500,"bu","14:08:25",32672100
18350,-700,500,"bu","14:08:24",32671600
18350,-700,500,"bu","14:08:24",32671100
18350,-700,10100,"bu","14:08:24",32670600
18350,-700,2200,"bu","14:08:24",32660500
18350,-700,3000,"bu","14:08:24",32658300
18400,-650,200,"bu","14:08:24",32655300
18400,-650,5000,"bu","14:08:24",32655100
18400,-650,600,"bu","14:08:24",32650100
18350,-700,100,"bu","14:08:24",32649500
18350,-700,400,"bu","14:08:24",32649400
18300,-750,100,"sd","14:08:24",32649000
18300,-750,400,"sd","14:08:24",32648900
18300,-750,100,"sd","14:08:24",32648500
18300,-750,3200,"sd","14:08:24",32648400
18400,-650,1000,"bu","14:08:23",32645200
18450,-600,100,"bu","14:08:23",32644200
18400,-650,200,"bu","14:08:23",32644100
18350,-700,3000,"bu","14:08:23",32643900
18350,-700,2000,"bu","14:08:23",32640900
18350,-700,100,"bu","14:08:23",32638900
18350,-700,700,"bu","14:08:23",32638800
18400,-650,100,"bu","14:08:23",32638100
18350,-700,500,"bu","14:08:23",32638000
18350,-700,2000,"bu","14:08:23",32637500
18350,-700,100,"bu","14:08:23",32635500
18400,-650,2300,"bu","14:08:23",32635400
18400,-650,500,"bu","14:08:23",32633100
18400,-650,100,"bu","14:08:23",32632600
18350,-700,1100,"bu","14:08:23",32632500
18300,-750,100,"sd","14:08:23",32631400
18400,-650,1000,"bu","14:08:22",32631300
18400,-650,5000,"bu","14:08:22",32630300
18350,-700,10000,"bu","14:08:22",32625300
18350,-700,4000,"bu","14:08:22",32615300
18350,-700,100,"bu","14:08:22",32611300
18350,-700,3400,"bu","14:08:22",32611200
18400,-650,500,"bu","14:08:22",32607800
18350,-700,400,"bu","14:08:22",32607300
18350,-700,100,"bu","14:08:22",32606900
18400,-650,900,"bu","14:08:22",32606800
18400,-650,100,"bu","14:08:22",32605900
18400,-650,2000,"bu","14:08:21",32605800
18300,-750,5000,"sd","14:08:21",32603800
18400,-650,1000,"bu","14:08:21",32598800
18400,-650,1000,"bu","14:08:21",32597800
18350,-700,2000,"bu","14:08:21",32596800
18350,-700,500,"bu","14:08:21",32594800
18350,-700,20000,"bu","14:08:21",32594300
18350,-700,100,"bu","14:08:21",32574300
18350,-700,1400,"bu","14:08:21",32574200
18400,-650,300,"bu","14:08:20",32572800
18400,-650,1000,"bu","14:08:20",32572500
18400,-650,500,"bu","14:08:20",32571500
18400,-650,3000,"bu","14:08:20",32571000
18400,-650,300,"bu","14:08:20",32568000
18300,-750,200,"sd","14:08:20",32567700
18300,-750,1000,"sd","14:08:20",32567500
18450,-600,200,"bu","14:08:20",32566500
18400,-650,1000,"bu","14:08:20",32566300
18400,-650,1000,"bu","14:08:20",32565300
18400,-650,100,"bu","14:08:20",32564300
18300,-750,4600,"sd","14:08:20",32564200
18400,-650,1000,"bu","14:08:20",32559600
18350,-700,200,"bu","14:08:19",32558600
18350,-700,1000,"bu","14:08:19",32558400
18350,-700,100,"bu","14:08:19",32557400
18350,-700,300,"bu","14:08:19",32557300
18350,-700,200,"bu","14:08:19",32557000
18400,-650,100,"bu","14:08:19",32556800
18350,-700,1100,"bu","14:08:19",32556700
18400,-650,500,"bu","14:08:19",32555600
18400,-650,100,"bu","14:08:19",32555100
18400,-650,100,"bu","14:08:19",32555000
18400,-650,200,"bu","14:08:19",32554900
18400,-650,100,"bu","14:08:19",32554700
18300,-750,5000,"sd","14:08:19",32554600
18400,-650,5000,"bu","14:08:19",32549600
18400,-650,2000,"bu","14:08:18",32544600
18300,-750,2000,"sd","14:08:18",32542600
18400,-650,600,"bu","14:08:18",32540600
18350,-700,1000,"bu","14:08:18",32540000
18350,-700,1100,"bu","14:08:18",32539000
18350,-700,1000,"bu","14:08:18",32537900
18400,-650,600,"bu","14:08:18",32536900
18350,-700,500,"bu","14:08:18",32536300
18400,-650,21400,"bu","14:08:18",32535800
18400,-650,300,"sd","14:08:18",32514400
18400,-650,200,"sd","14:08:18",32514100
18400,-650,1000,"sd","14:08:18",32513900
18400,-650,1000,"sd","14:08:17",32512900
18400,-650,500,"sd","14:08:17",32511900
18400,-650,3400,"sd","14:08:17",32511400
18350,-700,200,"sd","14:08:17",32508000
18350,-700,200,"sd","14:08:17",32507800
18350,-700,1000,"sd","14:08:17",32507600
18350,-700,1000,"sd","14:08:17",32506600
18400,-650,10000,"sd","14:08:17",32505600
18350,-700,2100,"sd","14:08:17",32495600
18400,-650,100,"sd","14:08:17",32493500
18400,-650,300,"sd","14:08:17",32493400
18400,-650,1000,"sd","14:08:17",32493100
18400,-650,200,"sd","14:08:16",32492100
18400,-650,10000,"sd","14:08:16",32491900
18400,-650,200,"sd","14:08:16",32481900
18350,-700,6700,"sd","14:08:16",32481700
18350,-700,100,"sd","14:08:16",32475000
18400,-650,200,"sd","14:08:16",32474900
18350,-700,700,"sd","14:08:16",32474700
18400,-650,3700,"sd","14:08:16",32474000
18400,-650,1000,"sd","14:08:15",32470300
18400,-650,3000,"sd","14:08:15",32469300
18400,-650,400,"sd","14:08:15",32466300
18400,-650,1200,"sd","14:08:15",32465900
18400,-650,1000,"sd","14:08:15",32464700
18400,-650,100,"sd","14:08:15",32463700
18400,-650,500,"sd","14:08:14",32463600
18400,-650,100,"sd","14:08:14",32463100
18450,-600,100,"bu","14:08:14",32463000
18400,-650,300,"sd","14:08:14",32462900
18400,-650,100,"sd","14:08:14",32462600
18400,-650,1200,"sd","14:08:14",32462500
18400,-650,19400,"sd","14:08:14",32461300
18400,-650,500,"sd","14:08:13",32441900
18450,-600,500,"bu","14:08:13",32441400
18400,-650,1000,"sd","14:08:13",32440900
18400,-650,1000,"sd","14:08:13",32439900
18450,-600,5200,"bu","14:08:13",32438900
18400,-650,10000,"sd","14:08:13",32433700
18400,-650,3100,"sd","14:08:13",32423700
18400,-650,14800,"sd","14:08:13",32420600
18400,-650,2100,"sd","14:08:13",32405800
18400,-650,1500,"sd","14:08:12",32403700
18400,-650,100,"sd","14:08:12",32402200
18400,-650,100,"sd","14:08:12",32402100
18400,-650,200,"sd","14:08:12",32402000
18400,-650,100,"sd","14:08:12",32401800
18400,-650,2000,"sd","14:08:10",32401700
18450,-600,1600,"bu","14:08:10",32399700
18400,-650,3000,"sd","14:08:10",32398100
18400,-650,100,"sd","14:08:09",32395100
18450,-600,1500,"bu","14:08:09",32395000
18450,-600,1000,"bu","14:08:09",32393500
18450,-600,2000,"bu","14:08:08",32392500
18450,-600,400,"bu","14:08:08",32390500
18450,-600,2000,"bu","14:08:07",32390100
18450,-600,1800,"bu","14:08:07",32388100
18400,-650,20000,"sd","14:08:06",32386300
18400,-650,1000,"sd","14:08:05",32366300
18400,-650,17600,"sd","14:08:05",32365300
18450,-600,1000,"bu","14:08:03",32347700
18450,-600,100,"bu","14:08:03",32346700
18450,-600,800,"bu","14:08:03",32346600
18450,-600,200,"bu","14:08:01",32345800
18400,-650,1000,"sd","14:08:00",32345600
18400,-650,500,"sd","14:07:57",32344600
18450,-600,100,"bu","14:07:56",32344100
18450,-600,500,"bu","14:07:53",32344000
18400,-650,200,"sd","14:07:53",32343500
18400,-650,100,"sd","14:07:53",32343300
18400,-650,6300,"sd","14:07:52",32343200
18400,-650,700,"sd","14:07:52",32336900
18400,-650,500,"sd","14:07:51",32336200
18450,-600,400,"bu","14:07:50",32335700
18400,-650,300,"sd","14:07:47",32335300
18400,-650,500,"sd","14:07:45",32335000
18400,-650,2500,"sd","14:07:43",32334500
18400,-650,100,"sd","14:07:42",32332000
18450,-600,10000,"bu","14:07:39",32331900
18450,-600,2000,"bu","14:07:37",32321900
18450,-600,100,"bu","14:07:36",32319900
18400,-650,600,"sd","14:07:34",32319800
18450,-600,1000,"bu","14:07:33",32319200
18400,-650,1500,"sd","14:07:33",32318200
18450,-600,100,"bu","14:07:33",32316700
18450,-600,300,"bu","14:07:32",32316600
18450,-600,4800,"bu","14:07:30",32316300
18400,-650,18000,"sd","14:07:29",32311500
18450,-600,500,"bu","14:07:28",32293500
18450,-600,10000,"bu","14:07:20",32293000
18450,-600,100,"bu","14:07:20",32283000
18450,-600,100,"bu","14:07:19",32282900
18450,-600,200,"bu","14:07:17",32282800
18450,-600,100,"bu","14:07:13",32282600
18450,-600,500,"bu","14:07:12",32282500
18450,-600,5000,"bu","14:07:06",32282000
18450,-600,100,"bu","14:07:06",32277000
18450,-600,5200,"bu","14:07:03",32276900
18450,-600,500,"bu","14:07:00",32271700
18450,-600,1000,"bu","14:06:58",32271200
18400,-650,200,"sd","14:06:55",32270200
18450,-600,100,"bu","14:06:55",32270000
18400,-650,1400,"sd","14:06:55",32269900
18400,-650,1000,"sd","14:06:55",32268500
18400,-650,200,"sd","14:06:55",32267500
18400,-650,600,"sd","14:06:54",32267300
18450,-600,500,"bu","14:06:54",32266700
18400,-650,1100,"sd","14:06:54",32266200
18400,-650,500,"sd","14:06:54",32265100
18400,-650,3300,"sd","14:06:53",32264600
18450,-600,500,"bu","14:06:53",32261300
18400,-650,1000,"sd","14:06:53",32260800
18400,-650,1000,"sd","14:06:53",32259800
18400,-650,300,"sd","14:06:53",32258800
18400,-650,500,"sd","14:06:52",32258500
18450,-600,500,"bu","14:06:52",32258000
18400,-650,1000,"sd","14:06:52",32257500
18400,-650,4000,"sd","14:06:52",32256500
18400,-650,500,"sd","14:06:52",32252500
18400,-650,1000,"sd","14:06:52",32252000
18450,-600,3100,"bu","14:06:52",32251000
18400,-650,100,"sd","14:06:51",32247900
18400,-650,2000,"sd","14:06:50",32247800
18400,-650,300,"sd","14:06:50",32245800
18400,-650,100,"sd","14:06:50",32245500
18400,-650,500,"sd","14:06:50",32245400
18450,-600,1100,"bu","14:06:50",32244900
18400,-650,300,"sd","14:06:50",32243800
18400,-650,5000,"sd","14:06:49",32243500
18400,-650,2000,"sd","14:06:49",32238500
18400,-650,300,"sd","14:06:49",32236500
18400,-650,100,"sd","14:06:49",32236200
18450,-600,2000,"bu","14:06:49",32236100
18450,-600,200,"bu","14:06:49",32234100
18400,-650,500,"sd","14:06:49",32233900
18400,-650,300,"sd","14:06:48",32233400
18400,-650,100,"sd","14:06:48",32233100
18400,-650,100,"sd","14:06:48",32233000
18400,-650,400,"sd","14:06:48",32232900
18450,-600,10000,"bu","14:06:48",32232500
18450,-600,2000,"bu","14:06:48",32222500
18400,-650,1000,"sd","14:06:47",32220500
18400,-650,6000,"sd","14:06:47",32219500
18400,-650,2000,"sd","14:06:47",32213500
18400,-650,2200,"sd","14:06:47",32211500
18400,-650,1000,"sd","14:06:47",32209300
18450,-600,16800,"bu","14:06:47",32208300
18450,-600,1000,"bu","14:06:47",32191500
18400,-650,1000,"sd","14:06:46",32190500
18400,-650,5000,"sd","14:06:46",32189500
18400,-650,1200,"sd","14:06:46",32184500
18400,-650,100,"sd","14:06:46",32183300
18400,-650,500,"sd","14:06:46",32183200
18450,-600,1000,"bu","14:06:46",32182700
