"price","change","match_qtty","side","time","total_vol"
8.5,-0.3,4100,"bu","14:45:01",307400
8.5,-0.3,1000,"unknown","14:29:49",303300
8.5,-0.3,3200,"sd","14:29:32",302300
8.6,-0.2,100,"bu","14:29:05",299100
8.5,-0.3,100,"sd","14:28:51",299000
8.6,-0.2,100,"bu","14:27:54",298900
8.5,-0.3,900,"sd","14:26:17",298800
8.5,-0.3,1100,"sd","14:26:05",297900
8.5,-0.3,4600,"unknown","14:23:41",296800
8.5,-0.3,1700,"sd","14:22:26",292200
8.5,-0.3,600,"sd","14:22:08",290500
8.5,-0.3,300,"bu","14:21:12",289900
8.5,-0.3,1000,"bu","14:20:39",289600
8.5,-0.3,500,"bu","14:20:36",288600
8.5,-0.3,2000,"bu","14:19:45",288100
8.5,-0.3,4000,"bu","14:19:31",286100
8.4,-0.4,1200,"sd","14:18:20",282100
8.5,-0.3,1400,"bu","14:18:06",280900
8.5,-0.3,5000,"sd","14:17:48",279500
8.5,-0.3,1600,"sd","14:15:26",274500
8.5,-0.3,100,"bu","14:15:23",272900
8.5,-0.3,200,"bu","14:15:12",272800
8.5,-0.3,200,"bu","14:14:54",272600
8.5,-0.3,5000,"sd","14:14:26",272400
8.5,-0.3,1000,"sd","14:14:21",267400
8.5,-0.3,500,"sd","14:14:05",266400
8.5,-0.3,2000,"sd","14:05:49",265900
8.5,-0.3,5000,"sd","14:05:33",263900
8.6,-0.2,500,"bu","14:03:43",258900
8.6,-0.2,2200,"bu","14:03:04",258400
8.6,-0.2,1100,"bu","14:02:15",256200
8.6,-0.2,18600,"bu","14:00:27",255100
8.7,-0.1,200,"bu","13:59:29",236500
8.7,-0.1,1000,"sd","13:58:07",236300
8.6,-0.2,1500,"sd","13:57:29",235300
8.6,-0.2,13000,"unknown","13:56:19",233800
8.6,-0.2,700,"bu","13:56:06",220800
8.6,-0.2,4400,"bu","13:55:38",220100
8.6,-0.2,1200,"bu","13:53:49",215700
8.6,-0.2,200,"bu","13:49:49",214500
8.5,-0.3,1000,"sd","13:47:55",214300
8.5,-0.3,1500,"sd","13:46:47",213300
8.5,-0.3,200,"sd","13:43:14",211800
8.5,-0.3,5900,"sd","13:41:05",211600
8.6,-0.2,800,"bu","13:39:11",205700
8.6,-0.2,200,"bu","13:38:27",204900
8.6,-0.2,1000,"bu","13:36:50",204700
8.6,-0.2,200,"bu","13:35:49",203700
8.5,-0.3,1100,"bu","13:31:49",203500
8.5,-0.3,900,"sd","13:31:05",202400
8.5,-0.3,700,"bu","13:29:36",201500
8.5,-0.3,100,"bu","13:28:49",200800
8.5,-0.3,1200,"sd","13:28:42",200700
8.5,-0.3,400,"sd","13:25:12",199500
8.5,-0.3,400,"sd","13:22:50",199100
8.5,-0.3,900,"bu","13:22:28",198700
8.5,-0.3,2000,"bu","13:22:23",197800
8.5,-0.3,2100,"sd","13:21:51",195800
8.5,-0.3,1000,"sd","13:21:39",193700
8.5,-0.3,500,"sd","13:21:14",192700
8.5,-0.3,1000,"sd","13:21:05",192200
8.5,-0.3,25000,"sd","13:20:54",191200
8.5,-0.3,1000,"sd","13:19:37",166200
8.5,-0.3,500,"sd","13:19:36",165200
8.6,-0.2,1500,"bu","13:18:38",164700
8.6,-0.2,2700,"bu","13:17:27",163200
8.6,-0.2,5000,"sd","13:17:20",160500
8.6,-0.2,200,"sd","13:17:18",155500
8.7,-0.1,200,"bu","13:13:24",155300
8.6,-0.2,100,"sd","13:11:38",155100
8.6,-0.2,100,"sd","13:10:30",155000
8.6,-0.2,400,"sd","13:10:13",154900
8.6,-0.2,600,"sd","13:09:53",154500
8.6,-0.2,5000,"sd","13:09:41",153900
8.6,-0.2,3800,"sd","13:08:43",148900
8.6,-0.2,400,"sd","13:08:21",145100
8.6,-0.2,500,"sd","13:05:42",144700
8.6,-0.2,100,"sd","13:01:37",144200
8.6,-0.2,300,"sd","13:00:04",144100
8.6,-0.2,300,"sd","13:00:03",143800
8.6,-0.2,11800,"sd","11:27:40",143500
8.7,-0.1,100,"sd","11:26:26",131700
8.7,-0.1,3100,"unknown","11:19:56",131600
8.8,0,1000,"bu","11:15:58",128500
8.7,-0.1,5000,"sd","11:08:36",127500
8.8,0,600,"bu","10:53:59",122500
8.7,-0.1,1700,"sd","10:52:18",121900
8.7,-0.1,200,"bu","10:50:01",120200
8.8,0,500,"bu","10:42:58",120000
8.8,0,500,"bu","10:42:51",119500
8.7,-0.1,7800,"sd","10:37:33",119000
8.6,-0.2,100,"sd","10:30:58",111200
8.6,-0.2,8100,"sd","10:30:52",111100
8.6,-0.2,1000,"sd","10:30:33",103000
8.6,-0.2,1900,"sd","10:28:15",102000
8.6,-0.2,1000,"sd","10:27:00",100100
8.6,-0.2,18900,"sd","10:26:26",99100
8.6,-0.2,2000,"sd","10:26:19",80200
8.6,-0.2,1000,"sd","10:25:51",78200
8.6,-0.2,5000,"sd","10:13:51",77200
8.6,-0.2,300,"sd","10:13:25",72200
8.6,-0.2,100,"sd","10:08:12",71900
8.6,-0.2,1000,"sd","10:03:18",71800
8.6,-0.2,200,"sd","10:01:44",70800
8.7,-0.1,800,"sd","09:58:55",70600
8.8,0,1000,"bu","09:57:41",69800
8.7,-0.1,5000,"sd","09:57:15",68800
8.7,-0.1,5000,"sd","09:55:42",63800
8.7,-0.1,2000,"sd","09:54:38",58800
8.7,-0.1,700,"sd","09:54:27",56800
8.7,-0.1,500,"sd","09:51:07",56100
8.7,-0.1,300,"sd","09:50:43",55600
8.8,0,2000,"bu","09:50:36",55300
8.8,0,100,"bu","09:50:13",53300
8.7,-0.1,2000,"sd","09:46:38",53200
8.7,-0.1,2000,"unknown","09:45:47",51200
8.8,0,1000,"bu","09:42:46",49200
8.7,-0.1,2900,"sd","09:42:44",48200
8.7,-0.1,2000,"sd","09:42:26",45300
8.7,-0.1,1000,"sd","09:42:01",43300
8.7,-0.1,800,"sd","09:39:33",42300
8.8,0,300,"bu","09:38:41",41500
8.8,0,100,"bu","09:35:23",41200
8.7,-0.1,500,"sd","09:35:08",41100
8.7,-0.1,200,"sd","09:34:25",40600
8.7,-0.1,300,"bu","09:33:20",40400
8.7,-0.1,300,"bu","09:33:10",40100
8.7,-0.1,5000,"bu","09:32:21",39800
8.6,-0.2,500,"bu","09:31:58",34800
8.6,-0.2,100,"bu","09:31:52",34300
8.6,-0.2,4400,"bu","09:30:56",34200
8.6,-0.2,500,"sd","09:29:39",29800
8.6,-0.2,10000,"sd","09:29:31",29300
8.6,-0.2,1000,"sd","09:28:33",19300
8.7,-0.1,1000,"bu","09:27:09",18300
8.7,-0.1,2000,"bu","09:25:23",17300
8.6,-0.2,100,"sd","09:25:19",15300
8.6,-0.2,1000,"sd","09:25:02",15200
8.7,-0.1,100,"sd","09:23:58",14200
8.7,-0.1,400,"sd","09:23:21",14100
8.7,-0.1,500,"sd","09:22:24",13700
8.7,-0.1,300,"sd","09:22:13",13200
8.7,-0.1,1400,"sd","09:21:43",12900
8.7,-0.1,1000,"sd","09:21:29",11500
8.7,-0.1,1000,"sd","09:21:03",10500
8.7,-0.1,400,"sd","09:17:30",9500
8.7,-0.1,100,"sd","09:14:42",9100
8.7,-0.1,1100,"sd","09:10:37",9000
8.7,-0.1,6300,"sd","09:10:19",7900
8.7,-0.1,1000,"bu","09:10:14",1600
8.7,-0.1,100,"bu","09:05:58",600
8.7,-0.1,100,"bu","09:04:52",500
8.8,0,300,"bu","09:00:02",400
8.8,0,100,"bu","09:00:01",100
