"price","change","match_qtty","side","time","total_vol"
37.9,-0.1,21300,"bu","14:45:01",71600
37.5,-0.5,1000,"bu","14:29:14",50300
37.5,-0.5,1000,"bu","14:29:14",49300
37.5,-0.5,200,"bu","14:29:01",48300
37.45,-0.55,200,"bu","14:29:01",48100
37.45,-0.55,1600,"bu","14:29:01",47900
37.45,-0.55,400,"bu","14:28:04",46300
37.4,-0.6,600,"bu","14:28:04",45900
37.5,-0.5,100,"bu","14:13:16",45300
37.45,-0.55,100,"bu","14:13:16",45200
37.25,-0.75,100,"sd","14:10:36",45100
37.2,-0.8,100,"sd","14:04:29",45000
37.5,-0.5,2400,"bu","13:55:41",44900
37.5,-0.5,100,"bu","13:52:10",42500
37.5,-0.5,800,"bu","13:51:04",42400
37.45,-0.55,200,"bu","13:51:04",41600
37.5,-0.5,400,"bu","13:49:33",41400
37.4,-0.6,400,"bu","13:49:33",41000
37.4,-0.6,200,"bu","13:49:33",40600
37.4,-0.6,800,"bu","13:48:38",40400
37.2,-0.8,200,"bu","13:48:38",39600
37.2,-0.8,800,"bu","13:47:31",39400
37.15,-0.85,200,"unknown","13:43:36",38600
37.15,-0.85,300,"unknown","13:43:36",38400
37.2,-0.8,100,"sd","13:36:30",38100
37.2,-0.8,1700,"sd","13:36:20",38000
37.2,-0.8,300,"sd","13:35:56",36300
37.15,-0.85,700,"bu","13:30:35",36000
37.15,-0.85,200,"bu","13:23:07",35300
37.15,-0.85,500,"sd","13:16:54",35100
37.15,-0.85,900,"sd","13:16:54",34600
37.15,-0.85,2000,"sd","13:16:45",33700
37.15,-0.85,200,"sd","13:16:45",31700
37.35,-0.65,300,"bu","10:51:35",31500
37.1,-0.9,400,"sd","10:47:40",31200
37.1,-0.9,100,"sd","10:47:40",30800
37.1,-0.9,100,"sd","10:47:40",30700
37.1,-0.9,200,"sd","10:47:40",30600
37.1,-0.9,1200,"sd","10:47:40",30400
37.1,-0.9,200,"sd","10:46:54",29200
37.1,-0.9,600,"sd","10:45:05",29000
37.1,-0.9,500,"sd","10:45:05",28400
37.1,-0.9,200,"sd","10:45:05",27900
37.2,-0.8,100,"sd","10:45:05",27700
37.1,-0.9,200,"sd","10:33:54",21300
37.1,-0.9,6300,"sd","10:33:54",27600
37.45,-0.55,700,"bu","10:15:56",21100
37.45,-0.55,500,"sd","10:11:37",20400
37.5,-0.5,100,"bu","10:06:47",19900
37.5,-0.5,1200,"sd","10:04:08",19800
37.5,-0.5,200,"sd","10:04:01",18600
37.5,-0.5,1000,"bu","10:01:28",18400
37.5,-0.5,700,"bu","09:53:53",17400
37.5,-0.5,100,"bu","09:53:17",16700
37.5,-0.5,100,"bu","09:53:00",16600
37.5,-0.5,100,"bu","09:52:30",16500
37.5,-0.5,100,"bu","09:52:07",16400
37.5,-0.5,100,"bu","09:51:58",16300
37.45,-0.55,300,"bu","09:49:38",16200
37.5,-0.5,800,"bu","09:46:01",15900
37.5,-0.5,1000,"bu","09:46:01",15100
37.5,-0.5,100,"bu","09:46:01",14100
37.5,-0.5,100,"bu","09:46:01",14000
37.5,-0.5,100,"sd","09:42:31",13900
37.8,-0.2,100,"sd","09:41:27",13800
37.8,-0.2,100,"sd","09:35:41",13700
38,0,100,"bu","09:29:02",13600
38,0,500,"bu","09:28:52",13500
38,0,1000,"bu","09:28:52",13000
38,0,200,"bu","09:28:52",12000
38,0,2000,"bu","09:28:52",11800
37.8,-0.2,100,"sd","09:23:23",9800
37,-1,2000,"bu","09:22:34",9700
36.95,-1.05,100,"bu","09:22:13",7700
35.5,-2.5,100,"sd","09:21:39",7600
35.5,-2.5,2300,"sd","09:21:38",7500
36.3,-1.7,100,"unknown","09:21:38",5200
35.5,-2.5,200,"sd","09:21:38",5100
35.5,-2.5,200,"sd","09:21:38",4900
36.7,-1.3,100,"unknown","09:21:38",4700
35.6,-2.4,400,"unknown","09:21:38",4600
36.85,-1.15,200,"unknown","09:21:38",4200
36,-2,100,"unknown","09:21:38",4000
36.1,-1.9,100,"sd","09:21:38",3900
37,-1,1000,"sd","09:21:38",3800
37.55,-0.45,200,"sd","09:21:38",2800
37,-1,200,"sd","09:21:38",2600
37,-1,200,"sd","09:21:38",2400
36.1,-1.9,300,"sd","09:21:38",2200
37,-1,100,"sd","09:21:38",1900
37,-1,300,"sd","09:21:38",1800
37.3,-0.7,200,"sd","09:21:38",1500
37.3,-0.7,100,"sd","09:21:38",1300
37.5,-0.5,100,"sd","09:21:38",1200
38.35,0.35,200,"bu","09:17:36",1100
38.35,0.35,800,"bu","09:17:36",900
38.5,0.5,100,"bu","09:15:45",100
