"price","change","match_qtty","side","time","total_vol"
11050,150,8600,"bu","14:45:02",206600
11000,100,800,"sd","14:29:16",198000
11000,100,2000,"sd","14:28:35",197200
11050,150,200,"bu","14:28:35",195200
11050,150,800,"bu","14:26:12",195000
11050,150,100,"bu","14:26:12",194200
11050,150,100,"bu","14:26:12",194100
11000,100,300,"sd","14:25:32",194000
11000,100,500,"sd","14:25:05",193700
11000,100,700,"sd","14:24:38",193200
11000,100,7900,"sd","14:22:03",192500
11050,150,200,"bu","14:19:47",184600
11050,150,300,"bu","14:19:47",184400
11050,150,500,"bu","14:19:47",184100
11000,100,600,"sd","14:19:28",183600
11000,100,2000,"sd","14:18:26",183000
11000,100,1000,"sd","14:18:13",181000
11000,100,100,"bu","14:15:39",180000
11000,100,900,"bu","14:15:21",179900
11000,100,100,"bu","14:15:21",179000
11000,100,100,"sd","14:14:10",178900
11000,100,300,"sd","14:14:10",178800
11000,100,1000,"sd","14:14:10",178500
11000,100,100,"sd","14:14:10",177500
11000,100,100,"sd","14:14:10",177400
11000,100,2300,"sd","14:14:10",177300
11000,100,500,"sd","14:14:06",175000
11000,100,100,"sd","14:13:51",174500
11000,100,100,"sd","14:13:34",174400
11000,100,100,"sd","14:12:58",174300
11000,100,1900,"sd","14:12:58",174200
11000,100,1000,"sd","14:12:53",172300
11000,100,2000,"sd","14:12:42",171300
11000,100,3000,"sd","14:12:35",169300
11000,100,500,"sd","14:11:41",166300
11000,100,3000,"sd","14:11:40",165800
11000,100,300,"sd","14:10:43",162800
11000,100,2000,"sd","14:10:17",162500
11000,100,5000,"sd","14:08:34",160500
11000,100,400,"sd","14:08:30",155500
11000,100,1000,"sd","14:06:47",155100
11000,100,900,"sd","14:06:13",154100
11000,100,200,"sd","14:06:09",153200
11000,100,1000,"sd","14:06:07",153000
11000,100,4000,"sd","14:04:56",152000
11050,150,1200,"bu","14:02:22",148000
11050,150,100,"bu","14:02:22",146800
11050,150,100,"bu","14:02:22",146700
11050,150,100,"bu","14:02:22",146600
11050,150,100,"bu","14:00:32",146500
11050,150,300,"bu","13:59:09",146400
11050,150,2000,"bu","13:59:09",146100
11050,150,100,"bu","13:59:09",144100
11050,150,200,"bu","13:59:09",144000
11050,150,1000,"bu","13:59:09",143800
11000,100,400,"sd","13:59:04",142800
11000,100,300,"sd","13:58:03",142400
11000,100,200,"sd","13:57:49",142100
11000,100,500,"sd","13:57:41",141900
11000,100,5000,"sd","13:57:41",141400
11000,100,4000,"sd","13:57:41",136400
11000,100,3500,"sd","13:57:41",132400
11000,100,300,"sd","13:57:41",128900
11000,100,1000,"sd","13:57:41",128600
11000,100,1000,"sd","13:57:41",127600
11000,100,4600,"sd","13:57:41",126600
11000,100,1400,"bu","13:57:41",122000
11000,100,1500,"bu","13:57:41",120600
11000,100,100,"bu","13:57:41",119100
10950,50,6000,"sd","13:57:32",119000
10950,50,5000,"sd","13:57:19",113000
10950,50,100,"sd","13:56:12",108000
10950,50,2000,"sd","13:49:57",107900
10950,50,200,"sd","13:49:30",105900
11000,100,400,"bu","13:49:19",105700
11000,100,100,"bu","13:49:03",105300
10950,50,11100,"sd","13:48:00",105200
10950,50,10000,"sd","13:48:00",94100
10950,50,100,"sd","13:48:00",84100
10950,50,700,"sd","13:48:00",84000
10950,50,900,"sd","13:47:30",83300
11000,100,100,"bu","13:47:16",82400
10950,50,500,"sd","13:46:14",82300
11000,100,200,"bu","13:44:57",81800
10950,50,900,"sd","13:41:45",81600
11000,100,100,"bu","13:40:17",80700
11000,100,400,"bu","13:40:17",80600
11000,100,100,"bu","13:40:17",80200
11000,100,2400,"bu","13:40:17",80100
11000,100,2000,"bu","13:39:11",77700
11000,100,1400,"bu","13:38:33",75700
11000,100,600,"bu","13:38:33",74300
11000,100,1000,"bu","13:37:49",73700
11000,100,500,"sd","13:35:52",72700
11000,100,100,"sd","13:35:52",72200
11050,150,3600,"bu","13:32:51",72100
11050,150,400,"bu","13:32:51",68500
11050,150,200,"bu","13:32:51",68100
11050,150,800,"bu","13:32:51",67900
11000,100,100,"sd","13:29:32",67100
11000,100,100,"sd","13:29:23",67000
11000,100,100,"sd","13:28:05",66900
11000,100,100,"sd","13:28:00",66800
11000,100,1000,"sd","13:26:18",66700
11000,100,2000,"sd","13:25:44",65700
11000,100,200,"sd","13:25:27",63700
11000,100,6100,"bu","13:24:26",63500
11000,100,1000,"bu","13:24:26",57400
11000,100,100,"bu","13:24:26",56400
11000,100,100,"bu","13:24:26",56300
11000,100,100,"bu","13:24:26",56200
11000,100,100,"bu","13:21:18",56100
11000,100,100,"bu","13:21:15",56000
11000,100,400,"bu","13:19:46",55900
11000,100,1900,"bu","13:19:40",55500
11000,100,100,"bu","13:19:40",53600
11000,100,100,"bu","13:19:40",53500
11000,100,400,"bu","13:19:40",53400
11000,100,800,"bu","13:19:40",53000
11000,100,1000,"sd","13:19:40",52200
11000,100,1100,"sd","13:18:48",51200
11000,100,1900,"sd","13:17:47",50100
11000,100,600,"sd","13:16:45",48200
11000,100,4400,"sd","13:16:45",47600
11050,150,700,"bu","13:16:33",43200
11050,150,100,"bu","13:16:33",42500
11050,150,200,"bu","13:16:33",42400
11000,100,3800,"sd","13:16:22",42200
11000,100,5000,"sd","13:16:12",38400
11000,100,200,"sd","13:14:56",33400
11050,150,300,"bu","13:13:11",33200
11050,150,100,"bu","13:13:11",32900
11050,150,600,"bu","13:13:11",32800
11050,150,200,"bu","13:12:07",32200
11050,150,100,"bu","13:11:56",32000
11000,100,100,"sd","13:10:33",31900
11000,100,6500,"bu","13:09:40",31800
11000,100,3500,"bu","13:09:28",25300
11000,100,100,"bu","13:09:28",21800
11000,100,200,"bu","13:09:28",21700
11000,100,9000,"bu","13:09:28",21500
11000,100,200,"bu","13:09:28",12500
11000,100,100,"bu","13:09:28",12300
11000,100,1000,"bu","13:09:28",12200
11000,100,2500,"bu","13:09:28",11200
11000,100,1000,"bu","13:09:28",8700
11000,100,500,"bu","13:09:28",7700
11000,100,500,"bu","13:09:28",7200
11000,100,100,"bu","13:09:28",6700
11000,100,200,"bu","13:09:27",6600
11000,100,100,"bu","13:09:27",6400
11000,100,1000,"bu","13:09:27",6300
10900,0,400,"sd","13:07:16",5300
10900,0,100,"sd","13:07:16",4900
10950,50,100,"sd","13:05:42",4800
10900,0,400,"sd","13:01:10",4700
10900,0,100,"sd","13:01:10",4300
10900,0,100,"sd","13:00:11",4200
10900,0,200,"sd","13:00:03",4100
11000,100,1900,"bu","13:00:03",3900
11050,150,1100,"bu","13:00:03",2000
11000,100,300,"bu","13:00:02",900
10900,0,100,"sd","13:00:02",600
11000,100,100,"bu","13:00:02",500
10900,0,200,"unknown","13:00:02",400
10900,0,200,"unknown","13:00:02",200
