"price","change","match_qtty","side","time","total_vol"
8710,10,16300,"sd","14:45:00",405900
8710,10,100,"sd","14:29:51",389600
8710,10,4600,"sd","14:29:51",389500
8710,10,3000,"sd","14:29:20",384900
8710,10,2400,"sd","14:28:36",381900
8710,10,100,"sd","14:28:36",379500
8710,10,400,"sd","14:28:36",379400
8710,10,100,"sd","14:28:36",379000
8720,20,3000,"sd","14:28:15",378900
8710,10,900,"sd","14:27:44",375900
8710,10,2000,"sd","14:27:44",375000
8720,20,100,"sd","14:27:44",373000
8720,20,1000,"sd","14:27:44",372900
8720,20,300,"sd","14:27:44",371900
8720,20,100,"sd","14:27:44",371600
8720,20,100,"sd","14:27:44",371500
8720,20,500,"sd","14:27:44",371400
8730,30,2000,"sd","14:26:19",370900
8730,30,1000,"sd","14:26:06",368900
8720,20,1700,"bu","14:23:31",367900
8720,20,3000,"bu","14:23:16",366200
8720,20,2000,"sd","14:22:41",363200
8720,20,1800,"sd","14:22:41",361200
8720,20,700,"sd","14:22:41",359400
8720,20,100,"sd","14:22:41",358700
8720,20,100,"sd","14:22:41",358600
8730,30,600,"sd","14:22:41",358500
8720,20,900,"sd","14:19:30",357900
8720,20,2100,"sd","14:19:30",357000
8720,20,4900,"sd","14:19:04",354900
8720,20,100,"sd","14:19:04",350000
8720,20,100,"sd","14:19:04",349900
8720,20,900,"sd","14:19:04",349800
8720,20,6100,"bu","14:16:32",348900
8720,20,100,"bu","14:16:09",342800
8720,20,1000,"sd","14:15:56",342700
8720,20,1000,"sd","14:15:56",341700
8720,20,800,"sd","14:15:56",340700
8740,40,800,"sd","14:14:53",339900
8740,40,3200,"sd","14:14:53",339100
8750,50,200,"sd","14:14:53",335900
8750,50,300,"sd","14:14:53",335700
8720,20,4200,"sd","14:14:53",335400
8720,20,2000,"sd","14:14:53",331200
8720,20,500,"sd","14:14:53",329200
8720,20,100,"sd","14:14:53",328700
8720,20,900,"sd","14:14:53",328600
8740,40,300,"sd","14:14:53",327700
8750,50,100,"sd","14:13:50",327400
8750,50,900,"bu","14:13:50",327300
8750,50,1000,"sd","14:13:38",326400
8750,50,2000,"sd","14:13:38",325400
8750,50,2000,"sd","14:13:38",323400
8750,50,100,"sd","14:13:38",321400
8760,60,300,"bu","14:12:10",321300
8760,60,2000,"sd","14:11:24",321000
8760,60,900,"sd","14:11:24",319000
8760,60,4000,"bu","14:09:52",318100
8750,50,7000,"sd","14:08:16",314100
8750,50,2000,"sd","14:07:55",307100
8750,50,400,"sd","14:06:33",305100
8750,50,100,"sd","14:06:33",304700
8750,50,500,"sd","14:06:33",304600
8750,50,4900,"sd","14:06:33",304100
8750,50,100,"bu","14:05:43",299200
8740,40,2000,"bu","14:02:01",299100
8740,40,2800,"bu","14:02:01",297100
8740,40,200,"sd","13:59:26",294300
8740,40,800,"sd","13:58:53",294100
8740,40,200,"bu","13:58:39",293300
8740,40,100,"bu","13:57:54",293100
8740,40,1000,"bu","13:56:39",293000
8740,40,4900,"bu","13:56:26",292000
8730,30,100,"bu","13:56:26",287100
8730,30,100,"bu","13:55:12",287000
8720,20,200,"sd","13:54:33",286900
8730,30,100,"sd","13:53:07",286700
8730,30,500,"sd","13:52:04",286600
8730,30,100,"sd","13:49:05",286100
8720,20,3900,"bu","13:47:37",286000
8720,20,100,"bu","13:47:29",282100
8720,20,300,"bu","13:46:41",282000
8710,10,400,"sd","13:45:42",281700
8710,10,600,"sd","13:45:42",281300
8720,20,200,"bu","13:45:15",280700
8720,20,100,"bu","13:44:53",280500
8710,10,4400,"sd","13:43:49",280400
8710,10,100,"sd","13:43:49",276000
8710,10,500,"sd","13:43:49",275900
8710,10,1000,"bu","13:42:33",275400
8710,10,2000,"sd","13:41:35",274400
8710,10,600,"sd","13:40:57",272400
8710,10,1400,"sd","13:40:16",271800
8710,10,1000,"bu","13:40:13",270400
8710,10,1000,"bu","13:39:40",269400
8710,10,1600,"bu","13:39:40",268400
8710,10,900,"sd","13:37:22",266800
8710,10,100,"sd","13:37:22",265900
8720,20,5000,"bu","13:36:36",265800
8720,20,1000,"bu","13:35:29",260800
8710,10,400,"bu","13:34:55",259800
8700,0,1500,"sd","13:33:08",259400
8700,0,100,"sd","13:33:08",257900
8700,0,400,"sd","13:33:08",257800
8710,10,100,"sd","13:32:34",257400
8710,10,500,"sd","13:32:34",257300
8710,10,500,"sd","13:32:22",256800
8710,10,100,"sd","13:32:22",256300
8710,10,1000,"sd","13:32:22",256200
8710,10,500,"sd","13:32:22",255200
8710,10,900,"sd","13:32:22",254700
8720,20,300,"bu","13:30:29",253800
8720,20,100,"bu","13:28:35",253500
8720,20,100,"bu","13:28:23",253400
8720,20,100,"bu","13:28:23",253300
8720,20,100,"bu","13:28:22",253200
8720,20,100,"bu","13:28:22",253100
8720,20,100,"bu","13:28:22",253000
8720,20,100,"bu","13:28:21",252900
8720,20,100,"bu","13:28:21",252800
8720,20,100,"bu","13:28:21",252700
8720,20,100,"bu","13:28:21",252600
8720,20,100,"bu","13:28:21",252500
8720,20,100,"bu","13:28:18",252400
8720,20,100,"bu","13:28:18",252300
8720,20,100,"bu","13:28:18",252200
8720,20,100,"bu","13:28:18",252100
8720,20,100,"bu","13:28:17",252000
8720,20,100,"bu","13:28:04",251900
8720,20,100,"bu","13:28:02",251800
8720,20,100,"bu","13:27:48",251700
8720,20,100,"bu","13:27:40",251600
8720,20,100,"bu","13:26:31",251500
8720,20,100,"bu","13:25:58",251400
8720,20,100,"bu","13:25:58",251300
8720,20,100,"bu","13:25:57",251200
8720,20,100,"bu","13:25:56",251100
8720,20,100,"bu","13:25:56",251000
8720,20,100,"bu","13:25:56",250900
8720,20,100,"bu","13:25:55",250800
8720,20,100,"bu","13:25:54",250700
8710,10,100,"sd","13:25:53",250600
8710,10,300,"sd","13:25:53",250500
8710,10,100,"sd","13:25:53",250200
8720,20,100,"bu","13:25:46",250100
8720,20,2000,"bu","13:25:41",250000
8720,20,100,"bu","13:25:40",248000
8720,20,12600,"bu","13:25:26",247900
8720,20,1800,"bu","13:25:04",235300
8720,20,100,"bu","13:23:25",233500
8720,20,500,"bu","13:23:20",233400
8720,20,2300,"bu","13:23:16",232900
8720,20,100,"bu","13:23:06",230600
8720,20,100,"bu","13:23:06",230500
8720,20,100,"bu","13:22:54",230400
8720,20,100,"bu","13:22:52",230300
8720,20,100,"bu","13:22:41",230200
8720,20,100,"bu","13:22:39",230100
8720,20,100,"bu","13:22:28",230000
8720,20,100,"bu","13:22:26",229900
8720,20,100,"bu","13:22:25",229800
8720,20,100,"bu","13:22:24",229700
8720,20,100,"bu","13:22:23",229600
8720,20,100,"bu","13:22:22",229500
8720,20,100,"bu","13:22:22",229400
8720,20,100,"bu","13:22:21",229300
8720,20,100,"bu","13:22:20",229200
8720,20,100,"bu","13:22:20",229100
8720,20,100,"bu","13:22:19",229000
8720,20,100,"bu","13:22:19",228900
8720,20,100,"bu","13:22:18",228800
8720,20,100,"bu","13:22:18",228700
8720,20,100,"bu","13:22:17",228600
8720,20,100,"bu","13:22:10",228500
8720,20,100,"bu","13:22:04",228400
8720,20,1000,"bu","13:22:01",228300
8720,20,200,"bu","13:20:25",227300
8720,20,3000,"bu","13:19:56",227100
8720,20,3000,"bu","13:19:48",224100
8720,20,10000,"bu","13:19:43",221100
8720,20,100,"bu","13:19:29",211100
8720,20,100,"bu","13:19:12",211000
8720,20,100,"bu","13:19:04",210900
8720,20,100,"bu","13:19:03",210800
8720,20,100,"bu","13:18:55",210700
8720,20,100,"bu","13:18:54",210600
8720,20,100,"bu","13:18:47",210500
8720,20,100,"bu","13:18:46",210400
8720,20,100,"bu","13:18:39",210300
8720,20,100,"bu","13:18:37",210200
8720,20,100,"bu","13:18:30",210100
8720,20,100,"bu","13:18:29",210000
8720,20,100,"bu","13:18:22",209900
8720,20,100,"bu","13:18:21",209800
8720,20,100,"bu","13:18:14",209700
8720,20,100,"bu","13:18:13",209600
8720,20,100,"bu","13:18:07",209500
8720,20,100,"bu","13:18:05",209400
8720,20,100,"bu","13:17:59",209300
8720,20,100,"bu","13:17:56",209200
8720,20,1000,"bu","13:17:55",209100
8720,20,100,"bu","13:17:50",208100
8720,20,100,"bu","13:17:46",208000
8720,20,100,"bu","13:17:46",207900
8720,20,100,"bu","13:17:45",207800
8720,20,100,"bu","13:17:45",207700
8720,20,100,"bu","13:17:45",207600
8720,20,100,"bu","13:17:45",207500
8720,20,100,"bu","13:17:44",207400
8720,20,100,"bu","13:17:44",207300
8720,20,100,"bu","13:17:43",207200
8720,20,100,"bu","13:17:43",207100
8720,20,100,"bu","13:17:42",207000
8720,20,100,"bu","13:17:42",206900
8720,20,100,"bu","13:17:41",206800
8720,20,100,"bu","13:17:41",206700
8720,20,100,"bu","13:17:41",206600
8720,20,100,"bu","13:17:41",206500
8720,20,100,"bu","13:17:40",206400
8720,20,100,"bu","13:17:40",206300
8720,20,100,"bu","13:17:39",206200
8720,20,100,"bu","13:17:38",206100
8720,20,100,"bu","13:17:38",206000
8720,20,100,"bu","13:17:37",205900
8720,20,100,"bu","13:17:37",205800
8720,20,100,"bu","13:17:24",205700
8720,20,100,"bu","13:17:22",205600
8720,20,100,"bu","13:17:17",205500
8720,20,4000,"bu","13:12:58",205400
8720,20,100,"bu","13:10:47",201400
8710,10,300,"bu","13:08:00",201300
8710,10,100,"bu","13:07:32",201000
8710,10,200,"bu","13:06:40",200900
8710,10,300,"sd","13:06:12",200700
8710,10,100,"sd","13:05:05",200400
8710,10,300,"bu","13:01:52",200300
8710,10,300,"bu","13:01:52",200000
8710,10,500,"bu","13:00:08",199700
8700,0,100,"sd","13:00:03",199200
8700,0,100,"bu","11:29:30",199100
8700,0,1400,"unknown","11:29:01",199000
8700,0,100,"unknown","11:25:34",197600
8700,0,400,"unknown","11:25:34",197500
8700,0,100,"sd","11:25:24",197100
8700,0,800,"sd","11:25:24",197000
8700,0,200,"sd","11:25:24",196200
8700,0,3900,"sd","11:25:24",196000
8710,10,200,"bu","11:24:27",192100
8710,10,800,"bu","11:24:26",191900
8710,10,100,"bu","11:21:06",191100
8700,0,1000,"sd","11:19:27",191000
8700,0,100,"bu","11:17:45",190000
8700,0,200,"bu","11:16:21",189900
8690,-10,10000,"sd","11:15:51",189700
8700,0,500,"bu","11:15:32",179700
8700,0,100,"bu","11:14:53",179200
8700,0,100,"bu","11:14:06",179100
8700,0,1000,"bu","11:13:19",179000
8700,0,100,"bu","11:12:47",178000
8700,0,100,"bu","11:11:59",177900
8700,0,200,"bu","11:11:50",177800
8700,0,100,"bu","11:11:22",177600
8700,0,300,"bu","11:11:10",177500
8700,0,1000,"sd","11:11:06",177200
8700,0,200,"sd","11:11:06",176200
8700,0,700,"sd","11:11:06",176000
8700,0,200,"sd","11:11:06",175300
8700,0,1000,"sd","11:11:06",175100
8700,0,1000,"sd","11:11:06",174100
8700,0,1000,"sd","11:11:06",173100
8700,0,100,"sd","11:11:06",172100
8700,0,10000,"sd","11:11:06",172000
8700,0,500,"sd","11:11:06",162000
8700,0,500,"sd","11:11:06",161500
8700,0,200,"sd","11:11:06",161000
8700,0,900,"sd","11:11:06",160800
8700,0,4000,"sd","11:10:46",159900
8710,10,200,"sd","11:09:41",155900
8710,10,200,"sd","11:09:41",155700
8710,10,4700,"sd","11:09:41",155500
8710,10,300,"sd","11:08:17",150800
8710,10,100,"sd","11:08:17",150500
8710,10,200,"sd","11:08:17",150400
8710,10,2800,"sd","11:04:29",150200
8710,10,300,"sd","11:04:29",147400
8710,10,200,"sd","11:04:28",147100
8710,10,700,"sd","11:04:28",146900
8710,10,9300,"sd","11:03:35",146200
8710,10,700,"sd","11:03:35",136900
8710,10,500,"sd","11:00:51",136200
8710,10,3800,"sd","10:55:27",135700
8710,10,100,"sd","10:55:27",131900
8710,10,1000,"sd","10:55:27",131800
8710,10,100,"sd","10:55:27",130800
8710,10,2000,"sd","10:54:56",130700
8720,20,500,"bu","10:54:35",128700
8720,20,200,"bu","10:52:47",128200
8720,20,500,"bu","10:48:02",128000
8720,20,100,"bu","10:46:21",127500
8720,20,100,"bu","10:45:17",127400
8720,20,300,"bu","10:44:19",127300
8710,10,400,"sd","10:43:41",127000
8720,20,200,"bu","10:43:29",126600
8710,10,2000,"sd","10:42:53",126400
8710,10,100,"sd","10:40:14",124400
8720,20,3000,"bu","10:40:12",124300
8720,20,1000,"bu","10:38:49",121300
8720,20,100,"bu","10:35:22",120300
8720,20,500,"bu","10:34:24",120200
8720,20,400,"bu","10:34:09",119700
8720,20,1400,"bu","10:33:34",119300
8720,20,3500,"bu","10:33:34",117900
8720,20,1000,"bu","10:32:52",114400
8720,20,200,"bu","10:32:49",113400
8720,20,2300,"sd","10:32:36",113200
8720,20,100,"sd","10:32:36",110900
8720,20,100,"sd","10:32:36",110800
8720,20,800,"sd","10:32:36",110700
8750,50,1900,"bu","10:31:34",109900
8750,50,100,"bu","10:26:23",108000
8740,40,2000,"bu","10:26:23",107900
8740,40,400,"bu","10:26:23",105900
8740,40,200,"bu","10:26:22",105500
8740,40,500,"bu","10:26:22",105300
8740,40,4000,"bu","10:26:22",104800
8740,40,3000,"bu","10:14:21",100800
8710,10,100,"sd","10:12:06",97800
8700,0,100,"sd","10:08:32",97700
8700,0,3600,"sd","10:08:32",97600
8700,0,1000,"sd","10:08:32",94000
8700,0,300,"sd","10:08:32",93000
8700,0,2000,"sd","10:05:37",92700
8700,0,300,"sd","10:05:37",90700
8700,0,1000,"sd","10:05:37",90400
8700,0,200,"sd","10:05:37",89400
8700,0,100,"sd","10:05:37",89200
8700,0,2000,"sd","10:05:37",89100
8700,0,300,"sd","10:05:37",87100
8700,0,300,"sd","10:05:37",86800
8700,0,100,"sd","10:05:37",86500
8700,0,100,"sd","10:05:37",86400
8700,0,100,"sd","10:05:37",86300
8700,0,300,"sd","10:05:37",86200
8700,0,2000,"sd","10:05:37",85900
8700,0,100,"sd","10:05:37",83900
8700,0,1000,"sd","10:05:37",83800
8700,0,1000,"sd","10:05:37",82800
8700,0,1000,"sd","10:05:37",81800
8700,0,1000,"sd","10:05:37",80800
8700,0,5000,"sd","10:05:37",79800
8720,20,200,"sd","10:05:37",74800
8700,0,1100,"sd","10:05:37",74600
8720,20,1000,"sd","10:05:37",73500
8700,0,100,"sd","10:05:37",72500
8700,0,7900,"sd","10:05:37",72400
8700,0,100,"sd","10:05:37",64500
8690,-10,12800,"sd","10:05:37",64400
8720,20,500,"sd","10:05:37",51600
8690,-10,2000,"sd","10:05:37",51100
8720,20,500,"sd","10:05:37",49100
8700,0,5000,"sd","10:05:37",48600
8700,0,1000,"sd","10:05:37",43600
8700,0,2800,"sd","10:05:37",40900
8700,0,1700,"sd","10:05:37",42600
8730,30,200,"sd","10:05:37",38100
8730,30,200,"sd","10:05:37",37900
8730,30,100,"sd","10:05:37",37700
8730,30,100,"sd","10:05:37",37600
8730,30,1000,"sd","10:05:37",37500
8730,30,300,"sd","10:05:37",36500
8730,30,1500,"sd","10:05:37",36200
8740,40,1000,"sd","10:05:37",34700
8740,40,1000,"sd","10:05:37",33700
8740,40,100,"sd","10:03:08",32700
8740,40,200,"sd","10:03:08",32600
8740,40,200,"sd","10:03:08",32400
8740,40,900,"sd","10:02:23",32200
8750,50,100,"sd","10:02:23",31300
8780,80,100,"bu","09:59:12",31200
8780,80,600,"bu","09:54:54",31100
8780,80,400,"bu","09:54:54",30500
8780,80,1000,"bu","09:54:54",30100
8740,40,900,"sd","09:51:46",29100
8740,40,100,"sd","09:51:46",28200
8740,40,100,"sd","09:49:53",28100
8740,40,100,"sd","09:48:42",28000
8740,40,2700,"sd","09:48:08",27900
8740,40,100,"sd","09:48:08",25200
8760,60,100,"bu","09:47:34",25100
8760,60,100,"sd","09:47:34",25000
8760,60,1900,"sd","09:46:21",24900
8760,60,2000,"sd","09:45:38",23000
8780,80,100,"sd","09:45:38",21000
8800,100,100,"bu","09:36:05",20900
8800,100,100,"bu","09:29:18",20800
8730,30,2000,"sd","09:28:44",20700
8730,30,300,"sd","09:28:01",18700
8740,40,100,"unknown","09:27:55",18400
8800,100,1300,"bu","09:27:13",18300
8800,100,300,"sd","09:27:08",17000
8830,130,1000,"bu","09:26:38",16700
8850,150,1000,"bu","09:18:20",15700
8850,150,300,"bu","09:18:20",14700
8870,170,700,"bu","09:18:20",14400
8860,160,1000,"bu","09:18:20",13700
8720,20,500,"sd","09:17:52",12700
8900,200,900,"bu","09:15:02",12200
8900,200,9100,"bu","09:15:02",11300
8900,200,2200,"bu","09:15:00",2200
