"price","change","match_qtty","side","time","total_vol"
14200,-200,45200,"unknown","14:45:01",473400
14200,-200,800,"sd","14:28:11",428200
14300,-100,500,"bu","14:25:13",427400
14300,-100,100,"bu","14:23:36",426900
14300,-100,1300,"bu","14:22:18",426800
14300,-100,1000,"bu","14:22:12",425500
14300,-100,500,"bu","14:18:23",424500
14300,-100,500,"bu","14:14:47",424000
14300,-100,11600,"sd","14:14:27",423500
14300,-100,5000,"sd","14:14:25",411900
14300,-100,3000,"sd","14:13:57",406900
14300,-100,2700,"sd","14:13:08",403900
14300,-100,1000,"sd","14:12:48",401200
14400,0,200,"bu","14:08:20",400200
14300,-100,1100,"sd","14:07:57",400000
14300,-100,400,"bu","14:07:51",398900
14300,-100,400,"bu","14:07:38",398500
14300,-100,1000,"bu","14:07:31",398100
14300,-100,2000,"bu","14:07:04",397100
14300,-100,3000,"bu","14:06:54",395100
14300,-100,14000,"bu","14:06:53",392100
14300,-100,2000,"bu","14:06:48",378100
14300,-100,1000,"bu","14:06:46",376100
14300,-100,4000,"bu","14:06:40",375100
14300,-100,2000,"bu","14:06:19",371100
14300,-100,3000,"bu","14:06:08",369100
14300,-100,7500,"bu","14:05:39",366100
14300,-100,5000,"bu","14:05:27",358600
14300,-100,2000,"bu","14:04:43",353600
14300,-100,2000,"bu","14:04:23",351600
14300,-100,500,"bu","14:03:06",349600
14300,-100,1000,"bu","14:01:24",349100
14300,-100,1000,"bu","13:58:07",348100
14300,-100,3000,"bu","13:51:25",347100
14200,-200,6000,"sd","13:51:06",344100
14300,-100,200,"bu","13:49:00",338100
14300,-100,13300,"bu","13:45:50",337900
14300,-100,1300,"sd","13:45:40",324600
14300,-100,10000,"sd","13:45:15",323300
14400,0,200,"bu","13:28:52",313300
14400,0,7000,"bu","13:22:43",313100
14400,0,500,"bu","13:22:01",306100
14400,0,2000,"bu","13:20:53",305600
14400,0,1500,"bu","13:18:34",303600
14400,0,5000,"bu","13:17:28",302100
14400,0,2000,"bu","13:16:26",297100
14400,0,6500,"bu","13:15:38",295100
14400,0,4000,"bu","13:14:43",288600
14300,-100,100,"sd","13:13:50",284600
14300,-100,200,"bu","13:13:45",284500
14300,-100,10000,"bu","13:13:39",284300
14300,-100,7000,"bu","13:13:37",274300
14300,-100,1000,"bu","13:13:25",267300
14300,-100,300,"bu","13:13:19",266300
14300,-100,5000,"bu","13:13:01",266000
14200,-200,2000,"sd","13:11:24",261000
14200,-200,100,"sd","13:07:16",259000
14300,-100,100,"bu","13:05:57",258900
14300,-100,400,"bu","13:05:49",258800
14300,-100,100,"bu","13:05:16",258400
14300,-100,800,"bu","13:05:02",258300
14200,-200,3000,"sd","13:02:38",257500
14200,-200,2500,"sd","13:00:59",254500
14200,-200,500,"sd","13:00:58",252000
14300,-100,100,"bu","11:27:26",251500
14300,-100,100,"bu","11:26:12",251400
14300,-100,300,"bu","11:19:49",251300
14300,-100,1000,"bu","11:18:16",251000
14300,-100,100,"bu","11:16:37",250000
14300,-100,2400,"bu","11:15:36",249900
14300,-100,19600,"sd","11:14:57",247500
14300,-100,700,"sd","11:14:29",227900
14400,0,100,"bu","11:09:45",227200
14400,0,3700,"bu","11:08:13",227100
14400,0,2000,"bu","11:04:34",223400
14400,0,100,"bu","11:03:42",221400
14400,0,300,"bu","10:58:34",221300
14400,0,2000,"bu","10:49:42",221000
14400,0,200,"bu","10:45:29",219000
14400,0,500,"bu","10:42:11",218800
14400,0,100,"bu","10:38:45",218300
14400,0,1000,"bu","10:37:51",218200
14400,0,500,"bu","10:36:45",217200
14400,0,1000,"bu","10:34:38",216700
14400,0,100,"bu","10:34:35",215700
14400,0,300,"bu","10:31:37",215600
14400,0,9100,"bu","10:30:40",215300
14400,0,2000,"sd","10:28:43",206200
14400,0,700,"sd","10:27:14",204200
14400,0,1000,"sd","10:24:55",203500
14400,0,5000,"sd","10:22:25",202500
14400,0,5000,"sd","10:22:15",197500
14500,100,100,"bu","10:21:01",192500
14500,100,500,"bu","10:20:12",192400
14500,100,100,"bu","10:18:07",191900
14500,100,100,"bu","10:13:18",191800
14500,100,200,"bu","10:13:10",191700
14500,100,5000,"bu","09:55:49",191500
14500,100,4000,"bu","09:54:49",186500
14400,0,200,"sd","09:54:27",182500
14500,100,2000,"bu","09:53:58",182300
14500,100,3500,"bu","09:52:51",180300
14500,100,5000,"bu","09:51:24",176800
14500,100,5000,"bu","09:51:11",171800
14500,100,7700,"sd","09:50:15",166800
14500,100,6600,"sd","09:50:07",159100
14500,100,100,"sd","09:48:26",152500
14600,200,8000,"bu","09:47:40",152400
14600,200,2000,"bu","09:45:52",144400
14700,300,6500,"bu","09:44:15",142400
14600,200,3000,"bu","09:43:13",135900
14600,200,700,"sd","09:41:56",132900
14600,200,10000,"sd","09:41:34",132200
14600,200,5800,"bu","09:41:09",122200
14600,200,5500,"bu","09:40:51",116400
14600,200,5000,"bu","09:39:58",110900
14600,200,4000,"bu","09:39:11",105900
14500,100,5000,"bu","09:38:23",101900
14500,100,3000,"bu","09:37:15",96900
14500,100,8200,"sd","09:36:37",93900
14600,200,7900,"bu","09:36:15",85700
14500,100,100,"sd","09:35:52",77800
14700,300,10500,"bu","09:32:51",77700
14600,200,1000,"bu","09:32:30",67200
14600,200,5000,"bu","09:32:02",66200
14600,200,100,"bu","09:31:21",61200
14600,200,15600,"sd","09:30:27",61100
14700,300,3000,"bu","09:28:46",45500
14700,300,100,"bu","09:27:47",42500
14700,300,5500,"bu","09:24:23",42400
14600,200,4000,"bu","09:23:59",36900
14600,200,2000,"bu","09:23:37",32900
14600,200,100,"bu","09:21:03",30900
14600,200,7000,"bu","09:20:24",30800
14500,100,500,"sd","09:19:41",23800
14600,200,2500,"bu","09:19:27",23300
14500,100,1000,"sd","09:19:07",20800
14600,200,100,"bu","09:18:52",19800
14600,200,1000,"bu","09:17:55",19700
14600,200,5000,"bu","09:15:30",18700
14500,100,3000,"bu","09:14:40",13700
14400,0,100,"sd","09:12:59",10700
14400,0,1000,"sd","09:12:47",10600
14500,100,5600,"bu","09:12:12",9600
14500,100,3000,"sd","09:10:09",4000
14600,200,1000,"bu","09:09:06",1000
