"price","change","match_qtty","side","time","total_vol"
8170,20,377600,"unknown","14:45:00",11388600
8150,0,200,"bu","14:29:58",11011000
8150,0,300,"bu","14:29:58",11010800
8150,0,1700,"bu","14:29:56",11010500
8150,0,500,"bu","14:29:56",11008800
8150,0,300,"bu","14:29:56",11008300
8150,0,700,"bu","14:29:55",11008000
8150,0,400,"bu","14:29:55",11007300
8150,0,700,"bu","14:29:55",11006900
8150,0,1800,"bu","14:29:55",11006200
8150,0,2400,"bu","14:29:55",11004400
8150,0,2600,"bu","14:29:52",11002000
8150,0,300,"bu","14:29:52",10999400
8150,0,300,"bu","14:29:52",10999100
8150,0,1800,"bu","14:29:52",10998800
8150,0,300,"bu","14:29:52",10997000
8150,0,2000,"bu","14:29:45",10996700
8150,0,1000,"bu","14:29:41",10994700
8150,0,4000,"bu","14:29:29",10993700
8150,0,100,"bu","14:29:23",10989700
8140,-10,300,"sd","14:29:19",10989600
8150,0,5000,"bu","14:29:15",10989300
8140,-10,400,"sd","14:29:10",10984300
8150,0,400,"bu","14:29:09",10983900
8150,0,1000,"bu","14:29:09",10983500
8150,0,600,"bu","14:29:09",10982500
8150,0,500,"bu","14:29:08",10981900
8150,0,100,"bu","14:29:06",10981400
8140,-10,20000,"sd","14:29:04",10981300
8140,-10,64000,"sd","14:28:57",10961300
8150,0,300,"bu","14:28:56",10897300
8150,0,3000,"sd","14:28:51",10897000
8150,0,1000,"sd","14:28:51",10894000
8150,0,4000,"sd","14:28:51",10893000
8150,0,1000,"sd","14:28:50",10889000
8150,0,600,"sd","14:28:36",10888000
8150,0,1000,"sd","14:28:36",10887400
8150,0,1500,"sd","14:28:34",10886400
8150,0,400,"sd","14:28:31",10884900
8150,0,1300,"sd","14:28:31",10884500
8150,0,100,"sd","14:28:31",10883200
8150,0,400,"sd","14:28:31",10883100
8150,0,2000,"sd","14:28:31",10882700
8150,0,10000,"sd","14:28:31",10880700
8150,0,2000,"sd","14:28:31",10870700
8150,0,1000,"sd","14:28:31",10868700
8150,0,700,"sd","14:28:31",10867700
8150,0,300,"sd","14:28:16",10867000
8150,0,10000,"sd","14:28:16",10866700
8150,0,1700,"sd","14:28:16",10856700
8150,0,2000,"bu","14:28:05",10855000
8150,0,1000,"bu","14:28:05",10853000
8150,0,10000,"bu","14:28:05",10852000
8150,0,5300,"bu","14:28:05",10842000
8140,-10,2000,"sd","14:28:05",10836700
8150,0,4700,"bu","14:28:04",10834700
8150,0,300,"bu","14:28:04",10830000
8150,0,100,"bu","14:28:03",10829700
8150,0,200,"bu","14:28:00",10829600
8150,0,400,"bu","14:28:00",10829400
8150,0,100,"bu","14:28:00",10829000
8150,0,200,"bu","14:27:58",10828900
8150,0,100,"bu","14:27:57",10828700
8150,0,600,"bu","14:27:51",10828600
8150,0,1000,"bu","14:27:51",10828000
8150,0,400,"bu","14:27:51",10827000
8150,0,600,"bu","14:27:49",10826600
8150,0,1700,"bu","14:27:49",10826000
8150,0,300,"sd","14:27:37",10824300
8140,-10,1600,"sd","14:27:34",10824000
8150,0,1100,"sd","14:27:34",10822400
8150,0,900,"sd","14:27:28",10821300
8150,0,1500,"sd","14:27:28",10820400
8150,0,100,"bu","14:27:27",10818900
8150,0,200,"bu","14:27:26",10818800
8150,0,300,"bu","14:27:25",10818600
8150,0,2700,"bu","14:27:25",10818300
8150,0,500,"bu","14:27:22",10815600
8150,0,2000,"bu","14:27:19",10815100
8140,-10,500,"sd","14:27:18",10813100
8150,0,4800,"bu","14:27:18",10812600
8150,0,200,"bu","14:27:18",10807800
8150,0,100,"bu","14:27:17",10807600
8150,0,500,"bu","14:27:17",10807500
8150,0,400,"bu","14:27:17",10807000
8150,0,600,"bu","14:27:16",10806600
8150,0,1400,"bu","14:27:16",10806000
8150,0,6400,"bu","14:27:16",10804600
8150,0,500,"bu","14:27:16",10798200
8150,0,1000,"bu","14:27:16",10797700
8150,0,10200,"bu","14:27:16",10796700
8150,0,1000,"bu","14:27:14",10786500
8150,0,2000,"bu","14:27:10",10785500
8150,0,2000,"bu","14:27:07",10783500
8150,0,2000,"bu","14:26:59",10781500
8150,0,300,"bu","14:26:50",10779500
8150,0,100,"bu","14:26:48",10779200
8150,0,100,"bu","14:26:46",10779100
8150,0,1800,"bu","14:26:42",10779000
8150,0,1700,"bu","14:26:42",10777200
8140,-10,3600,"sd","14:26:37",10775500
8140,-10,100,"sd","14:26:37",10771900
8140,-10,1000,"sd","14:26:37",10771800
8140,-10,500,"sd","14:26:37",10770800
8140,-10,2000,"sd","14:26:37",10770300
8140,-10,1000,"sd","14:26:37",10768300
8140,-10,200,"sd","14:26:37",10767300
8140,-10,6000,"sd","14:26:37",10767100
8140,-10,1000,"sd","14:26:37",10761100
8140,-10,3000,"sd","14:26:37",10760100
8140,-10,100,"sd","14:26:37",10757100
8140,-10,500,"sd","14:26:37",10757000
8150,0,2000,"bu","14:26:28",10756500
8150,0,1000,"bu","14:26:28",10754500
8150,0,100,"bu","14:26:20",10753500
8150,0,20000,"bu","14:26:17",10753400
8150,0,5000,"bu","14:26:16",10733400
8150,0,2000,"bu","14:26:04",10728400
8150,0,2000,"bu","14:26:01",10726400
8150,0,1000,"bu","14:25:57",10724400
8150,0,1400,"bu","14:25:51",10723400
8150,0,1500,"bu","14:25:49",10722000
8150,0,700,"bu","14:25:48",10720500
8150,0,500,"bu","14:25:47",10719800
8150,0,10000,"sd","14:25:44",10719300
8150,0,2000,"sd","14:25:44",10709300
8150,0,200,"sd","14:25:44",10707300
8150,0,100,"sd","14:25:44",10707100
8150,0,1000,"sd","14:25:44",10707000
8150,0,1000,"sd","14:25:44",10706000
8150,0,500,"sd","14:25:44",10705000
8150,0,2800,"sd","14:25:44",10704500
8150,0,5000,"sd","14:25:44",10701700
8150,0,2500,"sd","14:25:44",10696700
8150,0,5000,"sd","14:25:44",10694200
8150,0,3000,"sd","14:25:44",10689200
8150,0,8600,"sd","14:25:44",10686200
8150,0,1400,"sd","14:25:19",10677600
8150,0,1000,"sd","14:25:19",10676200
8150,0,500,"sd","14:25:19",10675200
8150,0,300,"sd","14:25:19",10674700
8150,0,1300,"sd","14:25:19",10674400
8150,0,100,"sd","14:25:19",10673100
8150,0,100,"sd","14:25:18",10673000
8150,0,100,"sd","14:25:18",10672900
8150,0,100,"sd","14:25:18",10672800
8150,0,1600,"sd","14:25:18",10672700
8150,0,100,"sd","14:25:18",10671100
8150,0,2900,"sd","14:25:17",10671000
8150,0,100,"sd","14:25:17",10668100
8150,0,100,"sd","14:25:02",10668000
8150,0,400,"sd","14:25:02",10667900
8160,10,5000,"bu","14:24:58",10667500
8160,10,3000,"bu","14:24:54",10662500
8150,0,100,"sd","14:24:50",10659500
8150,0,900,"sd","14:24:50",10659400
8160,10,400,"bu","14:24:34",10658500
8160,10,400,"bu","14:24:32",10658100
8160,10,1600,"bu","14:24:32",10657700
8160,10,2500,"bu","14:24:25",10656100
8160,10,900,"bu","14:24:21",10653600
8160,10,100,"bu","14:24:21",10652700
8160,10,200,"bu","14:24:18",10652600
8160,10,400,"bu","14:24:17",10652400
8160,10,2100,"bu","14:24:17",10652000
8160,10,2000,"bu","14:24:12",10649900
8160,10,1500,"bu","14:24:00",10647900
8160,10,20000,"bu","14:23:57",10646400
8160,10,1000,"bu","14:23:51",10626400
8160,10,400,"bu","14:23:47",10625400
8160,10,800,"bu","14:23:47",10625000
8160,10,200,"bu","14:23:47",10624200
8160,10,2800,"bu","14:23:38",10624000
8160,10,200,"bu","14:23:38",10621200
8160,10,1900,"bu","14:23:33",10621000
8160,10,5000,"bu","14:23:31",10619100
8160,10,2000,"bu","14:23:23",10614100
8160,10,1900,"bu","14:23:23",10612100
8160,10,2900,"bu","14:23:23",10610200
8160,10,2200,"bu","14:23:23",10607300
8160,10,1000,"bu","14:23:23",10605100
8160,10,100,"bu","14:23:12",10604100
8160,10,1400,"bu","14:23:12",10604000
8160,10,1600,"bu","14:22:52",10602600
8160,10,500,"bu","14:22:47",10601000
8160,10,2900,"bu","14:22:47",10600500
8160,10,200,"bu","14:22:44",10597600
8160,10,2900,"sd","14:22:26",10597400
8160,10,20000,"sd","14:22:26",10594500
8160,10,4000,"sd","14:22:26",10574500
8170,20,1000,"bu","14:22:25",10570500
8160,10,1000,"sd","14:22:23",10569500
8160,10,10000,"sd","14:22:18",10568500
8170,20,3000,"bu","14:22:18",10558500
8150,0,200,"sd","14:22:15",10555500
8150,0,1400,"sd","14:22:09",10555300
8150,0,500,"sd","14:22:09",10553900
8150,0,400,"sd","14:22:09",10553400
8150,0,2000,"sd","14:22:09",10553000
8150,0,2000,"sd","14:22:09",10551000
8150,0,10000,"sd","14:22:09",10549000
8150,0,1000,"sd","14:22:09",10539000
8150,0,5000,"sd","14:22:09",10538000
8150,0,500,"sd","14:22:09",10533000
8150,0,4000,"sd","14:22:09",10532500
8150,0,1000,"sd","14:22:09",10528500
8150,0,50000,"sd","14:22:09",10527500
8150,0,3000,"sd","14:22:09",10477500
8150,0,1000,"sd","14:22:09",10474500
8150,0,2000,"sd","14:22:09",10473500
8150,0,1000,"sd","14:22:09",10471500
8150,0,5000,"sd","14:22:09",10470500
8150,0,10000,"sd","14:22:09",10465500
8150,0,2000,"sd","14:22:09",10455500
8150,0,19900,"sd","14:22:09",10453500
8150,0,500,"sd","14:22:09",10433600
8150,0,1500,"sd","14:22:09",10433100
8150,0,200,"sd","14:22:09",10431600
8150,0,1000,"sd","14:22:09",10431400
8150,0,1100,"sd","14:22:09",10430400
8150,0,500,"sd","14:22:09",10429300
8150,0,300,"sd","14:22:09",10428800
8150,0,600,"sd","14:22:09",10428500
8150,0,100,"sd","14:22:09",10427900
8150,0,1000,"sd","14:22:09",10427800
8150,0,300,"sd","14:22:09",10426800
8150,0,100000,"sd","14:22:09",10426500
8150,0,200,"sd","14:22:09",10326500
8150,0,200,"sd","14:22:09",10326300
8150,0,1000,"sd","14:22:09",10326100
8150,0,3500,"sd","14:22:09",10325100
8150,0,2000,"sd","14:22:09",10321600
8150,0,100,"sd","14:22:09",10319600
8150,0,4000,"sd","14:22:09",10319500
8150,0,500,"sd","14:22:09",10315500
8150,0,10000,"sd","14:22:09",10315000
8150,0,500,"sd","14:22:09",10305000
8150,0,16800,"sd","14:22:09",10304500
8160,10,1000,"sd","14:22:09",10287700
8160,10,100,"sd","14:22:09",10286700
8160,10,500,"sd","14:22:09",10286600
8160,10,400,"sd","14:22:09",10286100
8160,10,1000,"sd","14:22:09",10285700
8160,10,2100,"sd","14:22:09",10284700
8160,10,500,"sd","14:22:09",10282600
8160,10,200,"sd","14:22:09",10282100
8160,10,1000,"sd","14:22:09",10281900
8160,10,100,"sd","14:22:09",10280900
8160,10,15000,"sd","14:22:09",10280800
8160,10,3000,"sd","14:22:09",10265800
8160,10,3000,"sd","14:22:09",10262800
8160,10,1200,"sd","14:22:09",10259800
8160,10,1000,"sd","14:22:09",10258600
8160,10,500,"sd","14:22:09",10257600
8160,10,1800,"sd","14:22:09",10257100
8170,20,500,"bu","14:22:04",10255300
8170,20,100,"bu","14:22:04",10254800
8170,20,100,"bu","14:21:49",10254700
8170,20,100,"bu","14:21:48",10254600
8170,20,700,"bu","14:21:43",10254500
8170,20,100,"bu","14:21:43",10253800
8170,20,300,"bu","14:21:43",10253700
8170,20,700,"bu","14:21:36",10253400
8160,10,500,"sd","14:21:30",10252700
8160,10,300,"sd","14:21:28",10252200
8160,10,100,"sd","14:21:28",10251900
8160,10,1000,"sd","14:21:28",10251800
8160,10,1000,"sd","14:21:28",10250800
8160,10,1900,"sd","14:21:28",10249800
8160,10,500,"sd","14:21:28",10247900
8160,10,1000,"sd","14:21:28",10247400
8160,10,2000,"sd","14:21:28",10246400
8160,10,200,"sd","14:21:28",10244400
8160,10,2000,"sd","14:21:28",10244200
8160,10,3700,"sd","14:21:26",10242200
8160,10,900,"sd","14:21:17",10238500
8160,10,15000,"sd","14:21:16",10237600
8160,10,10500,"sd","14:21:06",10222600
8160,10,100,"sd","14:20:59",10212100
8160,10,500,"sd","14:20:55",10212000
8160,10,3300,"sd","14:20:54",10211500
8160,10,500,"sd","14:20:54",10208200
8160,10,500,"sd","14:20:54",10207700
8160,10,3100,"sd","14:20:54",10207200
8170,20,1700,"sd","14:20:54",10204100
8170,20,1000,"bu","14:20:54",10202400
8170,20,1000,"bu","14:20:54",10201400
8170,20,400,"bu","14:20:54",10200400
8170,20,200,"bu","14:20:54",10200000
8170,20,5700,"bu","14:20:54",10199800
8170,20,1000,"bu","14:20:37",10194100
8170,20,2000,"bu","14:20:32",10193100
8170,20,700,"bu","14:20:27",10191100
8170,20,600,"bu","14:20:12",10190400
8170,20,600,"bu","14:20:12",10189800
8170,20,100,"bu","14:20:12",10189200
8170,20,500,"bu","14:20:12",10189100
8170,20,200,"bu","14:20:12",10188600
8170,20,800,"bu","14:20:12",10188400
8170,20,2200,"bu","14:20:12",10187600
8160,10,500,"sd","14:20:03",10185400
8160,10,600,"sd","14:19:56",10184900
8170,20,1000,"bu","14:19:55",10184300
8170,20,100,"bu","14:19:49",10183300
8170,20,6000,"bu","14:19:37",10183200
8170,20,200,"bu","14:19:34",10177200
8170,20,500,"bu","14:19:16",10177000
8170,20,4500,"bu","14:19:16",10176500
8160,10,4300,"sd","14:18:42",10172000
8160,10,300,"sd","14:18:42",10167700
8160,10,400,"sd","14:18:42",10167400
8160,10,100,"sd","14:18:41",10167000
8160,10,300,"sd","14:18:39",10166900
8160,10,200,"sd","14:18:31",10166600
8160,10,500,"bu","14:18:20",10166400
8160,10,1000,"bu","14:18:20",10165900
8160,10,5000,"bu","14:18:20",10164900
8160,10,200,"bu","14:18:20",10159900
8160,10,1000,"bu","14:18:20",10159700
8160,10,5000,"bu","14:18:20",10158700
8160,10,800,"bu","14:18:20",10153700
8160,10,200,"bu","14:18:20",10152900
8160,10,10000,"bu","14:18:20",10152700
8160,10,600,"bu","14:18:20",10142700
8160,10,20000,"bu","14:18:20",10142100
8160,10,4700,"bu","14:18:20",10122100
8160,10,300,"bu","14:18:11",10117400
8160,10,400,"bu","14:18:11",10117100
8160,10,300,"bu","14:18:11",10116700
8160,10,500,"bu","14:18:03",10116400
8160,10,500,"bu","14:18:02",10115900
8160,10,1000,"bu","14:17:41",10115400
8150,0,500,"sd","14:17:38",10114400
8150,0,1000,"sd","14:17:33",10113900
8150,0,57000,"sd","14:17:22",10112900
8150,0,1000,"sd","14:17:18",10055900
8150,0,2500,"sd","14:16:36",10054900
8160,10,200,"bu","14:16:35",10052400
8150,0,100,"sd","14:16:33",10052200
8150,0,3700,"sd","14:16:22",10052100
8160,10,1000,"bu","14:16:19",10048400
8150,0,5500,"sd","14:16:17",10047400
8160,10,700,"bu","14:16:12",10041900
8150,0,11900,"sd","14:16:07",10041200
8150,0,100,"sd","14:16:07",10029300
8150,0,1000,"sd","14:16:07",10029200
8150,0,2000,"sd","14:16:07",10028200
8150,0,1000,"sd","14:16:07",10026200
8150,0,1000,"sd","14:16:07",10025200
8150,0,3000,"sd","14:16:07",10024200
8150,0,400,"sd","14:16:02",10021200
8150,0,300,"sd","14:16:00",10020800
8150,0,1000,"sd","14:15:43",10020500
8160,10,1000,"bu","14:15:31",10019500
8160,10,100,"bu","14:15:24",10018500
8160,10,500,"bu","14:15:08",10018400
8160,10,200,"bu","14:15:04",10017900
8160,10,1200,"bu","14:15:03",10017700
8150,0,5300,"sd","14:14:57",10016500
8150,0,2000,"sd","14:14:57",10011200
8150,0,200,"sd","14:14:57",10009200
8150,0,200,"sd","14:14:57",10009000
8150,0,500,"sd","14:14:57",10008800
8150,0,1800,"sd","14:14:57",10008300
8160,10,600,"bu","14:14:39",10006500
8150,0,500,"sd","14:14:34",10005900
8150,0,1100,"sd","14:14:32",10005400
8160,10,200,"bu","14:14:18",10004300
8160,10,200,"bu","14:14:18",10004100
8150,0,1000,"sd","14:14:16",10003900
8150,0,600,"sd","14:14:03",10002900
8150,0,2400,"sd","14:14:03",10002300
8160,10,4900,"bu","14:14:00",9999900
8150,0,1000,"sd","14:13:58",9995000
8150,0,300,"sd","14:13:58",9994000
8150,0,600,"sd","14:13:58",9993700
8150,0,100,"sd","14:13:58",9993100
8150,0,2000,"sd","14:13:56",9993000
8150,0,700,"sd","14:13:48",9991000
8150,0,200,"sd","14:13:48",9990300
8150,0,100,"sd","14:13:48",9990100
8150,0,2000,"sd","14:13:48",9990000
8150,0,1000,"sd","14:13:42",9988000
8160,10,1000,"bu","14:13:40",9987000
8150,0,500,"sd","14:13:29",9986000
8150,0,100,"sd","14:13:14",9985500
8160,10,2000,"bu","14:13:14",9985400
8150,0,1000,"sd","14:13:12",9983400
8160,10,1900,"sd","14:13:09",9982400
8160,10,800,"sd","14:13:08",9980500
8160,10,100,"bu","14:13:03",9979700
8160,10,200,"bu","14:13:03",9979600
8160,10,1000,"bu","14:13:03",9979400
8160,10,1000,"bu","14:13:03",9978400
8160,10,300,"bu","14:12:58",9977400
8160,10,100,"bu","14:12:52",9977100
8160,10,100,"bu","14:12:48",9977000
8160,10,5000,"bu","14:12:48",9976900
8160,10,200,"bu","14:12:36",9971900
8160,10,500,"bu","14:12:33",9971700
8160,10,2000,"bu","14:12:31",9971200
8160,10,100,"bu","14:12:12",9969200
8160,10,500,"bu","14:12:06",9969100
8160,10,200,"sd","14:12:03",9968600
8160,10,20000,"sd","14:11:55",9968400
8170,20,500,"bu","14:11:45",9948400
8160,10,3100,"sd","14:11:37",9947900
8160,10,2000,"bu","14:11:37",9944800
8160,10,1000,"bu","14:11:37",9942800
8160,10,200,"bu","14:11:37",9941800
8160,10,3500,"bu","14:11:37",9941600
8150,0,2000,"sd","14:11:32",9938100
8160,10,1000,"bu","14:11:22",9936100
8160,10,200,"bu","14:11:09",9935100
8150,0,2300,"sd","14:11:01",9934900
8160,10,3000,"bu","14:10:48",9932600
8150,0,900,"sd","14:10:47",9929600
8150,0,2000,"sd","14:10:41",9928700
8150,0,3300,"sd","14:10:40",9926700
8150,0,200,"sd","14:10:40",9923400
8150,0,3500,"sd","14:10:40",9923200
8150,0,3000,"sd","14:10:40",9919700
8150,0,2000,"sd","14:10:37",9916700
8150,0,7900,"bu","14:10:29",9914700
8150,0,1000,"bu","14:10:27",9906800
8150,0,10000,"bu","14:10:26",9905800
8150,0,400,"bu","14:10:26",9895800
8150,0,800,"bu","14:10:25",9895400
8150,0,1000,"bu","14:10:24",9894600
8150,0,8900,"bu","14:10:20",9893600
8150,0,10000,"bu","14:10:20",9884700
8150,0,1100,"bu","14:10:20",9874700
8150,0,1000,"bu","14:10:20",9873600
8150,0,1000,"bu","14:10:19",9872600
8150,0,1000,"bu","14:10:18",9871600
8150,0,200,"bu","14:10:17",9870600
8150,0,100,"bu","14:10:13",9870400
8150,0,1000,"bu","14:10:13",9870300
8150,0,2600,"bu","14:10:07",9869300
8150,0,2400,"bu","14:10:07",9866700
8150,0,100,"bu","14:10:01",9864300
8150,0,1900,"bu","14:10:01",9864200
8150,0,2000,"bu","14:09:59",9862300
8140,-10,400,"sd","14:09:54",9860300
8140,-10,100,"sd","14:09:54",9859900
8150,0,100,"bu","14:09:53",9859800
8150,0,19100,"bu","14:09:52",9859700
8150,0,1500,"bu","14:09:52",9840600
8150,0,500,"bu","14:09:47",9839100
8150,0,2000,"bu","14:09:29",9838600
8150,0,6000,"bu","14:09:24",9836600
8150,0,6900,"bu","14:09:24",9830600
8150,0,93100,"sd","14:09:18",9823700
8150,0,1000,"sd","14:09:18",9730600
8150,0,5000,"sd","14:09:18",9729600
8150,0,900,"sd","14:09:18",9724600
8150,0,1100,"bu","14:09:08",9723700
8150,0,1000,"sd","14:09:00",9722600
8150,0,1000,"sd","14:09:00",9721600
8150,0,1000,"sd","14:09:00",9720600
8150,0,5000,"sd","14:09:00",9719600
8150,0,900,"sd","14:09:00",9714600
8150,0,100,"sd","14:08:37",9713700
8150,0,200,"sd","14:08:30",9713600
8150,0,800,"sd","14:08:25",9713400
8150,0,400,"sd","14:08:25",9712600
8150,0,1100,"sd","14:08:25",9712200
8150,0,2000,"sd","14:08:25",9711100
8150,0,500,"sd","14:08:25",9709100
8150,0,400,"sd","14:08:25",9708600
8150,0,4800,"sd","14:08:25",9708200
8160,10,2300,"bu","14:08:23",9703400
8160,10,100,"bu","14:08:23",9701100
8160,10,1000,"bu","14:08:23",9701000
8150,0,5200,"bu","14:08:11",9700000
8150,0,3000,"bu","14:08:07",9694800
8150,0,10000,"sd","14:08:04",9691800
8150,0,5000,"sd","14:08:04",9681800
8150,0,700,"sd","14:08:04",9676800
8150,0,6100,"sd","14:08:04",9676100
8130,-20,20000,"sd","14:07:39",9670000
8130,-20,500,"sd","14:07:39",9650000
8130,-20,100,"sd","14:07:39",9649500
8130,-20,200,"sd","14:07:39",9649400
8130,-20,500,"sd","14:07:39",9649200
8130,-20,8500,"sd","14:07:39",9648700
8130,-20,300,"sd","14:07:39",9640200
8130,-20,2000,"sd","14:07:39",9639900
8130,-20,600,"sd","14:07:39",9637900
8130,-20,5000,"sd","14:07:39",9637300
8130,-20,500,"sd","14:07:39",9632300
8130,-20,6000,"sd","14:07:39",9631800
8130,-20,1000,"sd","14:07:39",9625800
8130,-20,200,"sd","14:07:39",9624800
8130,-20,700,"sd","14:07:39",9624600
8130,-20,5000,"sd","14:07:39",9623900
8130,-20,2000,"sd","14:07:39",9618900
8130,-20,600,"sd","14:07:39",9616900
8130,-20,10000,"sd","14:07:39",9616300
8130,-20,2200,"sd","14:07:39",9606300
8130,-20,1000,"sd","14:07:39",9604100
8130,-20,500,"sd","14:07:39",9603100
8130,-20,10100,"sd","14:07:39",9602600
8130,-20,1000,"sd","14:07:39",9592500
8130,-20,300,"sd","14:07:39",9591500
8130,-20,11000,"sd","14:07:39",9591200
8130,-20,100,"sd","14:07:39",9580200
8130,-20,19000,"sd","14:07:39",9580100
8130,-20,100,"sd","14:07:39",9561100
8130,-20,5000,"sd","14:07:39",9561000
8130,-20,1000,"sd","14:07:39",9556000
8130,-20,2000,"sd","14:07:39",9555000
8130,-20,1000,"sd","14:07:39",9553000
8130,-20,400,"sd","14:07:39",9552000
8130,-20,500,"sd","14:07:39",9551600
8130,-20,1000,"sd","14:07:39",9551100
8130,-20,7000,"sd","14:07:39",9550100
8130,-20,500,"sd","14:07:39",9543100
8140,-10,3000,"sd","14:07:39",9542600
8130,-20,100,"sd","14:07:39",9539600
8140,-10,5000,"sd","14:07:39",9539500
8130,-20,5000,"sd","14:07:39",9534500
8140,-10,3000,"sd","14:07:39",9529500
8130,-20,200,"sd","14:07:39",9526500
8140,-10,5000,"sd","14:07:39",9526300
8130,-20,200,"sd","14:07:39",9521300
8140,-10,2000,"sd","14:07:39",9521100
8130,-20,200,"sd","14:07:39",9519100
8140,-10,20000,"sd","14:07:39",9518900
8130,-20,100,"sd","14:07:39",9498900
8140,-10,5000,"sd","14:07:39",9498800
8130,-20,5000,"sd","14:07:39",9493800
8140,-10,1000,"sd","14:07:39",9488800
8140,-10,200,"sd","14:07:39",9487800
8130,-20,300,"sd","14:07:39",9487600
8140,-10,1000,"sd","14:07:39",9487300
8140,-10,2500,"sd","14:07:39",9486300
8140,-10,3800,"sd","14:07:39",9483800
8150,0,9800,"sd","14:07:39",9480000
8150,0,200,"sd","14:07:39",9470200
8150,0,9800,"bu","14:07:38",9470000
8150,0,5200,"bu","14:07:35",9460200
8150,0,11700,"bu","14:07:35",9455000
8150,0,1000,"bu","14:07:35",9443300
8150,0,6100,"bu","14:07:35",9442300
8140,-10,1700,"sd","14:07:33",9436200
8140,-10,1000,"sd","14:07:33",9434500
8140,-10,500,"sd","14:07:33",9433500
8140,-10,1000,"sd","14:07:33",9433000
8140,-10,800,"sd","14:07:33",9432000
8150,0,8900,"bu","14:07:33",9431200
8150,0,4000,"bu","14:07:33",9422300
8150,0,7100,"bu","14:07:33",9418300
8150,0,500,"bu","14:07:32",9411200
8150,0,2400,"bu","14:07:16",9410700
8150,0,7600,"bu","14:07:16",9408300
8140,-10,200,"sd","14:07:07",9400700
8140,-10,20000,"sd","14:07:07",9400500
8140,-10,500,"sd","14:07:07",9380500
8140,-10,1000,"sd","14:07:07",9380000
8140,-10,3000,"sd","14:07:07",9379000
8140,-10,100,"sd","14:07:07",9376000
8140,-10,200,"sd","14:07:07",9375900
8140,-10,6000,"sd","14:07:07",9375700
8140,-10,100,"sd","14:07:07",9369700
8140,-10,10000,"sd","14:07:07",9369600
8140,-10,100,"sd","14:07:07",9359600
8140,-10,1000,"sd","14:07:07",9359500
8140,-10,1000,"sd","14:07:07",9358500
8140,-10,1500,"sd","14:07:07",9357500
8140,-10,600,"sd","14:07:07",9356000
8140,-10,1000,"sd","14:07:07",9355400
8140,-10,10700,"sd","14:07:07",9354400
8140,-10,800,"sd","14:07:07",9343700
8150,0,200,"bu","14:07:06",9342900
8140,-10,100,"sd","14:07:00",9342700
8140,-10,2000,"sd","14:06:59",9342600
8140,-10,9200,"sd","14:06:59",9340600
8140,-10,2000,"sd","14:06:59",9331400
8140,-10,1000,"sd","14:06:59",9329400
8140,-10,5000,"sd","14:06:59",9328400
8140,-10,3800,"sd","14:06:59",9323400
8140,-10,100,"sd","14:06:59",9319600
8140,-10,3000,"sd","14:06:59",9319500
8140,-10,100,"sd","14:06:59",9316500
8140,-10,500,"sd","14:06:59",9316400
8140,-10,100,"sd","14:06:59",9315900
8140,-10,5500,"sd","14:06:59",9315800
8140,-10,5000,"sd","14:06:59",9310300
8140,-10,15000,"sd","14:06:59",9305300
8140,-10,600,"sd","14:06:59",9290300
8140,-10,500,"sd","14:06:59",9289700
8140,-10,1000,"sd","14:06:59",9289200
8140,-10,900,"sd","14:06:59",9288200
8140,-10,1000,"sd","14:06:59",9287300
8140,-10,1500,"sd","14:06:58",9286300
8150,0,600,"bu","14:06:58",9284800
8150,0,500,"bu","14:06:57",9284200
8150,0,5000,"bu","14:06:52",9283700
8150,0,500,"bu","14:06:51",9278700
8150,0,1000,"bu","14:06:50",9278200
8150,0,2000,"bu","14:06:49",9277200
8150,0,4000,"bu","14:06:46",9275200
8140,-10,30000,"sd","14:06:45",9271200
8150,0,2000,"bu","14:06:38",9241200
8150,0,100,"sd","14:06:36",9239200
8150,0,500,"sd","14:06:36",9239100
8150,0,200,"sd","14:06:36",9238600
8150,0,200,"sd","14:06:36",9238400
8150,0,200,"sd","14:06:36",9238200
8150,0,3000,"sd","14:06:36",9238000
8150,0,1200,"sd","14:06:36",9235000
8150,0,100,"sd","14:06:36",9233800
8150,0,3000,"sd","14:06:36",9233700
8150,0,3000,"sd","14:06:36",9230700
8150,0,1000,"sd","14:06:36",9227700
8150,0,500,"sd","14:06:36",9226700
8150,0,1000,"sd","14:06:36",9226200
8150,0,5000,"sd","14:06:36",9225200
8150,0,100,"sd","14:06:36",9220200
8150,0,5000,"sd","14:06:36",9220100
8150,0,300,"sd","14:06:36",9215100
8150,0,500,"sd","14:06:36",9214800
8150,0,1700,"sd","14:06:36",9214300
8160,10,200,"sd","14:06:28",9212600
8160,10,3000,"sd","14:06:28",9212400
8150,0,400,"sd","14:06:15",9209400
8150,0,100,"sd","14:06:10",9209000
8150,0,100,"sd","14:06:02",9208900
8150,0,2500,"sd","14:06:01",9208800
8150,0,200,"bu","14:05:46",9206300
8150,0,300,"bu","14:05:46",9206100
8150,0,500,"bu","14:05:42",9205800
8150,0,1000,"bu","14:05:41",9205300
8150,0,200,"bu","14:05:41",9204300
8150,0,200,"bu","14:05:35",9204100
8150,0,200,"bu","14:05:31",9203900
8150,0,1000,"bu","14:05:31",9203700
8150,0,2000,"bu","14:05:31",9202700
8150,0,2000,"bu","14:05:31",9200700
8150,0,5000,"bu","14:05:31",9198700
8150,0,2000,"bu","14:05:31",9193700
8150,0,5000,"bu","14:05:31",9191700
8150,0,100,"bu","14:05:31",9186700
8150,0,5000,"bu","14:05:31",9186600
8150,0,1500,"unknown","14:05:31",9181600
8160,10,400,"sd","14:05:31",9180100
8150,0,100,"sd","14:05:31",9179700
8150,0,4500,"sd","14:05:31",9179600
8160,10,5000,"sd","14:05:31",9175100
8150,0,300,"sd","14:05:31",9170100
8160,10,3600,"sd","14:05:31",9169800
8150,0,300,"sd","14:05:31",9166200
8160,10,1000,"sd","14:05:31",9165900
8150,0,10000,"sd","14:05:31",9164900
8160,10,200,"sd","14:05:31",9154900
8150,0,40000,"sd","14:05:31",9154700
8160,10,500,"sd","14:05:31",9114700
8150,0,2000,"sd","14:05:31",9114200
8160,10,8500,"sd","14:05:31",9112200
8150,0,10000,"sd","14:05:31",9103700
8160,10,50000,"sd","14:05:31",9093700
8150,0,300,"sd","14:05:31",9043700
8160,10,300,"sd","14:05:31",9043400
8150,0,10000,"sd","14:05:31",9043100
8150,0,10000,"sd","14:05:31",9033100
8160,10,20000,"sd","14:05:31",9023100
8150,0,1000,"sd","14:05:31",9003100
8160,10,2000,"sd","14:05:31",9002100
8160,10,100,"sd","14:05:31",9000100
8160,10,15000,"sd","14:05:31",9000000
8170,20,1000,"sd","14:05:31",8985000
8160,10,700,"sd","14:05:31",8984000
8160,10,2000,"sd","14:05:31",8983300
8160,10,100,"sd","14:05:31",8981300
8160,10,10000,"sd","14:05:31",8981200
8160,10,1000,"sd","14:05:31",8971200
8170,20,200,"sd","14:05:31",8970200
8170,20,4000,"sd","14:05:31",8970000
8170,20,4000,"sd","14:05:31",8966000
8170,20,3000,"sd","14:05:31",8962000
8170,20,5000,"sd","14:05:31",8959000
8170,20,10000,"sd","14:05:31",8954000
8170,20,500,"sd","14:05:31",8944000
8170,20,6000,"sd","14:05:31",8943500
8170,20,1200,"sd","14:05:31",8937500
8180,30,5000,"bu","14:05:27",8936300
8180,30,15000,"bu","14:05:26",8931300
8180,30,6500,"bu","14:05:23",8916300
8180,30,2000,"bu","14:05:22",8909800
8180,30,100,"bu","14:05:16",8907800
8180,30,1000,"bu","14:05:16",8907700
8180,30,1500,"bu","14:05:16",8906700
8180,30,800,"bu","14:05:00",8905200
8180,30,500,"bu","14:04:59",8904400
8180,30,8900,"bu","14:04:57",8903900
8180,30,200,"bu","14:04:57",8895000
8180,30,1000,"bu","14:04:57",8894800
8180,30,2000,"bu","14:04:57",8893800
8180,30,3000,"bu","14:04:57",8891800
8180,30,4800,"bu","14:04:57",8888800
8180,30,200,"sd","14:04:54",8884000
8180,30,2300,"sd","14:04:54",8883800
8180,30,1000,"sd","14:04:45",8881500
8180,30,200,"sd","14:04:41",8880500
8180,30,600,"sd","14:04:40",8880300
8180,30,100,"sd","14:04:37",8879700
8180,30,800,"sd","14:04:36",8879600
8180,30,3800,"sd","14:04:36",8878800
8180,30,500,"sd","14:04:36",8875000
8180,30,1000,"sd","14:04:36",8874500
8180,30,3900,"sd","14:04:36",8873500
8180,30,100,"sd","14:04:35",8869600
8180,30,100,"bu","14:04:27",8869500
8180,30,19700,"bu","14:04:27",8869400
8180,30,2600,"bu","14:04:27",8849700
8180,30,10700,"bu","14:04:25",8847100
8180,30,4300,"bu","14:04:25",8836400
8180,30,300,"bu","14:04:18",8832100
8180,30,400,"sd","14:04:13",8831800
8180,30,600,"bu","14:04:09",8831400
8180,30,800,"sd","14:04:07",8830800
8180,30,2000,"bu","14:04:06",8830000
8180,30,200,"bu","14:04:06",8828000
8180,30,800,"bu","14:04:01",8827800
8170,20,4200,"bu","14:04:01",8827000
8170,20,700,"sd","14:04:01",8822800
8170,20,5000,"sd","14:04:01",8822100
8180,30,500,"sd","14:04:01",8817100
8170,20,1000,"sd","14:04:01",8816600
8180,30,2800,"sd","14:04:01",8815600
8170,20,2000,"sd","14:04:01",8812800
8180,30,400,"sd","14:04:01",8810800
8170,20,10000,"sd","14:04:01",8810400
8170,20,2000,"sd","14:04:01",8800400
8170,20,1500,"sd","14:04:01",8798400
8170,20,1000,"sd","14:04:01",8796900
8170,20,700,"sd","14:04:01",8795900
8170,20,3400,"sd","14:04:01",8795200
8170,20,10000,"sd","14:04:01",8791800
8170,20,4800,"sd","14:04:01",8781800
8190,40,1500,"bu","14:03:56",8777000
8190,40,5500,"bu","14:03:56",8775500
8190,40,5000,"bu","14:03:56",8770000
8190,40,200,"bu","14:03:56",8765000
8190,40,200,"bu","14:03:56",8764800
8190,40,500,"bu","14:03:56",8764600
8190,40,900,"bu","14:03:56",8764100
8190,40,50000,"bu","14:03:56",8763200
8190,40,500,"bu","14:03:56",8713200
8190,40,500,"bu","14:03:56",8712700
8190,40,5000,"bu","14:03:56",8712200
8190,40,300,"bu","14:03:56",8707200
8190,40,4000,"bu","14:03:56",8706900
8190,40,500,"bu","14:03:56",8702900
8180,30,1000,"bu","14:03:56",8702400
8180,30,10000,"bu","14:03:56",8701400
8180,30,1000,"bu","14:03:56",8691400
8180,30,2000,"bu","14:03:56",8690400
8180,30,5000,"bu","14:03:56",8688400
8180,30,3100,"bu","14:03:56",8683400
8180,30,200,"bu","14:03:56",8680300
8180,30,1500,"bu","14:03:56",8680100
8180,30,1600,"bu","14:03:56",8678600
8180,30,400,"bu","14:03:56",8677000
8180,30,200,"bu","14:03:56",8676600
8180,30,4800,"bu","14:03:51",8676400
8180,30,200,"bu","14:03:51",8671600
8180,30,2800,"bu","14:03:50",8671400
8180,30,700,"bu","14:03:50",8668600
8180,30,200,"bu","14:03:50",8667900
8180,30,200,"bu","14:03:47",8667700
8180,30,800,"bu","14:03:45",8667500
8180,30,800,"bu","14:03:41",8666700
8180,30,500,"bu","14:03:41",8665900
8180,30,100,"bu","14:03:41",8665400
8180,30,1600,"bu","14:03:41",8665300
8180,30,16000,"bu","14:03:41",8663700
8170,20,200,"sd","14:03:40",8647700
8180,30,2000,"bu","14:03:40",8647500
8180,30,3500,"bu","14:03:40",8645500
8180,30,1800,"bu","14:03:34",8642000
8180,30,500,"bu","14:03:33",8640200
8180,30,700,"bu","14:03:31",8639700
8180,30,300,"bu","14:03:31",8639000
8170,20,1000,"bu","14:03:23",8638700
8170,20,1000,"bu","14:03:23",8637700
8160,10,2900,"bu","14:03:07",8636700
8160,10,5300,"bu","14:03:07",8633800
8160,10,5000,"bu","14:03:06",8628500
8160,10,5000,"bu","14:03:04",8623500
8160,10,10000,"bu","14:03:01",8618500
8160,10,5000,"bu","14:03:00",8608500
8160,10,100,"bu","14:02:57",8603500
8160,10,500,"bu","14:02:56",8603400
8160,10,1000,"bu","14:02:51",8602900
8160,10,500,"bu","14:02:51",8601900
8160,10,100,"bu","14:02:49",8601400
8160,10,10000,"bu","14:02:46",8601300
8160,10,10000,"sd","14:02:45",8591300
8160,10,100,"sd","14:02:45",8581300
8160,10,900,"sd","14:02:45",8581200
8160,10,3100,"sd","14:02:45",8580300
8160,10,20000,"sd","14:02:45",8577200
8160,10,1000,"sd","14:02:45",8557200
8160,10,5000,"sd","14:02:45",8556200
8160,10,10000,"sd","14:02:45",8551200
8160,10,2000,"sd","14:02:45",8541200
8160,10,100,"sd","14:02:45",8539200
8160,10,100,"sd","14:02:45",8539100
8160,10,3000,"sd","14:02:45",8539000
8160,10,1000,"sd","14:02:45",8536000
8160,10,1000,"sd","14:02:45",8535000
8160,10,200,"sd","14:02:45",8534000
8170,20,300,"bu","14:02:45",8533800
8170,20,1000,"bu","14:02:43",8533500
8170,20,9300,"bu","14:02:42",8532500
8170,20,13700,"bu","14:02:41",8523200
8170,20,1000,"bu","14:02:41",8509500
8170,20,100,"bu","14:02:41",8508500
8170,20,100,"bu","14:02:41",8508400
8170,20,100,"bu","14:02:41",8508300
8170,20,400,"bu","14:02:41",8508200
8170,20,100,"bu","14:02:41",8507800
8170,20,400,"bu","14:02:41",8507700
8170,20,20000,"bu","14:02:41",8507300
8170,20,3000,"bu","14:02:41",8487300
8170,20,11100,"bu","14:02:41",8484300
8170,20,3000,"bu","14:02:37",8473200
8170,20,500,"bu","14:02:32",8470200
8160,10,1000,"sd","14:02:30",8469700
8160,10,100,"sd","14:02:29",8468700
8160,10,400,"sd","14:02:29",8468600
8170,20,20000,"bu","14:02:23",8468200
8170,20,5000,"bu","14:02:18",8448200
8170,20,2000,"bu","14:02:18",8443200
8160,10,1600,"sd","14:02:12",8441200
8160,10,1400,"sd","14:02:12",8439600
8170,20,2000,"bu","14:02:09",8438200
8160,10,400,"sd","14:02:02",8436200
8160,10,500,"bu","14:02:01",8435800
8160,10,500,"bu","14:02:01",8435300
8160,10,400,"bu","14:02:01",8434800
8160,10,2000,"bu","14:01:58",8434400
8160,10,500,"bu","14:01:58",8432400
8160,10,8300,"bu","14:01:58",8431900
8160,10,7400,"bu","14:01:57",8423600
8160,10,1500,"bu","14:01:57",8416200
8160,10,1100,"bu","14:01:57",8414700
8160,10,1000,"bu","14:01:57",8413600
8160,10,6900,"bu","14:01:52",8412600
8160,10,1000,"bu","14:01:52",8405700
8160,10,1900,"bu","14:01:52",8404700
8160,10,100,"bu","14:01:52",8402800
8160,10,300,"bu","14:01:52",8402700
8160,10,3000,"bu","14:01:52",8402400
8160,10,1000,"bu","14:01:51",8399400
8160,10,400,"bu","14:01:51",8398400
8160,10,500,"bu","14:01:51",8398000
8160,10,1500,"bu","14:01:51",8397500
8160,10,13400,"bu","14:01:51",8396000
8160,10,500,"bu","14:01:43",8382600
8150,0,5100,"unknown","14:01:42",8382100
8150,0,300,"unknown","14:01:42",8377000
8150,0,100,"unknown","14:01:42",8376700
8150,0,800,"unknown","14:01:42",8376600
8150,0,3000,"unknown","14:01:42",8375800
8150,0,4000,"unknown","14:01:42",8372800
8150,0,28400,"unknown","14:01:42",8368800
8150,0,1600,"bu","14:01:42",8340400
8150,0,2200,"bu","14:01:42",8338800
8150,0,200,"bu","14:01:42",8336600
8150,0,2900,"bu","14:01:42",8336400
8150,0,100,"bu","14:01:42",8333500
8150,0,1400,"bu","14:01:42",8333400
8150,0,100,"bu","14:01:41",8332000
8150,0,100,"bu","14:01:41",8331900
8150,0,1000,"bu","14:01:41",8331800
8150,0,2400,"bu","14:01:38",8330800
8150,0,100,"bu","14:01:38",8328400
8150,0,1000,"bu","14:01:38",8328300
8150,0,26500,"bu","14:01:38",8327300
8150,0,200,"bu","14:01:38",8300800
8150,0,10000,"bu","14:01:35",8300600
8150,0,500,"bu","14:01:34",8290600
8150,0,2000,"bu","14:01:32",8290100
8150,0,50000,"bu","14:01:30",8288100
8140,-10,4000,"sd","14:01:00",8238100
8150,0,100,"bu","14:00:52",8234100
8150,0,300,"bu","14:00:51",8234000
8150,0,1000,"bu","14:00:44",8233700
8150,0,1000,"bu","14:00:42",8232700
8140,-10,2000,"sd","14:00:39",8231700
8150,0,500,"bu","14:00:38",8229700
8150,0,500,"bu","14:00:36",8229200
8150,0,2500,"bu","14:00:33",8228700
8150,0,5000,"bu","14:00:30",8226200
8150,0,2000,"bu","14:00:29",8221200
8150,0,25000,"bu","14:00:26",8219200
8150,0,22900,"bu","14:00:20",8194200
8150,0,200,"bu","14:00:20",8171300
8150,0,1300,"bu","14:00:20",8171100
8150,0,800,"bu","14:00:20",8169800
8150,0,500,"bu","14:00:20",8169000
8150,0,1000,"bu","14:00:20",8168500
8150,0,500,"bu","14:00:20",8167500
8150,0,10000,"bu","14:00:20",8167000
8150,0,50000,"bu","14:00:20",8157000
8150,0,800,"bu","14:00:20",8107000
8150,0,10000,"bu","14:00:20",8106200
8150,0,1000,"bu","14:00:20",8096200
8150,0,400,"bu","14:00:20",8095200
8150,0,600,"bu","14:00:20",8094800
8150,0,100,"bu","14:00:15",8094200
8150,0,300,"bu","14:00:14",8094100
8150,0,300,"bu","14:00:14",8093800
8150,0,1400,"bu","14:00:14",8093500
8150,0,4600,"bu","14:00:14",8092100
8150,0,400,"bu","14:00:14",8087500
8150,0,100,"bu","14:00:08",8087100
8150,0,1900,"bu","14:00:08",8087000
8140,-10,200,"sd","14:00:07",8085100
8140,-10,2000,"sd","13:59:53",8084900
8140,-10,200,"sd","13:59:53",8082900
8140,-10,3800,"sd","13:59:31",8082700
8150,0,1000,"bu","13:59:29",8078900
8140,-10,200,"sd","13:59:27",8077900
8140,-10,400,"sd","13:59:08",8077700
8140,-10,600,"sd","13:59:07",8077300
8140,-10,11300,"sd","13:58:54",8076700
8140,-10,500,"bu","13:58:43",8065400
8140,-10,900,"bu","13:58:43",8064900
8140,-10,100,"bu","13:58:43",8064000
8140,-10,11400,"bu","13:58:43",8063900
8140,-10,1000,"bu","13:58:43",8052500
8140,-10,600,"bu","13:58:43",8051500
8140,-10,100,"bu","13:58:43",8050900
8140,-10,2000,"bu","13:58:43",8050800
8140,-10,3100,"bu","13:58:43",8048800
8140,-10,2500,"bu","13:58:43",8045700
8140,-10,200,"bu","13:58:43",8043200
8140,-10,2000,"bu","13:58:43",8043000
8140,-10,1100,"bu","13:58:43",8041000
8140,-10,16000,"bu","13:58:43",8039900
8140,-10,800,"bu","13:58:43",8023900
8140,-10,1000,"bu","13:58:43",8023100
8140,-10,1000,"bu","13:58:38",8022100
8140,-10,2000,"bu","13:58:37",8021100
8130,-20,500,"sd","13:58:36",8019100
8140,-10,500,"bu","13:58:32",8018600
8140,-10,100,"bu","13:58:29",8018100
8140,-10,3200,"bu","13:58:29",8018000
8140,-10,16700,"bu","13:58:27",8014800
8140,-10,2600,"bu","13:58:27",7998100
8140,-10,2000,"bu","13:58:23",7995500
8140,-10,5400,"bu","13:58:20",7993500
8140,-10,500,"bu","13:58:19",7988100
8140,-10,2000,"bu","13:58:12",7987600
8130,-20,1500,"sd","13:58:07",7985600
8130,-20,200,"sd","13:58:07",7984100
8130,-20,100,"sd","13:58:07",7983900
8130,-20,500,"sd","13:58:07",7983800
8130,-20,1000,"sd","13:58:07",7983300
8130,-20,5100,"sd","13:58:07",7982300
8130,-20,100,"sd","13:58:07",7977200
8130,-20,1000,"sd","13:58:07",7977100
8130,-20,5000,"sd","13:58:07",7976100
8130,-20,200,"sd","13:58:07",7971100
8130,-20,1000,"sd","13:58:07",7970900
8130,-20,1000,"sd","13:58:07",7969900
8130,-20,1900,"sd","13:58:07",7968900
8130,-20,100,"sd","13:58:07",7967000
8130,-20,200,"sd","13:58:07",7966900
8130,-20,100,"sd","13:58:07",7966700
8130,-20,200,"sd","13:58:07",7966600
8130,-20,300,"sd","13:58:07",7966400
8130,-20,500,"sd","13:58:07",7966100
8140,-10,1000,"bu","13:58:02",7965600
8130,-20,100,"sd","13:58:01",7964600
8140,-10,500,"bu","13:57:48",7964500
8130,-20,2900,"sd","13:57:48",7964000
8130,-20,2000,"sd","13:57:39",7961100
8140,-10,1000,"bu","13:57:28",7959100
8140,-10,300,"bu","13:57:22",7958100
8130,-20,8800,"sd","13:57:15",7957800
8140,-10,1000,"bu","13:57:09",7949000
8130,-20,5000,"sd","13:57:03",7948000
8130,-20,1600,"sd","13:57:03",7943000
8140,-10,200,"bu","13:56:56",7941400
8140,-10,100,"bu","13:56:53",7941200
8140,-10,2000,"bu","13:56:53",7941100
8140,-10,100,"bu","13:56:45",7939100
8130,-20,600,"sd","13:56:44",7939000
8140,-10,1000,"bu","13:56:44",7938400
8140,-10,500,"bu","13:56:20",7937400
8140,-10,100,"bu","13:56:20",7936900
8140,-10,300,"bu","13:56:20",7936800
8140,-10,200,"bu","13:56:20",7936500
8140,-10,4500,"bu","13:56:20",7936300
8140,-10,100,"bu","13:56:20",7931800
8140,-10,300,"bu","13:56:18",7931700
8140,-10,10900,"bu","13:56:18",7931400
8130,-20,200,"sd","13:56:18",7920500
8140,-10,2000,"bu","13:56:09",7920300
8130,-20,10000,"sd","13:56:06",7918300
8140,-10,100,"bu","13:55:54",7908300
8140,-10,1000,"bu","13:55:53",7908200
8140,-10,2000,"bu","13:55:52",7907200
8140,-10,5000,"bu","13:55:49",7905200
8140,-10,700,"bu","13:55:43",7900200
8140,-10,1000,"bu","13:55:41",7899500
8140,-10,3000,"bu","13:55:37",7898500
8140,-10,500,"sd","13:55:36",7895500
8140,-10,1500,"sd","13:55:36",7895000
8140,-10,2000,"sd","13:55:36",7893500
8140,-10,1000,"sd","13:55:36",7891500
8140,-10,1000,"sd","13:55:36",7890500
8140,-10,2000,"sd","13:55:36",7889500
8140,-10,1000,"sd","13:55:36",7887500
8140,-10,2000,"sd","13:55:36",7886500
8140,-10,13300,"sd","13:55:36",7884500
8140,-10,200,"sd","13:55:25",7871200
8140,-10,1000,"sd","13:55:25",7871000
8140,-10,4800,"sd","13:55:25",7870000
8150,0,3000,"bu","13:55:24",7865200
8140,-10,600,"sd","13:55:22",7862200
8140,-10,300,"sd","13:55:22",7861600
8140,-10,400,"sd","13:55:22",7861300
8140,-10,1000,"sd","13:55:22",7860900
8140,-10,1700,"sd","13:55:22",7859900
8140,-10,100,"sd","13:55:18",7858200
8150,0,3000,"bu","13:55:16",7858100
8140,-10,300,"sd","13:55:13",7855100
8140,-10,4000,"sd","13:54:59",7854800
8140,-10,500,"sd","13:54:59",7850800
8140,-10,700,"sd","13:54:59",7850300
8140,-10,300,"sd","13:54:48",7849600
8140,-10,2000,"sd","13:54:48",7849300
8140,-10,700,"sd","13:54:48",7847300
8140,-10,100,"sd","13:54:48",7846600
8140,-10,900,"sd","13:54:48",7846500
8140,-10,200,"sd","13:54:38",7845600
8140,-10,400,"sd","13:54:35",7845400
8140,-10,1500,"sd","13:54:30",7845000
8140,-10,100,"sd","13:54:30",7843500
8140,-10,700,"sd","13:54:29",7843400
8140,-10,3000,"sd","13:54:29",7842700
8140,-10,200,"sd","13:53:59",7839700
8140,-10,100,"sd","13:53:59",7839500
8140,-10,900,"sd","13:53:59",7839400
8140,-10,100,"sd","13:53:37",7838500
8140,-10,1000,"sd","13:53:32",7838400
8140,-10,1200,"bu","13:53:31",7837400
8140,-10,400,"sd","13:53:26",7836200
8140,-10,400,"sd","13:53:26",7835800
8140,-10,100,"bu","13:53:23",7835400
8140,-10,500,"bu","13:53:23",7835300
8140,-10,400,"sd","13:53:17",7834800
8140,-10,100,"sd","13:53:17",7834400
8140,-10,1500,"bu","13:53:13",7834300
8140,-10,4500,"bu","13:53:13",7832800
8140,-10,3000,"bu","13:53:13",7828300
8140,-10,500,"bu","13:53:13",7825300
8140,-10,400,"bu","13:53:13",7824800
8140,-10,500,"bu","13:53:04",7824400
8140,-10,3000,"bu","13:52:59",7823900
8140,-10,2000,"bu","13:52:57",7820900
8140,-10,100,"bu","13:52:46",7818900
8140,-10,600,"bu","13:52:46",7818800
8140,-10,500,"bu","13:52:43",7818200
8140,-10,500,"bu","13:52:43",7817700
8130,-20,1000,"sd","13:52:41",7817200
8140,-10,500,"bu","13:52:30",7816200
8140,-10,500,"sd","13:52:28",7815700
8140,-10,300,"sd","13:52:28",7815200
8140,-10,300,"sd","13:52:28",7814900
8140,-10,200,"sd","13:52:26",7814600
8140,-10,600,"sd","13:52:25",7814400
8140,-10,100,"sd","13:52:25",7813800
8140,-10,500,"sd","13:52:25",7813700
8140,-10,500,"sd","13:52:09",7813200
8140,-10,1100,"sd","13:52:09",7812700
8140,-10,100,"sd","13:52:04",7811600
8140,-10,1400,"sd","13:52:04",7811500
8140,-10,400,"sd","13:52:04",7810100
8140,-10,100,"sd","13:52:04",7809700
8140,-10,1000,"sd","13:52:03",7809600
8140,-10,300,"sd","13:51:56",7808600
8140,-10,500,"sd","13:51:48",7808300
8140,-10,1800,"sd","13:51:40",7807800
8140,-10,200,"sd","13:51:40",7806000
8140,-10,800,"sd","13:51:37",7805800
8140,-10,200,"sd","13:51:37",7805000
8140,-10,800,"sd","13:51:28",7804800
8140,-10,1000,"sd","13:51:28",7804000
8140,-10,1000,"sd","13:51:28",7803000
8140,-10,500,"sd","13:51:26",7802000
8140,-10,500,"sd","13:51:26",7801500
8140,-10,1500,"sd","13:51:23",7801000
8140,-10,400,"sd","13:51:23",7799500
8140,-10,100,"sd","13:51:23",7799100
8140,-10,100,"sd","13:51:23",7799000
8140,-10,1000,"sd","13:51:23",7798900
8140,-10,100,"sd","13:51:23",7797900
8140,-10,200,"sd","13:51:23",7797800
8140,-10,500,"sd","13:51:23",7797600
8140,-10,100,"sd","13:51:23",7797100
8140,-10,2900,"sd","13:51:19",7797000
8140,-10,1200,"sd","13:51:00",7794100
8140,-10,4000,"sd","13:50:56",7792900
8140,-10,1000,"sd","13:50:56",7788900
8140,-10,500,"sd","13:50:56",7787900
8140,-10,200,"sd","13:50:56",7787400
8140,-10,500,"sd","13:50:56",7787200
8140,-10,300,"sd","13:50:51",7786700
8140,-10,500,"sd","13:50:51",7786400
8140,-10,200,"sd","13:50:51",7785900
8140,-10,1600,"sd","13:50:51",7785700
8140,-10,100,"sd","13:50:51",7784100
8140,-10,3300,"sd","13:50:51",7784000
8140,-10,800,"sd","13:50:44",7780700
8140,-10,6700,"sd","13:50:44",7779900
8140,-10,13300,"sd","13:50:44",7773200
8140,-10,200,"sd","13:50:40",7759900
8140,-10,1000,"sd","13:50:31",7759700
8150,0,1000,"bu","13:50:31",7758700
8140,-10,5000,"sd","13:50:30",7757700
8140,-10,200,"sd","13:50:29",7752700
8140,-10,100,"sd","13:50:24",7752500
8140,-10,1000,"sd","13:50:24",7752400
8140,-10,200,"sd","13:50:24",7751400
8140,-10,9500,"sd","13:50:24",7751200
8150,0,100,"bu","13:50:19",7741700
8140,-10,800,"sd","13:50:16",7741600
8140,-10,2000,"sd","13:50:16",7740800
8140,-10,200,"sd","13:50:16",7738800
8150,0,8000,"bu","13:50:14",7738600
8140,-10,100,"sd","13:50:10",7730600
8140,-10,100,"sd","13:50:05",7730500
8150,0,100,"bu","13:50:03",7730400
8140,-10,500,"sd","13:50:01",7730300
8140,-10,100,"sd","13:49:55",7729800
8150,0,100,"bu","13:49:45",7729700
8140,-10,400,"sd","13:49:37",7729600
8140,-10,1000,"sd","13:49:37",7729200
8140,-10,1500,"sd","13:49:37",7728200
8150,0,10000,"bu","13:49:35",7726700
8150,0,500,"bu","13:49:16",7716700
8150,0,2900,"bu","13:49:05",7716200
8140,-10,7100,"bu","13:49:05",7713300
8140,-10,1000,"bu","13:49:04",7706200
8140,-10,500,"bu","13:49:02",7705200
8140,-10,5000,"bu","13:49:00",7704700
8140,-10,2000,"sd","13:48:59",7699700
8140,-10,100,"sd","13:48:59",7697700
8140,-10,100,"sd","13:48:59",7697600
8140,-10,2000,"sd","13:48:59",7697500
8140,-10,400,"sd","13:48:59",7695500
8140,-10,200,"sd","13:48:59",7695100
8140,-10,100,"sd","13:48:59",7694900
8140,-10,1000,"sd","13:48:59",7694800
8140,-10,500,"sd","13:48:59",7693800
8140,-10,1000,"sd","13:48:59",7693300
8140,-10,900,"sd","13:48:59",7692300
8140,-10,100,"sd","13:48:59",7691400
8140,-10,3000,"sd","13:48:59",7691300
8140,-10,5000,"sd","13:48:59",7688300
8140,-10,2200,"sd","13:48:59",7683300
8140,-10,100,"sd","13:48:59",7681100
8140,-10,5000,"sd","13:48:59",7681000
8140,-10,100,"sd","13:48:59",7676000
8140,-10,4000,"sd","13:48:59",7675900
8140,-10,500,"sd","13:48:59",7671900
8140,-10,100,"sd","13:48:59",7671400
8140,-10,500,"sd","13:48:59",7671300
8150,0,2000,"bu","13:48:56",7670800
8140,-10,100,"sd","13:48:51",7668800
8150,0,100,"bu","13:48:49",7668700
8140,-10,1000,"sd","13:48:48",7668600
8140,-10,2000,"sd","13:48:48",7667600
8140,-10,1000,"sd","13:48:48",7665600
8140,-10,1000,"sd","13:48:48",7664600
8140,-10,1000,"sd","13:48:48",7663600
8140,-10,7800,"sd","13:48:48",7662600
8140,-10,3700,"sd","13:48:48",7654800
8140,-10,500,"sd","13:48:48",7651100
8140,-10,2000,"sd","13:48:48",7650600
8150,0,5000,"bu","13:48:41",7648600
8150,0,200,"bu","13:48:40",7643600
8150,0,1300,"bu","13:48:33",7643400
8150,0,2000,"bu","13:48:32",7642100
8150,0,8400,"bu","13:48:27",7640100
8150,0,1600,"bu","13:48:27",7631700
8150,0,1500,"bu","13:48:23",7630100
8150,0,500,"bu","13:48:23",7628600
8150,0,2500,"bu","13:48:23",7628100
8150,0,3000,"bu","13:48:23",7625600
8150,0,2400,"bu","13:48:23",7622600
8150,0,100,"bu","13:48:23",7620200
8140,-10,700,"sd","13:48:21",7620100
8150,0,500,"bu","13:48:12",7619400
8150,0,500,"bu","13:48:12",7618900
8150,0,3000,"bu","13:48:07",7618400
8150,0,100,"bu","13:48:06",7615400
8150,0,100,"bu","13:48:01",7615300
8150,0,400,"bu","13:47:43",7615200
8140,-10,100,"sd","13:47:33",7614800
8140,-10,300,"sd","13:47:28",7614700
8140,-10,100,"sd","13:47:24",7614400
8150,0,500,"bu","13:47:21",7614300
8140,-10,1000,"bu","13:47:20",7613800
8140,-10,100,"bu","13:47:19",7612800
8140,-10,1400,"bu","13:47:19",7612700
8140,-10,1100,"bu","13:47:19",7611300
8140,-10,1000,"bu","13:47:16",7610200
8140,-10,500,"bu","13:47:15",7609200
8140,-10,500,"bu","13:47:14",7608700
8140,-10,400,"bu","13:47:14",7608200
8140,-10,100,"bu","13:47:13",7607800
8140,-10,100,"bu","13:47:09",7607700
8140,-10,500,"bu","13:47:05",7607600
8140,-10,1000,"bu","13:47:04",7607100
8140,-10,500,"bu","13:47:03",7606100
8140,-10,500,"bu","13:46:58",7605600
8140,-10,500,"bu","13:46:56",7605100
8140,-10,10000,"sd","13:46:54",7604600
8140,-10,1000,"sd","13:46:54",7594600
8140,-10,400,"sd","13:46:54",7593600
8140,-10,4000,"bu","13:46:44",7593200
8140,-10,4000,"bu","13:46:44",7589200
8130,-20,12700,"sd","13:46:43",7585200
8130,-20,100,"sd","13:46:43",7572500
8130,-20,100,"sd","13:46:43",7572400
8130,-20,100,"sd","13:46:43",7572300
8130,-20,500,"sd","13:46:43",7572200
8130,-20,10000,"sd","13:46:43",7571700
8130,-20,26400,"sd","13:46:43",7561700
8140,-10,100,"sd","13:46:42",7535300
8140,-10,500,"bu","13:46:42",7535200
8140,-10,5000,"bu","13:46:38",7534700
8140,-10,3800,"sd","13:46:37",7529700
8140,-10,100,"sd","13:46:37",7525900
8140,-10,3000,"sd","13:46:37",7525800
8140,-10,5000,"sd","13:46:37",7522800
8140,-10,300,"sd","13:46:37",7517800
8140,-10,2200,"sd","13:46:37",7517500
8140,-10,1000,"sd","13:46:37",7515300
8140,-10,500,"sd","13:46:37",7514300
8140,-10,1000,"sd","13:46:37",7513800
8140,-10,5000,"sd","13:46:37",7512800
8140,-10,100,"sd","13:46:37",7507800
8140,-10,1600,"sd","13:46:37",7507700
8140,-10,500,"sd","13:46:37",7506100
8140,-10,6000,"sd","13:46:37",7505600
8140,-10,1000,"sd","13:46:37",7499600
8140,-10,500,"sd","13:46:37",7498600
8140,-10,5200,"sd","13:46:37",7498100
8140,-10,500,"sd","13:46:37",7492900
8140,-10,2000,"sd","13:46:37",7492400
8140,-10,100,"sd","13:46:37",7490400
8140,-10,1000,"sd","13:46:37",7490300
8140,-10,500,"sd","13:46:37",7489300
8140,-10,1000,"sd","13:46:37",7488800
8140,-10,800,"sd","13:46:37",7487800
8140,-10,200,"sd","13:46:37",7487000
8140,-10,1000,"sd","13:46:37",7486800
8140,-10,300,"sd","13:46:37",7485800
8140,-10,1500,"sd","13:46:37",7485500
8140,-10,2000,"sd","13:46:37",7484000
8140,-10,600,"sd","13:46:37",7482000
8140,-10,1200,"sd","13:46:37",7481400
8140,-10,600,"sd","13:46:29",7480200
8140,-10,1300,"sd","13:46:29",7479600
8140,-10,1000,"sd","13:46:29",7478300
8140,-10,1000,"sd","13:46:29",7477300
8140,-10,1700,"sd","13:46:29",7476300
8140,-10,300,"sd","13:46:29",7474600
8150,0,800,"bu","13:46:19",7474300
8140,-10,1700,"sd","13:46:17",7473500
8140,-10,700,"sd","13:46:17",7471800
8140,-10,2600,"sd","13:46:17",7471100
8140,-10,900,"sd","13:45:55",7468500
8140,-10,1500,"sd","13:45:48",7467600
8140,-10,700,"sd","13:45:48",7466100
8140,-10,4600,"sd","13:45:48",7465400
8140,-10,400,"sd","13:45:44",7460800
8140,-10,700,"sd","13:45:44",7460400
8140,-10,1300,"sd","13:45:40",7459700
8140,-10,1200,"sd","13:45:40",7458400
8140,-10,800,"sd","13:45:29",7457200
8140,-10,300,"sd","13:45:27",7456400
8140,-10,200,"sd","13:45:19",7456100
8140,-10,500,"sd","13:45:10",7455900
8140,-10,500,"sd","13:45:10",7455400
8140,-10,1000,"sd","13:45:10",7454900
8140,-10,2100,"sd","13:45:10",7453900
8140,-10,100,"sd","13:45:10",7451800
8140,-10,1000,"sd","13:45:10",7451700
8140,-10,500,"sd","13:45:10",7450700
8140,-10,13000,"sd","13:45:10",7450200
8140,-10,4300,"sd","13:45:10",7437200
8140,-10,5000,"sd","13:45:01",7432900
8150,0,100,"bu","13:44:59",7427900
8140,-10,700,"bu","13:44:55",7427800
8140,-10,500,"bu","13:44:53",7427100
8140,-10,100,"bu","13:44:53",7426600
8140,-10,400,"bu","13:44:53",7426500
8140,-10,2000,"bu","13:44:53",7426100
8140,-10,3000,"bu","13:44:53",7424100
8140,-10,1000,"bu","13:44:53",7421100
8140,-10,700,"bu","13:44:53",7420100
8140,-10,100,"sd","13:44:46",7419400
8140,-10,500,"sd","13:44:46",7419300
8140,-10,500,"sd","13:44:46",7418800
8140,-10,6000,"sd","13:44:46",7418300
8140,-10,1000,"sd","13:44:46",7412300
8140,-10,200,"sd","13:44:46",7411300
8140,-10,6000,"sd","13:44:46",7411100
8140,-10,900,"sd","13:44:46",7405100
8150,0,100,"bu","13:44:43",7404200
8150,0,100,"bu","13:44:43",7404100
8140,-10,4100,"sd","13:44:39",7404000
8140,-10,600,"sd","13:44:39",7399900
8140,-10,1300,"sd","13:44:39",7399300
8140,-10,700,"sd","13:44:35",7398000
8140,-10,100,"sd","13:44:35",7397300
8140,-10,100,"sd","13:44:35",7397200
8140,-10,500,"sd","13:44:35",7397100
8140,-10,100,"sd","13:44:35",7396600
8140,-10,500,"sd","13:44:35",7396500
8140,-10,700,"sd","13:44:35",7396000
8150,0,7800,"bu","13:44:35",7395300
8150,0,2200,"bu","13:44:35",7387500
8150,0,5000,"bu","13:44:31",7385300
8140,-10,3000,"sd","13:44:28",7380300
8140,-10,500,"sd","13:44:23",7377300
8140,-10,300,"sd","13:44:23",7376800
8140,-10,2000,"sd","13:44:10",7376500
8140,-10,1900,"sd","13:43:58",7374500
8140,-10,1000,"sd","13:43:55",7372600
8140,-10,200,"sd","13:43:55",7371600
8140,-10,100,"sd","13:43:55",7371400
8140,-10,100,"sd","13:43:55",7371300
8140,-10,100,"sd","13:43:55",7371200
8140,-10,3500,"sd","13:43:55",7371100
8140,-10,5000,"sd","13:43:55",7367600
8140,-10,300,"bu","13:43:46",7362600
8140,-10,200,"bu","13:43:43",7362300
8140,-10,400,"bu","13:43:43",7362100
8140,-10,2000,"bu","13:43:43",7361700
8140,-10,17400,"bu","13:43:43",7359700
8140,-10,3000,"bu","13:43:35",7342300
8140,-10,4200,"bu","13:43:35",7339300
8140,-10,5000,"bu","13:43:33",7335100
8140,-10,100,"bu","13:43:31",7330100
8140,-10,600,"bu","13:43:28",7330000
8140,-10,3000,"bu","13:43:28",7329400
8140,-10,1000,"bu","13:43:28",7326400
8140,-10,100,"bu","13:43:28",7325400
8140,-10,100,"bu","13:43:14",7325300
8140,-10,10000,"bu","13:43:13",7325200
8140,-10,1000,"bu","13:43:11",7315200
8140,-10,100,"bu","13:43:09",7314200
8140,-10,2000,"bu","13:43:09",7314100
8140,-10,1500,"bu","13:43:09",7312100
8140,-10,2900,"bu","13:43:09",7310600
8140,-10,1000,"bu","13:43:08",7307700
8140,-10,900,"bu","13:43:07",7306700
8140,-10,500,"bu","13:43:06",7305800
8140,-10,1000,"bu","13:43:05",7305300
8140,-10,1600,"bu","13:43:00",7304300
8140,-10,1000,"bu","13:42:59",7302700
8140,-10,100,"bu","13:42:59",7301700
8140,-10,1000,"sd","13:42:58",7301600
8140,-10,500,"sd","13:42:58",7300600
8150,0,1000,"bu","13:42:55",7300100
8140,-10,400,"bu","13:42:53",7299100
8130,-20,3600,"sd","13:42:52",7298700
8130,-20,200,"sd","13:42:52",7295100
8130,-20,400,"sd","13:42:52",7294900
8130,-20,1000,"sd","13:42:52",7294500
8130,-20,300,"sd","13:42:52",7293500
8130,-20,100,"sd","13:42:52",7293200
8130,-20,100,"sd","13:42:52",7293100
8130,-20,300,"sd","13:42:52",7293000
8130,-20,3000,"sd","13:42:52",7292700
8130,-20,1000,"sd","13:42:52",7289700
8130,-20,500,"sd","13:42:52",7288700
8130,-20,300,"sd","13:42:52",7288200
8130,-20,500,"sd","13:42:52",7287900
8130,-20,38100,"sd","13:42:52",7287400
8130,-20,1800,"sd","13:42:52",7249300
8140,-10,1600,"bu","13:42:50",7247500
8140,-10,300,"bu","13:42:50",7245900
8140,-10,28100,"bu","13:42:50",7245600
8140,-10,3000,"bu","13:42:46",7217500
8140,-10,500,"bu","13:42:33",7214500
8140,-10,900,"bu","13:42:30",7214000
8140,-10,2000,"bu","13:42:29",7213100
8140,-10,2000,"sd","13:42:26",7211100
8140,-10,200,"sd","13:42:26",7209100
8140,-10,700,"sd","13:42:26",7208900
8140,-10,2000,"sd","13:42:26",7208200
8140,-10,3000,"unknown","13:42:16",7206200
8150,0,21500,"bu","13:42:15",7203200
8140,-10,38500,"bu","13:42:15",7181700
8140,-10,100,"bu","13:42:14",7143200
8140,-10,2000,"sd","13:42:11",7143100
8140,-10,5000,"sd","13:42:11",7141100
8140,-10,5200,"sd","13:42:11",7136100
8140,-10,200,"sd","13:42:11",7130900
8140,-10,100,"sd","13:42:11",7130700
8140,-10,200,"sd","13:42:11",7130600
8140,-10,1600,"sd","13:42:11",7130400
8140,-10,100,"sd","13:42:11",7128800
8140,-10,3000,"sd","13:42:11",7128700
8140,-10,1000,"sd","13:42:11",7125700
8140,-10,500,"sd","13:42:11",7124700
8140,-10,1000,"sd","13:42:11",7124200
8140,-10,500,"sd","13:42:11",7123200
8140,-10,500,"sd","13:42:09",7122700
8140,-10,900,"sd","13:42:09",7122200
8140,-10,1000,"sd","13:42:09",7121300
8140,-10,200,"sd","13:42:09",7120300
8140,-10,17900,"sd","13:42:09",7120100
8140,-10,1000,"sd","13:42:02",7102200
8150,0,300,"bu","13:41:56",7101200
8140,-10,1100,"sd","13:41:55",7100900
8140,-10,900,"sd","13:41:55",7099800
8140,-10,100,"sd","13:41:50",7098900
8140,-10,600,"sd","13:41:50",7098800
8140,-10,700,"sd","13:41:41",7098200
8150,0,500,"bu","13:41:38",7097500
8140,-10,700,"sd","13:41:33",7097000
8140,-10,5000,"sd","13:41:32",7096300
8140,-10,18000,"sd","13:41:32",7091300
8140,-10,800,"sd","13:41:32",7073300
8140,-10,1000,"sd","13:41:32",7072500
8140,-10,2000,"sd","13:41:32",7071500
8140,-10,1000,"sd","13:41:32",7069500
8140,-10,100,"sd","13:41:32",7068500
8140,-10,3000,"sd","13:41:32",7068400
8140,-10,2000,"sd","13:41:32",7065400
8140,-10,100,"sd","13:41:32",7063400
8140,-10,500,"sd","13:41:32",7063300
8150,0,1000,"bu","13:41:30",7062800
8140,-10,400,"sd","13:41:26",7061800
8150,0,3000,"bu","13:41:21",7061400
8140,-10,500,"sd","13:41:10",7058400
8140,-10,3300,"sd","13:41:08",7057900
8140,-10,600,"sd","13:41:08",7054600
8140,-10,2500,"sd","13:41:08",7054000
8140,-10,1000,"sd","13:41:08",7051500
8140,-10,100,"sd","13:41:08",7050500
8140,-10,3500,"sd","13:41:08",7050400
8140,-10,400,"sd","13:41:03",7046900
8140,-10,1200,"sd","13:41:00",7046500
8150,0,3000,"bu","13:40:59",7045300
8140,-10,7000,"sd","13:40:53",7042300
8150,0,3000,"bu","13:40:44",7035300
8140,-10,4000,"sd","13:40:43",7032300
8140,-10,4000,"sd","13:40:42",7028300
8140,-10,1000,"sd","13:40:42",7024300
8140,-10,1000,"sd","13:40:42",7023300
8150,0,500,"bu","13:40:35",7022300
8150,0,1000,"bu","13:40:25",7021800
8140,-10,2000,"sd","13:40:23",7020800
8140,-10,200,"sd","13:40:15",7018800
8140,-10,800,"sd","13:40:13",7018600
8140,-10,1200,"sd","13:40:13",7017800
8140,-10,1000,"sd","13:40:12",7016600
8140,-10,1000,"sd","13:40:12",7015600
8140,-10,12000,"sd","13:40:12",7014600
8140,-10,200,"sd","13:40:12",7002600
8140,-10,100,"sd","13:40:12",7002400
8140,-10,500,"sd","13:40:12",7002300
8140,-10,700,"sd","13:40:12",7001800
8140,-10,3000,"sd","13:40:12",7001100
8140,-10,2000,"sd","13:40:12",6998100
8140,-10,1000,"sd","13:40:12",6996100
8140,-10,500,"sd","13:40:12",6995100
8140,-10,3000,"sd","13:40:12",6994600
8140,-10,1000,"sd","13:40:12",6991600
8140,-10,1000,"sd","13:40:12",6990600
8140,-10,5600,"sd","13:40:12",6989600
8140,-10,100,"sd","13:40:12",6984000
8140,-10,1000,"sd","13:40:12",6983900
8140,-10,100,"sd","13:40:12",6982900
8140,-10,900,"sd","13:40:12",6982800
8140,-10,10000,"sd","13:40:12",6981900
8140,-10,100,"sd","13:40:12",6971900
8140,-10,5000,"sd","13:40:12",6971800
8140,-10,800,"sd","13:40:12",6966800
8140,-10,100,"sd","13:40:12",6966000
8140,-10,12800,"sd","13:40:12",6965900
8140,-10,1000,"sd","13:40:10",6953100
8140,-10,500,"sd","13:40:06",6952100
8140,-10,5700,"sd","13:39:56",6951600
8140,-10,1000,"sd","13:39:56",6945900
8140,-10,100,"sd","13:39:56",6944900
8140,-10,800,"sd","13:39:56",6944800
8150,0,100,"bu","13:39:49",6944000
8140,-10,5000,"sd","13:39:47",6943900
8140,-10,100,"sd","13:39:44",6938900
8150,0,100,"bu","13:39:31",6938800
8150,0,300,"bu","13:39:08",6938700
8140,-10,100,"sd","13:38:47",6938400
8140,-10,200,"sd","13:38:47",6938300
8140,-10,300,"bu","13:38:42",6938100
8140,-10,100,"bu","13:38:41",6937800
8140,-10,100,"bu","13:38:41",6937700
8140,-10,200,"bu","13:38:41",6937600
8140,-10,700,"bu","13:38:41",6937400
8140,-10,100,"bu","13:38:38",6936700
8140,-10,1000,"bu","13:38:36",6936600
8140,-10,2000,"sd","13:38:35",6935600
8140,-10,1000,"sd","13:38:35",6933600
8140,-10,200,"sd","13:38:35",6932600
8140,-10,300,"sd","13:38:33",6932400
8140,-10,100,"sd","13:38:33",6932100
8140,-10,100,"sd","13:38:33",6932000
8140,-10,1000,"sd","13:38:33",6931900
8140,-10,1500,"sd","13:38:33",6930900
8140,-10,500,"sd","13:38:26",6929400
8140,-10,500,"sd","13:38:26",6928900
8150,0,1000,"bu","13:38:25",6928400
8140,-10,1500,"sd","13:38:22",6927400
8140,-10,800,"sd","13:38:22",6925900
8140,-10,7700,"sd","13:38:22",6925100
8140,-10,100,"sd","13:38:16",6917400
8140,-10,1300,"sd","13:38:15",6917300
8140,-10,900,"sd","13:38:10",6916000
8140,-10,500,"sd","13:38:10",6915100
8140,-10,600,"sd","13:38:10",6914600
8140,-10,300,"sd","13:38:03",6914000
8140,-10,200,"sd","13:38:03",6913700
8150,0,5000,"bu","13:38:01",6913500
8140,-10,300,"sd","13:38:00",6908500
8140,-10,200,"sd","13:38:00",6908200
8140,-10,100,"sd","13:38:00",6908000
8140,-10,1000,"sd","13:38:00",6907900
8140,-10,2000,"sd","13:38:00",6906900
8140,-10,300,"sd","13:38:00",6904900
8140,-10,3000,"sd","13:38:00",6904600
8140,-10,2500,"sd","13:38:00",6901600
8140,-10,1800,"sd","13:38:00",6899100
8140,-10,100,"sd","13:38:00",6897300
8140,-10,500,"sd","13:38:00",6897200
8140,-10,500,"sd","13:38:00",6896700
8140,-10,100,"sd","13:38:00",6896200
8140,-10,4100,"sd","13:38:00",6896100
8140,-10,1000,"sd","13:38:00",6892000
8140,-10,200,"sd","13:38:00",6891000
8140,-10,200,"sd","13:38:00",6890800
8140,-10,1100,"sd","13:38:00",6890600
8140,-10,1000,"sd","13:38:00",6889500
8140,-10,900,"sd","13:37:59",6888500
8140,-10,100,"sd","13:37:59",6887600
8150,0,1000,"bu","13:37:50",6887500
8140,-10,300,"sd","13:37:48",6886500
8140,-10,600,"sd","13:37:39",6886200
8140,-10,1700,"sd","13:37:39",6885600
8140,-10,500,"sd","13:37:39",6883900
8140,-10,1000,"sd","13:37:37",6883400
8140,-10,5000,"sd","13:37:35",6882400
8140,-10,1000,"sd","13:37:35",6877400
8140,-10,800,"sd","13:37:31",6876400
8140,-10,2000,"sd","13:37:31",6875600
8140,-10,4000,"sd","13:37:31",6873600
8140,-10,500,"sd","13:37:31",6869600
8140,-10,1000,"sd","13:37:31",6869100
8140,-10,2000,"sd","13:37:31",6868100
8140,-10,2700,"sd","13:37:31",6866100
8140,-10,2300,"sd","13:37:29",6863400
8140,-10,1000,"sd","13:37:29",6861100
8140,-10,100,"sd","13:37:29",6860100
8140,-10,500,"sd","13:37:29",6860000
8140,-10,1000,"sd","13:37:29",6859500
8140,-10,100,"sd","13:37:29",6858500
8140,-10,200,"sd","13:37:29",6858400
8140,-10,100,"sd","13:37:29",6858200
8140,-10,1000,"sd","13:37:29",6858100
8140,-10,200,"sd","13:37:29",6857100
8140,-10,100,"sd","13:37:29",6856900
8140,-10,900,"sd","13:37:29",6856800
8150,0,500,"bu","13:37:28",6855900
8150,0,4500,"bu","13:37:28",6855400
8140,-10,2800,"sd","13:37:24",6850900
8140,-10,1000,"sd","13:37:16",6848100
8140,-10,9000,"sd","13:37:14",6847100
8140,-10,500,"sd","13:37:14",6838100
8140,-10,300,"sd","13:37:14",6837600
8140,-10,200,"sd","13:37:14",6837300
8150,0,100,"sd","13:36:54",6837100
8150,0,5000,"sd","13:36:54",6837000
8150,0,500,"sd","13:36:54",6832000
8150,0,300,"sd","13:36:54",6831500
8150,0,300,"sd","13:36:54",6831200
8150,0,100,"sd","13:36:54",6830900
8150,0,1200,"sd","13:36:54",6830800
8150,0,6000,"sd","13:36:51",6829600
8150,0,10000,"sd","13:36:47",6823600
8160,10,300,"bu","13:36:44",6813600
8150,0,400,"sd","13:36:42",6813300
8150,0,2100,"sd","13:36:36",6812900
8160,10,100,"bu","13:36:23",6810800
8150,0,10300,"sd","13:36:23",6810700
8150,0,300,"sd","13:36:23",6800400
8150,0,300,"sd","13:36:23",6800100
8150,0,500,"sd","13:36:23",6799800
8150,0,200,"sd","13:36:23",6799300
8150,0,20000,"sd","13:36:23",6799100
8150,0,5000,"sd","13:36:23",6779100
8150,0,200,"sd","13:36:23",6774100
8150,0,1000,"sd","13:36:23",6773900
8150,0,1000,"sd","13:36:23",6772900
8150,0,5000,"sd","13:36:23",6771900
8150,0,2000,"sd","13:36:23",6766900
8150,0,1000,"sd","13:36:23",6764900
8150,0,10000,"sd","13:36:23",6763900
8150,0,3000,"sd","13:36:23",6753900
8150,0,1000,"sd","13:36:23",6750900
8150,0,1200,"sd","13:36:23",6749900
8150,0,1000,"sd","13:36:22",6748700
8150,0,2000,"sd","13:36:22",6747700
8150,0,100,"sd","13:36:22",6745700
8150,0,3000,"sd","13:36:22",6745600
8150,0,1000,"sd","13:36:22",6742600
8150,0,100,"sd","13:36:22",6741600
8150,0,500,"sd","13:36:22",6741500
8150,0,100,"sd","13:36:22",6741000
8150,0,5000,"sd","13:36:22",6740900
8150,0,2000,"sd","13:36:22",6735900
8150,0,2000,"sd","13:36:22",6733900
8150,0,2000,"sd","13:36:22",6731900
8150,0,11000,"sd","13:36:22",6729900
8150,0,1000,"sd","13:36:22",6718900
8150,0,5000,"sd","13:36:22",6717900
8150,0,400,"sd","13:36:22",6712900
8150,0,1000,"sd","13:36:22",6712500
8150,0,100,"sd","13:36:22",6711500
8150,0,700,"sd","13:36:22",6711400
8160,10,700,"sd","13:36:20",6710700
8160,10,100,"sd","13:36:17",6710000
8160,10,100,"sd","13:36:14",6709900
8160,10,100,"bu","13:36:08",6709800
8160,10,200,"bu","13:36:08",6709700
8160,10,1000,"sd","13:36:07",6709500
8160,10,1600,"sd","13:36:07",6708500
8160,10,5000,"sd","13:36:07",6706900
8160,10,200,"sd","13:36:07",6701900
8160,10,2000,"sd","13:36:07",6701700
8160,10,4000,"sd","13:36:07",6699700
8160,10,600,"sd","13:36:07",6695700
8160,10,5000,"sd","13:36:07",6695100
8160,10,1000,"sd","13:36:07",6690100
8160,10,6000,"sd","13:36:07",6689100
8160,10,5000,"sd","13:36:07",6683100
8160,10,200,"sd","13:36:07",6678100
8160,10,400,"sd","13:36:02",6677900
8160,10,100,"sd","13:35:51",6677500
8160,10,900,"sd","13:35:51",6677400
8160,10,300,"sd","13:35:49",6676500
8160,10,200,"sd","13:35:44",6676200
8160,10,300,"sd","13:35:30",6676000
8160,10,2400,"sd","13:35:21",6675700
8160,10,1000,"sd","13:35:07",6673300
8160,10,2500,"sd","13:34:51",6672300
8160,10,5000,"bu","13:34:38",6669800
8160,10,7400,"bu","13:34:38",6664800
8160,10,1200,"bu","13:34:32",6657400
8160,10,5000,"bu","13:34:32",6656200
8160,10,1000,"sd","13:34:25",6651200
8160,10,600,"sd","13:34:25",6650200
8160,10,500,"sd","13:34:25",6649600
8160,10,1000,"sd","13:34:25",6649100
8160,10,2000,"sd","13:34:25",6648100
8160,10,200,"sd","13:34:25",6646100
8160,10,800,"sd","13:34:25",6645900
8160,10,100,"sd","13:34:25",6645100
8160,10,200,"sd","13:34:25",6645000
8160,10,2400,"sd","13:34:23",6644800
8160,10,1000,"sd","13:34:21",6642400
8160,10,1400,"sd","13:34:18",6641400
8160,10,4100,"sd","13:34:18",6640000
8160,10,1700,"sd","13:34:17",6635900
8160,10,2000,"sd","13:33:55",6634200
8160,10,200,"sd","13:33:55",6632200
8160,10,1800,"sd","13:33:55",6632000
8160,10,100,"sd","13:33:42",6630200
8160,10,1100,"sd","13:33:30",6630100
8160,10,3000,"sd","13:33:30",6629000
8160,10,2000,"sd","13:33:30",6626000
8160,10,8900,"sd","13:33:30",6624000
8160,10,500,"sd","13:33:29",6615100
8160,10,100,"sd","13:33:20",6614600
8160,10,2000,"sd","13:33:06",6614500
8160,10,3500,"bu","13:32:47",6612500
8160,10,2000,"bu","13:32:43",6609000
8160,10,2000,"bu","13:32:42",6607000
8160,10,18000,"bu","13:32:40",6605000
8160,10,7000,"bu","13:32:40",6587000
8160,10,600,"unknown","13:32:24",6580000
8160,10,1000,"unknown","13:32:24",6579400
8160,10,4700,"unknown","13:32:24",6578400
8160,10,200,"unknown","13:32:24",6573700
8160,10,1000,"unknown","13:32:24",6573500
8160,10,800,"bu","13:32:24",6572500
8160,10,200,"bu","13:32:22",6571700
8160,10,4800,"bu","13:32:22",6571500
8160,10,300,"bu","13:32:14",6566700
8150,0,300,"sd","13:32:01",6566400
8150,0,400,"sd","13:32:01",6566100
8150,0,2500,"sd","13:32:01",6565700
8150,0,6000,"sd","13:32:01",6563200
8150,0,1800,"sd","13:32:01",6557200
8160,10,2000,"bu","13:31:48",6555400
8160,10,900,"bu","13:31:48",6553400
8160,10,100,"bu","13:31:48",6552500
8160,10,400,"bu","13:31:45",6552400
8160,10,1300,"bu","13:31:45",6552000
8160,10,500,"bu","13:31:45",6550700
8160,10,1000,"bu","13:31:45",6550200
8160,10,800,"bu","13:31:45",6549200
8150,0,100,"sd","13:31:40",6548400
8160,10,900,"bu","13:31:38",6548300
8150,0,1100,"sd","13:31:37",6547400
8160,10,300,"bu","13:31:33",6546300
8160,10,200,"bu","13:31:33",6546000
8160,10,1000,"bu","13:31:33",6545800
8160,10,8800,"bu","13:31:33",6544800
8160,10,200,"bu","13:31:33",6536000
8160,10,200,"bu","13:31:33",6535800
8160,10,1800,"bu","13:31:33",6535600
8160,10,500,"bu","13:31:21",6533800
8160,10,500,"bu","13:31:09",6533300
8160,10,2200,"bu","13:31:08",6532800
8160,10,800,"bu","13:31:08",6530600
8150,0,2000,"sd","13:31:05",6529800
8160,10,1000,"bu","13:30:57",6527800
8160,10,2200,"bu","13:30:49",6526800
8160,10,2800,"bu","13:30:49",6524600
8150,0,5000,"sd","13:30:45",6521800
8150,0,3600,"sd","13:30:45",6516800
8160,10,1000,"bu","13:30:44",6513200
8160,10,200,"bu","13:30:39",6512200
8160,10,700,"bu","13:30:39",6512000
8160,10,4100,"bu","13:30:39",6511300
8160,10,3000,"bu","13:30:31",6507200
8160,10,2500,"bu","13:30:25",6504200
8160,10,1000,"bu","13:29:55",6501700
8160,10,5000,"bu","13:29:53",6500700
8150,0,1400,"sd","13:29:52",6495700
8150,0,1100,"sd","13:29:52",6494300
8150,0,1300,"sd","13:29:52",6493200
8150,0,1800,"sd","13:29:52",6491900
8150,0,100,"sd","13:29:52",6490100
8150,0,200,"sd","13:29:52",6490000
8150,0,900,"sd","13:29:52",6489800
8150,0,1000,"sd","13:29:52",6488900
8150,0,500,"sd","13:29:52",6487900
8160,10,10000,"bu","13:29:41",6487400
8160,10,100,"bu","13:29:41",6477400
8160,10,200,"bu","13:29:41",6477300
8160,10,2500,"bu","13:29:41",6477100
8160,10,300,"sd","13:29:40",6474600
8160,10,1000,"bu","13:29:36",6474300
8160,10,200,"bu","13:29:36",6473300
8150,0,500,"sd","13:29:33",6473100
8150,0,1500,"sd","13:29:33",6472600
8150,0,1000,"sd","13:29:33",6471100
8150,0,500,"sd","13:29:33",6470100
8150,0,6000,"sd","13:29:33",6469600
8150,0,100,"sd","13:29:33",6463600
8150,0,1000,"sd","13:29:33",6463500
8160,10,1800,"bu","13:29:22",6462500
8160,10,3000,"bu","13:29:22",6460700
8160,10,200,"bu","13:29:22",6457700
8150,0,200,"sd","13:29:22",6457500
8150,0,300,"sd","13:29:21",6457300
8150,0,100,"sd","13:29:21",6457000
8150,0,100,"sd","13:29:21",6456900
8150,0,2000,"sd","13:29:21",6456800
8150,0,200,"sd","13:29:21",6454800
8150,0,500,"sd","13:29:21",6454600
8150,0,500,"sd","13:29:21",6454100
8150,0,1300,"sd","13:29:21",6453600
8150,0,1000,"sd","13:29:21",6452300
8150,0,100,"sd","13:29:21",6451300
8150,0,9000,"sd","13:29:21",6451200
8150,0,100,"sd","13:29:21",6442200
8150,0,500,"sd","13:29:21",6442100
8150,0,4300,"sd","13:29:21",6441600
8150,0,2500,"sd","13:29:17",6437300
8160,10,1500,"bu","13:29:13",6434800
8160,10,500,"sd","13:29:05",6433300
8160,10,500,"unknown","13:29:02",6432800
8160,10,500,"bu","13:28:55",6432300
8160,10,2000,"unknown","13:28:53",6431800
8160,10,1000,"bu","13:28:51",6429800
8160,10,5400,"bu","13:28:51",6428800
8160,10,6000,"bu","13:28:43",6423400
8160,10,100,"bu","13:28:43",6417400
8160,10,700,"sd","13:28:35",6417300
8160,10,100,"bu","13:28:32",6416600
8160,10,100,"sd","13:28:29",6416500
8160,10,200,"sd","13:28:29",6416400
8160,10,900,"sd","13:28:29",6416200
8160,10,100,"sd","13:28:26",6415300
8160,10,900,"sd","13:28:26",6415200
8160,10,200,"sd","13:28:23",6414300
8160,10,3900,"sd","13:28:18",6414100
8160,10,2000,"sd","13:28:17",6410200
8160,10,2000,"sd","13:28:17",6408200
8160,10,2100,"sd","13:28:17",6406200
8160,10,1000,"sd","13:28:06",6404100
8160,10,1200,"bu","13:28:03",6403100
8160,10,300,"bu","13:28:03",6401900
8160,10,400,"bu","13:28:03",6401600
8160,10,2300,"bu","13:28:00",6401200
8160,10,1000,"bu","13:27:52",6398900
8160,10,900,"bu","13:27:41",6397900
8160,10,400,"bu","13:27:41",6397000
8160,10,6200,"sd","13:27:40",6396600
8160,10,1200,"bu","13:27:34",6390400
8160,10,700,"sd","13:27:32",6389200
8160,10,100,"sd","13:27:32",6388500
8160,10,500,"sd","13:27:31",6388400
8160,10,100,"sd","13:27:21",6387900
8160,10,1000,"sd","13:27:16",6387800
8160,10,100,"sd","13:27:07",6386800
8160,10,200,"sd","13:26:58",6386700
8160,10,500,"sd","13:26:58",6386500
8160,10,2500,"sd","13:26:55",6386000
8160,10,7500,"sd","13:26:55",6383500
8160,10,2500,"sd","13:26:53",6376000
8160,10,1000,"sd","13:26:53",6373500
8160,10,1500,"sd","13:26:53",6372500
8160,10,500,"sd","13:26:40",6371000
8160,10,1000,"bu","13:26:34",6370500
8160,10,2000,"bu","13:26:34",6369500
8160,10,5000,"bu","13:26:32",6367500
8160,10,500,"bu","13:26:28",6362500
8160,10,3500,"sd","13:26:27",6362000
8160,10,1000,"sd","13:26:24",6358500
8160,10,100,"sd","13:26:22",6357500
8160,10,1400,"sd","13:26:22",6357400
8160,10,500,"sd","13:26:22",6356000
8160,10,1600,"sd","13:26:20",6355500
8160,10,100,"sd","13:26:20",6353900
8160,10,200,"sd","13:26:20",6353800
8160,10,3100,"sd","13:26:20",6353600
8160,10,200,"sd","13:26:11",6350500
8160,10,700,"sd","13:26:11",6350300
8160,10,1000,"sd","13:26:10",6349600
8160,10,500,"sd","13:26:10",6348600
8160,10,1500,"sd","13:26:10",6348100
8160,10,500,"sd","13:26:03",6346600
8160,10,1000,"sd","13:26:03",6346100
8160,10,500,"sd","13:26:03",6345100
8160,10,3800,"sd","13:25:58",6344600
8160,10,100,"sd","13:25:58",6340800
8160,10,800,"sd","13:25:58",6340700
8160,10,300,"sd","13:25:52",6339900
8160,10,1000,"sd","13:25:49",6339600
8160,10,200,"sd","13:25:35",6338600
8160,10,400,"sd","13:25:34",6338400
8160,10,2600,"sd","13:25:34",6338000
8160,10,5000,"sd","13:25:24",6335400
8160,10,100,"bu","13:25:22",6330400
8160,10,5000,"bu","13:25:22",6330300
8160,10,7300,"bu","13:25:22",6325300
8160,10,600,"sd","13:25:11",6318000
8160,10,2100,"sd","13:25:11",6317400
8160,10,1900,"bu","13:25:01",6315300
8160,10,100,"bu","13:24:59",6313400
8150,0,500,"sd","13:24:58",6313300
8150,0,200,"sd","13:24:58",6312800
8150,0,200,"sd","13:24:58",6312600
8150,0,400,"sd","13:24:58",6312400
8150,0,100,"sd","13:24:58",6312000
8150,0,100,"sd","13:24:58",6311900
8150,0,10000,"sd","13:24:58",6311800
8150,0,1000,"sd","13:24:58",6301800
8150,0,1200,"sd","13:24:58",6300800
8150,0,10000,"sd","13:24:58",6299600
8150,0,10000,"sd","13:24:58",6289600
8150,0,500,"sd","13:24:58",6279600
8160,10,100,"unknown","13:24:58",6279100
8150,0,2000,"sd","13:24:58",6279000
8160,10,6000,"unknown","13:24:58",6277000
8160,10,14600,"unknown","13:24:58",6271000
8160,10,2000,"sd","13:24:58",6256400
8160,10,500,"sd","13:24:58",6254400
8160,10,9600,"sd","13:24:58",6253900
8150,0,2000,"sd","13:24:58",6244300
8150,0,10400,"sd","13:24:58",6242300
8150,0,3200,"sd","13:24:58",6231900
8150,0,100,"sd","13:24:58",6228700
8150,0,200,"sd","13:24:58",6228600
8150,0,200,"sd","13:24:58",6228400
8150,0,8000,"sd","13:24:58",6228200
8150,0,200,"sd","13:24:58",6220200
8150,0,5000,"sd","13:24:58",6220000
8160,10,1000,"sd","13:24:58",6215000
8150,0,2000,"sd","13:24:58",6214000
8160,10,100,"sd","13:24:58",6212000
8160,10,20000,"sd","13:24:58",6211900
8160,10,4000,"sd","13:24:58",6191900
8160,10,100,"sd","13:24:47",6187900
8160,10,300,"sd","13:24:43",6187800
8160,10,100,"sd","13:24:43",6187500
8160,10,500,"sd","13:24:43",6187400
8160,10,2100,"sd","13:24:43",6186900
8160,10,17900,"bu","13:24:13",6184800
8160,10,100,"bu","13:24:12",6166900
8160,10,2000,"bu","13:24:10",6166800
8160,10,3000,"bu","13:24:08",6164800
8160,10,5000,"bu","13:24:08",6161800
8160,10,1000,"bu","13:24:06",6156800
8160,10,1000,"sd","13:24:01",6155800
8170,20,6400,"bu","13:23:59",6154800
8170,20,1900,"bu","13:23:59",6148400
8170,20,5000,"bu","13:23:59",6146500
8160,10,200,"bu","13:23:59",6141500
8160,10,100,"bu","13:23:59",6141300
8160,10,3300,"bu","13:23:59",6141200
8160,10,3600,"bu","13:23:59",6137900
8160,10,21200,"bu","13:23:59",6134300
8160,10,100,"bu","13:23:59",6113100
8160,10,13200,"bu","13:23:59",6113000
8160,10,500,"bu","13:23:55",6099800
8160,10,6000,"bu","13:23:55",6099300
8160,10,6300,"bu","13:23:47",6093300
8160,10,200,"bu","13:23:35",6087000
8160,10,1800,"bu","13:23:29",6086800
8160,10,100,"bu","13:23:26",6085000
8160,10,200,"bu","13:23:24",6084900
8160,10,100,"bu","13:23:23",6084700
8160,10,100,"bu","13:23:12",6084600
8160,10,5000,"bu","13:23:10",6084500
8160,10,500,"sd","13:23:06",6079500
8160,10,1000,"sd","13:23:06",6079000
8160,10,14200,"sd","13:23:06",6078000
8160,10,2000,"sd","13:23:01",6063800
8160,10,2800,"sd","13:23:01",6061800
8160,10,7400,"sd","13:23:01",6059000
8160,10,500,"sd","13:23:01",6051600
8160,10,2000,"sd","13:23:01",6051100
8160,10,200,"bu","13:23:00",6049100
8150,0,200,"sd","13:22:58",6048900
8160,10,800,"bu","13:22:57",6048700
8160,10,200,"bu","13:22:56",6047900
8160,10,2000,"bu","13:22:56",6047700
8160,10,1000,"bu","13:22:56",6045700
8160,10,3700,"bu","13:22:56",6044700
8160,10,1600,"bu","13:22:56",6041000
8160,10,1500,"bu","13:22:56",6039400
8150,0,600,"sd","13:22:48",6037900
8150,0,100,"sd","13:22:48",6037300
8150,0,300,"sd","13:22:48",6037200
8160,10,2000,"bu","13:22:40",6036900
8150,0,300,"sd","13:22:39",6034900
8150,0,100,"sd","13:22:34",6034600
8150,0,300,"sd","13:22:33",6034500
8150,0,5000,"sd","13:22:33",6034200
8150,0,2500,"sd","13:22:33",6029200
8150,0,6900,"sd","13:22:33",6026700
8150,0,1000,"sd","13:22:33",6019800
8150,0,500,"sd","13:22:33",6018800
8150,0,3000,"sd","13:22:33",6018300
8150,0,800,"sd","13:22:33",6015300
8150,0,100,"sd","13:22:31",6014500
8160,10,2000,"bu","13:22:30",6014400
8150,0,100,"sd","13:22:27",6012400
8150,0,900,"sd","13:22:27",6012300
8150,0,500,"sd","13:22:25",6011400
8150,0,3600,"sd","13:22:24",6010900
8150,0,2400,"sd","13:22:24",6007300
8150,0,1600,"sd","13:22:08",6004900
8150,0,100,"sd","13:22:08",6003300
8150,0,2000,"sd","13:22:08",6003200
8150,0,100,"sd","13:22:08",6001200
8150,0,100,"sd","13:22:08",6001100
8150,0,200,"sd","13:22:08",6001000
8150,0,10000,"sd","13:22:08",6000800
8150,0,1000,"sd","13:22:08",5990800
8150,0,100,"sd","13:22:08",5989800
8150,0,2000,"sd","13:22:08",5989700
8150,0,800,"sd","13:22:08",5987700
8160,10,200,"bu","13:22:06",5986900
8160,10,1000,"bu","13:22:06",5986700
8160,10,5000,"bu","13:22:03",5985700
8160,10,1200,"bu","13:22:02",5980700
8160,10,1000,"bu","13:22:00",5979500
8160,10,6500,"bu","13:21:58",5978500
8160,10,2000,"bu","13:21:42",5972000
8160,10,500,"bu","13:21:40",5970000
8160,10,100,"bu","13:21:27",5969500
8160,10,500,"bu","13:21:26",5969400
8160,10,5000,"bu","13:21:21",5968900
8160,10,5000,"sd","13:21:16",5963900
8160,10,800,"sd","13:21:16",5958900
8160,10,2400,"sd","13:21:16",5958100
8160,10,1000,"sd","13:21:16",5955700
8160,10,10000,"sd","13:21:16",5954700
8160,10,100,"sd","13:21:16",5944700
8160,10,500,"sd","13:21:16",5944600
8160,10,10000,"sd","13:21:16",5944100
8160,10,1000,"sd","13:21:16",5934100
8160,10,500,"sd","13:21:16",5933100
8160,10,5000,"sd","13:21:16",5932600
8160,10,300,"sd","13:21:16",5927600
8160,10,500,"sd","13:21:16",5927300
8160,10,2000,"sd","13:21:15",5926800
8160,10,1000,"sd","13:21:15",5924800
8160,10,1000,"sd","13:21:15",5923800
8160,10,2000,"sd","13:21:14",5922800
8160,10,800,"sd","13:21:08",5920800
8160,10,200,"sd","13:21:08",5920000
8160,10,2000,"sd","13:21:08",5919800
8160,10,1000,"sd","13:21:08",5917800
8160,10,300,"sd","13:21:03",5916800
8160,10,100,"sd","13:21:02",5916500
8160,10,1000,"sd","13:20:56",5916400
8160,10,200,"sd","13:20:56",5915400
8160,10,10000,"sd","13:20:55",5915200
8160,10,5200,"sd","13:20:48",5905200
8160,10,600,"sd","13:20:42",5900000
8160,10,2600,"sd","13:20:41",5899400
8160,10,400,"sd","13:20:41",5896800
8160,10,7400,"sd","13:20:29",5896400
8160,10,3700,"sd","13:20:29",5889000
8170,20,200,"bu","13:20:25",5885300
8170,20,1000,"bu","13:20:17",5885100
8170,20,1000,"sd","13:20:15",5884100
8170,20,5000,"sd","13:20:15",5883100
8170,20,1000,"sd","13:20:15",5878100
8170,20,2000,"sd","13:20:15",5877100
8170,20,1000,"sd","13:20:15",5875100
8170,20,2000,"sd","13:20:15",5874100
8170,20,4000,"sd","13:20:15",5872100
8170,20,1000,"sd","13:20:15",5868100
8170,20,2000,"sd","13:20:15",5867100
8170,20,4000,"sd","13:20:15",5865100
8170,20,1900,"sd","13:20:15",5861100
8170,20,1000,"sd","13:20:15",5859200
8170,20,1200,"sd","13:20:15",5858200
8170,20,200,"sd","13:20:15",5857000
8170,20,300,"sd","13:20:15",5856800
8170,20,1000,"sd","13:20:15",5856500
8170,20,1000,"sd","13:20:15",5855500
8170,20,300,"sd","13:20:14",5854500
8170,20,2800,"sd","13:20:09",5854200
8170,20,300,"sd","13:20:09",5851400
8170,20,1000,"sd","13:20:08",5851100
8170,20,700,"sd","13:20:07",5850100
8170,20,3700,"sd","13:20:07",5849400
8170,20,200,"sd","13:19:48",5845700
8180,30,700,"bu","13:19:41",5845500
8180,30,1000,"bu","13:19:39",5844800
8180,30,6000,"bu","13:19:36",5843800
8180,30,100,"bu","13:19:20",5837800
8180,30,4900,"bu","13:19:20",5837700
8180,30,100,"bu","13:19:19",5832800
8180,30,4900,"bu","13:19:19",5832700
8180,30,100,"bu","13:19:17",5827800
8180,30,500,"bu","13:19:17",5827700
8180,30,10000,"bu","13:19:11",5827200
8180,30,1500,"bu","13:19:07",5817200
8180,30,100,"bu","13:19:07",5815700
8180,30,1000,"bu","13:19:06",5815600
8180,30,100,"sd","13:19:03",5814600
8180,30,3000,"sd","13:19:03",5814500
8180,30,1000,"sd","13:19:03",5811500
8180,30,500,"sd","13:19:03",5810500
8180,30,600,"sd","13:19:03",5810000
8180,30,5000,"sd","13:19:03",5809400
8180,30,2000,"sd","13:19:03",5804400
8180,30,3000,"sd","13:19:03",5802400
8180,30,2200,"sd","13:19:03",5799400
8180,30,2000,"sd","13:18:52",5797200
8180,30,100,"sd","13:18:40",5795200
8180,30,500,"sd","13:18:39",5795100
8180,30,200,"sd","13:18:38",5794600
8180,30,1000,"bu","13:18:32",5794400
8180,30,2000,"sd","13:18:29",5793400
8180,30,5000,"unknown","13:18:25",5791400
8180,30,400,"unknown","13:18:25",5786400
8180,30,1000,"sd","13:18:20",5786000
8180,30,100,"sd","13:18:20",5785000
8180,30,4900,"bu","13:18:17",5784900
8180,30,3000,"sd","13:18:17",5780000
8180,30,500,"sd","13:18:17",5777000
8180,30,25000,"sd","13:18:17",5776500
8180,30,100,"sd","13:18:17",5751500
8180,30,8000,"sd","13:18:17",5751400
8180,30,4000,"sd","13:18:17",5743400
8180,30,5000,"sd","13:18:17",5739400
8180,30,200,"sd","13:18:16",5734400
8180,30,500,"sd","13:18:15",5734200
8180,30,700,"sd","13:18:10",5733700
8180,30,1000,"sd","13:18:07",5733000
8180,30,2100,"sd","13:18:07",5732000
8180,30,900,"bu","13:18:05",5729900
8180,30,100,"bu","13:18:05",5729000
8180,30,100,"bu","13:18:04",5728900
8180,30,300,"bu","13:18:02",5728800
8180,30,1000,"bu","13:18:02",5728500
8180,30,1500,"bu","13:18:02",5727500
8180,30,7700,"bu","13:18:02",5726000
8180,30,1500,"bu","13:18:00",5718300
8180,30,500,"bu","13:17:58",5716800
8180,30,600,"bu","13:17:51",5716300
8180,30,100,"bu","13:17:47",5715700
8180,30,1000,"sd","13:17:41",5715600
8180,30,3400,"sd","13:17:41",5714600
8180,30,800,"sd","13:17:41",5711200
8190,40,500,"bu","13:17:39",5710400
8180,30,200,"sd","13:17:36",5709900
8180,30,2000,"sd","13:17:36",5709700
8180,30,2000,"sd","13:17:35",5707700
8190,40,3000,"bu","13:17:33",5705700
8180,30,2000,"sd","13:17:31",5702700
8180,30,500,"sd","13:17:31",5700700
8180,30,500,"sd","13:17:31",5700200
8180,30,500,"sd","13:17:25",5699700
8180,30,1000,"sd","13:17:25",5699200
8180,30,700,"sd","13:17:24",5698200
8180,30,200,"sd","13:17:21",5697500
8180,30,200,"sd","13:17:21",5697300
8180,30,400,"sd","13:17:21",5697100
8180,30,100,"sd","13:17:21",5696700
8180,30,500,"sd","13:17:20",5696600
8180,30,100,"sd","13:17:13",5696100
8180,30,100,"bu","13:17:08",5696000
8180,30,200,"bu","13:17:08",5695900
8190,40,8900,"bu","13:16:57",5695700
8190,40,900,"bu","13:16:48",5686800
8190,40,2000,"bu","13:16:47",5685900
8180,30,1000,"bu","13:16:46",5683900
8180,30,100,"bu","13:16:46",5682900
8180,30,1000,"bu","13:16:41",5682800
8170,20,500,"sd","13:16:28",5681800
8170,20,600,"sd","13:16:28",5681300
8170,20,100,"sd","13:16:28",5680700
8170,20,2300,"sd","13:16:28",5680600
8190,40,400,"bu","13:16:26",5678300
8180,30,200,"bu","13:16:26",5677900
8190,40,2000,"bu","13:16:21",5677700
8190,40,200,"bu","13:16:21",5675700
8190,40,500,"bu","13:16:21",5675500
8190,40,700,"bu","13:16:21",5675000
8180,30,400,"bu","13:16:21",5674300
8190,40,16200,"bu","13:16:21",5673900
8180,30,1000,"sd","13:16:20",5657700
8180,30,3000,"sd","13:16:20",5656700
8180,30,600,"sd","13:16:20",5653700
8190,40,100,"bu","13:16:17",5653100
8180,30,1000,"sd","13:16:17",5653000
8180,30,100,"sd","13:16:14",5652000
8180,30,1300,"sd","13:16:13",5651900
8180,30,500,"sd","13:16:13",5650600
8180,30,1200,"sd","13:16:13",5650100
8180,30,100,"sd","13:16:12",5648900
8180,30,100,"sd","13:16:11",5648800
8190,40,1000,"bu","13:16:11",5648700
8180,30,2000,"sd","13:16:08",5647700
8180,30,5000,"sd","13:16:08",5645700
8180,30,1600,"sd","13:16:08",5640700
8180,30,14000,"sd","13:16:08",5639100
8180,30,3000,"sd","13:16:08",5625100
8180,30,8100,"sd","13:16:08",5622100
8180,30,5000,"sd","13:16:08",5614000
8180,30,1000,"sd","13:16:08",5609000
8180,30,8100,"sd","13:16:08",5608000
8180,30,500,"sd","13:16:08",5599900
8180,30,100,"sd","13:16:08",5599400
8180,30,500,"sd","13:16:08",5599300
8180,30,1000,"sd","13:16:08",5598800
8180,30,100,"sd","13:16:08",5597800
8190,40,600,"bu","13:16:07",5597700
8190,40,5000,"bu","13:16:05",5597100
8190,40,1000,"bu","13:16:05",5592100
8190,40,1600,"bu","13:16:01",5591100
8190,40,400,"bu","13:16:01",5589500
8190,40,100,"bu","13:15:54",5589100
8190,40,200,"bu","13:15:54",5589000
8190,40,200,"bu","13:15:54",5588800
8190,40,100,"bu","13:15:54",5588600
8190,40,1000,"bu","13:15:54",5588500
8190,40,3400,"bu","13:15:54",5587500
8190,40,10000,"bu","13:15:54",5584100
8190,40,2000,"bu","13:15:53",5574100
8190,40,200,"bu","13:15:52",5572100
8190,40,2000,"bu","13:15:50",5571900
8190,40,6000,"bu","13:15:46",5569900
8190,40,14800,"bu","13:15:42",5563900
8190,40,3000,"bu","13:15:36",5549100
8190,40,5000,"bu","13:15:34",5546100
8190,40,100,"sd","13:15:24",5541100
8190,40,20000,"sd","13:15:24",5541000
8190,40,1200,"sd","13:15:24",5521000
8190,40,2000,"sd","13:15:24",5519800
8190,40,10000,"sd","13:15:24",5517800
8190,40,10000,"sd","13:15:24",5507800
8190,40,1000,"sd","13:15:24",5497800
8190,40,2000,"sd","13:15:24",5496800
8190,40,7300,"sd","13:15:24",5494800
8190,40,500,"sd","13:15:19",5487500
8190,40,1000,"sd","13:15:16",5487000
8190,40,1200,"bu","13:15:16",5486000
8190,40,500,"bu","13:15:15",5484800
8190,40,600,"bu","13:15:14",5484300
8190,40,200,"bu","13:15:14",5483700
8190,40,500,"bu","13:15:13",5483500
8190,40,200,"bu","13:15:10",5483000
8190,40,300,"bu","13:15:10",5482800
8190,40,500,"bu","13:15:06",5482500
8190,40,1000,"bu","13:15:05",5482000
8190,40,200,"bu","13:15:04",5481000
8190,40,500,"bu","13:15:04",5480800
8190,40,400,"bu","13:15:04",5480300
8190,40,1000,"bu","13:15:04",5479900
8190,40,2900,"bu","13:15:04",5478900
8190,40,17100,"bu","13:15:00",5476000
8190,40,1100,"bu","13:15:00",5458900
8190,40,87600,"bu","13:15:00",5457800
8190,40,3300,"bu","13:14:59",5370200
8180,30,1000,"sd","13:14:57",5366900
8190,40,2000,"bu","13:14:53",5365900
8190,40,100,"bu","13:14:49",5363900
8190,40,2000,"bu","13:14:48",5363800
8190,40,2000,"bu","13:14:44",5361800
8190,40,400,"sd","13:14:41",5359800
8190,40,2600,"sd","13:14:41",5359400
8190,40,5000,"bu","13:14:38",5356800
8190,40,100,"bu","13:14:38",5351800
8190,40,1700,"bu","13:14:38",5351700
8190,40,600,"bu","13:14:38",5350000
8190,40,200,"bu","13:14:38",5349400
8190,40,300,"bu","13:14:38",5349200
8190,40,1000,"bu","13:14:35",5348900
8190,40,3700,"bu","13:14:35",5347900
8190,40,100,"bu","13:14:35",5344200
8190,40,2000,"bu","13:14:35",5344100
8190,40,3000,"bu","13:14:35",5342100
8190,40,6000,"bu","13:14:35",5339100
8190,40,600,"bu","13:14:35",5333100
8190,40,3000,"bu","13:14:35",5332500
8190,40,1600,"bu","13:14:35",5329500
8190,40,100,"bu","13:14:34",5327900
8190,40,1000,"bu","13:14:33",5327800
8190,40,10000,"bu","13:14:29",5326800
8190,40,1000,"bu","13:14:29",5316800
8190,40,1000,"bu","13:14:25",5315800
8190,40,600,"bu","13:14:25",5314800
8190,40,10000,"bu","13:14:25",5314200
8180,30,100,"sd","13:14:24",5304200
8190,40,1000,"bu","13:14:20",5304100
8190,40,100,"bu","13:14:20",5303100
8190,40,500,"bu","13:14:20",5303000
8190,40,18500,"bu","13:14:18",5302500
8190,40,100,"bu","13:14:18",5284000
8190,40,5000,"sd","13:14:15",5283900
8190,40,1200,"sd","13:14:15",5278900
8190,40,3000,"sd","13:14:15",5277700
8190,40,2500,"sd","13:14:15",5274700
8190,40,500,"sd","13:14:15",5272200
8190,40,1000,"sd","13:14:15",5271700
8190,40,3600,"sd","13:14:15",5270700
8190,40,10000,"sd","13:14:15",5267100
8190,40,10000,"sd","13:14:15",5257100
8190,40,2000,"sd","13:14:15",5247100
8190,40,700,"sd","13:14:15",5245100
8190,40,3000,"sd","13:14:15",5244400
8190,40,10000,"sd","13:14:15",5241400
8190,40,1000,"sd","13:14:15",5231400
8190,40,1000,"sd","13:14:15",5230400
8200,50,4000,"bu","13:14:15",5229400
8200,50,200,"bu","13:14:15",5225400
8200,50,200,"bu","13:14:15",5225200
8200,50,5000,"bu","13:14:15",5225000
8200,50,2000,"bu","13:14:15",5220000
8200,50,1500,"bu","13:14:15",5218000
8200,50,100,"bu","13:14:15",5216500
8200,50,500,"bu","13:14:15",5216400
8200,50,200,"bu","13:14:15",5215900
8200,50,500,"bu","13:14:15",5215700
8200,50,10600,"bu","13:14:15",5215200
8200,50,1700,"bu","13:14:15",5204600
8200,50,3000,"bu","13:14:15",5202900
8200,50,300,"bu","13:14:15",5199900
8200,50,5300,"bu","13:14:15",5199600
8200,50,200,"bu","13:14:15",5194300
8200,50,7000,"bu","13:14:15",5194100
8200,50,1000,"bu","13:14:15",5187100
8200,50,1500,"bu","13:14:15",5186100
8200,50,20000,"bu","13:14:15",5184600
8200,50,4000,"bu","13:14:15",5164600
8200,50,100,"bu","13:14:15",5160600
8200,50,5000,"bu","13:14:15",5160500
8200,50,2000,"bu","13:14:15",5155500
8200,50,100,"bu","13:14:15",5153500
8200,50,3000,"bu","13:14:15",5153400
8200,50,2000,"bu","13:14:15",5150400
8200,50,1000,"bu","13:14:15",5148400
8200,50,1000,"bu","13:14:15",5147400
8190,40,500,"sd","13:14:14",5146400
8190,40,3000,"sd","13:14:00",5145900
8190,40,1800,"sd","13:14:00",5142900
8190,40,100,"bu","13:13:59",5141100
8190,40,600,"bu","13:13:59",5141000
8190,40,9300,"bu","13:13:59",5140400
8190,40,1500,"bu","13:13:58",5131100
8190,40,200,"bu","13:13:57",5129600
8190,40,1000,"bu","13:13:53",5129400
8190,40,3000,"bu","13:13:49",5128400
8190,40,1100,"bu","13:13:49",5125400
8190,40,400,"bu","13:13:49",5124300
8190,40,2500,"sd","13:13:48",5123900
8190,40,1000,"sd","13:13:48",5121400
8190,40,2500,"sd","13:13:48",5120400
8190,40,500,"bu","13:13:47",5117900
8190,40,2000,"bu","13:13:43",5117400
8200,50,3500,"bu","13:13:42",5115400
8200,50,100,"bu","13:13:42",5111900
8190,40,1400,"bu","13:13:42",5111800
8190,40,100,"bu","13:13:42",5110400
8190,40,500,"bu","13:13:40",5110300
8190,40,500,"bu","13:13:40",5109800
8190,40,500,"bu","13:13:36",5109300
8190,40,5000,"bu","13:13:34",5108800
8190,40,100,"bu","13:13:33",5103800
8190,40,1000,"bu","13:13:32",5103700
8190,40,1000,"bu","13:13:32",5102700
8190,40,100,"bu","13:13:31",5101700
8190,40,1000,"bu","13:13:29",5101600
8190,40,1000,"bu","13:13:29",5100600
8190,40,5000,"bu","13:13:28",5099600
8190,40,300,"bu","13:13:28",5094600
8190,40,500,"bu","13:13:28",5094300
8190,40,1000,"bu","13:13:28",5093800
8190,40,1100,"bu","13:13:27",5092800
8190,40,100,"bu","13:13:25",5091700
8190,40,1000,"bu","13:13:24",5091600
8190,40,300,"bu","13:13:23",5090600
8190,40,15500,"bu","13:13:22",5090300
8190,40,100,"bu","13:13:22",5074800
8190,40,10000,"bu","13:13:22",5074700
8190,40,1000,"bu","13:13:22",5064700
8190,40,500,"bu","13:13:22",5063700
8190,40,2900,"bu","13:13:22",5063200
8190,40,300,"bu","13:13:21",5060300
8190,40,2000,"bu","13:13:21",5060000
8190,40,500,"bu","13:13:21",5058000
8190,40,100,"bu","13:13:21",5057500
8190,40,500,"bu","13:13:21",5057400
8190,40,500,"bu","13:13:21",5056900
8190,40,2000,"bu","13:13:21",5056400
8190,40,200,"bu","13:13:21",5054400
8190,40,400,"bu","13:13:21",5054200
8190,40,100,"bu","13:13:21",5053800
8190,40,500,"bu","13:13:21",5053700
8190,40,100,"bu","13:13:21",5053200
8190,40,1800,"bu","13:13:21",5053100
8190,40,2000,"bu","13:13:21",5051300
8190,40,9900,"bu","13:13:21",5049300
8190,40,2400,"bu","13:13:21",5039400
8190,40,1800,"bu","13:13:21",5037000
8190,40,100,"bu","13:13:19",5035200
8190,40,200,"bu","13:13:16",5035100
8190,40,300,"bu","13:13:15",5034900
8190,40,200,"bu","13:13:15",5034600
8190,40,1400,"bu","13:13:15",5034400
8190,40,2000,"bu","13:13:15",5033000
8190,40,300,"bu","13:13:15",5031000
8190,40,5800,"bu","13:13:15",5030700
8180,30,800,"sd","13:13:13",5024900
8180,30,3000,"sd","13:13:13",5024100
8180,30,200,"sd","13:13:13",5021100
8180,30,2600,"sd","13:13:13",5020900
8180,30,3400,"sd","13:13:13",5018300
8190,40,500,"bu","13:13:12",5014900
8180,30,1300,"bu","13:13:08",5014400
8180,30,100,"bu","13:13:08",5013100
8180,30,200,"bu","13:13:08",5013000
8180,30,800,"bu","13:13:07",5012800
8180,30,1200,"bu","13:13:07",5012000
8180,30,8800,"bu","13:13:06",5010800
8180,30,600,"bu","13:13:06",5002000
8180,30,100,"bu","13:13:06",5001400
8180,30,500,"bu","13:13:06",5001300
8180,30,1500,"bu","13:13:06",5000800
8180,30,1000,"bu","13:13:06",4999300
8180,30,5000,"bu","13:13:06",4998300
8180,30,900,"bu","13:13:05",4993300
8180,30,100,"bu","13:13:05",4992400
8180,30,19500,"bu","13:13:03",4992300
8180,30,500,"bu","13:13:03",4972800
8180,30,500,"bu","13:13:00",4969500
8180,30,2800,"bu","13:13:00",4972300
8170,20,100,"sd","13:12:57",4969000
8170,20,100,"bu","13:12:57",4968900
8170,20,100,"bu","13:12:57",4968800
8170,20,200,"bu","13:12:57",4968700
8170,20,7200,"bu","13:12:57",4968500
8170,20,800,"bu","13:12:56",4961300
8170,20,200,"bu","13:12:56",4960500
8170,20,300,"bu","13:12:56",4960300
8170,20,100,"bu","13:12:56",4960000
8170,20,9600,"bu","13:12:56",4959900
8170,20,500,"bu","13:12:56",4950300
8170,20,10400,"bu","13:12:56",4949800
8170,20,600,"bu","13:12:56",4939400
8170,20,500,"bu","13:12:55",4938800
8170,20,2000,"bu","13:12:55",4938300
8170,20,500,"bu","13:12:55",4936300
8170,20,1000,"bu","13:12:55",4935800
8170,20,400,"bu","13:12:55",4934800
8170,20,1600,"bu","13:12:55",4934400
8170,20,100,"bu","13:12:54",4932800
8170,20,2000,"bu","13:12:54",4932700
8170,20,100,"bu","13:12:54",4930700
8170,20,900,"bu","13:12:54",4930600
8170,20,500,"bu","13:12:53",4929700
8170,20,500,"bu","13:12:53",4929200
8170,20,2500,"bu","13:12:53",4928700
8170,20,5000,"bu","13:12:53",4926200
8170,20,1500,"bu","13:12:53",4921200
8170,20,10000,"bu","13:12:52",4919700
8170,20,2500,"bu","13:12:52",4909700
8170,20,5000,"bu","13:12:51",4907200
8170,20,10000,"bu","13:12:51",4902200
8170,20,1000,"bu","13:12:50",4892200
8170,20,3000,"bu","13:12:49",4891200
8170,20,1000,"bu","13:12:46",4888200
8170,20,1000,"bu","13:12:45",4887200
8170,20,1000,"bu","13:12:45",4886200
8170,20,500,"bu","13:12:45",4885200
8170,20,2000,"bu","13:12:43",4884700
8170,20,5000,"bu","13:12:41",4882700
8170,20,1000,"bu","13:12:39",4877700
8160,10,100,"sd","13:12:33",4876700
8160,10,300,"sd","13:12:27",4876600
8160,10,600,"bu","13:12:26",4876300
8160,10,200,"bu","13:12:26",4875700
8160,10,200,"bu","13:12:26",4875500
8160,10,1400,"bu","13:12:26",4875300
8160,10,1500,"bu","13:12:26",4873900
8160,10,20000,"bu","13:12:26",4872400
8160,10,2800,"bu","13:12:26",4852400
8150,0,200,"sd","13:12:25",4849600
8160,10,1000,"bu","13:12:24",4849400
8160,10,1000,"bu","13:12:24",4848400
8160,10,50000,"bu","13:12:24",4847400
8160,10,20000,"bu","13:12:23",4797400
8160,10,7800,"bu","13:12:22",4777400
8160,10,500,"bu","13:12:22",4769600
8160,10,200,"bu","13:12:22",4769100
8160,10,1500,"bu","13:12:22",4768900
8160,10,1000,"bu","13:12:21",4767400
8160,10,500,"bu","13:12:21",4766400
8160,10,300,"bu","13:12:17",4765900
8160,10,200,"bu","13:12:17",4765600
8160,10,4800,"bu","13:12:16",4765400
8160,10,200,"bu","13:12:16",4760600
8150,0,400,"sd","13:12:15",4760400
8150,0,8600,"sd","13:12:10",4760000
8150,0,1000,"sd","13:12:10",4751400
8150,0,1000,"sd","13:12:10",4750400
8150,0,2000,"sd","13:12:10",4749400
8150,0,200,"sd","13:12:10",4747400
8150,0,100,"sd","13:12:10",4747200
8150,0,400,"sd","13:12:10",4747100
8150,0,4000,"sd","13:12:10",4746700
8150,0,2000,"sd","13:12:10",4742700
8150,0,15700,"sd","13:12:10",4740700
8160,10,100,"bu","13:11:55",4725000
8150,0,1000,"sd","13:11:49",4724900
8160,10,100,"bu","13:11:48",4723900
8150,0,200,"sd","13:11:47",4723800
8150,0,9200,"sd","13:11:44",4723600
8150,0,800,"sd","13:11:44",4714400
8150,0,3000,"sd","13:11:43",4713600
8150,0,1000,"sd","13:11:43",4710600
8150,0,400,"sd","13:11:43",4709600
8150,0,1000,"sd","13:11:43",4709200
8150,0,500,"sd","13:11:43",4708200
8150,0,100,"sd","13:11:43",4707700
8160,10,100,"bu","13:11:40",4707600
8150,0,100,"sd","13:11:34",4707500
8160,10,300,"bu","13:11:33",4707400
8160,10,100,"bu","13:11:30",4707100
8160,10,200,"bu","13:11:30",4707000
8160,10,4000,"bu","13:11:26",4706800
8160,10,100,"bu","13:11:24",4702800
8160,10,300,"bu","13:11:21",4702700
8160,10,500,"bu","13:11:18",4702400
8160,10,1000,"bu","13:11:15",4701900
8160,10,100,"bu","13:11:13",4700900
8160,10,200,"bu","13:11:09",4700800
8160,10,200,"bu","13:11:01",4700600
8150,0,2000,"sd","13:10:57",4700400
8160,10,1000,"bu","13:10:55",4698400
8160,10,1500,"bu","13:10:53",4697400
8150,0,100,"sd","13:10:48",4695900
8160,10,500,"bu","13:10:47",4695800
8160,10,500,"bu","13:10:47",4695300
8150,0,100,"sd","13:10:38",4694800
8150,0,100,"bu","13:10:26",4694700
8150,0,400,"bu","13:10:26",4694600
8150,0,500,"bu","13:10:26",4694200
8150,0,2300,"bu","13:10:25",4693700
8150,0,3200,"bu","13:10:24",4691400
8150,0,1800,"bu","13:10:24",4688200
8150,0,1200,"bu","13:10:22",4686400
8150,0,800,"bu","13:10:22",4685200
8150,0,2000,"bu","13:10:22",4684400
8150,0,1000,"bu","13:10:21",4682400
8150,0,100,"bu","13:10:17",4681400
8150,0,2600,"bu","13:10:16",4681300
8150,0,300,"bu","13:10:16",4678700
8150,0,7100,"bu","13:10:16",4678400
8150,0,2000,"bu","13:10:13",4671300
8150,0,900,"bu","13:10:11",4669300
8150,0,600,"bu","13:10:10",4668400
8150,0,1400,"bu","13:10:02",4667800
8150,0,1000,"bu","13:10:02",4666400
8150,0,2300,"bu","13:10:02",4665400
8150,0,500,"bu","13:10:02",4663100
8150,0,200,"bu","13:10:02",4662600
8150,0,200,"bu","13:10:02",4662400
8140,-10,1000,"sd","13:09:58",4662200
8140,-10,3600,"bu","13:09:32",4661200
8140,-10,1000,"bu","13:09:32",4657600
8140,-10,2400,"bu","13:09:32",4656600
8140,-10,100,"bu","13:09:32",4654200
8140,-10,1000,"bu","13:09:31",4654100
8140,-10,4000,"bu","13:09:31",4653100
8140,-10,1500,"bu","13:09:31",4649100
8140,-10,2000,"bu","13:09:31",4647600
8140,-10,5000,"bu","13:09:31",4645600
8140,-10,1500,"bu","13:09:31",4640600
8140,-10,1000,"bu","13:09:28",4639100
8140,-10,100,"bu","13:09:25",4638100
8140,-10,5000,"bu","13:09:23",4638000
8140,-10,5000,"bu","13:09:21",4633000
8140,-10,900,"bu","13:09:14",4628000
8140,-10,2100,"bu","13:09:12",4627100
8140,-10,300,"bu","13:09:12",4625000
8140,-10,600,"bu","13:09:12",4624700
8140,-10,2000,"bu","13:09:12",4624100
8140,-10,3000,"bu","13:09:11",4622100
8140,-10,20000,"bu","13:09:05",4619100
8140,-10,300,"bu","13:09:05",4599100
8130,-20,500,"sd","13:09:03",4598800
8140,-10,300,"bu","13:08:48",4598300
8140,-10,500,"bu","13:08:47",4598000
8140,-10,200,"bu","13:08:43",4597500
8130,-20,5800,"sd","13:08:42",4597300
8140,-10,10000,"bu","13:08:39",4591500
8130,-20,200,"sd","13:08:31",4581500
8130,-20,3600,"bu","13:08:23",4581300
8130,-20,500,"bu","13:08:17",4577700
8130,-20,500,"bu","13:08:17",4577200
8130,-20,3900,"bu","13:08:17",4576700
8130,-20,1100,"sd","13:08:15",4572800
8120,-30,700,"sd","13:08:07",4571700
8130,-20,1000,"sd","13:08:07",4571000
8130,-20,200,"sd","13:08:07",4570000
8130,-20,300,"sd","13:08:07",4569800
8130,-20,200,"sd","13:08:07",4569500
8130,-20,2700,"sd","13:08:07",4569300
8140,-10,800,"bu","13:08:07",4566600
8140,-10,1000,"bu","13:08:06",4565800
8130,-20,400,"sd","13:08:00",4564800
8140,-10,7500,"bu","13:07:56",4564400
8140,-10,6500,"bu","13:07:56",4556900
8140,-10,1000,"bu","13:07:56",4550400
8130,-20,2000,"sd","13:07:55",4549400
8130,-20,900,"bu","13:07:42",4547400
8130,-20,600,"bu","13:07:37",4546500
8130,-20,500,"sd","13:07:36",4545900
8130,-20,3000,"sd","13:07:35",4545400
8130,-20,500,"bu","13:07:34",4542400
8130,-20,1400,"bu","13:07:34",4541900
8130,-20,100,"bu","13:07:34",4540500
8130,-20,1000,"bu","13:07:34",4540400
8130,-20,500,"bu","13:07:32",4539400
8130,-20,4000,"bu","13:07:31",4538900
8130,-20,2600,"bu","13:07:28",4534900
8130,-20,100,"bu","13:07:28",4532300
8130,-20,300,"bu","13:07:28",4532200
8130,-20,1000,"bu","13:07:28",4531900
8130,-20,1000,"bu","13:07:26",4530900
8120,-30,1000,"sd","13:07:26",4529900
8130,-20,4000,"bu","13:07:07",4528900
8120,-30,1000,"sd","13:07:07",4524900
8120,-30,1000,"sd","13:07:07",4523900
8120,-30,100,"sd","13:07:07",4522900
8120,-30,700,"sd","13:07:07",4522800
8120,-30,2200,"sd","13:07:07",4522100
8130,-20,2000,"bu","13:07:06",4519900
8120,-30,300,"sd","13:07:01",4517900
8120,-30,1000,"sd","13:07:01",4517600
8120,-30,400,"sd","13:07:01",4516600
8120,-30,1300,"sd","13:07:01",4516200
8130,-20,1000,"bu","13:06:58",4514900
8120,-30,3700,"sd","13:06:56",4513900
8120,-30,500,"sd","13:06:56",4510200
8120,-30,2300,"sd","13:06:56",4509700
8130,-20,5000,"sd","13:06:56",4507400
8120,-30,2000,"sd","13:06:56",4502400
8130,-20,1000,"sd","13:06:56",4500400
8120,-30,4000,"sd","13:06:56",4499400
8130,-20,500,"sd","13:06:56",4495400
8120,-30,10000,"sd","13:06:56",4494900
8130,-20,1000,"sd","13:06:56",4484900
8120,-30,1000,"sd","13:06:56",4483900
8130,-20,4200,"sd","13:06:56",4482900
8120,-30,200,"sd","13:06:56",4478700
8120,-30,18400,"sd","13:06:56",4478500
8130,-20,500,"sd","13:06:56",4460100
8130,-20,1000,"sd","13:06:56",4459600
8130,-20,500,"sd","13:06:56",4458600
8130,-20,3100,"sd","13:06:56",4458100
8130,-20,400,"sd","13:06:56",4455000
8130,-20,700,"sd","13:06:56",4454600
8130,-20,2800,"sd","13:06:30",4453900
8130,-20,8000,"sd","13:06:30",4451100
8130,-20,200,"sd","13:06:30",4443100
8130,-20,200,"sd","13:06:28",4442900
8130,-20,100,"bu","13:06:27",4442700
8130,-20,500,"bu","13:06:27",4442600
8130,-20,4000,"bu","13:06:27",4442100
8130,-20,1000,"bu","13:06:24",4438100
8130,-20,500,"bu","13:06:22",4437100
8130,-20,2000,"bu","13:06:21",4436600
8130,-20,1000,"bu","13:06:19",4434600
8130,-20,3000,"bu","13:06:18",4433600
8130,-20,1000,"bu","13:06:16",4430600
8130,-20,7000,"bu","13:06:14",4429600
8120,-30,1000,"sd","13:06:04",4422600
8130,-20,500,"bu","13:06:01",4421600
8130,-20,1000,"bu","13:06:01",4421100
8130,-20,1500,"bu","13:06:01",4420100
8120,-30,600,"sd","13:05:55",4418600
8120,-30,4000,"sd","13:05:55",4418000
8120,-30,400,"sd","13:05:55",4414000
8120,-30,100,"bu","13:05:50",4413600
8120,-30,200,"sd","13:05:49",4413500
8120,-30,1000,"sd","13:05:49",4413300
8120,-30,700,"sd","13:05:49",4412300
8120,-30,4300,"bu","13:05:48",4411600
8120,-30,1000,"bu","13:05:48",4407300
8120,-30,100,"sd","13:05:48",4406300
8120,-30,2000,"sd","13:05:48",4406200
8120,-30,3000,"sd","13:05:47",4404200
8120,-30,500,"sd","13:05:47",4401200
8120,-30,1100,"sd","13:05:47",4400700
8120,-30,400,"bu","13:05:43",4399600
8120,-30,1000,"bu","13:05:41",4399200
8120,-30,1000,"bu","13:05:41",4398200
8120,-30,1000,"bu","13:05:40",4397200
8120,-30,6600,"bu","13:05:40",4396200
8120,-30,1000,"bu","13:05:39",4389600
8110,-40,2700,"sd","13:05:39",4388600
8110,-40,500,"sd","13:05:39",4385900
8110,-40,6600,"sd","13:05:39",4385400
8110,-40,100,"sd","13:05:39",4378800
8110,-40,100,"sd","13:05:39",4378700
8110,-40,1800,"sd","13:05:39",4378600
8110,-40,1000,"sd","13:05:39",4376800
8110,-40,2000,"sd","13:05:39",4375800
8110,-40,5800,"sd","13:05:39",4373800
8120,-30,200,"bu","13:05:38",4368000
8120,-30,800,"bu","13:05:37",4367800
8120,-30,1200,"bu","13:05:37",4367000
8120,-30,2000,"bu","13:05:35",4365800
8120,-30,2000,"bu","13:05:31",4363800
8110,-40,100,"sd","13:05:29",4361800
8120,-30,2000,"bu","13:05:24",4361700
8120,-30,800,"bu","13:05:23",4359700
8120,-30,200,"bu","13:05:23",4358900
8110,-40,25700,"sd","13:05:21",4358700
8110,-40,100,"sd","13:05:21",4333000
8110,-40,1000,"sd","13:05:21",4332900
8110,-40,200,"sd","13:05:21",4331900
8110,-40,1000,"sd","13:05:21",4331700
8110,-40,1000,"sd","13:05:21",4330700
8110,-40,1000,"sd","13:05:21",4329700
8110,-40,6500,"sd","13:05:21",4328700
8120,-30,200,"sd","13:05:21",4322200
8120,-30,300,"sd","13:05:21",4322000
8120,-30,500,"sd","13:05:21",4321700
8120,-30,20000,"sd","13:05:21",4321200
8120,-30,200,"sd","13:05:21",4301200
8120,-30,100,"sd","13:05:21",4301000
8120,-30,100,"sd","13:05:21",4300900
8120,-30,1000,"sd","13:05:21",4300800
8120,-30,500,"sd","13:05:21",4299800
8120,-30,100,"sd","13:05:21",4299300
8120,-30,5000,"sd","13:05:21",4299200
8120,-30,500,"sd","13:05:21",4294200
8120,-30,1000,"sd","13:05:21",4293700
8120,-30,2000,"sd","13:05:21",4292700
8120,-30,1000,"sd","13:05:21",4290700
8120,-30,9100,"sd","13:05:21",4289700
8120,-30,2000,"sd","13:05:21",4280600
