"price","change","match_qtty","side","time","total_vol"
19300,300,75400,"unknown","14:45:01",782400
19200,200,300,"bu","14:29:52",707000
19200,200,2000,"bu","14:29:28",706700
19200,200,200,"bu","14:26:08",704700
19200,200,1000,"bu","14:25:09",704500
19100,100,1000,"sd","14:25:07",703500
19100,100,1200,"bu","14:24:07",702500
19100,100,300,"bu","14:23:38",701300
19100,100,5000,"sd","14:22:02",701000
19100,100,300,"sd","14:21:54",696000
19100,100,1000,"sd","14:21:38",695700
19100,100,3000,"sd","14:21:12",694700
19100,100,700,"sd","14:21:02",691700
19000,0,400,"sd","14:20:41",691000
19100,100,5000,"bu","14:20:22",690600
19100,100,400,"bu","14:20:16",685600
19100,100,100,"bu","14:20:13",685200
19100,100,300,"bu","14:18:07",685100
19100,100,1300,"bu","14:17:09",684800
19000,0,3000,"sd","14:16:52",683500
19100,100,39600,"sd","14:16:24",680500
19100,100,2000,"sd","14:16:23",640900
19100,100,1000,"sd","14:12:29",638900
19200,200,1300,"bu","14:12:16",637900
19200,200,500,"sd","14:11:47",636600
19200,200,100,"sd","14:11:42",636100
19200,200,5200,"sd","14:11:32",636000
19200,200,2000,"sd","14:11:27",630800
19200,200,100,"sd","14:11:03",628800
19200,200,4000,"sd","14:10:56",628700
19200,200,2000,"sd","14:10:51",624700
19300,300,400,"bu","14:10:36",622700
19200,200,100,"sd","14:10:20",622300
19200,200,200,"sd","14:09:50",622200
19200,200,1000,"sd","14:09:38",622000
19300,300,100,"bu","14:09:25",621000
19200,200,1000,"sd","14:08:56",620900
19200,200,100,"sd","14:08:29",619900
19200,200,2000,"sd","14:07:58",619800
19200,200,200,"sd","14:07:47",617800
19200,200,400,"sd","14:07:42",617600
19200,200,3000,"sd","14:06:29",617200
19200,200,200,"sd","14:06:08",614200
19200,200,15000,"sd","14:05:57",614000
19200,200,10000,"bu","14:05:55",599000
19100,100,15100,"sd","14:05:50",589000
19100,100,800,"bu","14:05:10",573900
19100,100,5000,"bu","14:04:53",573100
19100,100,3000,"bu","14:04:14",568100
19100,100,3000,"bu","14:04:08",565100
19100,100,1000,"bu","14:03:32",562100
19100,100,2000,"sd","14:03:02",561100
19100,100,100,"sd","14:01:47",559100
19100,100,1000,"sd","14:01:46",559000
19100,100,5000,"sd","14:01:28",558000
19100,100,500,"sd","14:01:00",553000
19100,100,3200,"sd","14:00:29",552500
19100,100,200,"bu","14:00:12",549300
19100,100,5000,"bu","13:59:59",549100
19100,100,200,"bu","13:59:43",544100
19100,100,9000,"bu","13:59:32",543900
19100,100,5000,"bu","13:59:18",534900
19100,100,5000,"bu","13:59:12",529900
19100,100,5000,"bu","13:58:54",524900
19000,0,3100,"sd","13:57:35",519900
19000,0,1400,"bu","13:56:40",516800
19000,0,200,"bu","13:56:35",515400
19000,0,300,"bu","13:56:24",515200
19000,0,1300,"bu","13:54:56",514900
19000,0,2000,"bu","13:54:30",513600
19000,0,200,"bu","13:54:27",511600
19000,0,1000,"bu","13:54:12",511400
19000,0,1000,"bu","13:54:05",510400
19000,0,600,"bu","13:53:50",509400
19000,0,2100,"bu","13:53:40",508800
19000,0,200,"bu","13:53:30",506700
19000,0,200,"bu","13:53:13",506500
18900,-100,1000,"sd","13:52:29",506300
19000,0,2000,"bu","13:51:52",505300
19000,0,100,"bu","13:51:46",503300
19000,0,1000,"bu","13:51:29",503200
19000,0,4000,"bu","13:49:36",502200
19000,0,3900,"bu","13:49:10",498200
19000,0,8700,"sd","13:47:45",494300
19000,0,300,"sd","13:46:25",485600
19000,0,29500,"sd","13:45:53",485300
19000,0,100,"bu","13:45:46",455800
19000,0,1000,"bu","13:45:42",455700
19000,0,100,"bu","13:45:08",454700
18900,-100,500,"sd","13:42:11",454600
19000,0,700,"bu","13:42:00",454100
19000,0,2600,"bu","13:41:42",453400
18900,-100,40000,"sd","13:39:37",450800
18900,-100,500,"sd","13:36:48",410800
19000,0,4000,"bu","13:36:38",410300
19000,0,500,"bu","13:36:24",406300
19000,0,1000,"bu","13:36:23",405800
19000,0,3000,"bu","13:36:03",404800
19000,0,1000,"bu","13:35:46",401800
19000,0,200,"bu","13:35:29",400800
19000,0,2100,"bu","13:34:15",400600
19000,0,200,"bu","13:34:01",398500
18900,-100,5400,"sd","13:31:19",398300
18900,-100,500,"sd","13:30:22",392900
18900,-100,500,"sd","13:29:16",392400
18900,-100,100,"sd","13:27:50",391900
18900,-100,300,"sd","13:26:36",391800
18900,-100,400,"sd","13:25:26",391500
18900,-100,500,"sd","13:25:14",391100
18900,-100,2000,"sd","13:24:19",390600
18900,-100,2000,"sd","13:23:50",388600
18900,-100,100,"sd","13:22:30",386600
18900,-100,5000,"sd","13:21:12",386500
18900,-100,8000,"sd","13:19:13",381500
18900,-100,1000,"sd","13:14:24",373500
18900,-100,200,"bu","13:14:04",372500
18900,-100,2000,"bu","13:13:58",372300
18900,-100,1600,"bu","13:13:45",370300
18900,-100,400,"bu","13:13:33",368700
18800,-200,9600,"sd","13:12:13",368300
18900,-100,10400,"sd","13:11:59",358700
18900,-100,2000,"sd","13:11:30",348300
18900,-100,5000,"sd","13:09:13",346300
18900,-100,300,"sd","13:03:24",341300
18900,-100,400,"sd","13:00:06",341000
19000,0,1100,"bu","13:00:05",340600
18900,-100,100,"sd","11:26:54",339500
18900,-100,3000,"sd","11:25:49",339400
18900,-100,500,"sd","11:25:04",336400
18900,-100,2000,"sd","11:20:25",335900
18900,-100,100,"sd","11:19:46",333900
18900,-100,500,"sd","11:19:03",333800
18900,-100,4000,"sd","11:18:23",333300
18900,-100,13000,"sd","11:15:44",329300
18900,-100,5000,"sd","11:15:12",316300
18900,-100,200,"sd","11:13:49",311300
18900,-100,500,"sd","11:11:44",311100
18900,-100,5000,"sd","11:11:09",310600
18900,-100,6700,"sd","11:05:33",305600
19000,0,5000,"bu","11:03:42",298900
19000,0,100,"bu","11:02:43",293900
18900,-100,8600,"sd","11:00:10",293800
18900,-100,4000,"bu","10:59:47",285200
18900,-100,200,"bu","10:59:40",281200
18900,-100,2500,"bu","10:59:11",281000
18900,-100,100,"unknown","10:58:29",278500
18900,-100,11900,"bu","10:58:07",278400
18900,-100,100,"sd","10:57:03",266500
18900,-100,25000,"sd","10:56:37",266400
18900,-100,300,"sd","10:56:13",241400
18900,-100,1000,"sd","10:56:04",241100
18900,-100,400,"sd","10:53:58",240100
18900,-100,9300,"sd","10:50:42",239700
19000,0,100,"bu","10:48:08",230400
18900,-100,100,"sd","10:39:32",230300
18900,-100,5000,"sd","10:38:59",230200
18900,-100,30000,"sd","10:32:49",225200
19000,0,40900,"bu","10:32:35",195200
18900,-100,1000,"sd","10:31:47",154300
19000,0,100,"bu","10:31:36",153300
19000,0,100,"bu","10:18:52",153200
19000,0,500,"bu","10:17:11",153100
19000,0,800,"bu","10:16:06",152600
19000,0,5000,"bu","10:15:53",151800
19000,0,500,"bu","10:15:31",146800
19000,0,1000,"bu","10:14:40",146300
19000,0,3000,"bu","10:14:10",145300
19000,0,100,"bu","10:13:36",142300
19000,0,100,"bu","10:13:33",142200
19000,0,500,"bu","10:13:30",142100
19000,0,100,"bu","10:11:50",141600
19000,0,100,"bu","10:10:33",141500
19000,0,500,"bu","10:10:14",141400
19000,0,4700,"bu","10:09:50",140900
19000,0,1000,"sd","10:07:14",136200
19100,100,600,"bu","10:06:50",135200
19000,0,100,"sd","10:03:50",134600
19100,100,900,"bu","10:00:45",134500
19000,0,100,"sd","10:00:21",133600
19000,0,2000,"sd","09:58:44",133500
19000,0,5000,"sd","09:57:12",131500
19000,0,6000,"sd","09:57:02",126500
19100,100,10200,"bu","09:53:01",120500
19000,0,500,"sd","09:52:08",110300
19000,0,500,"sd","09:51:31",109800
19100,100,4000,"bu","09:50:24",109300
19100,100,20000,"bu","09:50:09",105300
19000,0,9600,"sd","09:47:44",85300
19000,0,10000,"sd","09:47:23",75700
19000,0,3000,"sd","09:47:11",65700
19000,0,500,"sd","09:40:24",62700
19000,0,500,"sd","09:38:04",62200
19000,0,5000,"sd","09:36:52",61700
19000,0,2000,"sd","09:36:28",56700
19000,0,4000,"sd","09:34:10",54700
19000,0,2000,"sd","09:33:23",50700
19100,100,4000,"bu","09:31:16",48700
19100,100,1400,"bu","09:29:54",44700
19100,100,200,"bu","09:27:28",43300
19000,0,200,"sd","09:26:37",43100
19000,0,500,"sd","09:26:32",42900
19000,0,2000,"sd","09:23:45",42400
19000,0,100,"sd","09:22:53",40400
19100,100,100,"bu","09:22:29",40300
19100,100,100,"bu","09:20:53",40200
19100,100,200,"bu","09:17:52",40100
19100,100,200,"bu","09:17:20",39900
19100,100,100,"sd","09:16:47",39700
19100,100,100,"sd","09:16:43",39600
19100,100,1000,"sd","09:13:15",39500
19100,100,900,"sd","09:12:49",38500
19200,200,1000,"unknown","09:11:58",37600
19300,300,200,"bu","09:09:41",36600
19100,100,1200,"sd","09:09:31",36400
19300,300,100,"bu","09:09:18",35200
19300,300,1000,"bu","09:08:49",35100
18900,-100,20000,"sd","09:07:52",34100
19000,0,2000,"sd","09:07:51",14100
19300,300,2000,"bu","09:06:51",12100
19000,0,5800,"bu","09:04:33",10100
19000,0,100,"bu","09:04:15",4300
19000,0,100,"bu","09:04:02",4200
19000,0,200,"bu","09:02:56",4100
19000,0,1200,"bu","09:02:09",3900
19000,0,100,"bu","09:00:46",2700
19000,0,2000,"bu","09:00:21",2600
18900,-100,400,"sd","09:00:15",600
19000,0,200,"bu","09:00:11",200
