"price","change","match_qtty","side","time","total_vol"
8600,0,3400,"unknown","14:45:02",374700
8500,-100,1500,"bu","14:29:12",371300
8500,-100,6900,"sd","14:25:40",369800
8500,-100,5000,"sd","14:25:23",362900
8500,-100,100,"sd","14:24:15",357900
8500,-100,3000,"bu","14:22:56",357800
8500,-100,1300,"sd","14:22:08",354800
8500,-100,100,"sd","14:21:44",353500
8500,-100,700,"sd","14:20:52",353400
8500,-100,1700,"sd","14:20:51",352700
8500,-100,6600,"sd","14:20:38",351000
8400,-200,2000,"sd","14:19:33",344400
8400,-200,500,"sd","14:18:47",342400
8400,-200,1100,"sd","14:16:33",341900
8500,-100,1400,"bu","14:16:08",340800
8500,-100,15000,"sd","14:16:02",339400
8500,-100,16500,"sd","14:15:57",324400
8500,-100,10000,"sd","14:15:51",307900
8500,-100,400,"sd","14:14:22",297900
8600,0,100,"bu","14:14:06",297500
8600,0,3000,"bu","14:12:56",297400
8600,0,800,"bu","14:11:17",294400
8600,0,500,"bu","14:11:01",293600
8600,0,500,"bu","14:10:14",293100
8600,0,500,"bu","14:08:39",292600
8500,-100,200,"sd","14:08:14",292100
8600,0,500,"bu","14:08:02",291900
8600,0,500,"bu","14:07:05",291400
8600,0,3000,"bu","14:05:36",290900
8600,0,1000,"bu","14:03:14",287900
8600,0,9500,"bu","13:59:30",286900
8600,0,9500,"bu","13:59:08",277400
8600,0,100,"bu","13:58:26",267900
8600,0,6000,"bu","13:57:38",267800
8500,-100,500,"sd","13:40:44",261800
8500,-100,500,"sd","13:40:24",261300
8500,-100,1500,"sd","13:39:20",260800
8500,-100,200,"sd","13:38:07",259300
8500,-100,100,"unknown","13:37:41",259100
8500,-100,500,"bu","13:37:26",259000
8500,-100,2400,"bu","13:37:23",258500
8500,-100,100,"sd","13:36:47",256100
8500,-100,100,"bu","13:36:33",256000
8500,-100,2100,"sd","13:36:32",255900
8500,-100,2500,"sd","13:36:14",253800
8500,-100,2000,"sd","13:35:57",251300
8500,-100,2000,"sd","13:34:28",249300
8500,-100,1000,"sd","13:34:02",247300
8500,-100,5000,"sd","13:33:47",246300
8500,-100,1000,"sd","13:33:06",241300
8500,-100,500,"sd","13:32:19",240300
8500,-100,500,"sd","13:30:08",239800
8600,0,1000,"bu","13:24:07",239300
8500,-100,1000,"sd","13:23:40",238300
8500,-100,2000,"sd","13:20:40",237300
8500,-100,1300,"sd","13:20:24",235300
8500,-100,500,"sd","13:12:31",234000
8500,-100,200,"sd","13:11:41",233500
8500,-100,5300,"bu","13:10:42",233300
8500,-100,20000,"bu","13:10:07",228000
8400,-200,1500,"sd","13:09:50",208000
8500,-100,2000,"bu","13:09:34",206500
8500,-100,200,"sd","13:08:42",204500
8500,-100,800,"bu","13:08:20",204300
8500,-100,1200,"sd","13:08:03",203500
8500,-100,8800,"bu","13:07:19",202300
8400,-200,200,"sd","13:07:01",193500
8400,-200,10000,"sd","13:06:30",193300
8500,-100,3000,"bu","13:02:15",183300
8500,-100,5000,"bu","13:00:13",180300
8500,-100,600,"bu","13:00:06",175300
8500,-100,100,"bu","11:29:29",174700
8500,-100,500,"bu","11:29:12",174600
8500,-100,300,"bu","11:28:24",174100
8500,-100,300,"bu","11:27:57",173800
8500,-100,1000,"bu","11:27:41",173500
8500,-100,500,"bu","11:27:03",172500
8500,-100,500,"bu","11:25:11",172000
8500,-100,1000,"bu","11:24:21",171500
8500,-100,2500,"bu","11:22:43",170500
8500,-100,3000,"bu","11:19:05",168000
8500,-100,200,"sd","11:18:44",165000
8500,-100,2000,"sd","11:18:42",164800
8500,-100,1000,"sd","11:18:04",162800
8500,-100,5600,"sd","11:17:41",161800
8500,-100,300,"sd","11:17:20",156200
8500,-100,1000,"sd","11:17:13",155900
8500,-100,5000,"sd","11:14:50",154900
8500,-100,500,"sd","11:12:48",149900
8500,-100,300,"sd","11:12:41",149400
8600,0,4800,"sd","11:06:16",149100
8600,0,1000,"sd","10:53:18",144300
8600,0,100,"sd","10:52:31",143300
8600,0,2000,"sd","10:44:16",143200
8600,0,200,"sd","10:28:05",141200
8700,100,500,"bu","10:25:19",141000
8700,100,2400,"bu","10:18:20",140500
8600,0,900,"sd","10:17:23",138100
8600,0,2000,"unknown","10:16:28",137200
8600,0,1100,"bu","10:12:32",135200
8600,0,600,"sd","10:01:17",134100
8600,0,600,"sd","10:01:04",133500
8600,0,5000,"sd","10:00:40",132900
8600,0,600,"sd","10:00:35",127900
8600,0,500,"sd","09:59:51",127300
8600,0,1000,"sd","09:59:29",126800
8600,0,5000,"sd","09:57:32",125800
8600,0,100,"sd","09:56:32",120800
8600,0,100,"sd","09:53:07",120700
8700,100,1100,"bu","09:46:32",120600
8700,100,500,"sd","09:37:32",119500
8700,100,1500,"sd","09:36:43",119000
8700,100,200,"unknown","09:34:46",117500
8700,100,300,"sd","09:34:22",117300
8700,100,400,"sd","09:34:20",117000
8700,100,1300,"bu","09:33:57",116600
8700,100,2000,"bu","09:33:14",115300
8700,100,2000,"sd","09:33:06",113300
8700,100,1000,"sd","09:32:46",111300
8700,100,2000,"sd","09:32:00",110300
8700,100,1000,"sd","09:31:47",108300
8700,100,200,"sd","09:31:35",107300
8700,100,3000,"sd","09:30:54",107100
8800,200,1000,"bu","09:29:00",104100
8800,200,200,"bu","09:28:15",103100
8800,200,600,"bu","09:24:31",102900
8800,200,200,"sd","09:24:10",102300
8800,200,400,"sd","09:24:02",102100
8800,200,4800,"bu","09:23:57",101700
8800,200,300,"bu","09:22:28",96900
8800,200,300,"unknown","09:21:26",96600
8800,200,2500,"sd","09:20:16",96300
8800,200,500,"sd","09:20:09",93800
8800,200,200,"sd","09:19:12",93300
8800,200,1000,"sd","09:18:10",93100
8800,200,400,"sd","09:18:07",92100
8900,300,5000,"bu","09:17:58",91700
8800,200,8400,"bu","09:16:46",86700
8800,200,800,"bu","09:16:34",78300
8800,200,400,"bu","09:16:32",77500
8800,200,4700,"bu","09:16:09",77100
8800,200,2000,"bu","09:15:27",72400
8800,200,2000,"bu","09:15:17",70400
8800,200,1000,"bu","09:15:06",68400
8800,200,1000,"bu","09:15:01",67400
8800,200,4700,"sd","09:14:51",66400
8800,200,200,"bu","09:14:37",61700
8800,200,200,"bu","09:14:23",61500
8800,200,11300,"bu","09:14:17",61300
8800,200,300,"bu","09:14:05",50000
8800,200,1000,"bu","09:13:54",49700
8800,200,100,"bu","09:13:46",48700
8800,200,500,"bu","09:13:38",48600
8800,200,200,"bu","09:13:28",48100
8800,200,2500,"bu","09:13:25",47900
8800,200,3100,"bu","09:13:18",45400
8800,200,2500,"bu","09:13:00",42300
8800,200,2000,"bu","09:12:39",39800
8800,200,1500,"bu","09:12:36",37800
8800,200,600,"bu","09:12:30",36300
8800,200,2000,"bu","09:12:11",35700
8700,100,1000,"sd","09:11:07",33700
8700,100,300,"sd","09:10:15",32700
8700,100,1000,"sd","09:10:07",32400
8700,100,1000,"sd","09:09:16",31400
8700,100,1000,"bu","09:08:30",30400
8700,100,2500,"bu","09:08:20",29400
8700,100,1000,"bu","09:08:02",26900
8700,100,3000,"bu","09:07:40",25900
8700,100,2500,"sd","09:07:37",22900
8700,100,300,"sd","09:07:32",20400
8700,100,3000,"sd","09:07:27",20100
8700,100,2000,"sd","09:07:24",17100
8700,100,300,"sd","09:07:05",15100
8700,100,2000,"sd","09:06:11",14800
8700,100,2400,"sd","09:05:21",12800
8700,100,3000,"sd","09:05:12",10400
8800,200,800,"bu","09:04:43",7400
8800,200,1900,"bu","09:03:08",6600
8800,200,100,"sd","09:02:50",4700
8800,200,700,"sd","09:02:32",4600
8800,200,100,"sd","09:00:57",3900
8800,200,1600,"sd","09:00:40",3800
8800,200,200,"sd","09:00:21",2200
8800,200,1100,"bu","09:00:15",2000
8800,200,900,"bu","09:00:14",900
