"price","change","match_qtty","side","time","total_vol"
35900,-650,42400,"unknown","14:44:59",1416100
35750,-800,1000,"unknown","14:30:01",1373700
35750,-800,100,"bu","14:29:49",1372700
35750,-800,5000,"bu","14:29:49",1372600
35750,-800,1000,"bu","14:29:49",1367600
35750,-800,100,"bu","14:29:49",1366600
35750,-800,100,"bu","14:29:49",1366500
35750,-800,200,"bu","14:29:49",1366400
35750,-800,300,"bu","14:29:49",1366200
35750,-800,200,"bu","14:29:49",1365900
35750,-800,500,"bu","14:29:49",1365700
35750,-800,5000,"bu","14:29:49",1365200
35750,-800,500,"bu","14:29:49",1360200
35750,-800,3000,"sd","14:29:49",1359700
35750,-800,300,"sd","14:29:49",1356700
35750,-800,1100,"sd","14:29:49",1356400
35750,-800,400,"sd","14:29:49",1355300
35800,-750,200,"sd","14:29:49",1354900
35800,-750,500,"sd","14:29:49",1354700
35800,-750,3000,"bu","14:29:43",1354200
35800,-750,1000,"sd","14:29:38",1351200
35800,-750,5000,"sd","14:29:38",1350200
35800,-750,500,"sd","14:29:38",1345200
35900,-650,100,"bu","14:29:33",1344700
35900,-650,1500,"bu","14:29:33",1344600
35900,-650,3500,"bu","14:29:24",1343100
35900,-650,400,"bu","14:29:14",1339600
35900,-650,200,"bu","14:29:10",1339200
35900,-650,100,"bu","14:29:08",1339000
35900,-650,200,"bu","14:29:06",1338900
35900,-650,100,"sd","14:28:37",1338700
35900,-650,100,"bu","14:28:34",1338600
35900,-650,5000,"bu","14:28:34",1338500
35900,-650,4800,"bu","14:28:34",1333500
35900,-650,200,"bu","14:28:21",1328700
35900,-650,700,"bu","14:28:21",1328500
35850,-700,100,"bu","14:28:21",1327800
35850,-700,100,"bu","14:28:11",1327700
35750,-800,2800,"sd","14:28:09",1327600
35750,-800,500,"sd","14:28:09",1324800
35750,-800,2000,"sd","14:28:09",1324300
35750,-800,1000,"sd","14:28:09",1322300
35750,-800,7700,"sd","14:28:09",1321300
35800,-750,5000,"unknown","14:28:09",1313600
35800,-750,1000,"unknown","14:28:09",1308600
35750,-800,2300,"bu","14:27:56",1307600
35750,-800,300,"bu","14:27:50",1305300
35750,-800,200,"bu","14:27:49",1305000
35750,-800,500,"bu","14:27:46",1304800
35750,-800,100,"bu","14:27:45",1304300
35750,-800,2000,"sd","14:27:45",1304200
35750,-800,100,"sd","14:27:45",1302200
35750,-800,2500,"sd","14:27:45",1302100
35750,-800,700,"sd","14:27:45",1299600
35750,-800,100,"sd","14:27:45",1298900
35750,-800,100,"sd","14:27:45",1298800
35750,-800,2000,"sd","14:27:45",1298700
35750,-800,2000,"sd","14:27:45",1296700
35750,-800,2100,"sd","14:27:45",1294700
35850,-700,1000,"bu","14:27:36",1292600
35750,-800,1000,"bu","14:27:28",1291600
35750,-800,100,"bu","14:27:28",1290600
35750,-800,100,"bu","14:27:22",1290500
35750,-800,100,"bu","14:27:21",1290400
35750,-800,200,"bu","14:27:18",1290300
35750,-800,1800,"bu","14:27:18",1290100
35750,-800,1000,"bu","14:27:18",1288300
35750,-800,400,"bu","14:27:17",1287300
35750,-800,200,"bu","14:27:12",1286900
35750,-800,200,"bu","14:27:10",1286700
35750,-800,500,"unknown","14:27:04",1286500
35750,-800,500,"sd","14:27:04",1286000
35750,-800,1000,"sd","14:27:04",1285500
35750,-800,500,"sd","14:27:04",1284500
35750,-800,300,"sd","14:27:04",1284000
35750,-800,2000,"sd","14:27:04",1283700
35750,-800,400,"sd","14:27:04",1281700
35750,-800,200,"sd","14:27:04",1281300
35750,-800,1000,"sd","14:27:04",1281100
35750,-800,100,"sd","14:26:47",1280100
35800,-750,100,"unknown","14:26:47",1280000
35750,-800,100,"bu","14:26:46",1279900
35750,-800,1800,"bu","14:26:46",1279800
35750,-800,300,"bu","14:26:43",1278000
35750,-800,100,"bu","14:26:42",1277700
35750,-800,100,"bu","14:26:37",1277600
35750,-800,300,"bu","14:26:33",1277500
35750,-800,900,"bu","14:26:26",1277200
35750,-800,3000,"sd","14:26:25",1276300
35750,-800,200,"sd","14:26:25",1273300
35750,-800,2000,"sd","14:26:25",1273100
35750,-800,200,"sd","14:26:25",1271100
35750,-800,1000,"sd","14:26:25",1270900
35750,-800,500,"sd","14:26:25",1269900
35750,-800,1000,"sd","14:26:25",1269400
35800,-750,900,"sd","14:26:25",1268400
35750,-800,200,"sd","14:26:25",1267500
35750,-800,500,"sd","14:26:25",1267300
35750,-800,2000,"sd","14:26:25",1266800
35800,-750,200,"bu","14:26:23",1264800
35800,-750,2900,"bu","14:26:23",1264600
35800,-750,100,"bu","14:26:23",1261700
35800,-750,500,"bu","14:26:19",1261600
35750,-800,300,"sd","14:26:10",1261100
35750,-800,200,"bu","14:25:58",1260800
35750,-800,100,"bu","14:25:56",1260600
35750,-800,4000,"bu","14:25:53",1260500
35750,-800,100,"sd","14:25:48",1256500
35750,-800,100,"sd","14:25:48",1256400
35750,-800,200,"sd","14:25:48",1256300
35750,-800,1000,"sd","14:25:48",1256100
35750,-800,3000,"sd","14:25:48",1255100
35750,-800,500,"sd","14:25:48",1252100
35750,-800,10000,"sd","14:25:48",1251600
35750,-800,800,"sd","14:25:48",1241600
35800,-750,100,"bu","14:25:48",1240800
35800,-750,100,"bu","14:25:45",1240700
35750,-800,200,"sd","14:25:38",1240600
35750,-800,500,"sd","14:25:38",1240400
35750,-800,200,"sd","14:25:38",1239900
35750,-800,100,"sd","14:25:38",1239700
35800,-750,100,"sd","14:25:29",1239600
35800,-750,500,"sd","14:25:29",1239500
35800,-750,100,"sd","14:25:29",1239000
35800,-750,200,"sd","14:25:29",1238900
35800,-750,200,"sd","14:25:29",1238700
35800,-750,1000,"sd","14:25:29",1238500
35800,-750,9200,"sd","14:25:29",1237500
35800,-750,700,"sd","14:25:24",1228300
35800,-750,100,"sd","14:24:56",1227600
35800,-750,100,"sd","14:24:56",1227500
35800,-750,800,"sd","14:24:56",1227400
35800,-750,1000,"bu","14:24:54",1226600
35800,-750,400,"bu","14:24:47",1225600
35750,-800,400,"sd","14:24:45",1225200
35750,-800,100,"sd","14:24:45",1224800
35800,-750,2000,"bu","14:24:44",1224700
35800,-750,400,"sd","14:24:40",1222700
35800,-750,1000,"sd","14:24:40",1222300
35800,-750,200,"sd","14:24:40",1221300
35900,-650,7500,"bu","14:24:39",1221100
35900,-650,300,"bu","14:24:28",1213600
35750,-800,900,"bu","14:24:11",1213300
35750,-800,100,"bu","14:24:07",1212400
35750,-800,1000,"sd","14:24:06",1212300
35750,-800,5000,"bu","14:24:02",1211300
35750,-800,100,"bu","14:24:01",1206300
35750,-800,2300,"bu","14:24:00",1206200
35750,-800,1000,"bu","14:23:57",1203900
35750,-800,100,"bu","14:23:53",1202900
35750,-800,1000,"bu","14:23:52",1202800
35750,-800,1000,"bu","14:23:50",1201800
35750,-800,500,"sd","14:23:45",1200800
35750,-800,300,"sd","14:23:45",1200300
35750,-800,1000,"sd","14:23:45",1200000
35750,-800,200,"sd","14:23:45",1199000
35750,-800,800,"sd","14:23:45",1198800
35750,-800,5000,"sd","14:23:45",1198000
35750,-800,1700,"sd","14:23:45",1193000
35900,-650,100,"bu","14:23:41",1191300
35900,-650,900,"bu","14:23:36",1191200
35900,-650,10500,"sd","14:23:20",1190300
35900,-650,10000,"bu","14:23:08",1179800
35900,-650,3500,"bu","14:23:08",1169800
35850,-700,1000,"bu","14:23:08",1166300
35750,-800,100,"sd","14:23:07",1165300
35750,-800,300,"sd","14:23:07",1165200
35750,-800,100,"sd","14:23:07",1164900
35750,-800,100,"sd","14:23:07",1164800
35750,-800,1400,"sd","14:23:07",1164700
35750,-800,100,"sd","14:23:00",1163300
35750,-800,500,"sd","14:22:51",1163200
35750,-800,100,"sd","14:22:51",1162700
35750,-800,400,"sd","14:22:51",1162600
35750,-800,600,"sd","14:22:44",1162200
35700,-850,300,"sd","14:22:36",1161600
35700,-850,6700,"sd","14:22:36",1161300
35700,-850,1800,"sd","14:22:36",1154600
35700,-850,100,"sd","14:22:36",1152800
35700,-850,200,"sd","14:22:36",1152700
35700,-850,100,"sd","14:22:36",1152500
35700,-850,200,"sd","14:22:36",1152400
35700,-850,300,"sd","14:22:36",1152200
35700,-850,200,"sd","14:22:36",1151900
35700,-850,100,"sd","14:22:36",1151700
35700,-850,700,"sd","14:22:20",1151600
35750,-800,300,"sd","14:22:20",1150900
35700,-850,2600,"sd","14:22:01",1150600
35700,-850,2600,"sd","14:22:01",1148000
35750,-800,2400,"sd","14:22:01",1145400
35750,-800,200,"sd","14:22:01",1143000
35750,-800,100,"sd","14:22:01",1142800
35750,-800,100,"sd","14:22:01",1142700
35950,-600,300,"bu","14:21:43",1142600
35800,-750,2000,"bu","14:21:39",1142300
35700,-850,2400,"sd","14:21:31",1140300
35700,-850,5000,"sd","14:21:31",1137900
35750,-800,200,"sd","14:21:31",1132900
35750,-800,200,"sd","14:21:31",1132700
35750,-800,100,"sd","14:21:31",1132500
35750,-800,300,"sd","14:21:31",1132400
35750,-800,100,"sd","14:21:31",1132100
35750,-800,200,"sd","14:21:31",1132000
35750,-800,500,"sd","14:21:31",1131800
35800,-750,100,"sd","14:21:24",1131300
35800,-750,500,"sd","14:21:24",1131200
35850,-700,100,"sd","14:21:24",1130700
35900,-650,500,"bu","14:21:23",1130600
35950,-600,500,"bu","14:20:46",1130100
35950,-600,200,"bu","14:20:46",1129600
35950,-600,300,"bu","14:20:46",1129400
35950,-600,2000,"sd","14:20:38",1129100
35950,-600,1000,"sd","14:20:34",1127100
35950,-600,500,"sd","14:20:34",1126100
35950,-600,100,"bu","14:20:15",1125600
35750,-800,500,"sd","14:20:15",1125500
36000,-550,300,"bu","14:19:48",1125000
35550,-1000,2000,"sd","14:19:48",1124700
35500,-1050,700,"sd","14:19:43",1122700
35500,-1050,1300,"sd","14:19:43",1122000
35500,-1050,100,"sd","14:19:37",1120700
36000,-550,100,"bu","14:19:35",1120600
35900,-650,100,"bu","14:19:35",1120500
35500,-1050,600,"bu","14:19:33",1120400
35500,-1050,500,"bu","14:19:33",1119800
35500,-1050,1000,"sd","14:19:31",1119300
35500,-1050,100,"sd","14:19:31",1118300
35500,-1050,100,"sd","14:19:31",1118200
35500,-1050,900,"sd","14:19:31",1118100
35500,-1050,100,"bu","14:19:28",1117200
35500,-1050,200,"bu","14:19:26",1117100
35500,-1050,200,"bu","14:19:25",1116900
35500,-1050,200,"bu","14:19:25",1116700
35500,-1050,1100,"bu","14:19:22",1116500
35500,-1050,200,"bu","14:19:21",1115400
35500,-1050,200,"bu","14:19:18",1115200
35500,-1050,1000,"bu","14:19:18",1115000
35500,-1050,100,"bu","14:19:16",1114000
35500,-1050,100,"bu","14:19:14",1113900
35500,-1050,5000,"sd","14:19:14",1113800
35500,-1050,500,"sd","14:19:14",1108800
35500,-1050,100,"sd","14:19:14",1108300
35500,-1050,500,"sd","14:19:14",1108200
35500,-1050,400,"sd","14:19:14",1107700
35500,-1050,500,"sd","14:19:14",1107300
35500,-1050,4000,"sd","14:19:14",1106800
35500,-1050,2000,"sd","14:19:14",1102800
35500,-1050,1000,"sd","14:19:14",1100800
35500,-1050,200,"sd","14:19:14",1099800
35500,-1050,1000,"sd","14:19:14",1099600
35500,-1050,10000,"sd","14:19:14",1098600
35550,-1000,200,"sd","14:19:14",1088600
35550,-1000,200,"sd","14:19:14",1088400
35550,-1000,100,"sd","14:19:14",1088200
35600,-950,500,"sd","14:19:14",1088100
35700,-850,200,"sd","14:19:14",1087600
35900,-650,1000,"sd","14:19:14",1087400
35900,-650,1000,"bu","14:19:13",1086400
35700,-850,800,"bu","14:19:12",1085400
35700,-850,4100,"bu","14:19:02",1084600
35500,-1050,900,"bu","14:18:46",1080500
35500,-1050,100,"bu","14:18:46",1079600
35500,-1050,300,"bu","14:18:46",1079500
35500,-1050,1600,"bu","14:18:46",1079200
35500,-1050,100,"bu","14:18:46",1077600
35500,-1050,300,"bu","14:18:44",1077500
35500,-1050,1200,"bu","14:18:43",1077200
35500,-1050,1000,"bu","14:18:42",1076000
35500,-1050,2000,"bu","14:18:40",1075000
35500,-1050,6000,"bu","14:18:39",1073000
35500,-1050,1000,"bu","14:18:38",1067000
35500,-1050,100,"bu","14:18:37",1066000
35500,-1050,100,"bu","14:18:36",1065900
35500,-1050,1000,"bu","14:18:36",1065800
35500,-1050,6000,"bu","14:18:32",1064800
35500,-1050,1000,"bu","14:18:32",1058800
35500,-1050,8000,"bu","14:18:31",1057800
35500,-1050,2000,"bu","14:18:28",1049800
35500,-1050,5000,"bu","14:18:26",1047800
35500,-1050,100,"bu","14:18:26",1042800
35500,-1050,500,"bu","14:18:15",1042700
35500,-1050,100,"sd","14:18:12",1042200
35500,-1050,200,"sd","14:18:12",1042100
35500,-1050,2000,"sd","14:18:12",1041900
35500,-1050,300,"sd","14:18:12",1039900
35500,-1050,500,"sd","14:18:12",1039600
35500,-1050,500,"sd","14:18:12",1039100
35500,-1050,100,"sd","14:18:12",1038600
35500,-1050,500,"sd","14:18:12",1038500
35500,-1050,2000,"sd","14:18:12",1038000
35500,-1050,100,"sd","14:18:12",1036000
35500,-1050,100,"sd","14:18:12",1035900
35500,-1050,1000,"sd","14:18:12",1035800
35500,-1050,300,"sd","14:18:12",1034800
35500,-1050,100,"sd","14:18:12",1034500
35500,-1050,200,"sd","14:18:12",1034400
35500,-1050,1000,"sd","14:18:12",1034200
35600,-950,200,"sd","14:18:12",1033200
35500,-1050,100,"sd","14:18:12",1033000
35600,-950,2000,"sd","14:18:12",1032900
35500,-1050,200,"sd","14:18:12",1030900
35600,-950,300,"sd","14:18:12",1030700
35500,-1050,1000,"sd","14:18:12",1030400
35600,-950,100,"sd","14:18:12",1029400
35500,-1050,30000,"sd","14:18:12",1029300
35600,-950,5000,"sd","14:18:12",999300
35600,-950,1100,"sd","14:18:12",994300
35600,-950,300,"sd","14:18:12",993200
35600,-950,1300,"sd","14:18:12",992900
35600,-950,2000,"sd","14:18:12",991600
35600,-950,100,"sd","14:18:12",989600
35550,-1000,100,"sd","14:18:12",989500
35550,-1000,10000,"sd","14:18:12",989400
35600,-950,100,"sd","14:18:12",979400
35600,-950,100,"sd","14:18:12",979300
35700,-850,1000,"bu","14:18:11",979200
35700,-850,6300,"sd","14:18:03",978200
35700,-850,5000,"sd","14:18:03",971900
35700,-850,5000,"sd","14:18:03",966900
35700,-850,3000,"sd","14:18:03",961900
35700,-850,3000,"sd","14:18:03",958900
35700,-850,3000,"sd","14:18:03",955900
35700,-850,3000,"sd","14:18:03",952900
35700,-850,3000,"sd","14:18:03",949900
35700,-850,3000,"sd","14:18:03",946900
35700,-850,2000,"sd","14:18:03",943900
35700,-850,2000,"sd","14:18:03",941900
35700,-850,2000,"sd","14:18:03",939900
35700,-850,2000,"sd","14:18:03",937900
35700,-850,100,"sd","14:18:03",935900
35700,-850,2000,"sd","14:18:03",935800
35700,-850,2000,"sd","14:18:03",933800
35700,-850,2000,"sd","14:18:03",931800
35700,-850,1000,"sd","14:18:03",929800
35700,-850,4000,"sd","14:18:03",928800
35700,-850,3000,"sd","14:18:03",924800
35700,-850,2000,"sd","14:18:03",921800
35700,-850,3000,"sd","14:18:03",919800
35700,-850,2200,"sd","14:18:03",916800
35700,-850,200,"sd","14:18:03",914600
35700,-850,2000,"sd","14:18:03",914400
35700,-850,300,"sd","14:18:03",912400
35700,-850,2000,"sd","14:18:03",912100
35700,-850,2000,"sd","14:18:03",910100
35700,-850,2000,"sd","14:18:03",908100
35700,-850,2000,"sd","14:18:03",906100
35700,-850,2000,"sd","14:18:03",904100
35700,-850,1500,"sd","14:18:03",902100
35800,-750,100,"sd","14:18:03",900600
35700,-850,1500,"sd","14:18:03",900500
35800,-750,100,"sd","14:18:03",899000
35700,-850,1500,"sd","14:18:03",898900
35800,-750,100,"sd","14:18:03",897400
35700,-850,1500,"sd","14:18:03",897300
35700,-850,300,"sd","14:18:03",895800
35700,-850,1500,"sd","14:18:03",895500
35700,-850,100,"sd","14:18:03",894000
35700,-850,100,"sd","14:18:03",893900
35700,-850,3000,"sd","14:18:03",893800
35750,-800,1300,"sd","14:18:03",890800
35750,-800,100,"sd","14:18:03",889500
35750,-800,500,"sd","14:18:03",886400
35750,-800,3000,"sd","14:18:03",889400
35800,-750,1800,"sd","14:18:03",885900
36000,-550,1400,"bu","14:17:50",884100
36000,-550,200,"bu","14:17:48",882700
36050,-500,200,"bu","14:17:33",882500
35800,-750,400,"sd","14:17:32",882300
35800,-750,1000,"sd","14:17:32",881900
35800,-750,300,"sd","14:17:32",880900
35800,-750,200,"sd","14:17:32",880600
35800,-750,1000,"sd","14:17:32",880400
35800,-750,100,"sd","14:17:32",879400
35850,-700,2000,"unknown","14:17:32",879300
35850,-700,200,"unknown","14:17:32",877300
35850,-700,3000,"unknown","14:17:32",877100
35800,-750,200,"sd","14:17:32",874100
35800,-750,1200,"sd","14:17:32",873900
35800,-750,200,"sd","14:17:32",872700
35800,-750,600,"sd","14:17:32",872500
35850,-700,3000,"sd","14:17:32",871900
35800,-750,500,"sd","14:17:32",868900
35850,-700,200,"sd","14:17:32",868400
35800,-750,500,"sd","14:17:32",868200
35900,-650,1000,"sd","14:17:32",867700
35900,-650,200,"sd","14:17:32",866700
35800,-750,3000,"sd","14:17:32",866500
35900,-650,300,"sd","14:17:32",863500
35900,-650,100,"sd","14:17:32",863200
35800,-750,500,"sd","14:17:32",863100
35900,-650,1000,"sd","14:17:32",862600
35900,-650,100,"sd","14:17:32",861600
35800,-750,300,"sd","14:17:32",861500
35900,-650,2000,"sd","14:17:32",861200
35900,-650,5000,"sd","14:17:32",859200
35950,-600,100,"sd","14:17:32",854200
35900,-650,100,"sd","14:17:32",854100
35900,-650,1300,"sd","14:17:32",854000
35900,-650,500,"sd","14:17:32",852700
35900,-650,400,"sd","14:17:32",852200
35900,-650,500,"sd","14:17:32",851800
35900,-650,900,"sd","14:17:32",851300
35800,-750,100,"sd","14:17:32",850400
35900,-650,900,"sd","14:17:32",850300
35800,-750,3100,"sd","14:17:32",849400
35900,-650,2000,"sd","14:17:32",846300
35900,-650,200,"sd","14:17:32",844300
35950,-600,100,"sd","14:17:32",844100
35800,-750,500,"sd","14:17:32",844000
35950,-600,200,"sd","14:17:32",843500
35800,-750,2000,"sd","14:17:32",843300
35900,-650,100,"sd","14:17:32",841300
35950,-600,700,"sd","14:17:32",841200
35950,-600,200,"sd","14:17:32",840500
35900,-650,2000,"sd","14:17:32",840300
35950,-600,1000,"sd","14:17:32",838300
35900,-650,200,"sd","14:17:32",837300
35900,-650,100,"sd","14:17:32",837100
35850,-700,700,"sd","14:17:32",836900
35900,-650,100,"sd","14:17:32",837000
35900,-650,500,"sd","14:17:32",836200
35900,-650,3000,"sd","14:17:32",835700
35950,-600,200,"sd","14:17:32",832700
35950,-600,500,"sd","14:17:32",832500
35900,-650,200,"sd","14:17:32",832000
35950,-600,200,"sd","14:17:32",831800
35900,-650,200,"sd","14:17:32",831600
35900,-650,500,"sd","14:17:32",831400
35950,-600,100,"sd","14:17:32",830900
35900,-650,2400,"sd","14:17:32",830800
35950,-600,5000,"sd","14:17:32",828400
35900,-650,100,"sd","14:17:32",823400
35950,-600,100,"sd","14:17:32",823300
35900,-650,1000,"sd","14:17:32",823200
35950,-600,500,"sd","14:17:32",822200
36000,-550,300,"sd","14:17:32",821700
35900,-650,100,"sd","14:17:32",821400
36000,-550,100,"sd","14:17:32",821300
35950,-600,500,"sd","14:17:32",821200
36000,-550,400,"sd","14:17:32",820700
36000,-550,100,"sd","14:17:32",820300
35950,-600,100,"sd","14:17:32",820200
35900,-650,200,"sd","14:17:32",820100
36000,-550,500,"sd","14:17:32",819900
35950,-600,400,"sd","14:17:32",819400
35950,-600,200,"sd","14:17:32",819000
35950,-600,3500,"sd","14:17:32",818800
36000,-550,1000,"sd","14:17:32",815300
35950,-600,500,"sd","14:17:32",814300
36000,-550,2400,"sd","14:17:32",813800
36000,-550,2000,"sd","14:17:32",811400
36000,-550,100,"sd","14:17:32",809400
36000,-550,200,"sd","14:17:32",809300
36000,-550,1000,"sd","14:17:32",809100
36000,-550,2000,"sd","14:17:32",808100
36000,-550,300,"sd","14:17:32",806100
36000,-550,3000,"sd","14:17:32",805800
36000,-550,300,"sd","14:17:32",802800
36000,-550,1000,"sd","14:17:32",802500
36000,-550,300,"sd","14:17:32",801500
36000,-550,1000,"sd","14:17:32",801200
36000,-550,100,"sd","14:17:32",800200
36000,-550,1100,"sd","14:17:32",800100
36000,-550,500,"sd","14:17:32",799000
36000,-550,200,"sd","14:17:32",798500
36000,-550,8000,"sd","14:17:32",798300
36000,-550,300,"sd","14:17:32",790300
36000,-550,100,"sd","14:17:32",790000
36000,-550,200,"sd","14:17:32",789900
36000,-550,200,"sd","14:17:32",789700
36000,-550,1000,"sd","14:17:32",789500
36000,-550,100,"sd","14:17:32",788500
36000,-550,200,"sd","14:17:32",788400
36000,-550,800,"sd","14:17:32",788200
36000,-550,600,"sd","14:17:32",787400
36000,-550,200,"sd","14:17:32",786800
36000,-550,200,"sd","14:17:32",786600
36000,-550,100,"sd","14:17:32",786400
36000,-550,100,"sd","14:17:32",786300
36000,-550,600,"sd","14:17:32",786200
36000,-550,1300,"sd","14:17:32",785600
36000,-550,200,"sd","14:17:32",784300
36000,-550,100,"sd","14:17:32",784100
36000,-550,300,"sd","14:17:32",784000
36000,-550,1000,"sd","14:17:32",783700
36000,-550,2000,"sd","14:17:32",782700
36000,-550,200,"sd","14:17:32",780700
36000,-550,500,"sd","14:17:32",780500
36000,-550,200,"sd","14:17:32",780000
36000,-550,100,"sd","14:17:32",779800
36000,-550,300,"sd","14:17:32",779700
36000,-550,100,"sd","14:17:32",779400
36050,-500,100,"bu","14:17:22",779300
36050,-500,2000,"bu","14:17:13",779200
36050,-500,100,"sd","14:17:09",777200
36050,-500,300,"sd","14:17:09",777100
36050,-500,500,"sd","14:17:09",776800
36050,-500,100,"sd","14:17:09",776300
36050,-500,800,"sd","14:16:51",776200
36050,-500,100,"sd","14:16:14",775400
36050,-500,2000,"sd","14:16:14",775300
36000,-550,100,"sd","14:16:08",773300
36000,-550,1700,"sd","14:16:06",773200
36050,-500,100,"sd","14:16:03",771500
36050,-500,200,"sd","14:16:03",771400
36050,-500,100,"sd","14:16:03",771200
36050,-500,300,"sd","14:16:03",771100
36050,-500,200,"sd","14:16:03",770800
36050,-500,500,"sd","14:16:03",770600
36050,-500,500,"sd","14:16:00",770100
36050,-500,1000,"sd","14:16:00",769600
36050,-500,500,"sd","14:16:00",768600
36100,-450,1000,"sd","14:16:00",768100
36100,-450,1000,"sd","14:16:00",767100
36100,-450,200,"sd","14:16:00",766100
36100,-450,1000,"sd","14:16:00",765900
36100,-450,100,"sd","14:16:00",764900
36100,-450,500,"sd","14:16:00",764800
36100,-450,300,"sd","14:16:00",764300
36100,-450,1000,"sd","14:16:00",764000
36150,-400,100,"sd","14:15:50",763000
36150,-400,1000,"sd","14:15:40",762900
36150,-400,200,"sd","14:15:38",761900
36150,-400,300,"bu","14:15:24",761700
36150,-400,500,"bu","14:15:24",761400
36150,-400,900,"bu","14:15:24",760900
36150,-400,100,"sd","14:15:20",760000
36150,-400,500,"sd","14:15:20",759900
36150,-400,100,"sd","14:15:04",759400
36150,-400,400,"sd","14:15:04",759300
36200,-350,300,"bu","14:15:04",758900
36200,-350,200,"bu","14:15:04",758600
36200,-350,600,"bu","14:15:04",758400
36250,-300,4100,"bu","14:15:04",757800
36250,-300,1000,"bu","14:15:02",753700
36250,-300,900,"bu","14:15:02",752700
36200,-350,1400,"sd","14:14:50",751800
36200,-350,300,"sd","14:14:50",750400
36200,-350,100,"sd","14:14:50",750100
36200,-350,100,"sd","14:14:50",750000
36200,-350,100,"sd","14:14:50",749900
36250,-300,100,"sd","14:14:39",749800
36250,-300,5000,"sd","14:14:39",749700
36350,-200,600,"bu","14:13:23",744700
36350,-200,100,"bu","14:13:23",744100
36350,-200,1000,"bu","14:13:23",744000
36350,-200,1000,"bu","14:13:23",743000
36350,-200,300,"bu","14:13:23",742000
36300,-250,100,"bu","14:13:23",741700
36300,-250,1000,"bu","14:12:54",741600
36300,-250,100,"bu","14:12:21",740600
36250,-300,100,"bu","14:12:21",740500
36250,-300,100,"sd","14:11:48",740400
36250,-300,300,"sd","14:11:48",740300
36250,-300,500,"sd","14:11:20",740000
36250,-300,200,"sd","14:11:08",739500
36250,-300,300,"sd","14:11:08",739300
36250,-300,100,"bu","14:09:55",739000
36250,-300,500,"bu","14:09:55",738900
36250,-300,100,"bu","14:09:55",738400
36200,-350,100,"sd","14:09:14",738300
36200,-350,1000,"sd","14:09:10",738200
36200,-350,1500,"sd","14:08:54",737200
36200,-350,100,"sd","14:08:48",735700
36200,-350,2000,"sd","14:08:46",735600
36200,-350,800,"sd","14:08:40",733600
36250,-300,5000,"bu","14:08:27",732800
36250,-300,2900,"bu","14:06:39",727800
36250,-300,100,"bu","14:06:24",724900
36250,-300,700,"bu","14:06:08",724800
36250,-300,100,"bu","14:06:08",724100
36250,-300,200,"bu","14:06:08",724000
36250,-300,2000,"sd","14:05:47",723800
36250,-300,100,"sd","14:05:47",721800
36250,-300,200,"sd","14:05:19",721700
36250,-300,1400,"sd","14:05:07",721500
36300,-250,700,"bu","14:04:17",720100
36300,-250,400,"bu","14:04:17",719400
36300,-250,1000,"bu","14:04:17",719000
36300,-250,200,"bu","14:04:14",718000
36300,-250,100,"bu","14:03:46",717800
36300,-250,1000,"sd","14:03:41",717700
36300,-250,500,"sd","14:03:41",716700
36300,-250,1200,"sd","14:03:41",716200
36300,-250,600,"sd","14:03:38",715000
36300,-250,100,"sd","14:03:38",714400
36300,-250,200,"sd","14:03:38",714300
36300,-250,100,"sd","14:03:38",714100
36300,-250,100,"sd","14:03:07",714000
36300,-250,800,"sd","14:02:53",713900
36300,-250,2000,"sd","14:02:04",713100
36300,-250,8000,"sd","14:01:40",711100
36300,-250,200,"sd","14:01:40",703100
36300,-250,2000,"sd","14:01:40",702900
36300,-250,100,"sd","14:01:40",700900
36300,-250,4000,"sd","14:01:40",700800
36300,-250,200,"sd","14:01:40",696800
36300,-250,100,"sd","14:01:40",696600
36350,-200,3000,"sd","14:01:40",696500
36400,-150,3000,"bu","14:00:09",693500
36400,-150,400,"bu","13:59:53",690500
36400,-150,500,"sd","13:59:20",690100
36400,-150,1700,"sd","13:59:07",689600
36400,-150,300,"sd","13:59:07",687900
36400,-150,1900,"sd","13:58:50",687600
36450,-100,100,"sd","13:58:50",685700
36500,-50,700,"bu","13:58:49",685600
36500,-50,500,"bu","13:58:49",684900
36500,-50,2000,"bu","13:58:49",684400
36500,-50,300,"bu","13:58:49",682400
36500,-50,300,"bu","13:58:49",682100
36500,-50,1200,"bu","13:58:49",681800
36500,-50,1100,"bu","13:58:37",680600
36500,-50,100,"bu","13:58:37",679500
36500,-50,1000,"bu","13:58:37",679400
36500,-50,1000,"bu","13:58:37",678400
36500,-50,1000,"bu","13:58:37",677400
36500,-50,800,"bu","13:58:37",676400
36450,-100,200,"sd","13:58:37",675600
36450,-100,800,"sd","13:58:37",675400
36450,-100,300,"bu","13:57:49",674600
36450,-100,1700,"bu","13:57:45",674300
36450,-100,200,"bu","13:57:45",672600
36450,-100,200,"bu","13:57:45",672400
36450,-100,300,"bu","13:57:45",672200
36450,-100,300,"bu","13:57:45",671900
36450,-100,300,"bu","13:57:45",671600
36450,-100,2000,"bu","13:57:45",671300
36400,-150,300,"sd","13:56:59",669300
36400,-150,100,"sd","13:56:59",669000
36400,-150,100,"bu","13:55:55",668900
36400,-150,200,"bu","13:55:55",668800
36400,-150,1800,"bu","13:55:51",668600
36400,-150,200,"bu","13:55:51",666800
36400,-150,100,"bu","13:55:49",666600
36300,-250,7000,"sd","13:55:23",666500
36300,-250,2700,"sd","13:54:25",659500
36350,-200,1000,"sd","13:54:25",656800
36350,-200,100,"sd","13:54:25",655800
36350,-200,1000,"bu","13:54:01",655700
36300,-250,1000,"sd","13:53:52",654700
36350,-200,1000,"bu","13:53:38",653700
36400,-150,900,"bu","13:53:19",652700
36400,-150,500,"bu","13:53:19",651800
36400,-150,600,"bu","13:53:19",651300
36300,-250,1000,"sd","13:53:15",650700
36400,-150,400,"bu","13:53:03",649700
36400,-150,100,"bu","13:53:03",649300
36400,-150,500,"bu","13:53:03",649200
36400,-150,200,"bu","13:52:34",648700
36400,-150,300,"bu","13:52:22",648500
36400,-150,100,"bu","13:52:22",648200
36400,-150,100,"bu","13:52:22",648100
36400,-150,500,"bu","13:52:22",648000
36400,-150,100,"bu","13:52:09",647500
36400,-150,400,"bu","13:51:50",647400
36350,-200,100,"bu","13:51:50",647000
36350,-200,200,"bu","13:51:50",646900
36350,-200,4300,"bu","13:51:50",646700
36300,-250,1000,"sd","13:51:34",642400
36350,-200,100,"bu","13:51:26",641400
36300,-250,200,"bu","13:50:42",641300
36300,-250,100,"bu","13:50:42",641100
36300,-250,400,"bu","13:50:42",641000
36300,-250,500,"bu","13:50:42",640600
36300,-250,1000,"bu","13:50:42",640100
36300,-250,3000,"bu","13:50:42",639100
36300,-250,700,"bu","13:50:42",636100
36250,-300,1000,"bu","13:50:26",635400
36250,-300,100,"bu","13:50:26",634400
36250,-300,300,"bu","13:50:26",634300
36200,-350,300,"bu","13:50:11",634000
36200,-350,1000,"bu","13:50:11",633700
36200,-350,100,"bu","13:50:11",632700
36200,-350,300,"bu","13:50:11",632600
36200,-350,100,"bu","13:50:11",632300
36200,-350,1000,"bu","13:50:11",632200
36200,-350,200,"bu","13:50:11",631200
36200,-350,300,"bu","13:50:11",631000
36200,-350,200,"bu","13:50:11",630700
36150,-400,900,"bu","13:50:11",630500
36150,-400,300,"sd","13:50:07",629600
36150,-400,200,"bu","13:49:43",629300
36150,-400,500,"bu","13:49:43",629100
36150,-400,2000,"bu","13:49:43",628600
36150,-400,2000,"bu","13:49:41",626600
36100,-450,1900,"bu","13:48:58",624600
36100,-450,100,"bu","13:48:15",622700
36100,-450,3500,"sd","13:46:41",622600
36100,-450,100,"sd","13:46:30",619100
36100,-450,1000,"sd","13:46:13",619000
36100,-450,100,"sd","13:46:10",618000
36100,-450,100,"bu","13:45:45",617900
36100,-450,100,"bu","13:45:45",617800
36100,-450,100,"bu","13:45:45",617700
36100,-450,100,"bu","13:45:28",617600
36100,-450,2800,"bu","13:44:51",617500
36100,-450,100,"bu","13:44:51",614700
36100,-450,100,"bu","13:44:51",614600
36050,-500,300,"sd","13:43:37",614500
36050,-500,1400,"sd","13:43:34",614200
36050,-500,200,"sd","13:43:34",612800
36050,-500,100,"sd","13:43:34",612600
36050,-500,1000,"sd","13:43:34",612500
36050,-500,600,"sd","13:41:38",611500
36050,-500,200,"sd","13:41:38",610900
36050,-500,200,"sd","13:41:38",610700
36050,-500,800,"sd","13:41:10",610500
36050,-500,1100,"sd","13:41:10",609700
36050,-500,900,"sd","13:40:44",608600
36050,-500,100,"sd","13:40:44",607700
36050,-500,1000,"sd","13:40:44",607600
36100,-450,100,"bu","13:40:41",606600
36100,-450,100,"bu","13:40:41",606500
36100,-450,900,"bu","13:40:41",606400
36100,-450,500,"bu","13:40:41",605500
36100,-450,100,"bu","13:40:41",605000
36100,-450,5000,"bu","13:40:41",604900
36100,-450,1000,"bu","13:40:41",599900
36100,-450,500,"bu","13:40:41",598900
36050,-500,100,"sd","13:40:04",598400
36050,-500,200,"sd","13:40:04",598300
36050,-500,200,"sd","13:40:04",598100
36100,-450,100,"bu","13:39:21",597900
36050,-500,2000,"sd","13:39:13",597800
36100,-450,200,"bu","13:38:47",595800
36050,-500,700,"sd","13:38:33",595600
36100,-450,100,"bu","13:38:04",594900
36100,-450,300,"bu","13:37:56",594800
36100,-450,100,"bu","13:37:40",594500
36100,-450,700,"bu","13:37:24",594400
36100,-450,4000,"bu","13:37:24",593700
36100,-450,100,"bu","13:37:24",589700
36100,-450,200,"bu","13:37:24",589600
36050,-500,1000,"sd","13:36:45",589400
36050,-500,100,"sd","13:36:23",588400
36050,-500,100,"sd","13:35:41",588300
36050,-500,100,"sd","13:35:41",588200
36100,-450,100,"bu","13:35:13",588100
36050,-500,400,"sd","13:33:30",588000
36050,-500,500,"sd","13:32:36",587600
36050,-500,500,"sd","13:32:36",587100
36050,-500,100,"sd","13:32:36",586600
36050,-500,100,"bu","13:32:28",586500
36050,-500,100,"bu","13:32:28",586400
36050,-500,200,"bu","13:32:28",586300
36050,-500,100,"bu","13:32:22",586100
36050,-500,7000,"bu","13:32:14",586000
36000,-550,400,"sd","13:32:08",579000
36050,-500,100,"sd","13:30:54",578600
36050,-500,400,"sd","13:30:54",578500
36050,-500,600,"sd","13:30:18",578100
36100,-450,1100,"bu","13:29:13",577500
36100,-450,200,"bu","13:29:13",576400
36100,-450,300,"bu","13:29:13",576200
36100,-450,5000,"bu","13:29:13",575900
36100,-450,1400,"bu","13:29:13",570900
36050,-500,300,"bu","13:28:30",569500
36050,-500,700,"sd","13:28:14",569200
36050,-500,100,"sd","13:27:46",568500
36000,-550,1000,"sd","13:27:45",568400
36000,-550,1000,"sd","13:25:32",567400
36000,-550,1000,"sd","13:24:56",566400
36100,-450,1500,"bu","13:24:48",565400
36050,-500,100,"bu","13:24:48",563900
36050,-500,1400,"bu","13:24:48",563800
36050,-500,200,"bu","13:24:38",562400
36050,-500,1000,"bu","13:24:23",562200
36050,-500,100,"bu","13:24:17",561200
36050,-500,100,"sd","13:24:09",561100
36050,-500,100,"sd","13:24:09",561000
36050,-500,100,"sd","13:24:09",560900
36050,-500,100,"sd","13:24:09",560800
36050,-500,100,"sd","13:24:09",560700
36050,-500,800,"sd","13:24:09",560600
36100,-450,2000,"bu","13:24:00",559800
36100,-450,100,"bu","13:23:46",557800
36100,-450,4900,"bu","13:23:46",557700
36050,-500,500,"sd","13:23:12",552800
36050,-500,400,"sd","13:22:37",552300
36050,-500,2000,"sd","13:22:08",551900
36050,-500,1000,"sd","13:20:38",549900
36050,-500,5000,"sd","13:20:19",548900
36050,-500,1400,"bu","13:20:15",543900
36050,-500,300,"bu","13:19:56",542500
36050,-500,200,"bu","13:19:53",542200
36050,-500,100,"sd","13:19:15",542000
36050,-500,100,"bu","13:18:56",541900
36000,-550,3000,"sd","13:18:45",541800
36050,-500,900,"bu","13:18:33",538800
36000,-550,800,"sd","13:18:13",537900
36050,-500,1000,"sd","13:18:13",537100
36050,-500,600,"sd","13:18:13",536100
36050,-500,100,"sd","13:18:13",535500
36050,-500,400,"sd","13:17:24",535400
36050,-500,500,"sd","13:17:24",535000
36050,-500,400,"sd","13:17:24",534500
36050,-500,1900,"sd","13:17:24",534100
36100,-450,2000,"bu","13:16:34",532200
36050,-500,200,"sd","13:16:34",530200
36050,-500,500,"bu","13:15:21",530000
36050,-500,200,"bu","13:15:21",529500
36050,-500,2200,"bu","13:15:21",529300
36050,-500,1200,"bu","13:15:18",527100
36050,-500,100,"bu","13:15:08",525900
36050,-500,100,"bu","13:12:59",525800
36050,-500,300,"bu","13:12:22",525700
36000,-550,100,"sd","13:11:50",525400
36050,-500,1000,"bu","13:11:35",525300
36000,-550,500,"sd","13:11:25",524300
36050,-500,100,"sd","13:10:59",523800
36000,-550,200,"sd","13:10:35",523700
36050,-500,100,"sd","13:10:35",523500
36000,-550,100,"sd","13:10:07",523400
36000,-550,500,"sd","13:09:48",523300
36000,-550,1000,"sd","13:09:48",522800
36000,-550,600,"sd","13:09:48",521800
36000,-550,100,"sd","13:09:48",521200
36000,-550,1000,"sd","13:09:48",521100
36000,-550,100,"sd","13:09:48",520100
36000,-550,200,"sd","13:09:48",520000
36000,-550,200,"sd","13:09:48",519800
36000,-550,300,"sd","13:09:48",519600
36050,-500,1000,"sd","13:09:48",519300
36000,-550,700,"sd","13:09:29",518300
36000,-550,3100,"sd","13:09:29",517600
36050,-500,500,"sd","13:09:29",514500
36050,-500,500,"sd","13:09:29",514000
36050,-500,200,"sd","13:09:29",513500
36050,-500,100,"bu","13:08:56",513300
36050,-500,700,"bu","13:08:56",513200
36000,-550,1900,"sd","13:08:54",512500
36000,-550,200,"sd","13:08:54",510600
36000,-550,2900,"sd","13:08:54",510400
36000,-550,100,"sd","13:08:52",507500
36000,-550,700,"sd","13:08:52",507400
36000,-550,200,"sd","13:08:52",506700
36050,-500,2000,"bu","13:08:45",506500
36050,-500,300,"sd","13:08:33",504500
36050,-500,100,"sd","13:08:31",504200
36050,-500,100,"bu","13:08:10",504100
36050,-500,100,"sd","13:07:34",504000
36050,-500,100,"sd","13:07:16",503900
36050,-500,100,"sd","13:07:16",503800
36050,-500,100,"sd","13:07:16",503700
36050,-500,200,"sd","13:06:06",503600
36050,-500,300,"sd","13:06:06",503400
36050,-500,200,"sd","13:06:02",503100
36050,-500,500,"sd","13:05:15",502900
36050,-500,100,"sd","13:05:03",502400
36050,-500,200,"bu","13:04:27",502300
36050,-500,500,"bu","13:04:01",502100
36050,-500,200,"bu","13:03:54",501600
36000,-550,400,"sd","13:03:41",501400
36000,-550,100,"sd","13:03:41",501000
36000,-550,100,"sd","13:03:41",500900
36000,-550,400,"sd","13:03:41",500800
36050,-500,300,"sd","13:03:16",500400
36100,-450,1000,"bu","13:03:16",500100
36100,-450,400,"bu","13:03:15",499100
36100,-450,100,"bu","13:03:15",498700
36100,-450,100,"bu","13:03:15",498600
36100,-450,100,"bu","13:03:15",498500
36100,-450,2000,"bu","13:03:15",498400
36100,-450,1000,"bu","13:03:15",496400
36100,-450,300,"bu","13:03:15",495400
36000,-550,100,"sd","13:02:30",495100
36000,-550,200,"sd","13:02:30",495000
36050,-500,500,"bu","13:02:12",494800
36050,-500,100,"bu","13:02:12",494300
36050,-500,400,"bu","13:02:12",494200
36000,-550,300,"sd","13:01:59",493800
36050,-500,100,"bu","13:01:39",493500
36000,-550,200,"sd","13:00:04",493400
36000,-550,500,"sd","13:00:04",493200
36000,-550,100,"sd","13:00:04",492700
36000,-550,200,"sd","13:00:03",492600
36000,-550,1000,"sd","13:00:03",492400
36000,-550,2000,"sd","13:00:03",491400
36000,-550,800,"sd","13:00:01",489400
36000,-550,100,"sd","13:00:01",488600
36000,-550,200,"sd","13:00:01",488500
36000,-550,200,"sd","13:00:01",488300
36000,-550,100,"sd","13:00:01",488100
36000,-550,300,"sd","13:00:01",488000
36000,-550,900,"sd","13:00:01",487700
36000,-550,500,"sd","13:00:01",486800
36000,-550,500,"sd","13:00:01",486300
36000,-550,300,"sd","13:00:01",485800
36000,-550,3000,"sd","13:00:01",485500
36000,-550,1100,"sd","13:00:01",482500
36000,-550,400,"sd","13:00:01",481400
36000,-550,100,"sd","13:00:01",481000
36000,-550,1000,"sd","13:00:01",480900
36000,-550,500,"sd","13:00:01",479900
36000,-550,2500,"sd","13:00:00",479400
36000,-550,500,"sd","13:00:00",476900
36000,-550,1400,"sd","13:00:00",476400
36050,-500,300,"sd","13:00:00",475000
36050,-500,300,"sd","13:00:00",474700
36050,-500,500,"sd","12:59:59",474400
36050,-500,500,"sd","11:29:59",473900
36050,-500,200,"sd","11:29:57",473400
36050,-500,200,"sd","11:29:33",473200
36050,-500,100,"sd","11:29:24",473000
36050,-500,200,"bu","11:28:57",472900
36050,-500,100,"bu","11:27:51",472700
36050,-500,300,"bu","11:24:44",472600
36050,-500,100,"bu","11:24:11",472300
36050,-500,100,"bu","11:23:21",472200
36050,-500,400,"bu","11:23:21",472100
36050,-500,100,"sd","11:22:54",471700
36050,-500,200,"bu","11:22:46",471600
36050,-500,100,"bu","11:22:04",471400
36050,-500,100,"sd","11:21:40",471300
36050,-500,100,"sd","11:21:40",471200
36050,-500,300,"sd","11:20:09",471100
36050,-500,700,"sd","11:20:09",470800
36050,-500,300,"sd","11:19:33",470100
36050,-500,1000,"sd","11:19:33",469800
36050,-500,100,"sd","11:19:33",468800
36050,-500,1000,"sd","11:19:33",468700
36050,-500,1000,"sd","11:19:33",467700
36050,-500,700,"sd","11:19:33",466700
36050,-500,200,"sd","11:19:33",466000
36050,-500,200,"sd","11:19:33",465800
36050,-500,300,"sd","11:19:33",465600
36050,-500,5000,"sd","11:19:33",465300
36050,-500,200,"sd","11:19:33",460300
36050,-500,500,"sd","11:19:33",460100
36050,-500,100,"sd","11:19:33",459600
36050,-500,200,"sd","11:19:29",459500
36050,-500,500,"sd","11:19:29",459300
36050,-500,100,"sd","11:19:29",458800
36050,-500,200,"sd","11:19:29",458700
36050,-500,300,"sd","11:19:29",458500
36050,-500,200,"sd","11:19:29",458200
36050,-500,500,"sd","11:19:29",458000
36050,-500,9800,"sd","11:19:29",457500
36100,-450,100,"bu","11:17:06",447700
36100,-450,500,"bu","11:16:32",447600
36100,-450,100,"sd","11:16:15",447100
36100,-450,100,"sd","11:15:57",447000
36100,-450,100,"sd","11:15:57",446900
36100,-450,300,"sd","11:15:57",446800
36100,-450,100,"sd","11:15:57",446500
36100,-450,200,"bu","11:14:10",446400
36100,-450,300,"bu","11:14:06",446200
36100,-450,200,"bu","11:12:54",445900
36100,-450,100,"bu","11:12:45",445700
36050,-500,200,"sd","11:12:43",445600
36050,-500,100,"sd","11:12:43",445400
36050,-500,200,"sd","11:12:43",445300
36050,-500,500,"sd","11:12:15",445100
36050,-500,600,"sd","11:12:01",444600
36050,-500,600,"sd","11:11:36",444000
36100,-450,700,"bu","11:10:22",443400
36100,-450,100,"bu","11:09:57",442700
36100,-450,400,"bu","11:09:23",442600
36100,-450,100,"bu","11:09:23",442200
36100,-450,1000,"bu","11:09:03",442100
36100,-450,300,"bu","11:08:34",441100
36100,-450,300,"bu","11:08:34",440800
36100,-450,200,"bu","11:08:29",440500
36100,-450,200,"bu","11:08:24",440300
36050,-500,1100,"sd","11:07:53",440100
36050,-500,100,"sd","11:07:53",439000
36050,-500,500,"sd","11:07:53",438900
36100,-450,500,"bu","11:07:33",438400
36100,-450,300,"bu","11:07:09",437900
36100,-450,500,"bu","11:06:38",437600
36100,-450,500,"bu","11:05:47",437100
36100,-450,500,"sd","11:05:21",436600
36100,-450,500,"sd","11:05:21",436100
36100,-450,500,"sd","11:05:21",435600
36100,-450,1500,"sd","11:05:21",435100
36100,-450,100,"sd","11:05:21",433600
36100,-450,700,"sd","11:05:21",433500
36100,-450,1000,"sd","11:04:34",432800
36100,-450,600,"sd","11:04:12",431800
36100,-450,100,"sd","11:04:02",431200
36100,-450,600,"sd","11:03:13",431100
36100,-450,100,"bu","11:03:03",430500
36100,-450,200,"bu","11:02:47",430400
36100,-450,300,"bu","11:02:47",430200
36100,-450,100,"bu","11:02:21",429900
36100,-450,200,"bu","11:02:00",429800
36100,-450,100,"bu","11:01:33",429600
36100,-450,100,"sd","11:01:31",429500
36100,-450,500,"sd","11:01:31",429400
36100,-450,100,"sd","11:01:31",428900
36100,-450,3000,"sd","11:01:31",428800
36100,-450,200,"sd","11:01:31",425800
36100,-450,100,"sd","11:01:31",425600
36100,-450,700,"sd","11:01:31",425500
36100,-450,100,"sd","11:01:31",424800
36100,-450,2600,"sd","11:01:31",424700
36100,-450,500,"sd","10:59:27",422100
36100,-450,300,"sd","10:59:23",421600
36100,-450,500,"sd","10:59:04",421300
36150,-400,500,"sd","10:59:04",420800
36150,-400,500,"bu","10:56:18",420300
36150,-400,1000,"bu","10:56:18",419800
36100,-450,100,"sd","10:55:41",418800
36100,-450,100,"sd","10:54:10",418700
36100,-450,100,"sd","10:54:01",418600
36100,-450,800,"sd","10:52:50",418500
36100,-450,300,"sd","10:52:50",417700
36100,-450,200,"sd","10:52:50",417400
36100,-450,700,"sd","10:52:50",417200
36100,-450,300,"bu","10:51:08",416500
36100,-450,100,"bu","10:50:37",416200
36100,-450,500,"bu","10:50:23",416100
36100,-450,100,"sd","10:48:49",415600
36100,-450,200,"sd","10:48:49",415500
36100,-450,200,"sd","10:48:49",415300
36100,-450,100,"sd","10:48:49",415100
36100,-450,500,"sd","10:48:49",415000
36200,-350,600,"bu","10:48:37",414500
36200,-350,700,"bu","10:48:37",413900
36150,-400,800,"bu","10:48:37",413200
36150,-400,4900,"bu","10:48:37",412400
36150,-400,500,"bu","10:48:37",407500
36150,-400,1100,"bu","10:48:37",407000
36150,-400,1400,"bu","10:48:37",405900
36150,-400,100,"bu","10:48:27",404500
36150,-400,500,"bu","10:48:15",404400
36100,-450,200,"sd","10:47:51",403900
36100,-450,1500,"sd","10:47:45",403700
36100,-450,800,"sd","10:47:15",402200
36100,-450,300,"sd","10:47:08",401400
36100,-450,100,"sd","10:47:08",401100
36100,-450,1900,"sd","10:45:50",401000
36100,-450,100,"sd","10:45:50",399100
36100,-450,100,"sd","10:45:50",399000
36100,-450,1000,"sd","10:45:50",398900
36100,-450,200,"sd","10:45:50",397900
36100,-450,5500,"sd","10:45:50",397700
36100,-450,500,"bu","10:43:15",392200
36100,-450,1600,"bu","10:43:15",391700
36100,-450,3400,"bu","10:42:43",390100
36100,-450,1000,"bu","10:42:43",386700
36100,-450,600,"bu","10:42:43",385700
36100,-450,600,"bu","10:42:32",385100
36100,-450,1000,"bu","10:41:21",384500
36100,-450,800,"bu","10:41:13",383500
36100,-450,200,"bu","10:41:13",382700
36100,-450,500,"bu","10:41:11",382500
36100,-450,100,"bu","10:41:11",382000
36100,-450,400,"bu","10:41:11",381900
36100,-450,200,"bu","10:40:40",381500
36100,-450,1000,"bu","10:39:48",381300
36050,-500,100,"sd","10:38:45",380300
36050,-500,1000,"sd","10:38:22",380200
36050,-500,1400,"bu","10:37:55",379200
36050,-500,1100,"sd","10:37:22",377800
36050,-500,500,"sd","10:37:22",376700
36050,-500,900,"sd","10:37:18",376200
36050,-500,100,"sd","10:37:18",375300
36050,-500,200,"sd","10:36:55",375200
36050,-500,200,"sd","10:36:01",375000
36050,-500,200,"sd","10:36:01",374800
36050,-500,100,"bu","10:35:42",374600
36050,-500,200,"bu","10:35:42",374500
36050,-500,100,"sd","10:35:30",374300
36050,-500,100,"sd","10:35:30",374200
36050,-500,100,"sd","10:35:30",374100
36050,-500,400,"sd","10:35:12",374000
36050,-500,100,"sd","10:34:55",373600
36050,-500,200,"sd","10:34:55",373500
36050,-500,100,"sd","10:34:30",373300
36050,-500,900,"sd","10:34:30",373200
36050,-500,500,"sd","10:33:15",372300
36050,-500,500,"sd","10:32:58",371800
36050,-500,800,"sd","10:32:52",371300
36050,-500,200,"sd","10:32:52",370500
36050,-500,900,"sd","10:32:52",370300
36050,-500,600,"sd","10:32:52",369400
36050,-500,500,"sd","10:32:52",368800
36050,-500,1600,"sd","10:30:33",368300
36100,-450,100,"bu","10:30:21",366700
36100,-450,200,"bu","10:30:18",366600
36100,-450,500,"bu","10:30:00",366400
36100,-450,2000,"bu","10:29:48",365900
36100,-450,600,"bu","10:29:45",363900
36100,-450,400,"bu","10:29:45",363300
36100,-450,3000,"bu","10:28:56",362900
36100,-450,100,"bu","10:28:15",359900
36050,-500,300,"bu","10:26:25",359800
36050,-500,600,"bu","10:26:25",359500
36050,-500,300,"bu","10:26:21",358900
36050,-500,200,"bu","10:26:10",358600
36000,-550,100,"sd","10:26:07",358400
36000,-550,500,"sd","10:25:48",358300
36000,-550,500,"sd","10:25:45",357800
36050,-500,100,"bu","10:25:20",357300
36050,-500,1000,"bu","10:25:12",357200
36000,-550,5000,"sd","10:25:10",356200
36050,-500,1000,"bu","10:25:06",351200
36050,-500,900,"bu","10:24:58",350200
36000,-550,10000,"sd","10:24:50",349300
36000,-550,2500,"sd","10:24:36",339300
36000,-550,100,"sd","10:24:36",336800
36000,-550,1000,"sd","10:24:36",336700
36000,-550,500,"sd","10:24:36",335700
36000,-550,5900,"sd","10:24:36",335200
36050,-500,1000,"bu","10:24:26",329300
36050,-500,1100,"bu","10:24:22",328300
36000,-550,200,"sd","10:24:20",327200
36050,-500,200,"bu","10:24:09",327000
36050,-500,500,"bu","10:23:57",326800
36000,-550,300,"sd","10:23:51",326300
36050,-500,1000,"bu","10:23:51",326000
36000,-550,400,"sd","10:23:30",325000
36000,-550,500,"sd","10:23:25",324600
36000,-550,2600,"sd","10:22:50",324100
36000,-550,100,"sd","10:22:29",321500
36000,-550,400,"sd","10:22:29",321400
36000,-550,600,"sd","10:21:29",321000
36000,-550,5000,"sd","10:21:29",320400
36000,-550,1000,"sd","10:21:29",315400
36000,-550,500,"sd","10:21:29",314400
36000,-550,6900,"sd","10:21:29",313900
36050,-500,3000,"bu","10:21:02",307000
36050,-500,1000,"sd","10:20:39",304000
36100,-450,200,"bu","10:20:25",303000
36100,-450,200,"bu","10:20:15",302800
36050,-500,300,"bu","10:20:15",302600
36050,-500,200,"bu","10:19:53",302300
36050,-500,300,"bu","10:19:53",302100
36050,-500,100,"bu","10:19:42",301800
36050,-500,300,"bu","10:19:23",301700
36050,-500,200,"bu","10:19:18",301400
36050,-500,100,"bu","10:18:56",301200
36050,-500,400,"bu","10:18:56",301100
36050,-500,200,"bu","10:18:46",300700
36050,-500,400,"bu","10:18:40",300500
36050,-500,500,"bu","10:18:40",300100
36050,-500,500,"sd","10:17:33",299600
36050,-500,100,"sd","10:17:33",299100
36050,-500,100,"sd","10:17:33",299000
36050,-500,700,"sd","10:17:33",298900
36050,-500,100,"sd","10:17:33",298200
36050,-500,1000,"sd","10:17:33",298100
36050,-500,100,"sd","10:17:33",297100
36050,-500,200,"sd","10:17:33",297000
36050,-500,300,"sd","10:15:12",296800
36050,-500,100,"sd","10:15:12",296500
36050,-500,600,"sd","10:15:12",296400
36100,-450,200,"bu","10:14:51",295800
36050,-500,400,"sd","10:14:51",295600
36050,-500,500,"sd","10:14:51",295200
36050,-500,100,"sd","10:14:51",294700
36050,-500,400,"sd","10:14:51",294600
36050,-500,300,"sd","10:14:51",294200
36050,-500,300,"sd","10:14:51",293900
36100,-450,100,"bu","10:14:07",293600
36100,-450,300,"bu","10:12:31",293500
36100,-450,500,"bu","10:11:50",293200
36050,-500,700,"sd","10:11:40",292700
36050,-500,300,"sd","10:11:40",292000
36100,-450,100,"sd","10:11:27",291700
36100,-450,200,"sd","10:11:27",291600
36100,-450,3000,"sd","10:11:27",291400
36100,-450,1700,"sd","10:11:27",288400
36100,-450,300,"sd","10:10:56",286700
36100,-450,5000,"sd","10:10:56",286400
36100,-450,2000,"sd","10:10:56",281400
36100,-450,1000,"sd","10:10:56",279400
36100,-450,2000,"sd","10:10:56",278400
36100,-450,800,"sd","10:10:56",276400
36100,-450,1000,"sd","10:10:49",275600
36100,-450,500,"sd","10:10:19",274600
36100,-450,500,"sd","10:08:48",274100
36100,-450,100,"sd","10:08:11",273600
36100,-450,2000,"sd","10:07:34",273500
36100,-450,100,"sd","10:07:08",271500
36100,-450,400,"sd","10:07:08",271400
36100,-450,100,"sd","10:06:44",271000
36100,-450,900,"sd","10:06:44",270900
36100,-450,100,"sd","10:06:03",270000
36100,-450,900,"sd","10:06:03",269900
36100,-450,1000,"sd","10:06:00",269000
36100,-450,4300,"sd","10:05:54",268000
36100,-450,4800,"sd","10:05:43",263700
36100,-450,200,"sd","10:05:43",258900
36100,-450,500,"sd","10:05:29",258700
36150,-400,1000,"bu","10:05:09",258200
36100,-450,500,"sd","10:04:15",257200
36150,-400,1000,"sd","10:03:53",256700
36150,-400,2000,"sd","10:03:53",255700
36150,-400,3300,"sd","10:03:53",253700
36150,-400,100,"sd","10:03:49",250400
36150,-400,1300,"sd","10:03:47",250300
36150,-400,300,"sd","10:03:45",249000
36150,-400,900,"sd","10:03:45",248700
36150,-400,100,"sd","10:03:44",247800
36150,-400,100,"sd","10:03:44",247700
36150,-400,3000,"sd","10:03:44",247600
36150,-400,100,"sd","10:03:44",244600
36150,-400,900,"sd","10:03:44",244500
36150,-400,6300,"sd","10:02:28",243600
36200,-350,100,"bu","10:01:53",237300
36150,-400,2800,"sd","10:01:42",237200
36150,-400,2200,"sd","10:01:42",234400
36200,-350,100,"bu","10:01:34",232200
36200,-350,3600,"bu","10:01:26",232100
36200,-350,1000,"bu","10:01:26",228500
36200,-350,1300,"bu","10:01:26",227500
36150,-400,400,"sd","10:01:24",226200
36200,-350,100,"bu","09:59:48",225800
36200,-350,600,"bu","09:59:14",225700
36200,-350,400,"bu","09:59:14",225100
36200,-350,900,"sd","09:58:22",224700
36200,-350,100,"sd","09:58:22",223800
36200,-350,3600,"sd","09:58:22",223700
36200,-350,5000,"sd","09:58:02",220100
36200,-350,1400,"sd","09:58:00",215100
36200,-350,600,"sd","09:58:00",213700
36250,-300,500,"sd","09:56:40",213100
36250,-300,2300,"sd","09:56:40",212600
36250,-300,300,"sd","09:56:40",210300
36250,-300,200,"sd","09:55:14",210000
36250,-300,200,"sd","09:55:11",209800
36250,-300,300,"sd","09:55:01",209600
36250,-300,100,"sd","09:55:01",209300
36250,-300,600,"sd","09:55:01",209200
36300,-250,200,"bu","09:54:50",208600
36250,-300,400,"sd","09:54:48",208400
36250,-300,600,"sd","09:54:48",208000
36300,-250,500,"sd","09:54:23",207400
36300,-250,600,"sd","09:54:23",206900
36350,-200,200,"bu","09:53:45",206300
36350,-200,300,"bu","09:53:45",206100
36350,-200,200,"bu","09:53:45",205800
36350,-200,200,"bu","09:53:45",205600
36300,-250,1000,"sd","09:53:31",205400
36300,-250,400,"bu","09:53:30",204400
36300,-250,600,"sd","09:53:24",204000
36300,-250,100,"bu","09:53:10",203400
36300,-250,200,"bu","09:53:10",203300
36250,-300,1000,"sd","09:53:07",203100
36250,-300,1000,"sd","09:52:24",202100
36250,-300,400,"sd","09:52:04",201100
36250,-300,300,"sd","09:52:04",200700
36250,-300,100,"sd","09:52:04",200400
36250,-300,100,"sd","09:50:57",200300
36250,-300,1000,"bu","09:50:20",200200
36200,-350,2000,"sd","09:50:17",199200
36200,-350,500,"sd","09:50:17",197200
36200,-350,300,"sd","09:50:17",196700
36200,-350,400,"sd","09:50:17",196400
36200,-350,200,"sd","09:50:17",196000
36200,-350,100,"sd","09:50:17",195800
36200,-350,500,"sd","09:50:17",195700
36300,-250,800,"bu","09:50:05",195200
36300,-250,100,"bu","09:50:05",194400
36300,-250,100,"bu","09:50:05",194300
36300,-250,100,"bu","09:50:03",194200
36300,-250,200,"bu","09:50:03",194100
36300,-250,100,"bu","09:49:15",193900
36300,-250,100,"bu","09:49:01",193800
36300,-250,100,"bu","09:48:55",193700
36300,-250,100,"bu","09:48:29",193600
36300,-250,100,"sd","09:47:54",193500
36300,-250,200,"sd","09:47:54",193400
36300,-250,600,"sd","09:47:54",193200
36300,-250,200,"sd","09:47:54",192600
36350,-200,500,"bu","09:47:46",192400
36350,-200,100,"unknown","09:47:05",191900
36350,-200,3000,"sd","09:46:46",191800
36400,-150,3000,"bu","09:45:56",188800
36300,-250,100,"sd","09:45:53",185800
36300,-250,200,"sd","09:45:07",185700
36300,-250,1000,"bu","09:45:06",185500
36300,-250,1000,"bu","09:45:06",184500
36200,-350,200,"bu","09:44:27",183500
36200,-350,600,"bu","09:44:27",183300
36200,-350,500,"bu","09:44:27",182700
36200,-350,1100,"bu","09:44:27",182200
36200,-350,2100,"bu","09:44:27",181100
36200,-350,100,"bu","09:44:25",179000
36200,-350,1800,"bu","09:44:10",178900
36200,-350,2000,"bu","09:44:10",177100
36200,-350,300,"bu","09:44:10",175100
36200,-350,200,"bu","09:44:10",174800
36200,-350,100,"bu","09:44:10",174600
36200,-350,100,"bu","09:44:10",174500
36200,-350,800,"bu","09:44:10",174400
36200,-350,500,"bu","09:44:10",173600
36200,-350,4200,"bu","09:44:10",173100
36200,-350,400,"bu","09:43:41",168900
36200,-350,100,"bu","09:43:40",168500
36200,-350,200,"bu","09:43:09",168400
36150,-400,1200,"bu","09:42:56",168200
36150,-400,1000,"bu","09:42:56",167000
36150,-400,100,"bu","09:42:56",166000
36150,-400,100,"bu","09:42:56",165900
36100,-450,4800,"sd","09:42:31",165800
36100,-450,200,"sd","09:42:31",161000
36150,-400,100,"bu","09:42:21",160800
36150,-400,100,"bu","09:42:21",160700
36150,-400,100,"bu","09:41:12",160600
36150,-400,100,"bu","09:40:36",160500
36150,-400,100,"bu","09:40:06",160400
36150,-400,100,"sd","09:39:39",160300
36050,-500,2200,"sd","09:39:22",160200
36050,-500,2000,"sd","09:39:22",158000
36050,-500,100,"sd","09:39:22",156000
36050,-500,100,"sd","09:39:21",155900
36050,-500,600,"sd","09:39:21",155800
36150,-400,100,"unknown","09:38:31",155200
36100,-450,2000,"sd","09:38:09",155100
36200,-350,100,"bu","09:37:35",153100
36200,-350,400,"bu","09:37:35",153000
36050,-500,3000,"sd","09:37:22",152600
36100,-450,500,"sd","09:37:22",149600
36150,-400,500,"sd","09:37:22",149100
36050,-500,200,"sd","09:36:53",148600
36050,-500,500,"bu","09:36:13",148400
36050,-500,700,"bu","09:36:13",147900
36000,-550,2500,"sd","09:36:08",147200
36000,-550,100,"sd","09:36:06",144700
36000,-550,100,"sd","09:36:02",144600
36000,-550,300,"bu","09:36:02",144500
36000,-550,100,"bu","09:36:02",144200
36000,-550,900,"bu","09:36:00",144100
36000,-550,100,"bu","09:36:00",143200
36000,-550,1000,"bu","09:35:38",143100
36000,-550,100,"bu","09:35:29",142100
35900,-650,800,"sd","09:35:12",142000
35900,-650,200,"sd","09:35:12",141200
35900,-650,1000,"sd","09:35:12",141000
35950,-600,3000,"sd","09:35:12",140000
35950,-600,2100,"sd","09:35:12",137000
35950,-600,600,"sd","09:35:12",134900
36000,-550,1000,"bu","09:35:08",134300
36000,-550,3000,"bu","09:35:07",133300
35950,-600,500,"sd","09:35:03",130300
36000,-550,200,"bu","09:35:00",129800
35950,-600,100,"sd","09:34:56",129600
35950,-600,200,"sd","09:34:53",129500
36000,-550,200,"bu","09:34:52",129300
35950,-600,300,"sd","09:34:50",129100
35950,-600,300,"sd","09:34:45",128800
35950,-600,100,"sd","09:34:45",128500
35950,-600,100,"sd","09:34:45",128400
35950,-600,300,"sd","09:34:45",128300
35950,-600,200,"sd","09:34:45",128000
36000,-550,2200,"bu","09:34:28",127800
36000,-550,100,"bu","09:34:22",125600
36000,-550,100,"bu","09:34:06",125500
36000,-550,100,"sd","09:34:01",125400
36000,-550,1000,"sd","09:34:01",125300
36000,-550,1000,"sd","09:34:01",124300
36000,-550,500,"sd","09:34:01",123300
36000,-550,1000,"sd","09:34:01",122800
36000,-550,200,"sd","09:34:01",121800
36000,-550,300,"sd","09:34:01",121600
36000,-550,2000,"sd","09:34:01",121300
36000,-550,100,"sd","09:34:01",119300
36000,-550,300,"sd","09:34:01",119200
36000,-550,100,"sd","09:34:01",118900
36000,-550,100,"sd","09:34:01",118800
36000,-550,300,"sd","09:34:01",118700
36000,-550,800,"sd","09:34:01",118400
36000,-550,2900,"sd","09:34:01",117600
36000,-550,500,"sd","09:34:01",114700
36000,-550,500,"sd","09:34:01",114200
36000,-550,1000,"sd","09:34:01",113700
36000,-550,1500,"sd","09:34:01",112700
36000,-550,500,"sd","09:34:01",111200
36000,-550,500,"sd","09:34:01",110700
36000,-550,100,"sd","09:34:01",110200
36000,-550,200,"sd","09:34:01",110100
36000,-550,200,"sd","09:34:01",109900
36000,-550,1100,"sd","09:34:01",109700
36050,-500,2000,"sd","09:33:47",108600
36000,-550,900,"sd","09:33:33",106600
36000,-550,1100,"sd","09:33:33",105700
36000,-550,100,"sd","09:33:32",104600
36000,-550,800,"sd","09:33:32",104500
36050,-500,100,"sd","09:33:32",103700
36000,-550,2200,"sd","09:32:58",103600
36000,-550,3000,"sd","09:32:58",101400
36000,-550,100,"sd","09:32:58",98400
36000,-550,200,"sd","09:32:58",98300
36000,-550,400,"sd","09:32:58",98100
36000,-550,100,"sd","09:32:58",97700
36000,-550,1000,"sd","09:32:58",97600
36050,-500,2300,"sd","09:32:58",96600
36050,-500,1000,"sd","09:32:58",94300
36050,-500,2700,"sd","09:32:58",93300
36100,-450,200,"sd","09:32:58",90600
36100,-450,200,"sd","09:32:58",90400
36150,-400,500,"sd","09:32:58",90200
36150,-400,100,"sd","09:32:58",89700
36200,-350,500,"bu","09:32:43",89600
36200,-350,200,"bu","09:32:29",89100
36200,-350,100,"bu","09:32:13",88900
36050,-500,300,"sd","09:32:11",88800
36050,-500,200,"sd","09:32:11",88500
36050,-500,100,"sd","09:32:11",88300
36050,-500,200,"sd","09:32:11",88200
36100,-450,1000,"sd","09:31:53",88000
36150,-400,200,"sd","09:31:46",87000
36150,-400,1000,"sd","09:31:46",86800
36200,-350,1600,"bu","09:31:40",85800
36200,-350,400,"bu","09:31:40",84200
36200,-350,100,"bu","09:30:26",83800
36150,-400,100,"bu","09:30:26",83700
36150,-400,200,"sd","09:30:22",83600
36200,-350,1000,"bu","09:30:09",83400
36200,-350,1000,"bu","09:30:08",82400
36200,-350,100,"bu","09:30:05",81400
36200,-350,1000,"sd","09:30:00",81300
36200,-350,100,"sd","09:30:00",80300
36250,-300,200,"sd","09:29:26",80200
36200,-350,100,"bu","09:29:12",80000
36200,-350,1700,"bu","09:29:12",79900
36200,-350,700,"bu","09:29:01",78200
36200,-350,300,"bu","09:28:44",77500
36000,-550,5000,"sd","09:28:24",77200
36000,-550,300,"sd","09:28:11",72200
36000,-550,300,"sd","09:28:11",71900
36000,-550,23400,"sd","09:28:10",71600
36000,-550,100,"sd","09:28:10",48200
36000,-550,100,"sd","09:28:10",48100
36000,-550,500,"sd","09:28:10",48000
36000,-550,2000,"sd","09:28:10",47500
36100,-450,2000,"sd","09:28:10",45500
36200,-350,500,"sd","09:28:10",43500
36200,-350,5400,"sd","09:28:10",43000
36300,-250,200,"sd","09:28:10",37600
36300,-250,1000,"sd","09:28:10",37400
36300,-250,2000,"sd","09:28:10",36400
36350,-200,2400,"sd","09:28:10",34400
36350,-200,100,"sd","09:28:10",32000
36350,-200,100,"sd","09:28:10",31900
36350,-200,200,"sd","09:28:10",31800
36350,-200,200,"sd","09:28:10",31600
36350,-200,500,"sd","09:28:10",31400
36350,-200,500,"sd","09:28:10",30900
36350,-200,500,"sd","09:28:10",30400
36400,-150,300,"sd","09:28:10",29900
36400,-150,100,"bu","09:27:58",29600
36400,-150,300,"bu","09:27:58",29500
36400,-150,300,"bu","09:27:58",29200
36400,-150,200,"bu","09:27:35",28900
36400,-150,1400,"sd","09:27:20",28700
36400,-150,100,"sd","09:27:20",27300
36400,-150,100,"sd","09:27:20",27200
36400,-150,200,"sd","09:27:20",27100
36400,-150,500,"sd","09:27:20",26900
36400,-150,500,"sd","09:27:20",26400
36400,-150,500,"sd","09:27:20",25900
36450,-100,100,"sd","09:27:20",25400
36450,-100,100,"sd","09:27:20",25300
36500,-50,200,"bu","09:26:11",25200
36500,-50,1800,"bu","09:26:11",25000
36500,-50,200,"sd","09:25:44",23200
36500,-50,200,"sd","09:25:39",23000
36500,-50,1000,"sd","09:25:38",22800
36500,-50,200,"sd","09:25:26",21800
36500,-50,1000,"sd","09:25:02",21600
36500,-50,100,"sd","09:25:02",20600
36500,-50,900,"sd","09:25:02",20500
36550,0,100,"bu","09:23:13",19600
36500,-50,100,"sd","09:22:45",19500
36500,-50,400,"bu","09:22:20",19400
36500,-50,500,"bu","09:22:20",19000
36500,-50,1900,"bu","09:22:20",18500
36500,-50,500,"bu","09:22:20",16600
36500,-50,700,"bu","09:22:20",16100
36450,-100,200,"sd","09:21:43",15400
36450,-100,200,"sd","09:21:36",15200
36450,-100,100,"sd","09:21:36",15000
36450,-100,300,"sd","09:21:36",14900
36450,-100,400,"sd","09:21:36",14600
36450,-100,100,"sd","09:21:31",14200
36500,-50,500,"sd","09:20:44",14100
36500,-50,2300,"sd","09:20:44",13600
36500,-50,100,"sd","09:20:44",11300
36500,-50,300,"sd","09:20:44",11200
36500,-50,100,"sd","09:20:44",10900
36500,-50,300,"sd","09:20:34",10600
36500,-50,200,"sd","09:20:34",10800
36550,0,200,"bu","09:19:08",10300
36550,0,4800,"bu","09:19:08",10100
36550,0,200,"bu","09:18:40",5300
36550,0,300,"bu","09:18:40",5100
36550,0,100,"bu","09:18:31",4800
36550,0,500,"bu","09:18:19",4700
36550,0,100,"sd","09:18:07",4200
36550,0,600,"sd","09:18:07",4100
36550,0,500,"sd","09:17:59",3500
36550,0,200,"sd","09:17:28",3000
36550,0,100,"sd","09:17:26",2800
36550,0,200,"sd","09:17:16",2700
36550,0,300,"sd","09:17:16",2500
36550,0,1000,"sd","09:16:55",2200
36550,0,800,"sd","09:15:27",1200
36550,0,100,"sd","09:15:27",400
36550,0,100,"sd","09:15:27",300
36550,0,200,"sd","09:15:00",200
