"price","change","match_qtty","side","time","total_vol"
21850,0,1027300,"sd","14:45:04",26110300
21900,50,1000,"bu","14:30:01",25083000
21900,50,200,"bu","14:29:54",25082000
21900,50,200,"bu","14:29:53",25081800
21900,50,200,"bu","14:29:52",25081600
21900,50,1600,"bu","14:29:50",25081400
21900,50,600,"bu","14:29:50",25079800
21900,50,200,"bu","14:29:50",25079200
21900,50,500,"bu","14:29:50",25079000
21900,50,5000,"bu","14:29:50",25078500
21900,50,200,"bu","14:29:50",25073500
21900,50,1900,"bu","14:29:50",25073300
21900,50,800,"bu","14:29:43",25071400
21900,50,500,"bu","14:29:39",25070600
21900,50,1500,"bu","14:29:28",25070100
21900,50,300,"bu","14:29:25",25068600
21900,50,1200,"bu","14:29:25",25068300
21850,0,1000,"sd","14:29:24",25067100
21850,0,2000,"sd","14:29:24",25066100
21850,0,1000,"sd","14:29:24",25064100
21850,0,10000,"sd","14:29:24",25063100
21850,0,5000,"sd","14:29:24",25053100
21850,0,1000,"sd","14:29:24",25048100
21850,0,100,"sd","14:29:24",25047100
21850,0,100,"sd","14:29:24",25047000
21850,0,1000,"sd","14:29:24",25046900
21850,0,2000,"sd","14:29:24",25045900
21850,0,100,"sd","14:29:23",25043900
21850,0,1000,"sd","14:29:23",25043800
21850,0,700,"sd","14:29:23",25042800
21850,0,1900,"sd","14:29:23",25042100
21850,0,100,"sd","14:29:14",25040200
21850,0,400,"sd","14:29:07",25040100
21900,50,500,"bu","14:29:05",25039700
21900,50,100,"bu","14:29:04",25039200
21900,50,100,"bu","14:28:58",25039100
21900,50,200,"bu","14:28:54",25039000
21900,50,700,"bu","14:28:49",25038800
21900,50,800,"bu","14:28:49",25038100
21900,50,4000,"bu","14:28:49",25037300
21900,50,500,"sd","14:28:40",25033300
21900,50,4000,"sd","14:28:40",25032800
21900,50,100,"sd","14:28:40",25028800
21900,50,3100,"sd","14:28:40",25028700
21900,50,400,"sd","14:28:39",25025600
21900,50,5000,"sd","14:28:39",25025200
21900,50,100,"sd","14:28:39",25020200
21900,50,4700,"sd","14:28:39",25020100
21900,50,1000,"sd","14:28:39",25015400
21900,50,100,"sd","14:28:39",25014400
21900,50,100,"sd","14:28:39",25014300
21900,50,300,"sd","14:28:39",25014200
21900,50,100,"sd","14:28:38",25013900
21900,50,600,"sd","14:28:36",25013800
21900,50,500,"sd","14:28:36",25013200
21900,50,700,"sd","14:28:36",25012700
21900,50,600,"sd","14:28:36",25012000
21900,50,1600,"sd","14:28:36",25011400
21900,50,2000,"sd","14:28:36",25009800
21900,50,500,"sd","14:28:34",25007800
21900,50,500,"sd","14:28:28",25007300
21900,50,400,"sd","14:28:27",25006800
21900,50,29600,"sd","14:28:27",25006400
21900,50,3000,"sd","14:28:25",24976800
21900,50,900,"sd","14:28:17",24973800
21900,50,16500,"sd","14:28:17",24972900
21900,50,3500,"sd","14:28:17",24956400
21900,50,400,"sd","14:28:13",24952900
21900,50,1100,"sd","14:28:11",24952500
21900,50,200,"sd","14:28:11",24951400
21900,50,200,"sd","14:28:11",24951200
21900,50,18500,"sd","14:28:11",24951000
21900,50,2000,"sd","14:28:08",24932500
21900,50,500,"sd","14:28:05",24930500
21900,50,1000,"sd","14:28:05",24930000
21900,50,100,"sd","14:28:05",24929000
21900,50,400,"sd","14:28:05",24928900
21900,50,400,"sd","14:28:02",24928500
21900,50,100,"sd","14:28:02",24928100
21900,50,1000,"sd","14:28:02",24928000
21900,50,8500,"sd","14:28:02",24927000
21900,50,100,"sd","14:28:01",24918500
21950,100,5000,"bu","14:28:00",24918400
21900,50,1000,"sd","14:27:58",24913400
21900,50,1900,"sd","14:27:58",24912400
21900,50,28100,"sd","14:27:58",24910500
21950,100,10000,"bu","14:27:56",24882400
21900,50,400,"sd","14:27:56",24872400
21900,50,300,"sd","14:27:54",24872000
21900,50,1000,"sd","14:27:47",24871700
21900,50,10000,"sd","14:27:38",24870700
21900,50,20000,"sd","14:27:33",24860700
21900,50,500,"sd","14:27:24",24840700
21900,50,100,"sd","14:27:23",24840200
21900,50,400,"sd","14:27:22",24840100
21900,50,6000,"sd","14:27:13",24839700
21900,50,500,"sd","14:27:10",24833700
21900,50,500,"sd","14:27:05",24833200
21900,50,1000,"sd","14:26:56",24832700
21950,100,5000,"bu","14:26:49",24831700
21900,50,1000,"sd","14:26:47",24826700
21900,50,500,"sd","14:26:44",24825700
21900,50,1000,"sd","14:26:43",24825200
21900,50,300,"sd","14:26:41",24824200
21900,50,9000,"sd","14:26:40",24823900
21900,50,4000,"sd","14:26:38",24814900
21900,50,100,"sd","14:26:35",24810900
21900,50,30000,"sd","14:26:33",24810800
21900,50,2000,"sd","14:26:29",24780800
21900,50,1000,"sd","14:26:27",24778800
21900,50,600,"bu","14:26:07",24777800
21900,50,500,"bu","14:26:07",24777200
21900,50,200,"bu","14:26:07",24776700
21900,50,500,"bu","14:26:07",24776500
21900,50,28000,"bu","14:26:07",24776000
21900,50,200,"bu","14:26:07",24748000
21900,50,100,"bu","14:26:07",24747800
21900,50,2200,"bu","14:26:07",24747700
21850,0,400,"sd","14:26:07",24745500
21900,50,500,"bu","14:26:04",24745100
21900,50,1000,"bu","14:26:01",24744600
21900,50,200,"bu","14:25:59",24743600
21900,50,900,"bu","14:25:48",24743400
21850,0,7400,"sd","14:25:41",24742500
21900,50,200,"sd","14:25:40",24735100
21900,50,1500,"sd","14:25:35",24734900
21900,50,300,"sd","14:25:35",24733400
21850,0,100,"sd","14:25:33",24733100
21900,50,1000,"sd","14:25:33",24733000
21900,50,500,"sd","14:25:30",24732000
21950,100,900,"bu","14:25:28",24731500
21900,50,1400,"bu","14:25:27",24730600
21900,50,1600,"sd","14:25:26",24729200
21900,50,2200,"bu","14:25:21",24727600
21900,50,1000,"sd","14:25:20",24725400
21900,50,500,"sd","14:25:20",24724400
21900,50,400,"sd","14:25:20",24723900
21900,50,900,"sd","14:25:20",24723500
21900,50,3100,"sd","14:25:18",24722600
21900,50,11200,"sd","14:25:18",24719500
21900,50,100,"sd","14:25:18",24708300
21900,50,2000,"sd","14:25:18",24708200
21900,50,200,"sd","14:25:18",24706200
21900,50,100,"sd","14:25:15",24706000
21950,100,9600,"bu","14:25:13",24705900
21950,100,100,"bu","14:25:13",24696300
21950,100,90300,"bu","14:25:13",24696200
21900,50,200,"sd","14:25:07",24605900
21950,100,6100,"bu","14:24:59",24605700
21950,100,2400,"bu","14:24:59",24599600
21900,50,3000,"sd","14:24:57",24597200
21900,50,500,"sd","14:24:54",24594200
21900,50,400,"sd","14:24:49",24593700
21950,100,1200,"bu","14:24:45",24593300
21950,100,100,"bu","14:24:45",24592100
21950,100,1000,"bu","14:24:45",24592000
21900,50,400,"bu","14:24:42",24591000
21900,50,2000,"bu","14:24:42",24590600
21900,50,1000,"bu","14:24:42",24588600
21900,50,800,"bu","14:24:42",24587600
21900,50,1500,"bu","14:24:42",24586800
21900,50,200,"bu","14:24:42",24585300
21900,50,1500,"bu","14:24:42",24585100
21900,50,100,"bu","14:24:42",24583600
21900,50,5000,"bu","14:24:42",24583500
21900,50,500,"bu","14:24:42",24578500
21900,50,500,"bu","14:24:42",24578000
21900,50,20900,"bu","14:24:42",24577500
21850,0,400,"sd","14:24:40",24556600
21900,50,4500,"bu","14:24:36",24556200
21900,50,2000,"bu","14:24:35",24551700
21850,0,300,"sd","14:24:33",24549700
21900,50,2300,"bu","14:24:32",24549400
21900,50,300,"bu","14:24:31",24547100
21850,0,3000,"sd","14:24:29",24546800
21900,50,10000,"bu","14:24:29",24543800
21900,50,1000,"bu","14:24:29",24533800
21900,50,2000,"bu","14:24:29",24532800
21900,50,500,"bu","14:24:29",24530800
21900,50,1000,"bu","14:24:29",24530300
21900,50,2000,"bu","14:24:29",24529300
21900,50,3000,"bu","14:24:29",24527300
21900,50,400,"bu","14:24:29",24524300
21900,50,7000,"bu","14:24:29",24523900
21900,50,1000,"bu","14:24:29",24516900
21900,50,5000,"bu","14:24:29",24515900
21900,50,10000,"bu","14:24:29",24510900
21900,50,800,"bu","14:24:29",24500900
21900,50,200,"bu","14:24:29",24500100
21900,50,200,"bu","14:24:29",24499900
21900,50,2000,"bu","14:24:29",24499700
21900,50,2000,"bu","14:24:29",24497700
21900,50,1900,"bu","14:24:29",24495700
21900,50,2100,"bu","14:24:25",24493800
21900,50,600,"bu","14:24:25",24491700
21900,50,400,"bu","14:24:25",24491100
21900,50,400,"bu","14:24:25",24490700
21900,50,200,"bu","14:24:25",24490300
21900,50,100,"bu","14:24:25",24490100
21900,50,200,"bu","14:24:25",24490000
21900,50,500,"bu","14:24:25",24489800
21900,50,100,"bu","14:24:25",24489300
21900,50,4400,"bu","14:24:25",24489200
21900,50,15600,"bu","14:24:25",24484800
21900,50,5000,"bu","14:24:25",24469200
21900,50,5000,"bu","14:24:25",24464200
21900,50,29100,"bu","14:24:22",24459200
21900,50,10000,"bu","14:24:21",24430100
21900,50,2400,"bu","14:24:18",24420100
21850,0,500,"sd","14:24:18",24417700
21900,50,28500,"bu","14:24:18",24417200
21900,50,5000,"bu","14:24:18",24388700
21900,50,400,"bu","14:24:18",24383700
21900,50,50000,"bu","14:24:18",24383300
21900,50,5000,"bu","14:24:18",24333300
21900,50,500,"bu","14:24:18",24328300
21900,50,800,"bu","14:24:18",24327800
21900,50,9800,"bu","14:24:18",24327000
21900,50,1000,"bu","14:24:17",24317200
21900,50,2300,"bu","14:24:04",24316200
21900,50,6900,"bu","14:24:02",24313900
21900,50,1000,"bu","14:24:02",24307000
21900,50,1000,"bu","14:24:02",24306000
21900,50,200,"bu","14:24:02",24305000
21900,50,5900,"bu","14:24:02",24304800
21850,0,5000,"sd","14:23:58",24298900
21850,0,4200,"sd","14:23:58",24293900
21900,50,500,"bu","14:23:55",24289700
21900,50,6000,"bu","14:23:52",24289200
21900,50,2400,"bu","14:23:51",24283200
21850,0,500,"sd","14:23:43",24280800
21850,0,10000,"sd","14:23:42",24280300
21850,0,2000,"sd","14:23:41",24270300
21900,50,2300,"bu","14:23:37",24268300
21900,50,1600,"bu","14:23:29",24266000
21900,50,2400,"bu","14:23:23",24264400
21900,50,2300,"bu","14:23:09",24262000
21850,0,500,"sd","14:23:04",24259700
21900,50,1400,"bu","14:23:02",24259200
21850,0,500,"sd","14:22:56",24257800
21900,50,2300,"bu","14:22:56",24257300
21900,50,3000,"bu","14:22:53",24255000
21850,0,2000,"sd","14:22:46",24252000
21900,50,6000,"bu","14:22:45",24250000
21900,50,2400,"bu","14:22:42",24244000
21850,0,2000,"sd","14:22:41",24241600
21900,50,100,"bu","14:22:41",24239600
21850,0,5000,"sd","14:22:39",24239500
21850,0,500,"sd","14:22:38",24234500
21850,0,2000,"sd","14:22:29",24234000
21900,50,1400,"bu","14:22:28",24232000
21900,50,900,"bu","14:22:28",24230600
21850,0,400,"sd","14:22:25",24229700
21850,0,200,"sd","14:22:16",24229300
21850,0,800,"sd","14:22:16",24229100
21850,0,400,"bu","14:22:15",24228300
21850,0,100,"bu","14:22:15",24227900
21850,0,1100,"bu","14:22:15",24227800
21850,0,2000,"bu","14:22:14",24226700
21850,0,3000,"bu","14:22:13",24224700
21850,0,500,"sd","14:22:07",24221700
21850,0,2000,"sd","14:22:07",24221200
21850,0,1000,"sd","14:22:07",24219200
21850,0,500,"sd","14:22:07",24218200
21850,0,10000,"sd","14:22:07",24217700
21850,0,4900,"sd","14:22:07",24207700
21850,0,5100,"sd","14:22:06",24202800
21850,0,500,"sd","14:22:06",24197700
21850,0,500,"sd","14:22:06",24197200
21850,0,200,"sd","14:22:06",24196700
21850,0,4700,"sd","14:22:06",24196500
21850,0,50000,"sd","14:22:06",24191800
21850,0,100,"sd","14:22:06",24141800
21850,0,1000,"sd","14:22:06",24141700
21850,0,300,"sd","14:22:06",24140700
21850,0,15000,"sd","14:22:06",24140400
21850,0,3000,"sd","14:22:06",24125400
21850,0,5000,"sd","14:22:06",24122400
21850,0,3000,"sd","14:22:06",24117400
21850,0,1500,"sd","14:22:06",24114400
21850,0,5000,"sd","14:22:06",24112900
21850,0,1000,"sd","14:22:06",24107900
21850,0,400,"sd","14:22:06",24106900
21850,0,100,"sd","14:22:06",24106500
21850,0,30000,"sd","14:22:06",24106400
21850,0,100,"sd","14:22:06",24076400
21850,0,1000,"sd","14:22:06",24076300
21850,0,72500,"sd","14:22:06",24075300
21850,0,200,"sd","14:22:06",24002800
21850,0,200,"sd","14:22:04",24002600
21850,0,5000,"sd","14:22:02",24002400
21900,50,1100,"bu","14:22:01",23997400
21900,50,100,"bu","14:22:01",23996300
21900,50,1100,"bu","14:22:01",23996200
21900,50,1300,"bu","14:22:01",23995100
21900,50,100,"bu","14:22:01",23993800
21900,50,200,"bu","14:22:01",23993700
21900,50,1000,"bu","14:22:01",23993500
21900,50,5000,"bu","14:22:01",23992500
21900,50,2000,"bu","14:22:01",23987500
21900,50,400,"bu","14:22:01",23985500
21900,50,3000,"bu","14:22:01",23985100
21900,50,1000,"bu","14:22:01",23982100
21900,50,6000,"bu","14:22:01",23981100
21900,50,200,"bu","14:21:57",23975100
21850,0,200,"sd","14:21:52",23974900
21850,0,600,"sd","14:21:49",23974700
21900,50,2400,"bu","14:21:47",23974100
21850,0,16400,"sd","14:21:47",23971700
21850,0,4500,"sd","14:21:46",23955300
21900,50,30000,"bu","14:21:41",23950800
21900,50,1400,"bu","14:21:38",23920800
21900,50,3000,"bu","14:21:38",23919400
21900,50,1000,"bu","14:21:38",23916400
21900,50,600,"bu","14:21:38",23915400
21850,0,5000,"sd","14:21:36",23914800
21850,0,15400,"sd","14:21:36",23909800
21850,0,600,"sd","14:21:36",23894400
21850,0,400,"sd","14:21:36",23893800
21900,50,1400,"bu","14:21:34",23893400
21900,50,900,"bu","14:21:34",23892000
21850,0,1600,"sd","14:21:24",23891100
21850,0,300,"sd","14:21:24",23889500
21850,0,12900,"sd","14:21:24",23889200
21850,0,1600,"sd","14:21:24",23876300
21900,50,2400,"bu","14:21:20",23874700
21850,0,100,"sd","14:21:19",23872300
21850,0,100,"sd","14:21:10",23872200
21850,0,2000,"sd","14:21:09",23872100
21850,0,400,"sd","14:21:07",23870100
21850,0,500,"sd","14:21:07",23869700
21900,50,1400,"bu","14:21:06",23869200
21900,50,2300,"bu","14:21:06",23867800
21850,0,500,"sd","14:21:03",23865500
21850,0,1000,"sd","14:21:02",23865000
21850,0,200,"sd","14:20:58",23864000
21850,0,4000,"sd","14:20:57",23863800
21850,0,400,"sd","14:20:56",23859800
21850,0,500,"sd","14:20:53",23859400
21900,50,2400,"bu","14:20:52",23858900
21850,0,600,"sd","14:20:43",23856500
21850,0,5800,"sd","14:20:39",23855900
21900,50,2300,"bu","14:20:39",23850100
21850,0,3000,"sd","14:20:37",23847800
21850,0,18000,"sd","14:20:35",23844800
21850,0,7600,"sd","14:20:35",23826800
21850,0,2000,"sd","14:20:33",23819200
21900,50,6000,"bu","14:20:31",23817200
21850,0,600,"sd","14:20:29",23811200
21850,0,500,"sd","14:20:26",23810600
21900,50,2300,"bu","14:20:25",23810100
21900,50,100,"bu","14:20:25",23807800
21850,0,100,"sd","14:20:21",23807700
21850,0,500,"sd","14:20:20",23807600
21850,0,5000,"sd","14:20:19",23807100
21850,0,33700,"sd","14:20:14",23802100
21850,0,29000,"sd","14:20:14",23768400
21850,0,37300,"sd","14:20:14",23739400
21850,0,100,"sd","14:20:13",23702100
21850,0,900,"sd","14:20:11",23702000
21900,50,1900,"bu","14:20:11",23701100
21900,50,100,"bu","14:20:11",23699200
21900,50,300,"bu","14:20:11",23699100
21850,0,100,"bu","14:20:07",23698800
21850,0,200,"bu","14:20:07",23698700
21850,0,1200,"bu","14:20:07",23698500
21850,0,4000,"bu","14:20:07",23697300
21850,0,200,"bu","14:20:07",23693300
21850,0,5000,"bu","14:20:07",23693100
21850,0,800,"bu","14:20:07",23688100
21850,0,200,"bu","14:20:07",23687300
21800,-50,2000,"sd","14:20:07",23687100
21850,0,500,"bu","14:20:03",23685100
21850,0,200,"bu","14:20:03",23684600
21850,0,100,"bu","14:20:03",23684400
21850,0,5000,"bu","14:20:03",23684300
21850,0,200,"bu","14:20:03",23679300
21850,0,10000,"bu","14:20:00",23679100
21850,0,100,"bu","14:19:58",23669100
21850,0,100,"bu","14:19:58",23669000
21850,0,2400,"bu","14:19:58",23668900
21850,0,5000,"bu","14:19:57",23666500
21850,0,200,"bu","14:19:54",23661500
21850,0,300,"bu","14:19:54",23661300
21800,-50,2400,"sd","14:19:51",23661000
21800,-50,1600,"sd","14:19:51",23658600
21800,-50,1200,"sd","14:19:51",23657000
21850,0,200,"bu","14:19:48",23655800
21850,0,500,"bu","14:19:48",23655600
21850,0,1000,"bu","14:19:48",23655100
21850,0,30000,"bu","14:19:48",23654100
21850,0,200,"bu","14:19:48",23624100
21850,0,4500,"bu","14:19:48",23623900
21850,0,100,"bu","14:19:48",23619400
21850,0,200,"bu","14:19:48",23619300
21850,0,1000,"bu","14:19:48",23619100
21850,0,62300,"bu","14:19:48",23618100
21800,-50,500,"sd","14:19:45",23555800
21850,0,2300,"bu","14:19:44",23555300
21850,0,5000,"bu","14:19:43",23553000
21800,-50,200,"sd","14:19:39",23548000
21850,0,1000,"bu","14:19:32",23547800
21850,0,2400,"bu","14:19:30",23546800
21800,-50,1000,"sd","14:19:29",23544400
21800,-50,1000,"sd","14:19:28",23543400
21850,0,6000,"bu","14:19:24",23542400
21800,-50,1000,"sd","14:19:19",23536400
21850,0,1000,"bu","14:19:17",23535400
21850,0,1300,"bu","14:19:17",23534400
21850,0,100,"bu","14:19:14",23533100
21850,0,2300,"bu","14:19:03",23533000
21800,-50,8500,"sd","14:18:59",23530700
21800,-50,500,"sd","14:18:59",23522200
21800,-50,1000,"sd","14:18:59",23521700
21800,-50,100,"sd","14:18:59",23520700
21800,-50,1000,"sd","14:18:59",23520600
21800,-50,2000,"sd","14:18:59",23519600
21800,-50,200,"sd","14:18:59",23517600
21800,-50,500,"sd","14:18:59",23517400
21800,-50,10000,"sd","14:18:59",23516900
21800,-50,200,"sd","14:18:59",23506900
21800,-50,200,"sd","14:18:59",23506700
21800,-50,20000,"sd","14:18:59",23506500
21800,-50,20000,"sd","14:18:59",23486500
21800,-50,200,"sd","14:18:59",23466500
21800,-50,1000,"sd","14:18:59",23466300
21800,-50,500,"sd","14:18:59",23465300
21800,-50,500,"sd","14:18:59",23464800
21800,-50,500,"sd","14:18:59",23464300
21800,-50,200,"sd","14:18:59",23463800
21850,0,1000,"bu","14:18:59",23463600
21850,0,500,"bu","14:18:56",23462600
21850,0,20000,"bu","14:18:53",23462100
21800,-50,300,"sd","14:18:51",23442100
21850,0,2400,"bu","14:18:49",23441800
21850,0,4000,"sd","14:18:48",23439400
21850,0,100,"sd","14:18:48",23435400
21850,0,18300,"sd","14:18:48",23435300
21850,0,100,"sd","14:18:48",23417000
21850,0,4000,"sd","14:18:44",23416900
21850,0,500,"sd","14:18:42",23412900
21850,0,900,"sd","14:18:42",23412400
21850,0,2000,"bu","14:18:41",23411500
21850,0,300,"bu","14:18:41",23409500
21850,0,100,"bu","14:18:41",23409200
21850,0,23800,"bu","14:18:41",23409100
21850,0,500,"bu","14:18:38",23385300
21850,0,2300,"bu","14:18:35",23384800
21800,-50,100,"sd","14:18:35",23382500
21800,-50,800,"sd","14:18:35",23382400
21850,0,200,"bu","14:18:34",23381600
21850,0,400,"bu","14:18:31",23381400
21850,0,32800,"bu","14:18:27",23381000
21850,0,100,"bu","14:18:27",23348200
21850,0,1000,"bu","14:18:27",23348100
21850,0,3500,"bu","14:18:27",23347100
21850,0,300,"bu","14:18:27",23343600
21850,0,5000,"bu","14:18:27",23343300
21850,0,1000,"bu","14:18:27",23338300
21850,0,6300,"bu","14:18:27",23337300
21850,0,100,"bu","14:18:26",23331000
21800,-50,1000,"sd","14:18:24",23330900
21850,0,2000,"bu","14:18:22",23329900
21850,0,1600,"bu","14:18:22",23327900
21850,0,800,"bu","14:18:22",23326300
21850,0,200,"bu","14:18:17",23325500
21850,0,500,"bu","14:18:17",23325300
21850,0,500,"bu","14:18:17",23324800
21850,0,2500,"bu","14:18:17",23324300
21850,0,1000,"bu","14:18:17",23321800
21850,0,500,"bu","14:18:17",23320800
21850,0,800,"bu","14:18:17",23320300
21850,0,500,"bu","14:18:10",23319500
21850,0,1700,"bu","14:18:08",23319000
21850,0,500,"bu","14:18:08",23317300
21850,0,100,"bu","14:18:08",23316800
21800,-50,3200,"sd","14:18:07",23316700
21800,-50,1000,"sd","14:18:07",23313500
21800,-50,3000,"sd","14:18:07",23312500
21800,-50,300,"sd","14:18:07",23309500
21800,-50,100,"sd","14:18:07",23309200
21800,-50,100,"sd","14:18:07",23309100
21800,-50,100,"sd","14:18:07",23309000
21800,-50,500,"sd","14:18:07",23308900
21800,-50,500,"sd","14:18:07",23308400
21800,-50,200,"sd","14:18:07",23307900
21850,0,200,"sd","14:18:03",23307700
21850,0,800,"sd","14:18:00",23307500
21850,0,200,"sd","14:18:00",23306700
21850,0,100,"sd","14:18:00",23306500
21850,0,1800,"sd","14:18:00",23306400
21850,0,100,"sd","14:18:00",23304600
21850,0,1200,"sd","14:18:00",23304500
21850,0,100,"sd","14:18:00",23303300
21850,0,15700,"sd","14:18:00",23303200
21850,0,500,"sd","14:17:58",23287500
21850,0,100,"sd","14:17:56",23287000
21850,0,1000,"sd","14:17:54",23286900
21900,50,2400,"bu","14:17:54",23285900
21900,50,30500,"bu","14:17:52",23283500
21900,50,700,"bu","14:17:52",23253000
21850,0,2000,"sd","14:17:52",23252300
21850,0,500,"sd","14:17:50",23250300
21850,0,3000,"sd","14:17:47",23249800
21850,0,1000,"sd","14:17:46",23246800
21850,0,10000,"sd","14:17:45",23245800
21850,0,1400,"sd","14:17:43",23235800
21850,0,1800,"sd","14:17:43",23234400
21850,0,2000,"sd","14:17:42",23232600
21900,50,2300,"bu","14:17:41",23230600
21850,0,200,"sd","14:17:41",23228300
21850,0,10800,"sd","14:17:40",23228100
21850,0,2000,"sd","14:17:40",23217300
21850,0,37200,"sd","14:17:40",23215300
21850,0,600,"sd","14:17:37",23178100
21850,0,3000,"sd","14:17:37",23177500
21850,0,500,"sd","14:17:37",23174500
21850,0,5000,"sd","14:17:36",23174000
21850,0,500,"sd","14:17:32",23169000
21850,0,3000,"sd","14:17:32",23168500
21850,0,200,"sd","14:17:30",23165500
21850,0,500,"sd","14:17:30",23165300
21850,0,3300,"sd","14:17:30",23164800
21850,0,1000,"sd","14:17:29",23161500
21850,0,700,"sd","14:17:28",23160500
21850,0,5000,"sd","14:17:28",23159800
21850,0,1000,"sd","14:17:28",23154800
21850,0,20000,"sd","14:17:28",23153800
21850,0,5000,"sd","14:17:28",23133800
21850,0,200,"sd","14:17:27",23128800
21900,50,2400,"bu","14:17:27",23128600
21850,0,900,"sd","14:17:26",23126200
21850,0,200,"sd","14:17:26",23125300
21850,0,8700,"sd","14:17:25",23125100
21850,0,3000,"sd","14:17:25",23116400
21850,0,19300,"sd","14:17:23",23113400
21850,0,500,"sd","14:17:22",23094100
21850,0,800,"sd","14:17:22",23093600
21900,50,2300,"bu","14:17:19",23092800
21850,0,19000,"sd","14:17:15",23090500
21900,50,2400,"bu","14:17:14",23071500
21850,0,500,"sd","14:17:13",23069100
21850,0,6000,"sd","14:17:13",23068600
21850,0,30000,"sd","14:17:11",23062600
21900,50,6100,"bu","14:17:10",23032600
21850,0,3000,"sd","14:17:10",23026500
21900,50,2300,"bu","14:17:09",23023500
21900,50,12400,"bu","14:17:08",23021200
21900,50,2400,"bu","14:17:05",23008800
21850,0,500,"sd","14:17:04",23006400
21850,0,5000,"sd","14:17:04",23005900
21850,0,50000,"sd","14:17:02",23000900
21850,0,300,"bu","14:17:02",22950900
21850,0,10000,"bu","14:17:02",22950600
21850,0,5000,"bu","14:17:02",22940600
21850,0,1100,"bu","14:17:02",22935600
21800,-50,2000,"sd","14:17:02",22934500
21800,-50,100,"sd","14:17:02",22932500
21800,-50,100,"sd","14:17:02",22932400
21800,-50,500,"sd","14:17:02",22932300
21800,-50,2200,"sd","14:17:02",22931800
21800,-50,2000,"sd","14:17:02",22929600
21800,-50,700,"sd","14:17:02",22927600
21800,-50,100,"sd","14:17:02",22926900
21800,-50,500,"sd","14:17:02",22926800
21850,0,500,"bu","14:17:00",22926300
21850,0,2300,"bu","14:17:00",22925800
21850,0,500,"sd","14:16:57",22923500
21850,0,500,"sd","14:16:57",22923000
21850,0,500,"sd","14:16:57",22922500
21850,0,500,"sd","14:16:57",22922000
21850,0,100,"sd","14:16:57",22921500
21850,0,500,"sd","14:16:57",22921400
21850,0,100,"sd","14:16:57",22920900
21850,0,2000,"sd","14:16:57",22920800
21850,0,300,"sd","14:16:57",22918800
21850,0,1000,"sd","14:16:57",22918500
21850,0,100,"sd","14:16:57",22917500
21850,0,2000,"sd","14:16:57",22917400
21900,50,2400,"bu","14:16:55",22915400
21850,0,2200,"sd","14:16:53",22913000
21850,0,200,"sd","14:16:53",22910800
21850,0,100,"sd","14:16:53",22910600
21850,0,100,"sd","14:16:53",22910500
21850,0,1000,"sd","14:16:53",22910400
21850,0,1000,"sd","14:16:53",22909400
21850,0,1000,"sd","14:16:53",22908400
21850,0,400,"sd","14:16:53",22907400
21850,0,100,"sd","14:16:52",22907000
21850,0,500,"sd","14:16:52",22906900
21850,0,100,"sd","14:16:52",22906400
21850,0,300,"sd","14:16:52",22906300
21850,0,700,"sd","14:16:52",22906000
21850,0,200,"sd","14:16:52",22905300
21850,0,2000,"sd","14:16:52",22905100
21850,0,100,"sd","14:16:52",22903100
21850,0,1000,"sd","14:16:52",22903000
21850,0,100,"sd","14:16:52",22902000
21850,0,5000,"sd","14:16:52",22901900
21850,0,200,"sd","14:16:52",22896900
21850,0,700,"sd","14:16:52",22896700
21850,0,100,"sd","14:16:52",22896000
21850,0,1000,"sd","14:16:52",22895900
21850,0,100,"sd","14:16:52",22894900
21850,0,3000,"sd","14:16:52",22894800
21850,0,500,"sd","14:16:52",22891800
21850,0,100,"sd","14:16:52",22891300
21850,0,1500,"sd","14:16:52",22891200
21850,0,1000,"sd","14:16:52",22889700
21850,0,1000,"sd","14:16:52",22888700
21850,0,3800,"sd","14:16:52",22887700
21850,0,500,"sd","14:16:52",22883900
21850,0,2200,"sd","14:16:52",22883400
21850,0,2000,"sd","14:16:50",22881200
21850,0,800,"sd","14:16:50",22879200
21850,0,1000,"sd","14:16:50",22878400
21850,0,600,"sd","14:16:50",22877400
21850,0,700,"sd","14:16:50",22876800
21850,0,2000,"sd","14:16:50",22876100
21850,0,2000,"sd","14:16:50",22874100
21850,0,22900,"sd","14:16:50",22872100
21900,50,2300,"bu","14:16:50",22849200
21850,0,50000,"sd","14:16:50",22846900
21850,0,1000,"sd","14:16:50",22796900
21850,0,16400,"sd","14:16:49",22795900
21850,0,9700,"sd","14:16:46",22779500
21850,0,300,"sd","14:16:46",22769800
21900,50,2400,"bu","14:16:46",22769500
21850,0,700,"sd","14:16:45",22767100
21850,0,1000,"sd","14:16:45",22766400
21850,0,248300,"sd","14:16:45",22765400
21850,0,1000,"sd","14:16:43",22517100
21850,0,50000,"sd","14:16:43",22516100
21900,50,2300,"bu","14:16:41",22466100
21850,0,700,"sd","14:16:40",22463800
21850,0,500,"sd","14:16:40",22463100
21850,0,2800,"sd","14:16:40",22462600
21850,0,1000,"sd","14:16:40",22459800
21850,0,95000,"sd","14:16:40",22458800
21850,0,5000,"sd","14:16:38",22363800
21850,0,200,"sd","14:16:38",22358800
21850,0,2000,"sd","14:16:38",22358600
21850,0,100,"sd","14:16:38",22356600
21850,0,5000,"sd","14:16:38",22356500
21850,0,500,"sd","14:16:38",22351500
21850,0,2000,"sd","14:16:38",22351000
21850,0,600,"sd","14:16:38",22349000
21850,0,5000,"sd","14:16:38",22348400
21850,0,28800,"sd","14:16:38",22343400
21850,0,200,"sd","14:16:38",22314600
21850,0,500,"sd","14:16:38",22314400
21850,0,100,"sd","14:16:38",22313900
21900,50,2400,"bu","14:16:36",22313800
21900,50,2300,"bu","14:16:31",22311400
21850,0,16400,"sd","14:16:30",22309100
21900,50,2400,"bu","14:16:27",22292700
21850,0,500,"sd","14:16:25",22290300
21850,0,500,"sd","14:16:24",22289800
21850,0,1000,"sd","14:16:24",22289300
21850,0,25000,"sd","14:16:22",22288300
21900,50,200,"bu","14:16:22",22263300
21900,50,1000,"bu","14:16:22",22263100
21900,50,1100,"bu","14:16:22",22262100
21900,50,1900,"bu","14:16:17",22261000
21900,50,500,"bu","14:16:17",22259100
21850,0,19000,"sd","14:16:17",22258600
21900,50,500,"bu","14:16:13",22239600
21900,50,1000,"bu","14:16:13",22239100
21900,50,800,"bu","14:16:13",22238100
21850,0,10000,"sd","14:16:09",22237300
21900,50,2400,"bu","14:16:08",22227300
21850,0,2000,"sd","14:16:07",22224900
21850,0,9900,"sd","14:16:04",22222900
21900,50,1800,"bu","14:16:03",22213000
21900,50,4200,"bu","14:16:03",22211200
21900,50,800,"bu","14:16:03",22207000
21900,50,500,"bu","14:16:03",22206200
21900,50,1000,"bu","14:16:03",22205700
21850,0,15000,"sd","14:16:00",22204700
21900,50,1000,"bu","14:15:58",22189700
21900,50,1400,"bu","14:15:58",22188700
21850,0,300,"sd","14:15:56",22187300
21850,0,500,"sd","14:15:56",22187000
21850,0,100,"sd","14:15:56",22186500
21850,0,2000,"sd","14:15:56",22186400
21850,0,100,"sd","14:15:56",22184400
21850,0,500,"sd","14:15:56",22184300
21850,0,200,"sd","14:15:56",22183800
21850,0,100,"sd","14:15:56",22183600
21850,0,3000,"sd","14:15:56",22183500
21850,0,100,"sd","14:15:56",22180500
21850,0,22100,"sd","14:15:56",22180400
21850,0,1300,"sd","14:15:56",22158300
21850,0,8000,"sd","14:15:56",22157000
21850,0,4000,"sd","14:15:56",22149000
21850,0,1600,"sd","14:15:56",22145000
21850,0,300,"sd","14:15:56",22143400
21850,0,200,"sd","14:15:56",22143100
21850,0,500,"sd","14:15:56",22142900
21850,0,1000,"sd","14:15:56",22142400
21850,0,1900,"sd","14:15:56",22141400
21850,0,500,"sd","14:15:56",22139500
21850,0,200,"sd","14:15:56",22139000
21850,0,1000,"sd","14:15:56",22138800
21850,0,100,"sd","14:15:56",22137800
21850,0,500,"sd","14:15:56",22137700
21850,0,2000,"sd","14:15:56",22137200
21850,0,300,"sd","14:15:56",22135200
21850,0,21100,"sd","14:15:56",22134900
21850,0,1200,"sd","14:15:56",22113800
21850,0,100,"sd","14:15:56",22112600
21850,0,1100,"sd","14:15:56",22112500
21850,0,5000,"sd","14:15:56",22111400
21850,0,1000,"sd","14:15:56",22106400
21850,0,1000,"sd","14:15:56",22105400
21850,0,1500,"sd","14:15:56",22104400
21850,0,500,"sd","14:15:56",22102900
21850,0,10000,"sd","14:15:56",22102400
21850,0,300,"sd","14:15:56",22092400
21850,0,500,"sd","14:15:56",22092100
21850,0,2000,"sd","14:15:56",22091600
21850,0,100,"sd","14:15:56",22089600
21850,0,1000,"sd","14:15:56",22089500
21850,0,200,"sd","14:15:56",22088500
21850,0,200,"sd","14:15:56",22088300
21850,0,500,"sd","14:15:56",22088100
21850,0,300,"sd","14:15:56",22087600
21900,50,2300,"bu","14:15:54",22087300
21900,50,100,"sd","14:15:52",22085000
21900,50,200,"sd","14:15:52",22084900
21900,50,1000,"sd","14:15:52",22084700
21900,50,7000,"sd","14:15:50",22083700
21900,50,500,"sd","14:15:50",22076700
21900,50,200,"sd","14:15:50",22076200
21900,50,3200,"sd","14:15:50",22076000
21900,50,9000,"sd","14:15:49",22072800
21950,100,2300,"bu","14:15:49",22063800
21900,50,500,"sd","14:15:47",22061500
21900,50,8300,"sd","14:15:47",22061000
21900,50,400,"sd","14:15:46",22052700
21950,100,2400,"bu","14:15:44",22052300
21900,50,19900,"sd","14:15:43",22049900
21900,50,300,"sd","14:15:43",22030000
21900,50,200,"sd","14:15:43",22029700
21900,50,1000,"sd","14:15:43",22029500
21900,50,1000,"sd","14:15:43",22028500
21900,50,500,"sd","14:15:43",22027500
21900,50,100,"sd","14:15:43",22027000
21900,50,500,"sd","14:15:43",22026900
21900,50,1000,"sd","14:15:43",22026400
21900,50,50000,"sd","14:15:43",22025400
21900,50,1100,"sd","14:15:43",21975400
21900,50,100,"sd","14:15:43",21974300
21900,50,4000,"sd","14:15:43",21974200
21900,50,8000,"sd","14:15:43",21970200
21900,50,2000,"sd","14:15:43",21962200
21900,50,900,"sd","14:15:43",21960200
21900,50,300,"sd","14:15:43",21959300
21900,50,100,"sd","14:15:43",21959000
21900,50,300,"sd","14:15:43",21958900
21900,50,2000,"sd","14:15:43",21958600
21900,50,500,"sd","14:15:43",21956600
21900,50,1000,"sd","14:15:43",21956100
21900,50,3400,"sd","14:15:43",21955100
21900,50,25000,"sd","14:15:43",21951700
21900,50,5000,"sd","14:15:43",21926700
21900,50,100,"sd","14:15:43",21921700
21900,50,12000,"sd","14:15:43",21921600
21900,50,1000,"sd","14:15:43",21909600
21900,50,1000,"sd","14:15:43",21908600
21900,50,5000,"sd","14:15:43",21907600
21900,50,15000,"sd","14:15:43",21902600
21900,50,800,"sd","14:15:43",21887600
21900,50,10000,"sd","14:15:43",21886800
21900,50,1000,"sd","14:15:43",21876800
21900,50,1600,"sd","14:15:43",21875800
21900,50,3000,"sd","14:15:43",21874200
21900,50,1000,"sd","14:15:43",21871200
21900,50,100,"sd","14:15:43",21870200
21900,50,1000,"sd","14:15:43",21870100
21900,50,2000,"sd","14:15:43",21869100
21900,50,1000,"sd","14:15:43",21867100
21900,50,2000,"sd","14:15:43",21866100
21900,50,100,"sd","14:15:43",21864100
21900,50,900,"sd","14:15:43",21864000
21900,50,12400,"sd","14:15:43",21863100
21900,50,600,"sd","14:15:43",21850700
21900,50,200,"sd","14:15:43",21850100
21950,100,2300,"bu","14:15:40",21849900
21900,50,200,"sd","14:15:39",21847600
21950,100,400,"bu","14:15:35",21847400
21950,100,2000,"bu","14:15:35",21847000
21900,50,1000,"sd","14:15:34",21845000
21950,100,2300,"bu","14:15:30",21844000
21900,50,12000,"sd","14:15:25",21841700
21950,100,2400,"bu","14:15:25",21829700
21950,100,700,"bu","14:15:25",21827300
21950,100,2300,"bu","14:15:21",21826600
21950,100,100,"bu","14:15:21",21824300
21900,50,5000,"sd","14:15:20",21824200
21950,100,2400,"bu","14:15:16",21819200
21950,100,1000,"bu","14:15:13",21816800
21900,50,500,"sd","14:15:12",21815800
21950,100,2300,"bu","14:15:11",21815300
21900,50,600,"sd","14:15:11",21813000
21900,50,400,"sd","14:15:11",21812400
21900,50,500,"sd","14:15:08",21812000
21900,50,17400,"sd","14:15:08",21811500
21900,50,1000,"sd","14:15:08",21794100
21900,50,500,"sd","14:15:08",21793100
21900,50,100,"sd","14:15:08",21792600
21900,50,1000,"sd","14:15:08",21792500
21900,50,100,"sd","14:15:08",21791500
21900,50,10000,"sd","14:15:08",21791400
21900,50,40000,"sd","14:15:08",21781400
21900,50,500,"sd","14:15:08",21741400
21900,50,200,"sd","14:15:08",21740900
21900,50,20000,"sd","14:15:08",21740700
21900,50,1500,"sd","14:15:08",21720700
21900,50,6000,"sd","14:15:08",21719200
21900,50,100,"sd","14:15:08",21713200
21900,50,500,"sd","14:15:08",21713100
21900,50,100,"sd","14:15:08",21712600
21900,50,1000,"sd","14:15:08",21712500
21950,100,2400,"bu","14:15:07",21711500
21900,50,5000,"sd","14:15:03",21709100
21950,100,700,"sd","14:15:03",21704100
21950,100,1400,"sd","14:15:03",21703400
21950,100,4000,"sd","14:15:03",21702000
22000,150,1000,"bu","14:15:02",21698000
22000,150,1300,"bu","14:15:02",21697000
21950,100,10000,"sd","14:15:01",21695700
21950,100,1900,"sd","14:15:01",21685700
21950,100,3000,"sd","14:15:01",21683800
21950,100,5000,"sd","14:15:00",21680800
21950,100,4700,"sd","14:15:00",21675800
21950,100,100,"sd","14:15:00",21671100
21950,100,1600,"sd","14:15:00",21671000
21950,100,500,"sd","14:15:00",21669400
21950,100,100,"sd","14:15:00",21668900
21950,100,1000,"sd","14:15:00",21668800
21950,100,100,"sd","14:15:00",21667800
21950,100,400,"sd","14:15:00",21667700
21950,100,1300,"sd","14:15:00",21667300
21950,100,5000,"sd","14:15:00",21666000
21950,100,100,"sd","14:15:00",21661000
21950,100,15100,"sd","14:15:00",21660900
21950,100,10000,"sd","14:14:59",21645800
21950,100,16000,"sd","14:14:59",21635800
21950,100,10000,"sd","14:14:58",21619800
21950,100,100,"sd","14:14:57",21609800
21950,100,3000,"sd","14:14:57",21609700
22000,150,1700,"bu","14:14:57",21606700
22000,150,700,"bu","14:14:57",21605000
22000,150,2700,"bu","14:14:56",21604300
22000,150,3300,"bu","14:14:56",21601600
21950,100,5000,"sd","14:14:56",21598300
21950,100,500,"sd","14:14:55",21593300
21950,100,5000,"sd","14:14:55",21592800
21950,100,9900,"sd","14:14:53",21587800
22000,150,2300,"bu","14:14:52",21577900
21950,100,20000,"sd","14:14:50",21575600
22000,150,2400,"bu","14:14:48",21555600
21950,100,1500,"sd","14:14:47",21553200
21950,100,10000,"sd","14:14:47",21551700
21950,100,5000,"sd","14:14:47",21541700
21950,100,2700,"sd","14:14:47",21536700
21950,100,5400,"sd","14:14:47",21534000
21950,100,50000,"sd","14:14:46",21528600
22000,150,2300,"bu","14:14:43",21478600
22000,150,300,"bu","14:14:42",21476300
22000,150,100,"bu","14:14:42",21476000
22000,150,100,"bu","14:14:42",21475900
21950,100,14100,"sd","14:14:42",21475800
21950,100,10000,"sd","14:14:42",21461700
22000,150,400,"bu","14:14:39",21451700
22000,150,400,"bu","14:14:39",21451300
22000,150,1600,"bu","14:14:39",21450900
21950,100,16400,"sd","14:14:39",21449300
21950,100,6600,"sd","14:14:37",21432900
22000,150,2300,"bu","14:14:34",21426300
21950,100,200,"sd","14:14:33",21424000
21950,100,300,"sd","14:14:33",21423800
21950,100,1700,"sd","14:14:32",21423500
21950,100,4000,"sd","14:14:32",21421800
21950,100,200,"sd","14:14:32",21417800
21950,100,2900,"sd","14:14:32",21417600
21950,100,1000,"sd","14:14:32",21414700
21950,100,100,"sd","14:14:32",21413700
21950,100,500,"sd","14:14:32",21413600
21950,100,200,"sd","14:14:32",21413100
21950,100,300,"sd","14:14:32",21412900
21950,100,5500,"sd","14:14:32",21412600
21950,100,2000,"sd","14:14:30",21407100
21950,100,1800,"sd","14:14:29",21405100
22000,150,2400,"bu","14:14:29",21403300
21950,100,16400,"sd","14:14:27",21400900
21950,100,18900,"sd","14:14:27",21384500
22000,150,2300,"bu","14:14:24",21365600
22000,150,2400,"bu","14:14:19",21363300
21950,100,5400,"sd","14:14:16",21360900
21950,100,500,"sd","14:14:16",21355500
21950,100,100,"sd","14:14:16",21355000
21950,100,1000,"sd","14:14:16",21354900
21950,100,500,"sd","14:14:16",21353900
21950,100,2500,"sd","14:14:16",21353400
21950,100,500,"sd","14:14:16",21350900
21950,100,2000,"sd","14:14:16",21350400
21950,100,4500,"sd","14:14:16",21348400
22000,150,2300,"bu","14:14:15",21343900
22000,150,2400,"bu","14:14:10",21341600
22000,150,42000,"bu","14:14:06",21339200
22000,150,2300,"bu","14:14:05",21297200
22000,150,2300,"bu","14:14:01",21294900
21950,100,400,"sd","14:13:57",21292600
22000,150,2400,"bu","14:13:56",21292200
22000,150,2300,"bu","14:13:51",21289800
22000,150,10000,"bu","14:13:50",21287500
22000,150,6000,"bu","14:13:49",21277500
22000,150,2400,"bu","14:13:46",21271500
22000,150,2300,"bu","14:13:42",21269100
22000,150,2400,"bu","14:13:37",21266800
22000,150,2300,"bu","14:13:32",21264400
22000,150,2000,"bu","14:13:32",21262100
22000,150,2400,"bu","14:13:28",21260100
21950,100,6100,"sd","14:13:25",21257700
22000,150,2300,"bu","14:13:23",21251600
21950,100,500,"sd","14:13:19",21249300
22000,150,2400,"bu","14:13:18",21248800
22000,150,3000,"sd","14:13:15",21246400
22000,150,500,"sd","14:13:15",21243400
22000,150,10000,"sd","14:13:15",21242900
22000,150,2000,"sd","14:13:15",21232900
22000,150,1000,"sd","14:13:15",21230900
22000,150,200,"sd","14:13:15",21229900
22000,150,200,"sd","14:13:15",21229700
22000,150,7500,"sd","14:13:15",21229500
22000,150,10000,"sd","14:13:15",21222000
22000,150,1000,"sd","14:13:15",21212000
22000,150,20000,"sd","14:13:15",21211000
22000,150,500,"sd","14:13:15",21191000
22000,150,500,"sd","14:13:15",21190500
22000,150,300,"sd","14:13:15",21190000
22000,150,500,"sd","14:13:15",21189700
22000,150,200,"sd","14:13:15",21189200
22000,150,500,"sd","14:13:15",21189000
22000,150,3000,"sd","14:13:15",21188500
22000,150,50000,"sd","14:13:15",21185500
22000,150,5000,"sd","14:13:15",21135500
22000,150,46000,"sd","14:13:15",21130500
22000,150,300,"sd","14:13:15",21084500
22000,150,400,"sd","14:13:15",21084200
22000,150,2000,"sd","14:13:15",21083800
22000,150,33900,"sd","14:13:15",21081800
22050,200,2300,"bu","14:13:13",21047900
22050,200,2400,"bu","14:13:09",21045600
22050,200,2300,"bu","14:13:04",21043200
22000,150,16100,"sd","14:13:01",21040900
22000,150,3000,"sd","14:13:01",21024800
22000,150,10900,"sd","14:13:01",21021800
22050,200,2400,"bu","14:12:59",21010900
22000,150,1200,"sd","14:12:58",21008500
22000,150,1000,"sd","14:12:56",21007300
22050,200,2300,"bu","14:12:55",21006300
22000,150,3000,"sd","14:12:53",21004000
22000,150,1200,"sd","14:12:50",21001000
22050,200,2400,"bu","14:12:50",20999800
22050,200,2300,"bu","14:12:45",20997400
22000,150,2000,"sd","14:12:45",20995100
22000,150,100,"sd","14:12:43",20993100
22050,200,6100,"bu","14:12:42",20993000
22000,150,500,"sd","14:12:42",20986900
22050,200,2400,"bu","14:12:40",20986400
22050,200,2300,"bu","14:12:36",20984000
22050,200,2000,"bu","14:12:34",20981700
22050,200,1000,"bu","14:12:33",20979700
22050,200,700,"bu","14:12:32",20978700
22050,200,2400,"bu","14:12:31",20978000
22050,200,2300,"bu","14:12:26",20975600
22050,200,9000,"bu","14:12:26",20973300
22000,150,100,"sd","14:12:25",20964300
22000,150,200,"sd","14:12:25",20964200
22000,150,2700,"sd","14:12:25",20964000
22050,200,200,"bu","14:12:23",20961300
22050,200,2300,"bu","14:12:22",20961100
22050,200,2400,"bu","14:12:17",20958800
22050,200,2300,"bu","14:12:12",20956400
22050,200,2700,"bu","14:12:12",20954100
22000,150,1000,"sd","14:12:08",20951400
22050,200,2400,"bu","14:12:07",20950400
22050,200,2000,"bu","14:12:06",20948000
22050,200,2300,"bu","14:12:03",20946000
22000,150,300,"sd","14:12:03",20943700
22000,150,400,"sd","14:12:02",20943400
22050,200,100,"bu","14:12:00",20943000
22050,200,2400,"bu","14:11:58",20942900
22050,200,2300,"bu","14:11:53",20940500
22050,200,2400,"bu","14:11:49",20938200
22050,200,2300,"bu","14:11:44",20935800
22050,200,2400,"bu","14:11:39",20933500
22050,200,6100,"bu","14:11:35",20931100
22050,200,2300,"bu","14:11:34",20925000
22050,200,2400,"bu","14:11:30",20922700
22000,150,500,"sd","14:11:29",20920300
22050,200,2300,"bu","14:11:25",20919800
22000,150,600,"sd","14:11:24",20917500
22000,150,2000,"sd","14:11:24",20916900
22050,200,100,"bu","14:11:21",20914900
22050,200,2400,"bu","14:11:20",20914800
22050,200,2300,"bu","14:11:16",20912400
22050,200,800,"bu","14:11:16",20910100
22050,200,1000,"bu","14:11:16",20909300
22050,200,100,"bu","14:11:16",20908300
22050,200,2000,"bu","14:11:16",20908200
22050,200,600,"bu","14:11:16",20906200
22050,200,100,"bu","14:11:16",20905600
22050,200,3500,"bu","14:11:16",20905500
22050,200,100,"bu","14:11:16",20902000
22050,200,100,"bu","14:11:16",20901900
22050,200,100,"bu","14:11:16",20901800
22050,200,1000,"bu","14:11:16",20901700
22050,200,100,"bu","14:11:16",20900700
22050,200,500,"bu","14:11:16",20900600
22050,200,2400,"bu","14:11:11",20900100
22050,200,2300,"bu","14:11:06",20897700
22050,200,2400,"bu","14:11:01",20895400
22000,150,5000,"sd","14:11:01",20893000
22050,200,2300,"bu","14:10:57",20888000
22050,200,100,"bu","14:10:56",20885700
22050,200,100,"bu","14:10:56",20885600
22050,200,200,"bu","14:10:56",20885500
22050,200,1600,"bu","14:10:56",20885300
22050,200,1400,"bu","14:10:52",20883700
22050,200,1000,"bu","14:10:52",20882300
22050,200,200,"bu","14:10:50",20881300
22050,200,300,"bu","14:10:47",20881100
22050,200,300,"bu","14:10:47",20880800
22050,200,100,"bu","14:10:47",20880500
22050,200,500,"bu","14:10:47",20880400
22050,200,800,"bu","14:10:47",20879900
22050,200,200,"bu","14:10:47",20879100
22050,200,100,"bu","14:10:47",20878900
22050,200,400,"bu","14:10:42",20878800
22050,200,100,"bu","14:10:42",20878400
22050,200,300,"bu","14:10:42",20878300
22050,200,1500,"bu","14:10:42",20878000
22050,200,1500,"bu","14:10:38",20876500
22050,200,200,"bu","14:10:38",20875000
22050,200,700,"bu","14:10:38",20874800
22050,200,100,"bu","14:10:33",20874100
22050,200,500,"bu","14:10:33",20874000
22050,200,100,"bu","14:10:33",20873500
22050,200,1000,"bu","14:10:33",20873400
22050,200,400,"bu","14:10:33",20872400
22050,200,200,"bu","14:10:33",20872000
22000,150,1000,"sd","14:10:31",20871800
22000,150,700,"sd","14:10:29",20870800
22050,200,6900,"bu","14:10:28",20870100
22050,200,2400,"bu","14:10:28",20863200
22050,200,500,"bu","14:10:24",20860800
22050,200,400,"bu","14:10:24",20860300
22050,200,200,"bu","14:10:24",20859900
22050,200,200,"bu","14:10:24",20859700
22050,200,1000,"bu","14:10:24",20859500
22050,200,800,"bu","14:10:19",20858500
22050,200,1600,"bu","14:10:19",20857700
22000,150,10000,"sd","14:10:19",20856100
22000,150,800,"sd","14:10:16",20846100
22000,150,500,"sd","14:10:16",20845300
22000,150,100,"sd","14:10:16",20844800
22000,150,4600,"sd","14:10:16",20844700
22050,200,2300,"bu","14:10:14",20840100
22000,150,5000,"sd","14:10:12",20837800
22050,200,100,"bu","14:10:09",20832800
22050,200,2300,"bu","14:10:09",20832700
22000,150,100,"sd","14:10:08",20830400
22000,150,200,"sd","14:10:06",20830300
22050,200,2300,"bu","14:10:05",20830100
22000,150,1000,"sd","14:10:04",20827800
22000,150,4000,"sd","14:10:03",20826800
22050,200,400,"bu","14:10:00",20822800
22050,200,2000,"bu","14:10:00",20822400
22000,150,1000,"sd","14:09:58",20820400
22000,150,5000,"sd","14:09:58",20819400
22000,150,3000,"bu","14:09:57",20814400
22000,150,100,"bu","14:09:57",20811400
22000,150,400,"bu","14:09:57",20811300
22000,150,5600,"bu","14:09:57",20810900
22000,150,200,"bu","14:09:56",20805300
22000,150,24200,"bu","14:09:56",20805100
22000,150,100,"bu","14:09:56",20780900
22000,150,500,"bu","14:09:56",20780800
22000,150,100,"bu","14:09:56",20780300
22000,150,100,"bu","14:09:56",20780200
22000,150,400,"bu","14:09:56",20780100
22000,150,500,"bu","14:09:56",20779700
22000,150,700,"bu","14:09:56",20779200
22000,150,1000,"bu","14:09:56",20778500
22000,150,1000,"bu","14:09:56",20777500
22000,150,100,"bu","14:09:56",20776500
22000,150,1300,"bu","14:09:56",20776400
22000,150,2300,"bu","14:09:55",20775100
22000,150,2000,"bu","14:09:54",20772800
21950,100,6000,"sd","14:09:53",20770800
22000,150,400,"bu","14:09:51",20764800
22000,150,2000,"bu","14:09:51",20764400
22000,150,28000,"bu","14:09:48",20762400
22000,150,500,"bu","14:09:48",20734400
22000,150,300,"bu","14:09:48",20733900
22000,150,100,"bu","14:09:48",20733600
22000,150,200,"bu","14:09:48",20733500
22000,150,500,"bu","14:09:48",20733300
22000,150,400,"bu","14:09:48",20732800
22000,150,100,"bu","14:09:46",20732400
22000,150,500,"bu","14:09:46",20732300
22000,150,1800,"bu","14:09:46",20731800
22000,150,700,"bu","14:09:44",20730000
22000,150,300,"bu","14:09:44",20729300
22000,150,2000,"bu","14:09:44",20729000
22000,150,100,"bu","14:09:44",20727000
22000,150,100,"bu","14:09:44",20726900
22000,150,3000,"bu","14:09:44",20726800
22000,150,100,"bu","14:09:44",20723800
22000,150,400,"bu","14:09:44",20723700
22000,150,20000,"bu","14:09:44",20723300
22000,150,2100,"bu","14:09:44",20703300
22000,150,5000,"bu","14:09:44",20701200
22000,150,200,"bu","14:09:44",20696200
22000,150,3000,"bu","14:09:44",20696000
22000,150,500,"bu","14:09:44",20693000
22000,150,20000,"bu","14:09:44",20692500
22000,150,2000,"bu","14:09:44",20672500
22000,150,1000,"bu","14:09:44",20670500
22000,150,100,"bu","14:09:44",20669500
22000,150,500,"bu","14:09:44",20669400
22000,150,2300,"bu","14:09:44",20668900
22000,150,400,"bu","14:09:44",20666600
22000,150,200,"bu","14:09:44",20666200
22000,150,1000,"bu","14:09:44",20666000
22000,150,16800,"bu","14:09:44",20665000
22000,150,8200,"bu","14:09:44",20648200
22000,150,2400,"bu","14:09:41",20640000
21950,100,400,"sd","14:09:41",20637600
22000,150,5000,"bu","14:09:41",20637200
22000,150,2400,"bu","14:09:38",20632200
22000,150,3400,"bu","14:09:37",20629800
22000,150,20000,"bu","14:09:37",20626400
22000,150,1600,"bu","14:09:37",20606400
22000,150,2300,"bu","14:09:36",20604800
22000,150,500,"bu","14:09:35",20602500
22000,150,200,"bu","14:09:35",20602000
22000,150,300,"bu","14:09:32",20601800
22000,150,100,"bu","14:09:32",20601500
22000,150,1000,"bu","14:09:32",20601400
22000,150,100,"bu","14:09:32",20600400
22000,150,900,"bu","14:09:32",20600300
22000,150,6100,"bu","14:09:29",20599400
22000,150,400,"bu","14:09:29",20593300
22000,150,13500,"bu","14:09:29",20592900
22000,150,2300,"bu","14:09:27",20579400
22000,150,200,"bu","14:09:26",20577100
22000,150,3000,"bu","14:09:25",20576900
22000,150,10000,"bu","14:09:24",20573900
22000,150,1000,"bu","14:09:22",20563900
22000,150,1400,"bu","14:09:22",20562900
22000,150,3500,"bu","14:09:21",20561500
22000,150,600,"bu","14:09:21",20558000
22000,150,500,"bu","14:09:21",20557400
22000,150,100,"bu","14:09:21",20556900
22000,150,900,"bu","14:09:21",20556800
22000,150,300,"bu","14:09:21",20555900
22000,150,100,"bu","14:09:21",20555600
22000,150,1500,"bu","14:09:18",20555500
22000,150,800,"bu","14:09:18",20554000
22000,150,200,"bu","14:09:13",20553200
22000,150,2400,"bu","14:09:13",20553000
22000,150,2000,"bu","14:09:12",20550600
22000,150,2300,"bu","14:09:08",20548600
22000,150,100,"bu","14:09:06",20546300
22000,150,2000,"bu","14:09:04",20546200
22000,150,2300,"bu","14:09:03",20544200
22000,150,20000,"bu","14:09:00",20541900
22000,150,2400,"bu","14:08:59",20521900
22000,150,10000,"bu","14:08:57",20519500
22000,150,2300,"bu","14:08:54",20509500
22000,150,2400,"bu","14:08:49",20507200
22000,150,500,"bu","14:08:46",20504800
22000,150,2300,"bu","14:08:45",20504300
22000,150,5000,"bu","14:08:42",20502000
22000,150,2400,"bu","14:08:40",20497000
21950,100,500,"sd","14:08:36",20494600
22000,150,2300,"bu","14:08:35",20494100
22000,150,2400,"bu","14:08:30",20491800
22000,150,2300,"bu","14:08:26",20489400
22000,150,50000,"bu","14:08:22",20487100
22000,150,2400,"bu","14:08:21",20437100
22000,150,20000,"bu","14:08:16",20434700
22000,150,6000,"bu","14:08:14",20414700
22000,150,2000,"bu","14:08:13",20408700
22000,150,2300,"bu","14:08:10",20406700
21950,100,3500,"sd","14:08:06",20404400
22000,150,900,"bu","14:08:05",20400900
22000,150,1000,"bu","14:08:05",20400000
22000,150,1000,"bu","14:08:05",20399000
22000,150,300,"bu","14:08:05",20398000
22000,150,2000,"bu","14:08:05",20397700
22000,150,300,"bu","14:08:05",20395700
22000,150,15000,"bu","14:08:05",20395400
22000,150,1000,"bu","14:08:05",20380400
22000,150,2100,"bu","14:08:05",20379400
22000,150,100,"bu","14:08:05",20377300
22000,150,100,"bu","14:08:05",20377200
22000,150,1000,"bu","14:08:05",20377100
22000,150,5000,"bu","14:08:05",20376100
22000,150,100,"bu","14:08:05",20371100
22000,150,300,"bu","14:08:05",20371000
22000,150,200,"bu","14:08:05",20370700
22000,150,1000,"bu","14:08:05",20370500
22000,150,1000,"bu","14:08:05",20369500
22000,150,4000,"bu","14:08:05",20368500
22000,150,600,"bu","14:08:05",20364500
22000,150,2300,"bu","14:08:01",20363900
22000,150,2100,"bu","14:08:00",20361600
22000,150,100,"bu","14:08:00",20359500
22000,150,1000,"bu","14:08:00",20359400
22000,150,800,"bu","14:08:00",20358400
21950,100,500,"sd","14:07:59",20357600
21950,100,7600,"sd","14:07:59",20357100
21950,100,2400,"sd","14:07:59",20349500
22000,150,2700,"bu","14:07:56",20347100
22000,150,2300,"bu","14:07:56",20344400
22000,150,2400,"bu","14:07:53",20342100
22000,150,100,"bu","14:07:49",20339700
22000,150,2300,"bu","14:07:45",20339600
22000,150,2400,"bu","14:07:36",20337300
22000,150,500,"bu","14:07:32",20334900
22000,150,3500,"bu","14:07:32",20334400
21950,100,11300,"sd","14:07:31",20330900
21950,100,5100,"sd","14:07:31",20319600
21950,100,13600,"sd","14:07:30",20314500
22000,150,2300,"bu","14:07:28",20300900
21950,100,400,"sd","14:07:21",20298600
22000,150,2400,"bu","14:07:20",20298200
22000,150,2300,"bu","14:07:11",20295800
21950,100,2500,"sd","14:07:10",20293500
22000,150,5900,"bu","14:07:07",20291000
22000,150,100,"bu","14:07:07",20285100
22000,150,2000,"bu","14:07:05",20285000
22000,150,2400,"bu","14:07:03",20283000
21950,100,30000,"sd","14:06:59",20280600
22000,150,1000,"bu","14:06:56",20250600
22000,150,2300,"bu","14:06:54",20249600
21950,100,1000,"sd","14:06:52",20247300
22000,150,2200,"bu","14:06:46",20246300
22000,150,200,"bu","14:06:46",20244100
21950,100,600,"sd","14:06:46",20243900
22000,150,2300,"bu","14:06:38",20243300
22000,150,1500,"bu","14:06:29",20241000
22000,150,200,"bu","14:06:29",20239500
22000,150,700,"bu","14:06:29",20239300
22000,150,2300,"bu","14:06:21",20238600
22000,150,1000,"bu","14:06:14",20236300
22000,150,2400,"bu","14:06:12",20235300
22000,150,2300,"bu","14:06:04",20232900
21950,100,500,"sd","14:06:03",20230600
22000,150,6000,"bu","14:06:01",20230100
21950,100,10000,"bu","14:05:57",20224100
21950,100,500,"bu","14:05:56",20214100
21950,100,400,"bu","14:05:56",20213600
21950,100,49400,"bu","14:05:56",20213200
21950,100,2400,"bu","14:05:56",20163800
21950,100,1500,"bu","14:05:48",20161400
21950,100,1100,"bu","14:05:47",20159900
21950,100,2300,"bu","14:05:47",20158800
21950,100,100,"sd","14:05:40",20156500
21950,100,1500,"sd","14:05:40",20156400
21950,100,100,"sd","14:05:40",20154900
21950,100,2500,"sd","14:05:40",20154800
21950,100,9000,"sd","14:05:40",20152300
21950,100,100,"sd","14:05:40",20143300
21950,100,1000,"sd","14:05:40",20143200
21950,100,20000,"sd","14:05:40",20142200
21950,100,500,"sd","14:05:40",20122200
21950,100,200,"sd","14:05:40",20121700
21950,100,6100,"sd","14:05:40",20121500
21950,100,5000,"sd","14:05:40",20115400
21950,100,100,"sd","14:05:40",20110400
21950,100,100,"sd","14:05:40",20110300
21950,100,200,"sd","14:05:40",20110200
21950,100,1000,"sd","14:05:40",20110000
21950,100,1200,"sd","14:05:40",20109000
21950,100,100,"sd","14:05:40",20107800
21950,100,5000,"sd","14:05:40",20107700
21950,100,200,"sd","14:05:40",20102700
21950,100,1000,"sd","14:05:40",20102500
21950,100,100,"sd","14:05:40",20101500
21950,100,1000,"sd","14:05:40",20101400
21950,100,1000,"sd","14:05:40",20100400
21950,100,1500,"sd","14:05:40",20099400
21950,100,300,"sd","14:05:40",20097900
21950,100,2000,"sd","14:05:40",20097600
21950,100,1000,"sd","14:05:40",20095600
21950,100,1000,"sd","14:05:40",20094600
21950,100,3000,"sd","14:05:40",20093600
21950,100,500,"sd","14:05:40",20090600
21950,100,200,"sd","14:05:40",20090100
21950,100,1000,"sd","14:05:40",20089900
21950,100,10000,"sd","14:05:40",20088900
21950,100,2000,"sd","14:05:40",20078900
21950,100,200,"sd","14:05:40",20076900
21950,100,100,"sd","14:05:40",20076700
21950,100,63400,"sd","14:05:40",20076600
22000,150,1700,"bu","14:05:39",20013200
22000,150,700,"bu","14:05:39",20011500
21950,100,300,"sd","14:05:36",20010800
21950,100,6300,"sd","14:05:34",20010500
21950,100,2000,"sd","14:05:34",20004200
21950,100,5000,"sd","14:05:34",20002200
21950,100,500,"sd","14:05:34",19997200
21950,100,300,"sd","14:05:34",19996700
21950,100,1000,"sd","14:05:34",19996400
21950,100,1000,"sd","14:05:34",19995400
21950,100,300,"sd","14:05:34",19994400
21950,100,500,"sd","14:05:34",19994100
21950,100,1000,"sd","14:05:34",19993600
21950,100,5000,"sd","14:05:34",19992600
21950,100,6100,"sd","14:05:34",19987600
22000,150,700,"bu","14:05:31",19981500
22000,150,1600,"bu","14:05:31",19980800
22000,150,2000,"bu","14:05:27",19979200
22000,150,16400,"bu","14:05:25",19977200
22000,150,500,"bu","14:05:25",19960800
22000,150,16400,"bu","14:05:25",19960300
22000,150,1000,"bu","14:05:25",19943900
22000,150,200,"bu","14:05:25",19942900
22000,150,200,"bu","14:05:25",19942700
22000,150,700,"bu","14:05:25",19942500
22000,150,2000,"bu","14:05:25",19941800
22000,150,3000,"bu","14:05:25",19939800
22000,150,1200,"bu","14:05:25",19936800
22000,150,1000,"bu","14:05:25",19935600
22000,150,500,"bu","14:05:25",19934600
22000,150,6900,"bu","14:05:25",19934100
22000,150,2400,"bu","14:05:22",19927200
21950,100,7800,"sd","14:05:21",19924800
21950,100,400,"sd","14:05:18",19917000
22000,150,700,"bu","14:05:18",19916600
22000,150,700,"bu","14:05:18",19915900
22000,150,100,"bu","14:05:18",19915200
22000,150,400,"bu","14:05:18",19915100
22000,150,100,"bu","14:05:18",19914700
22000,150,2300,"bu","14:05:14",19914600
22000,150,3000,"bu","14:05:11",19912300
22000,150,500,"bu","14:05:10",19909300
22000,150,8800,"bu","14:05:07",19908800
22000,150,40000,"bu","14:05:06",19900000
22000,150,2300,"bu","14:05:05",19860000
22000,150,2000,"bu","14:05:02",19857700
22000,150,100,"bu","14:05:00",19855700
22000,150,2100,"bu","14:04:57",19855600
22000,150,300,"bu","14:04:57",19853500
22000,150,2900,"bu","14:04:53",19853200
22000,150,3200,"bu","14:04:53",19850300
22000,150,6000,"bu","14:04:53",19847100
22000,150,5000,"bu","14:04:53",19841100
22000,150,25700,"bu","14:04:51",19836100
22000,150,4300,"bu","14:04:51",19810400
22000,150,2300,"bu","14:04:49",19806100
22000,150,3500,"bu","14:04:48",19803800
22000,150,5400,"bu","14:04:48",19800300
22000,150,1100,"bu","14:04:48",19794900
22000,150,10000,"bu","14:04:45",19793800
22000,150,2400,"bu","14:04:40",19783800
22000,150,20000,"bu","14:04:37",19781400
22000,150,2300,"bu","14:04:32",19761400
22000,150,22500,"bu","14:04:32",19759100
22000,150,2400,"bu","14:04:24",19736600
21950,100,800,"sd","14:04:21",19734200
21950,100,30000,"sd","14:04:20",19733400
21950,100,2000,"sd","14:04:19",19703400
22000,150,2300,"bu","14:04:15",19701400
21950,100,1000,"sd","14:04:14",19699100
22000,150,8000,"bu","14:04:13",19698100
21950,100,500,"sd","14:04:09",19690100
22000,150,2400,"bu","14:04:07",19689600
22000,150,26600,"bu","14:04:07",19687200
22000,150,8200,"bu","14:04:07",19660600
22000,150,1200,"bu","14:04:07",19652400
21950,100,1000,"sd","14:04:02",19651200
22000,150,2300,"bu","14:03:58",19650200
22000,150,1500,"bu","14:03:52",19647900
22000,150,300,"bu","14:03:51",19646400
22000,150,600,"bu","14:03:50",19646100
21950,100,1200,"sd","14:03:42",19645500
22000,150,2300,"bu","14:03:42",19644300
22000,150,1000,"bu","14:03:39",19642000
22000,150,200,"bu","14:03:33",19641000
22000,150,300,"bu","14:03:33",19640800
22000,150,800,"bu","14:03:33",19640500
22000,150,1100,"bu","14:03:33",19639700
22000,150,500,"bu","14:03:33",19638600
21950,100,400,"sd","14:03:33",19638100
22000,150,100,"bu","14:03:30",19637700
21950,100,22000,"sd","14:03:26",19637600
22000,150,2300,"bu","14:03:25",19615600
22000,150,2400,"bu","14:03:16",19613300
22000,150,2300,"bu","14:03:08",19610900
22000,150,6000,"bu","14:03:05",19608600
22000,150,2400,"bu","14:03:01",19602600
21950,100,500,"sd","14:02:57",19600200
22000,150,2300,"bu","14:02:51",19599700
22000,150,2000,"bu","14:02:48",19597400
22000,150,2400,"bu","14:02:43",19595400
22000,150,300,"bu","14:02:40",19593000
22000,150,2300,"bu","14:02:35",19592700
22000,150,500,"bu","14:02:34",19590400
21950,100,1000,"sd","14:02:28",19589900
22000,150,2300,"bu","14:02:26",19588900
21950,100,500,"sd","14:02:20",19586600
22000,150,2400,"bu","14:02:18",19586100
21950,100,10000,"sd","14:02:15",19583700
21950,100,100,"sd","14:02:12",19573700
22000,150,2000,"bu","14:02:11",19573600
22000,150,2300,"bu","14:02:09",19571600
21950,100,14700,"sd","14:02:08",19569300
21950,100,200,"sd","14:02:08",19554600
21950,100,1000,"sd","14:02:08",19554400
21950,100,500,"sd","14:02:08",19553400
21950,100,100,"sd","14:02:06",19552900
22000,150,14400,"bu","14:02:04",19552800
22000,150,1000,"bu","14:02:04",19538400
22000,150,200,"bu","14:02:04",19537400
22000,150,5000,"bu","14:02:04",19537200
22000,150,3000,"bu","14:02:04",19532200
22000,150,100,"bu","14:02:04",19529200
22000,150,8000,"bu","14:02:04",19529100
22000,150,1300,"bu","14:02:04",19521100
21950,100,400,"sd","14:02:04",19519800
21950,100,500,"sd","14:02:04",19519400
21950,100,100,"sd","14:02:04",19518900
21950,100,200,"sd","14:02:04",19518800
21950,100,2800,"sd","14:02:04",19518600
22000,150,2400,"bu","14:02:01",19515800
22000,150,1300,"bu","14:01:59",19513400
22000,150,4700,"bu","14:01:59",19512100
22000,150,2300,"bu","14:01:53",19507400
21950,100,8400,"sd","14:01:50",19505100
21950,100,200,"sd","14:01:50",19496700
21950,100,7800,"sd","14:01:50",19496500
22000,150,2400,"bu","14:01:44",19488700
21950,100,500,"sd","14:01:43",19486300
22000,150,2300,"bu","14:01:36",19485800
22000,150,500,"bu","14:01:28",19483500
22000,150,2400,"bu","14:01:27",19483000
21950,100,11700,"sd","14:01:21",19480600
21950,100,300,"sd","14:01:21",19468900
21950,100,2000,"sd","14:01:21",19468600
21950,100,200,"sd","14:01:21",19466600
21950,100,3000,"sd","14:01:21",19466400
21950,100,15000,"sd","14:01:21",19463400
21950,100,4000,"sd","14:01:21",19448400
21950,100,10000,"sd","14:01:21",19444400
21950,100,100,"sd","14:01:21",19434400
21950,100,3700,"sd","14:01:21",19434300
22000,150,2300,"bu","14:01:19",19430600
22000,150,200,"bu","14:01:15",19428300
22000,150,100,"bu","14:01:14",19428100
22000,150,2400,"bu","14:01:11",19428000
22000,150,2000,"bu","14:01:08",19425600
21950,100,500,"sd","14:01:03",19423600
22000,150,2300,"bu","14:01:02",19423100
21950,100,16400,"sd","14:01:02",19420800
22000,150,6000,"bu","14:00:54",19404400
22000,150,2400,"bu","14:00:54",19398400
22000,150,300,"bu","14:00:53",19396000
22000,150,100,"bu","14:00:47",19395700
22000,150,2300,"bu","14:00:46",19395600
22000,150,2400,"bu","14:00:37",19393300
22000,150,100,"bu","14:00:32",19390900
22000,150,2300,"bu","14:00:29",19390800
22000,150,2000,"bu","14:00:29",19388500
21950,100,500,"sd","14:00:27",19386500
22000,150,2600,"bu","14:00:25",19386000
21950,100,8900,"sd","14:00:24",19383400
21950,100,800,"sd","14:00:24",19374500
21950,100,6700,"sd","14:00:24",19373700
22000,150,5000,"bu","14:00:21",19367000
22000,150,2400,"bu","14:00:20",19362000
22000,150,600,"bu","14:00:19",19359600
22000,150,7000,"bu","14:00:18",19359000
22000,150,20000,"bu","14:00:18",19352000
22000,150,100,"bu","14:00:16",19332000
22000,150,2300,"bu","14:00:12",19331900
22000,150,10000,"bu","14:00:10",19329600
22000,150,500,"bu","14:00:10",19319600
22000,150,59000,"bu","14:00:07",19319100
22000,150,2400,"bu","14:00:04",19260100
22000,150,10000,"bu","14:00:01",19257700
21950,100,3300,"sd","14:00:00",19247700
21950,100,600,"sd","14:00:00",19244400
22000,150,2300,"bu","13:59:55",19243800
22000,150,1000,"bu","13:59:52",19241500
22000,150,200,"bu","13:59:52",19240500
21950,100,400,"sd","13:59:48",19240300
22000,150,5000,"bu","13:59:48",19239900
22000,150,6100,"bu","13:59:48",19234900
22000,150,2400,"bu","13:59:47",19228800
22000,150,3000,"bu","13:59:46",19226400
22000,150,2000,"bu","13:59:46",19223400
22000,150,200,"bu","13:59:44",19221400
22000,150,2300,"bu","13:59:38",19221200
22000,150,2000,"bu","13:59:35",19218900
22000,150,3500,"unknown","13:59:35",19216900
22000,150,1000,"sd","13:59:35",19213400
22000,150,500,"sd","13:59:35",19212400
22000,150,1000,"sd","13:59:35",19211900
22000,150,300,"sd","13:59:35",19210900
22000,150,3500,"sd","13:59:35",19210600
22000,150,6500,"sd","13:59:34",19207100
22000,150,2000,"sd","13:59:34",19200600
22000,150,1500,"sd","13:59:34",19198600
22050,200,100,"bu","13:59:34",19197100
22050,200,100,"bu","13:59:34",19197000
22050,200,300,"bu","13:59:34",19196900
22050,200,100,"bu","13:59:34",19196600
22050,200,100,"bu","13:59:34",19196500
22050,200,100,"bu","13:59:34",19196400
22050,200,200,"bu","13:59:34",19196300
22000,150,5900,"sd","13:59:32",19196100
22050,200,500,"bu","13:59:30",19190200
22050,200,400,"bu","13:59:30",19189700
22050,200,400,"bu","13:59:30",19189300
22050,200,1000,"bu","13:59:30",19188900
22050,200,500,"bu","13:59:23",19187900
22050,200,1100,"bu","13:59:22",19187400
22050,200,500,"bu","13:59:22",19186300
22050,200,500,"bu","13:59:22",19185800
22050,200,300,"bu","13:59:22",19185300
22000,150,2600,"sd","13:59:22",19185000
22000,150,500,"sd","13:59:22",19182400
22000,150,5000,"sd","13:59:22",19181900
22000,150,11900,"sd","13:59:22",19176900
22000,150,500,"sd","13:59:18",19165000
22000,150,400,"sd","13:59:16",19164500
22000,150,3200,"sd","13:59:16",19164100
22000,150,500,"sd","13:59:15",19160900
22000,150,1100,"sd","13:59:15",19160400
22000,150,200,"sd","13:59:15",19159300
22050,200,700,"bu","13:59:13",19159100
22050,200,1600,"bu","13:59:13",19158400
22050,200,2400,"bu","13:59:05",19156800
22050,200,6000,"bu","13:59:01",19154400
22050,200,1100,"bu","13:59:01",19148400
22000,150,100,"bu","13:59:01",19147300
22000,150,1000,"bu","13:59:01",19147200
22000,150,11800,"bu","13:59:01",19146200
22000,150,2300,"bu","13:58:57",19134400
22000,150,500,"sd","13:58:54",19132100
22000,150,1000,"sd","13:58:54",19131600
22000,150,400,"sd","13:58:54",19130600
22000,150,400,"sd","13:58:54",19130200
22000,150,1600,"sd","13:58:52",19129800
22000,150,1000,"sd","13:58:52",19128200
22000,150,100,"sd","13:58:52",19127200
22000,150,300,"sd","13:58:52",19127100
22000,150,5700,"sd","13:58:50",19126800
22000,150,100,"sd","13:58:50",19121100
22050,200,2000,"bu","13:58:48",19121000
22050,200,2400,"bu","13:58:48",19119000
22000,150,5000,"sd","13:58:45",19116600
22000,150,300,"sd","13:58:43",19111600
22000,150,600,"sd","13:58:40",19111300
22050,200,2300,"bu","13:58:40",19110700
22000,150,1000,"sd","13:58:39",19108400
22000,150,10000,"bu","13:58:38",19107400
22000,150,13100,"bu","13:58:38",19097400
22000,150,600,"bu","13:58:38",19084300
22000,150,2700,"bu","13:58:35",19083700
22000,150,100,"bu","13:58:35",19081000
22000,150,200,"bu","13:58:35",19080900
22000,150,800,"bu","13:58:35",19080700
22000,150,400,"bu","13:58:35",19079900
22000,150,5800,"bu","13:58:35",19079500
22000,150,100,"bu","13:58:33",19073700
22000,150,1000,"bu","13:58:33",19073600
22000,150,500,"bu","13:58:31",19072600
22000,150,1900,"bu","13:58:31",19072100
22000,150,5500,"bu","13:58:28",19070200
22000,150,3000,"bu","13:58:26",19064700
22000,150,1000,"bu","13:58:24",19061700
22000,150,2300,"bu","13:58:23",19060700
22000,150,12000,"bu","13:58:23",19058400
22000,150,1000,"bu","13:58:21",19046400
22000,150,1000,"bu","13:58:20",19045400
22000,150,1200,"bu","13:58:18",19044400
22000,150,2400,"bu","13:58:15",19043200
22000,150,11000,"bu","13:58:15",19040800
22000,150,3000,"bu","13:58:13",19029800
22000,150,1000,"bu","13:58:10",19026800
22000,150,1000,"bu","13:58:08",19025800
22000,150,23000,"sd","13:58:06",19024800
22000,150,29700,"sd","13:58:06",19001800
22050,200,2200,"bu","13:58:06",18972100
22050,200,100,"bu","13:58:06",18969900
22000,150,300,"sd","13:58:01",18969800
22000,150,2400,"sd","13:58:01",18969500
22000,150,5100,"sd","13:58:01",18967100
22000,150,400,"bu","13:57:58",18962000
22000,150,1200,"bu","13:57:58",18961600
21950,100,4900,"sd","13:57:57",18960400
21950,100,5000,"sd","13:57:57",18955500
21950,100,500,"sd","13:57:57",18950500
21950,100,1300,"sd","13:57:57",18950000
21950,100,1700,"sd","13:57:57",18948700
22000,150,600,"bu","13:57:57",18947000
22000,150,400,"bu","13:57:57",18946400
22000,150,100,"bu","13:57:57",18946000
22000,150,100,"bu","13:57:55",18945900
22000,150,2000,"bu","13:57:54",18945800
22000,150,900,"bu","13:57:54",18943800
22000,150,4100,"bu","13:57:54",18942900
22000,150,1000,"bu","13:57:53",18938800
22000,150,1500,"bu","13:57:51",18937800
22000,150,2500,"bu","13:57:50",18936300
22000,150,900,"bu","13:57:50",18933800
22000,150,300,"bu","13:57:50",18932900
22000,150,200,"bu","13:57:50",18932600
22000,150,100,"bu","13:57:50",18932400
22000,150,500,"bu","13:57:50",18932300
22000,150,100,"bu","13:57:50",18931800
22000,150,200,"bu","13:57:50",18931700
22000,150,100,"bu","13:57:50",18931500
22000,150,2600,"bu","13:57:50",18931400
22000,150,900,"bu","13:57:49",18928800
22000,150,2100,"bu","13:57:49",18927900
22000,150,2300,"bu","13:57:49",18925800
22000,150,100,"bu","13:57:47",18923500
22000,150,1100,"bu","13:57:46",18923400
22000,150,400,"bu","13:57:46",18922300
22000,150,2100,"bu","13:57:46",18921900
22000,150,2900,"bu","13:57:44",18919800
22000,150,500,"bu","13:57:44",18916900
22000,150,8200,"bu","13:57:44",18916400
22000,150,300,"bu","13:57:44",18908200
22000,150,100,"bu","13:57:44",18907900
22000,150,1000,"bu","13:57:44",18907800
22000,150,200,"bu","13:57:44",18906800
22000,150,100,"bu","13:57:44",18906600
22000,150,1000,"bu","13:57:44",18906500
22000,150,5000,"bu","13:57:44",18905500
22000,150,100,"bu","13:57:44",18900500
22000,150,100,"bu","13:57:44",18900400
22000,150,100,"bu","13:57:44",18900300
22000,150,500,"bu","13:57:44",18900200
22000,150,500,"bu","13:57:44",18899700
22000,150,100,"bu","13:57:44",18899200
22000,150,2000,"bu","13:57:44",18899100
22000,150,300,"bu","13:57:44",18897100
22000,150,5000,"bu","13:57:44",18896800
22000,150,2800,"bu","13:57:43",18891800
22000,150,20000,"bu","13:57:42",18889000
22000,150,3000,"bu","13:57:42",18869000
22000,150,1000,"bu","13:57:42",18866000
22000,150,300,"bu","13:57:42",18865000
22000,150,5000,"bu","13:57:42",18864700
22000,150,700,"bu","13:57:42",18859700
22000,150,3000,"bu","13:57:42",18859000
22000,150,1000,"bu","13:57:42",18856000
22000,150,100,"bu","13:57:42",18855000
22000,150,100,"bu","13:57:42",18854900
22000,150,2000,"bu","13:57:42",18854800
22000,150,2000,"bu","13:57:42",18852800
22000,150,200,"bu","13:57:42",18850800
22000,150,2000,"bu","13:57:42",18850600
22000,150,100,"bu","13:57:42",18848600
22000,150,2700,"bu","13:57:42",18848500
22000,150,200,"bu","13:57:42",18845800
22000,150,2400,"bu","13:57:42",18845600
22000,150,200,"bu","13:57:42",18843200
22000,150,600,"bu","13:57:42",18843000
22000,150,100,"bu","13:57:42",18842400
22000,150,1000,"bu","13:57:42",18842300
22000,150,1000,"bu","13:57:42",18841300
22000,150,100,"bu","13:57:42",18840300
22000,150,200,"bu","13:57:42",18840200
22000,150,8600,"bu","13:57:42",18840000
22000,150,3500,"bu","13:57:42",18831400
22000,150,100,"bu","13:57:42",18827900
22000,150,1000,"bu","13:57:42",18827800
22000,150,2000,"bu","13:57:42",18826800
22000,150,500,"bu","13:57:41",18824800
22000,150,100,"bu","13:57:41",18824300
22000,150,100,"bu","13:57:41",18824200
22000,150,200,"bu","13:57:41",18824100
22000,150,1100,"bu","13:57:41",18823900
22000,150,400,"bu","13:57:41",18822800
22000,150,2100,"bu","13:57:40",18822400
22000,150,100,"bu","13:57:40",18820300
22000,150,900,"bu","13:57:37",18820200
22000,150,3000,"bu","13:57:37",18819300
22000,150,100,"bu","13:57:37",18816300
22000,150,2000,"bu","13:57:37",18816200
22000,150,6000,"bu","13:57:36",18814200
22000,150,200,"bu","13:57:36",18808200
22000,150,1000,"bu","13:57:36",18808000
22000,150,2000,"bu","13:57:36",18807000
22000,150,1000,"bu","13:57:36",18805000
22000,150,1000,"bu","13:57:36",18804000
22000,150,44800,"bu","13:57:36",18803000
22000,150,2300,"bu","13:57:33",18758200
22000,150,2900,"bu","13:57:32",18755900
22000,150,500,"bu","13:57:32",18753000
22000,150,2000,"bu","13:57:32",18752500
22000,150,200,"bu","13:57:32",18750500
22000,150,10400,"bu","13:57:32",18750300
21950,100,5400,"sd","13:57:28",18739900
21950,100,100,"sd","13:57:28",18734500
21950,100,500,"sd","13:57:28",18734400
21950,100,1600,"sd","13:57:26",18733900
21950,100,100,"sd","13:57:26",18732300
21950,100,14700,"sd","13:57:26",18732200
22000,150,2400,"bu","13:57:24",18717500
21950,100,1000,"sd","13:57:22",18715100
21950,100,400,"sd","13:57:19",18714100
21950,100,3700,"sd","13:57:19",18713700
22000,150,2000,"bu","13:57:18",18710000
22000,150,2300,"bu","13:57:16",18708000
21950,100,1000,"sd","13:57:13",18705700
22000,150,44000,"bu","13:57:12",18704700
22000,150,10000,"bu","13:57:08",18660700
22000,150,2400,"bu","13:57:08",18650700
21950,100,16400,"sd","13:57:01",18648300
22000,150,2300,"bu","13:56:59",18631900
21950,100,8200,"sd","13:56:56",18629600
21950,100,3000,"sd","13:56:52",18621400
22000,150,2300,"bu","13:56:51",18618400
22000,150,2400,"bu","13:56:42",18616100
21950,100,10000,"sd","13:56:40",18613700
22000,150,500,"bu","13:56:38",18603700
22000,150,2300,"bu","13:56:34",18603200
22000,150,1000,"bu","13:56:34",18600900
22000,150,6000,"bu","13:56:31",18599900
22000,150,1900,"bu","13:56:30",18593900
22000,150,7800,"bu","13:56:29",18592000
22000,150,1000,"bu","13:56:29",18584200
22000,150,1200,"bu","13:56:29",18583200
22000,150,100,"bu","13:56:29",18582000
22000,150,1800,"bu","13:56:28",18581900
22000,150,3000,"bu","13:56:27",18580100
22000,150,2400,"bu","13:56:26",18577100
22000,150,100,"bu","13:56:26",18574700
22000,150,200,"bu","13:56:25",18574600
22000,150,100,"bu","13:56:25",18574400
22000,150,500,"bu","13:56:20",18574300
22000,150,1000,"bu","13:56:20",18573800
22000,150,100,"bu","13:56:20",18572800
22000,150,100,"bu","13:56:20",18572700
22000,150,6000,"bu","13:56:20",18572600
22000,150,10000,"bu","13:56:20",18566600
22000,150,500,"bu","13:56:20",18556600
22000,150,500,"bu","13:56:20",18556100
22000,150,1000,"bu","13:56:20",18555600
22000,150,1000,"bu","13:56:20",18554600
22000,150,1100,"bu","13:56:20",18553600
22000,150,5000,"bu","13:56:20",18552500
22000,150,1500,"bu","13:56:20",18547500
22000,150,1800,"bu","13:56:20",18546000
22000,150,1000,"bu","13:56:20",18544200
22000,150,4000,"bu","13:56:20",18543200
22000,150,900,"bu","13:56:20",18539200
22000,150,300,"bu","13:56:20",18538300
22000,150,10000,"bu","13:56:20",18538000
22000,150,100,"bu","13:56:20",18528000
22000,150,200,"bu","13:56:20",18527900
22000,150,2000,"bu","13:56:20",18527700
22000,150,300,"bu","13:56:20",18525700
22000,150,1700,"bu","13:56:20",18525400
22000,150,5000,"bu","13:56:20",18523700
22000,150,1400,"bu","13:56:20",18518700
22000,150,500,"bu","13:56:20",18517300
22000,150,10000,"bu","13:56:20",18516800
22000,150,100,"bu","13:56:20",18506800
22000,150,100,"bu","13:56:19",18506700
22000,150,300,"bu","13:56:18",18506600
22000,150,100,"bu","13:56:17",18506300
22000,150,2300,"bu","13:56:17",18506200
22000,150,100,"bu","13:56:17",18503900
22000,150,300,"bu","13:56:17",18503800
22000,150,100,"bu","13:56:17",18503500
22000,150,300,"bu","13:56:17",18503400
22000,150,100,"bu","13:56:17",18503100
22000,150,300,"bu","13:56:17",18503000
22000,150,100,"bu","13:56:17",18502700
22000,150,1000,"bu","13:56:16",18502600
22000,150,500,"bu","13:56:16",18501600
22000,150,200,"bu","13:56:16",18501100
22000,150,1100,"bu","13:56:16",18500900
22000,150,300,"bu","13:56:16",18499800
22000,150,500,"bu","13:56:16",18499500
22000,150,400,"bu","13:56:16",18499000
22000,150,300,"bu","13:56:16",18498600
22000,150,1700,"bu","13:56:16",18498300
22000,150,100,"bu","13:56:16",18496600
22000,150,100,"bu","13:56:16",18496500
22000,150,300,"bu","13:56:16",18496400
22000,150,400,"bu","13:56:16",18496100
22000,150,1000,"bu","13:56:16",18495700
22000,150,100,"bu","13:56:16",18494700
22000,150,900,"bu","13:56:16",18494600
22000,150,2600,"bu","13:56:16",18493700
22000,150,1400,"bu","13:56:16",18491100
22000,150,400,"bu","13:56:15",18489700
22000,150,100,"bu","13:56:15",18489300
22000,150,200,"bu","13:56:15",18489200
22000,150,500,"bu","13:56:15",18489000
22000,150,800,"bu","13:56:15",18488500
22000,150,500,"bu","13:56:15",18487700
22000,150,200,"bu","13:56:15",18487200
22000,150,400,"bu","13:56:15",18487000
22000,150,600,"bu","13:56:15",18486600
22000,150,2500,"bu","13:56:15",18486000
22000,150,900,"bu","13:56:15",18483500
22000,150,1100,"bu","13:56:15",18482600
22000,150,400,"bu","13:56:15",18481500
22000,150,100,"bu","13:56:15",18481100
22000,150,100,"bu","13:56:15",18481000
22000,150,200,"bu","13:56:15",18480900
22000,150,200,"bu","13:56:15",18480700
22000,150,300,"bu","13:56:15",18480500
22000,150,600,"bu","13:56:15",18480200
22000,150,500,"bu","13:56:15",18479600
22000,150,600,"bu","13:56:15",18479100
22000,150,200,"bu","13:56:15",18478500
22000,150,1300,"bu","13:56:15",18478300
22000,150,200,"bu","13:56:15",18477000
22000,150,200,"bu","13:56:15",18476800
22000,150,600,"bu","13:56:15",18476600
22000,150,400,"bu","13:56:14",18476000
22000,150,1300,"bu","13:56:14",18475600
22000,150,100,"bu","13:56:14",18474300
22000,150,1000,"bu","13:56:14",18474200
22000,150,1200,"bu","13:56:14",18473200
22000,150,200,"bu","13:56:14",18472000
22000,150,1300,"bu","13:56:14",18471800
22000,150,700,"bu","13:56:14",18470500
22000,150,200,"bu","13:56:14",18469800
22000,150,500,"bu","13:56:14",18469600
22000,150,500,"bu","13:56:14",18469100
22000,150,100,"bu","13:56:14",18468600
22000,150,300,"bu","13:56:14",18468500
22000,150,1000,"bu","13:56:14",18468200
22000,150,300,"bu","13:56:14",18467200
22000,150,200,"bu","13:56:14",18466900
22000,150,500,"bu","13:56:14",18466700
22000,150,400,"bu","13:56:14",18466200
22000,150,100,"bu","13:56:14",18465800
22000,150,500,"bu","13:56:14",18465700
22000,150,800,"bu","13:56:14",18465200
22000,150,1500,"bu","13:56:14",18464400
22000,150,500,"bu","13:56:14",18462900
22000,150,300,"bu","13:56:14",18462400
22000,150,500,"bu","13:56:14",18462100
22000,150,100,"bu","13:56:14",18461600
22000,150,900,"bu","13:56:14",18461500
22000,150,1200,"bu","13:56:14",18460600
22000,150,300,"bu","13:56:14",18459400
22000,150,1200,"bu","13:56:14",18459100
22000,150,400,"bu","13:56:14",18457900
22000,150,300,"bu","13:56:14",18457500
22000,150,200,"bu","13:56:14",18457200
22000,150,400,"bu","13:56:13",18457000
22000,150,200,"bu","13:56:13",18456600
22000,150,300,"bu","13:56:13",18456400
22000,150,100,"bu","13:56:13",18456100
22000,150,100,"bu","13:56:13",18456000
22000,150,100,"bu","13:56:13",18455900
22000,150,100,"bu","13:56:13",18455800
22000,150,900,"bu","13:56:13",18455700
22000,150,500,"bu","13:56:13",18454800
22000,150,600,"bu","13:56:13",18454300
22000,150,400,"bu","13:56:13",18453700
22000,150,1100,"bu","13:56:13",18453300
22000,150,900,"bu","13:56:13",18452200
22000,150,100,"bu","13:56:13",18451300
22000,150,200,"bu","13:56:13",18451200
22000,150,1400,"bu","13:56:13",18451000
22000,150,100,"bu","13:56:13",18449600
22000,150,100,"bu","13:56:13",18449500
22000,150,200,"bu","13:56:13",18449400
22000,150,500,"bu","13:56:13",18449200
22000,150,500,"bu","13:56:13",18448700
22000,150,600,"bu","13:56:13",18448200
22000,150,100,"bu","13:56:13",18447600
22000,150,400,"bu","13:56:13",18447500
22000,150,100,"bu","13:56:12",18447100
22000,150,200,"bu","13:56:12",18447000
22000,150,900,"bu","13:56:12",18446800
22000,150,200,"bu","13:56:12",18445900
22000,150,300,"bu","13:56:12",18445700
22000,150,500,"bu","13:56:12",18445400
22000,150,100,"bu","13:56:12",18444900
22000,150,100,"bu","13:56:12",18444800
22000,150,100,"bu","13:56:12",18444700
22000,150,700,"bu","13:56:12",18444600
22000,150,800,"bu","13:56:12",18443900
22000,150,1900,"bu","13:56:12",18443100
22000,150,100,"bu","13:56:12",18441200
22000,150,100,"bu","13:56:12",18441100
22000,150,100,"bu","13:56:12",18441000
22000,150,200,"bu","13:56:12",18440900
22000,150,100,"bu","13:56:12",18440700
22000,150,100,"bu","13:56:12",18440600
22000,150,500,"bu","13:56:12",18440500
22000,150,400,"bu","13:56:12",18440000
22000,150,700,"bu","13:56:12",18439600
22000,150,100,"bu","13:56:12",18438900
22000,150,2900,"bu","13:56:12",18438800
22000,150,600,"bu","13:56:12",18435900
22000,150,400,"bu","13:56:12",18435300
22000,150,500,"bu","13:56:12",18434900
22000,150,200,"bu","13:56:12",18434400
22000,150,100,"bu","13:56:12",18434200
22000,150,200,"bu","13:56:12",18434100
22000,150,100,"bu","13:56:12",18433900
22000,150,200,"bu","13:56:12",18433800
22000,150,4200,"bu","13:56:12",18433600
22000,150,100,"bu","13:56:12",18429400
22000,150,300,"bu","13:56:12",18429300
22000,150,300,"bu","13:56:12",18429000
22000,150,2300,"bu","13:56:12",18428700
22000,150,1100,"bu","13:56:12",18426400
22000,150,100,"bu","13:56:12",18425300
22000,150,600,"bu","13:56:12",18425200
22000,150,1100,"bu","13:56:12",18424600
22000,150,200,"bu","13:56:11",18423500
22000,150,500,"bu","13:56:11",18423300
22000,150,100,"bu","13:56:11",18422800
22000,150,200,"bu","13:56:11",18422700
22000,150,1200,"bu","13:56:11",18422500
22000,150,300,"bu","13:56:11",18421300
22000,150,600,"bu","13:56:11",18421000
22000,150,200,"bu","13:56:11",18420400
22000,150,100,"bu","13:56:11",18420200
22000,150,1800,"bu","13:56:11",18420100
22000,150,500,"bu","13:56:11",18418300
22000,150,100,"bu","13:56:11",18417800
22000,150,1600,"bu","13:56:11",18417700
22000,150,400,"bu","13:56:11",18416100
22000,150,100,"bu","13:56:11",18415700
22000,150,100,"bu","13:56:11",18415600
22000,150,200,"bu","13:56:11",18415500
22000,150,1400,"bu","13:56:11",18415300
22000,150,100,"bu","13:56:11",18413900
22000,150,100,"bu","13:56:11",18413800
22000,150,100,"bu","13:56:11",18413700
22000,150,100,"bu","13:56:11",18413600
22000,150,200,"bu","13:56:11",18413500
22000,150,900,"bu","13:56:11",18413300
22000,150,900,"bu","13:56:11",18412400
22000,150,500,"bu","13:56:11",18411500
22000,150,100,"bu","13:56:11",18411000
22000,150,200,"bu","13:56:11",18410900
22000,150,200,"bu","13:56:11",18410700
22000,150,100,"bu","13:56:10",18410500
22000,150,200,"bu","13:56:10",18410400
22000,150,2000,"bu","13:56:10",18410200
22000,150,100,"bu","13:56:10",18408200
22000,150,2000,"bu","13:56:10",18408100
22000,150,1100,"bu","13:56:10",18406100
22000,150,200,"bu","13:56:10",18405000
22000,150,600,"bu","13:56:10",18404800
22000,150,1200,"bu","13:56:10",18404200
22000,150,100,"bu","13:56:10",18403000
22000,150,700,"bu","13:56:10",18402900
22000,150,500,"bu","13:56:10",18402200
22000,150,100,"bu","13:56:10",18401700
22000,150,400,"bu","13:56:10",18401600
22000,150,200,"bu","13:56:10",18401200
22000,150,100,"bu","13:56:10",18401000
22000,150,200,"bu","13:56:10",18400900
22000,150,1000,"bu","13:56:10",18400700
22000,150,500,"bu","13:56:10",18399700
22000,150,600,"bu","13:56:10",18399200
22000,150,100,"bu","13:56:10",18398600
22000,150,3700,"bu","13:56:10",18398500
22000,150,900,"bu","13:56:10",18394800
22000,150,200,"bu","13:56:10",18393900
22000,150,400,"bu","13:56:10",18393700
22000,150,200,"bu","13:56:10",18393300
22000,150,200,"bu","13:56:10",18393100
22000,150,800,"bu","13:56:10",18392900
22000,150,200,"bu","13:56:10",18392100
22000,150,1600,"bu","13:56:10",18391900
22000,150,500,"bu","13:56:10",18390300
22000,150,400,"bu","13:56:10",18389800
22000,150,400,"bu","13:56:10",18389400
22000,150,200,"bu","13:56:10",18389000
22000,150,300,"bu","13:56:09",18388800
22000,150,200,"bu","13:56:09",18388500
22000,150,300,"bu","13:56:09",18388300
22000,150,400,"bu","13:56:09",18388000
22000,150,600,"bu","13:56:09",18387600
22000,150,100,"bu","13:56:09",18387000
22000,150,1000,"bu","13:56:09",18386900
22000,150,100,"bu","13:56:09",18385900
22000,150,600,"bu","13:56:09",18385800
22000,150,300,"bu","13:56:09",18385200
22000,150,100,"bu","13:56:09",18384900
22000,150,200,"bu","13:56:09",18384800
22000,150,200,"bu","13:56:09",18384600
22000,150,400,"bu","13:56:09",18384400
22000,150,100,"bu","13:56:09",18384000
22000,150,200,"bu","13:56:09",18383900
22000,150,100,"bu","13:56:09",18383700
22000,150,100,"bu","13:56:09",18383600
22000,150,200,"bu","13:56:09",18383500
22000,150,300,"bu","13:56:09",18383300
22000,150,200,"bu","13:56:09",18383000
22000,150,300,"bu","13:56:09",18382800
22000,150,300,"bu","13:56:09",18382500
22000,150,100,"bu","13:56:09",18382200
22000,150,100,"bu","13:56:09",18382100
22000,150,300,"bu","13:56:09",18382000
22000,150,200,"bu","13:56:09",18381700
22000,150,100,"bu","13:56:09",18381500
22000,150,100,"bu","13:56:09",18381400
22000,150,800,"bu","13:56:09",18381300
22000,150,1300,"bu","13:56:09",18380500
22000,150,700,"bu","13:56:09",18379200
22000,150,600,"bu","13:56:09",18378500
22000,150,600,"bu","13:56:09",18377900
22000,150,100,"bu","13:56:08",18377300
22000,150,300,"bu","13:56:08",18377200
22000,150,100,"bu","13:56:08",18376900
22000,150,200,"bu","13:56:08",18376800
22000,150,300,"bu","13:56:08",18376600
22000,150,200,"bu","13:56:08",18376300
22000,150,100,"bu","13:56:08",18376100
22000,150,400,"bu","13:56:08",18376000
22000,150,500,"bu","13:56:08",18375600
22000,150,1100,"bu","13:56:08",18375100
22000,150,200,"bu","13:56:08",18374000
22000,150,200,"bu","13:56:08",18373800
22000,150,500,"bu","13:56:07",18373600
22000,150,500,"bu","13:56:07",18373100
22000,150,1000,"bu","13:56:07",18372600
22000,150,1800,"bu","13:56:07",18371600
21950,100,400,"sd","13:56:04",18369800
21950,100,6200,"sd","13:56:03",18369400
22000,150,200,"bu","13:56:01",18363200
22000,150,500,"bu","13:56:01",18363000
22000,150,100,"bu","13:56:01",18362500
22000,150,200,"bu","13:56:01",18362400
22000,150,500,"bu","13:56:01",18362200
22000,150,600,"bu","13:56:01",18361700
22000,150,200,"bu","13:56:01",18361100
22000,150,300,"bu","13:55:52",18360900
22000,150,2100,"bu","13:55:52",18360600
21950,100,400,"sd","13:55:47",18358500
22000,150,2300,"bu","13:55:44",18358100
21950,100,3000,"sd","13:55:41",18355800
22000,150,2400,"bu","13:55:35",18352800
21950,100,500,"sd","13:55:33",18350400
21950,100,5000,"sd","13:55:32",18349900
22000,150,2300,"bu","13:55:27",18344900
22000,150,2000,"bu","13:55:25",18342600
22000,150,900,"bu","13:55:25",18340600
22000,150,100,"bu","13:55:25",18339700
22000,150,2000,"bu","13:55:25",18339600
22000,150,500,"bu","13:55:25",18337600
22000,150,100,"bu","13:55:25",18337100
22000,150,500,"bu","13:55:25",18337000
22000,150,2400,"bu","13:55:19",18336500
21950,100,6000,"sd","13:55:19",18334100
21950,100,1000,"bu","13:55:17",18328100
21950,100,5000,"bu","13:55:17",18327100
21950,100,8200,"bu","13:55:17",18322100
21950,100,200,"bu","13:55:17",18313900
21950,100,1000,"bu","13:55:17",18313700
21950,100,100,"bu","13:55:17",18312700
21950,100,1000,"bu","13:55:17",18312600
21950,100,3600,"bu","13:55:17",18311600
21950,100,2300,"bu","13:55:10",18308000
21950,100,200,"bu","13:55:02",18305700
21950,100,2200,"bu","13:55:02",18305500
21950,100,2300,"bu","13:54:53",18303300
21900,50,500,"sd","13:54:53",18301000
21900,50,8200,"sd","13:54:50",18300500
21950,100,500,"sd","13:54:47",18292300
22000,150,2400,"bu","13:54:45",18291800
21950,100,900,"sd","13:54:42",18289400
21950,100,1000,"sd","13:54:42",18288500
21950,100,200,"sd","13:54:42",18287500
21950,100,500,"sd","13:54:42",18287300
21950,100,2000,"sd","13:54:40",18286800
22000,150,2300,"bu","13:54:37",18284800
21950,100,200,"bu","13:54:28",18282500
21950,100,1300,"bu","13:54:26",18282300
21950,100,500,"bu","13:54:26",18281000
21950,100,9200,"bu","13:54:26",18280500
21950,100,100,"bu","13:54:21",18271300
21950,100,700,"bu","13:54:20",18271200
21950,100,5300,"bu","13:54:20",18270500
21950,100,2300,"bu","13:54:20",18265200
21950,100,20000,"bu","13:54:16",18262900
21950,100,2400,"bu","13:54:12",18242900
22000,150,2300,"bu","13:54:03",18240500
21900,50,8600,"sd","13:53:59",18238200
21950,100,7800,"sd","13:53:59",18229600
22000,150,100,"bu","13:53:55",18221800
22000,150,2000,"bu","13:53:55",18221700
22000,150,100,"bu","13:53:55",18219700
22000,150,100,"bu","13:53:55",18219600
21950,100,5800,"sd","13:53:53",18219500
21950,100,6400,"bu","13:53:53",18213700
21950,100,5000,"bu","13:53:51",18207300
21950,100,2400,"sd","13:53:49",18202300
21950,100,2600,"sd","13:53:49",18199900
21950,100,1000,"sd","13:53:48",18197300
21950,100,600,"sd","13:53:46",18196300
21950,100,300,"sd","13:53:46",18195700
21950,100,500,"sd","13:53:46",18195400
21950,100,1000,"bu","13:53:41",18194900
21950,100,500,"bu","13:53:39",18193900
21950,100,2300,"bu","13:53:38",18193400
21950,100,500,"bu","13:53:35",18191100
21950,100,2600,"bu","13:53:34",18190600
21950,100,400,"bu","13:53:34",18188000
21950,100,5000,"bu","13:53:34",18187600
21950,100,400,"bu","13:53:34",18182600
21950,100,8200,"bu","13:53:34",18182200
21950,100,5900,"bu","13:53:34",18174000
21950,100,1000,"bu","13:53:34",18168100
21950,100,100,"bu","13:53:34",18167100
21950,100,1400,"bu","13:53:34",18167000
21950,100,600,"bu","13:53:34",18165600
21950,100,400,"bu","13:53:34",18165000
21950,100,2400,"bu","13:53:30",18164600
21950,100,20000,"bu","13:53:29",18162200
21950,100,2300,"bu","13:53:21",18142200
21950,100,2900,"bu","13:53:14",18139900
21950,100,100,"bu","13:53:14",18137000
21950,100,3000,"bu","13:53:14",18136900
21950,100,2400,"bu","13:53:13",18133900
21950,100,400,"bu","13:53:09",18131500
21950,100,900,"bu","13:53:09",18131100
21950,100,500,"bu","13:53:09",18130200
21950,100,100,"bu","13:53:09",18129700
21950,100,1000,"bu","13:53:09",18129600
21950,100,2000,"bu","13:53:09",18128600
21950,100,300,"bu","13:53:09",18126600
21950,100,16400,"bu","13:53:09",18126300
21950,100,5000,"bu","13:53:09",18109900
21950,100,23400,"bu","13:53:09",18104900
21950,100,4000,"bu","13:53:07",18081500
21950,100,100,"bu","13:53:05",18077500
21950,100,2300,"bu","13:53:04",18077400
21950,100,20200,"bu","13:53:03",18075100
21950,100,20000,"bu","13:53:03",18054900
21950,100,20000,"bu","13:53:03",18034900
21950,100,1900,"bu","13:53:03",18014900
21950,100,600,"bu","13:53:03",18013000
21950,100,100,"bu","13:53:03",18012400
21950,100,1000,"bu","13:53:03",18012300
21950,100,10000,"bu","13:53:03",18011300
21950,100,100,"bu","13:53:03",18001300
21950,100,4000,"bu","13:53:03",18001200
21950,100,300,"bu","13:53:03",17997200
21950,100,1500,"bu","13:53:03",17996900
21950,100,1000,"bu","13:53:03",17995400
21950,100,100,"bu","13:53:03",17994400
21950,100,1500,"bu","13:53:03",17994300
21950,100,2000,"bu","13:53:03",17992800
21950,100,14000,"bu","13:53:03",17990800
21950,100,100,"bu","13:53:03",17976800
21950,100,300,"bu","13:53:03",17976700
21950,100,3000,"bu","13:53:03",17976400
21950,100,7500,"bu","13:53:03",17973400
21950,100,2700,"bu","13:53:03",17965900
21950,100,100,"bu","13:53:03",17963200
21950,100,20000,"bu","13:53:03",17963100
21950,100,100,"bu","13:53:01",17943100
21950,100,2400,"bu","13:52:59",17943000
21950,100,2300,"bu","13:52:48",17940600
21950,100,3000,"bu","13:52:46",17938300
21950,100,300,"bu","13:52:43",17935300
21950,100,2400,"bu","13:52:39",17935000
21950,100,2100,"bu","13:52:35",17932600
21950,100,2300,"bu","13:52:31",17930500
21950,100,1000,"bu","13:52:26",17928200
21900,50,100,"sd","13:52:24",17927200
21950,100,2400,"bu","13:52:23",17927100
21950,100,17700,"bu","13:52:23",17924700
21950,100,900,"bu","13:52:23",17907000
21950,100,10000,"bu","13:52:23",17906100
21950,100,800,"bu","13:52:23",17896100
21950,100,200,"bu","13:52:23",17895300
21950,100,100,"bu","13:52:23",17895100
21950,100,100,"bu","13:52:23",17895000
21950,100,200,"bu","13:52:23",17894900
21900,50,500,"sd","13:52:15",17894700
21950,100,800,"bu","13:52:14",17894200
21950,100,1500,"bu","13:52:14",17893400
21950,100,5000,"bu","13:52:13",17891900
21950,100,6100,"bu","13:52:08",17886900
21950,100,2400,"bu","13:52:06",17880800
21950,100,1000,"bu","13:52:04",17878400
21950,100,800,"bu","13:52:02",17877400
21950,100,800,"bu","13:52:01",17876600
21950,100,6400,"bu","13:51:57",17875800
21950,100,100,"bu","13:51:57",17869400
21950,100,100,"bu","13:51:57",17869300
21950,100,500,"bu","13:51:57",17869200
21950,100,1000,"bu","13:51:57",17868700
21950,100,1000,"bu","13:51:57",17867700
21950,100,5000,"bu","13:51:57",17866700
21950,100,1500,"bu","13:51:57",17861700
21950,100,200,"bu","13:51:57",17860200
21950,100,200,"bu","13:51:57",17860000
21950,100,5000,"bu","13:51:57",17859800
21950,100,3200,"bu","13:51:57",17854800
21950,100,5800,"bu","13:51:57",17851600
21950,100,500,"bu","13:51:57",17845800
21950,100,2300,"bu","13:51:57",17845300
21950,100,2400,"bu","13:51:49",17843000
21900,50,6000,"sd","13:51:48",17840600
21950,100,2300,"bu","13:51:41",17834600
21900,50,10000,"sd","13:51:37",17832300
21900,50,500,"sd","13:51:37",17822300
21950,100,2400,"bu","13:51:32",17821800
21950,100,100,"bu","13:51:30",17819400
21950,100,2300,"bu","13:51:24",17819300
21950,100,1000,"bu","13:51:15",17817000
21950,100,2300,"bu","13:51:15",17816000
21900,50,100,"sd","13:51:10",17813700
21950,100,2400,"bu","13:51:07",17813600
21900,50,9500,"sd","13:50:59",17811200
21900,50,500,"sd","13:50:59",17801700
21950,100,2300,"bu","13:50:59",17801200
21950,100,2400,"bu","13:50:50",17798900
21950,100,2300,"bu","13:50:42",17796500
21950,100,2400,"bu","13:50:34",17794200
21950,100,300,"bu","13:50:34",17791800
21950,100,50000,"bu","13:50:27",17791500
21950,100,2300,"bu","13:50:25",17741500
21900,50,1500,"sd","13:50:25",17739200
21900,50,2000,"sd","13:50:25",17737700
21900,50,2500,"sd","13:50:25",17735700
21900,50,500,"sd","13:50:21",17733200
21950,100,2400,"bu","13:50:17",17732700
21950,100,2300,"bu","13:50:08",17730300
21950,100,2400,"bu","13:50:00",17728000
21950,100,6000,"bu","13:49:57",17725600
21950,100,1100,"bu","13:49:52",17719600
21950,100,1200,"bu","13:49:52",17718500
21950,100,900,"bu","13:49:47",17717300
21900,50,300,"sd","13:49:44",17716400
21900,50,400,"sd","13:49:43",17716100
21950,100,2400,"bu","13:49:43",17715700
21900,50,6600,"sd","13:49:43",17713300
21950,100,500,"bu","13:49:35",17706700
21950,100,1800,"bu","13:49:35",17706200
21950,100,2400,"bu","13:49:26",17704400
21950,100,800,"bu","13:49:18",17702000
21950,100,500,"bu","13:49:18",17701200
21950,100,500,"bu","13:49:18",17700700
21950,100,500,"bu","13:49:18",17700200
21950,100,2400,"bu","13:49:10",17699700
21900,50,400,"sd","13:49:09",17697300
21950,100,2100,"bu","13:49:01",17696900
21950,100,100,"bu","13:49:01",17694800
21950,100,100,"bu","13:49:01",17694700
21900,50,5800,"sd","13:48:56",17694600
21950,100,900,"bu","13:48:53",17688800
21950,100,1000,"bu","13:48:53",17687900
21950,100,500,"bu","13:48:53",17686900
21900,50,500,"sd","13:48:47",17686400
21950,100,2300,"bu","13:48:45",17685900
21950,100,2400,"bu","13:48:36",17683600
21900,50,500,"sd","13:48:36",17681200
21900,50,1800,"sd","13:48:28",17680700
21950,100,2300,"bu","13:48:28",17678900
21950,100,1000,"bu","13:48:20",17676600
21950,100,2300,"bu","13:48:19",17675600
21900,50,400,"sd","13:48:14",17673300
21900,50,5700,"sd","13:48:14",17672900
21900,50,700,"sd","13:48:14",17667200
21950,100,2400,"bu","13:48:11",17666500
21950,100,2300,"bu","13:48:03",17664100
21950,100,2000,"bu","13:48:02",17661800
21900,50,100,"sd","13:47:57",17659800
21900,50,400,"sd","13:47:57",17659700
21900,50,2000,"bu","13:47:54",17659300
21900,50,4000,"bu","13:47:54",17657300
21900,50,1000,"bu","13:47:54",17653300
21900,50,3000,"sd","13:47:48",17652300
21900,50,7000,"bu","13:47:46",17649300
21900,50,2300,"bu","13:47:46",17642300
21900,50,6100,"bu","13:47:45",17640000
21900,50,10000,"bu","13:47:44",17633900
21900,50,100,"bu","13:47:40",17623900
21900,50,2400,"bu","13:47:37",17623800
21900,50,500,"bu","13:47:36",17621400
21900,50,50000,"sd","13:47:35",17620900
21900,50,21600,"sd","13:47:35",17570900
21950,100,2300,"bu","13:47:29",17549300
21900,50,5900,"sd","13:47:26",17547000
21900,50,5000,"sd","13:47:24",17541100
21900,50,1500,"bu","13:47:24",17536100
21900,50,1000,"bu","13:47:23",17534600
21900,50,2400,"bu","13:47:21",17533600
21900,50,1000,"bu","13:47:19",17531200
21850,0,400,"sd","13:47:18",17530200
21900,50,900,"bu","13:47:17",17529800
21900,50,2300,"sd","13:47:16",17528900
21900,50,2900,"sd","13:47:16",17526600
21900,50,5000,"bu","13:47:12",17523700
21900,50,30000,"bu","13:47:12",17518700
21900,50,10000,"bu","13:47:12",17488700
21900,50,1000,"bu","13:47:12",17478700
21900,50,1100,"bu","13:47:12",17477700
21900,50,2400,"bu","13:47:04",17476600
21900,50,500,"bu","13:47:02",17474200
21900,50,100,"bu","13:47:01",17473700
21900,50,1700,"bu","13:46:56",17473600
21900,50,600,"bu","13:46:56",17471900
21850,0,500,"sd","13:46:51",17471300
21900,50,1400,"bu","13:46:47",17470800
21900,50,1000,"bu","13:46:47",17469400
21850,0,500,"sd","13:46:45",17468400
21900,50,1000,"bu","13:46:43",17467900
21900,50,1000,"bu","13:46:40",17466900
21900,50,5000,"bu","13:46:40",17465900
21900,50,2300,"bu","13:46:39",17460900
21900,50,100,"bu","13:46:35",17458600
21900,50,2400,"bu","13:46:30",17458500
21900,50,2300,"bu","13:46:22",17456100
21850,0,1500,"sd","13:46:20",17453800
21900,50,1000,"bu","13:46:18",17452300
21900,50,1000,"bu","13:46:16",17451300
21900,50,500,"sd","13:46:16",17450300
21900,50,5400,"sd","13:46:16",17449800
21950,100,200,"bu","13:46:14",17444400
21950,100,100,"bu","13:46:14",17444200
21950,100,2100,"bu","13:46:14",17444100
21950,100,3900,"bu","13:46:10",17442000
21950,100,100,"bu","13:46:10",17438100
21950,100,5000,"bu","13:46:10",17438000
21950,100,1000,"bu","13:46:10",17433000
21950,100,5600,"bu","13:46:10",17432000
21900,50,400,"sd","13:46:07",17426400
21900,50,7700,"sd","13:46:06",17426000
21950,100,2300,"bu","13:46:05",17418300
21900,50,2000,"sd","13:46:04",17416000
21900,50,4500,"sd","13:46:03",17414000
21900,50,1300,"sd","13:46:03",17409500
21900,50,300,"sd","13:46:01",17408200
21900,50,800,"bu","13:45:57",17407900
21900,50,200,"bu","13:45:56",17407100
21900,50,500,"bu","13:45:54",17406900
21900,50,1500,"bu","13:45:49",17406400
21900,50,500,"bu","13:45:49",17404900
21900,50,300,"bu","13:45:49",17404400
21900,50,200,"bu","13:45:43",17404100
21900,50,100,"bu","13:45:43",17403900
21900,50,10000,"bu","13:45:43",17403800
21900,50,100,"bu","13:45:43",17393800
21900,50,1000,"bu","13:45:43",17393700
21900,50,1000,"bu","13:45:43",17392700
21900,50,3200,"bu","13:45:43",17391700
21900,50,500,"bu","13:45:42",17388500
21900,50,2300,"bu","13:45:40",17388000
21900,50,1000,"bu","13:45:38",17385700
21900,50,3000,"bu","13:45:34",17384700
21900,50,3000,"bu","13:45:34",17381700
21900,50,2400,"bu","13:45:32",17378700
21900,50,400,"bu","13:45:23",17376300
21900,50,1600,"bu","13:45:23",17375900
21900,50,2300,"bu","13:45:23",17374300
21850,0,3000,"sd","13:45:22",17372000
21850,0,500,"sd","13:45:22",17369000
21850,0,200,"sd","13:45:22",17368500
21850,0,1000,"sd","13:45:22",17368300
21850,0,500,"sd","13:45:22",17367300
21850,0,700,"sd","13:45:22",17366800
21900,50,400,"bu","13:45:17",17366100
21900,50,10000,"bu","13:45:15",17365700
21900,50,2400,"bu","13:45:15",17355700
21900,50,2300,"bu","13:45:07",17353300
21900,50,2000,"bu","13:45:07",17351000
21900,50,1900,"bu","13:45:06",17349000
21900,50,2000,"bu","13:45:06",17347100
21900,50,1000,"bu","13:45:05",17345100
21900,50,100,"bu","13:45:05",17344100
21900,50,100,"bu","13:45:02",17344000
21900,50,2400,"bu","13:44:58",17343900
21850,0,300,"sd","13:44:57",17341500
21850,0,100,"sd","13:44:57",17341200
21900,50,10000,"bu","13:44:56",17341100
21900,50,500,"bu","13:44:54",17331100
21900,50,2300,"bu","13:44:50",17330600
21900,50,600,"bu","13:44:44",17328300
21900,50,19000,"bu","13:44:42",17327700
21900,50,15600,"bu","13:44:41",17308700
21900,50,2400,"bu","13:44:41",17293100
21850,0,300,"sd","13:44:40",17290700
21850,0,5700,"sd","13:44:40",17290400
21900,50,1500,"bu","13:44:39",17284700
21900,50,5000,"bu","13:44:38",17283200
21900,50,2300,"bu","13:44:33",17278200
21900,50,2000,"bu","13:44:32",17275900
21900,50,200,"bu","13:44:30",17273900
21900,50,6000,"bu","13:44:28",17273700
21900,50,500,"sd","13:44:26",17267700
21900,50,100,"sd","13:44:26",17267200
21900,50,3500,"sd","13:44:26",17267100
21950,100,2400,"bu","13:44:25",17263600
21900,50,500,"sd","13:44:24",17261200
21900,50,26000,"sd","13:44:23",17260700
21900,50,1500,"sd","13:44:23",17234700
21900,50,1500,"sd","13:44:23",17233200
21900,50,5000,"sd","13:44:23",17231700
21900,50,16000,"sd","13:44:23",17226700
21950,100,2300,"bu","13:44:16",17210700
21950,100,2400,"bu","13:44:08",17208400
21900,50,2000,"sd","13:44:07",17206000
21900,50,10000,"sd","13:44:03",17204000
21900,50,500,"sd","13:44:01",17194000
21950,100,2300,"bu","13:44:00",17193500
21900,50,5700,"sd","13:43:57",17191200
21900,50,200,"sd","13:43:54",17185500
21950,100,2400,"bu","13:43:51",17185300
21900,50,400,"sd","13:43:47",17182900
21900,50,15200,"sd","13:43:44",17182500
21900,50,30000,"sd","13:43:44",17167300
21900,50,100,"sd","13:43:44",17137300
21900,50,500,"sd","13:43:44",17137200
21900,50,100,"sd","13:43:44",17136700
21900,50,4100,"sd","13:43:44",17136600
21950,100,300,"bu","13:43:43",17132500
21950,100,900,"bu","13:43:43",17132200
21950,100,500,"bu","13:43:43",17131300
21950,100,600,"bu","13:43:43",17130800
21950,100,9400,"bu","13:43:43",17130200
21950,100,1000,"bu","13:43:43",17120800
21950,100,3000,"bu","13:43:43",17119800
21950,100,600,"bu","13:43:43",17116800
21950,100,1000,"bu","13:43:43",17116200
21950,100,600,"bu","13:43:43",17115200
21900,50,100,"sd","13:43:39",17114600
21900,50,300,"sd","13:43:37",17114500
21950,100,2400,"bu","13:43:34",17114200
21950,100,1000,"bu","13:43:27",17111800
21950,100,1000,"bu","13:43:26",17110800
21950,100,1300,"bu","13:43:26",17109800
21950,100,800,"bu","13:43:23",17108500
21950,100,600,"bu","13:43:23",17107700
21950,100,1700,"bu","13:43:23",17107100
21950,100,3000,"bu","13:43:23",17105400
21950,100,2400,"bu","13:43:18",17102400
21900,50,5500,"sd","13:43:17",17100000
21900,50,500,"sd","13:43:17",17094500
21900,50,400,"sd","13:43:15",17094000
21950,100,2300,"bu","13:43:09",17093600
21900,50,1000,"sd","13:43:04",17091300
21900,50,100,"sd","13:43:02",17090300
21900,50,900,"sd","13:43:02",17090200
21900,50,100,"sd","13:43:02",17089300
21900,50,100,"sd","13:43:02",17089200
21900,50,1000,"sd","13:43:02",17089100
21900,50,1800,"sd","13:43:02",17088100
21950,100,2300,"bu","13:43:01",17086300
21900,50,1700,"sd","13:43:01",17084000
21900,50,1500,"sd","13:42:53",17082300
21900,50,5000,"sd","13:42:53",17080800
21900,50,3500,"sd","13:42:53",17075800
21950,100,2400,"bu","13:42:52",17072300
21950,100,2300,"bu","13:42:44",17069900
21900,50,500,"sd","13:42:41",17067600
21950,100,1700,"bu","13:42:36",17067100
21950,100,700,"bu","13:42:36",17065400
21900,50,6000,"sd","13:42:32",17064700
21900,50,4000,"sd","13:42:32",17058700
21950,100,2300,"bu","13:42:27",17054700
21900,50,200,"sd","13:42:22",17052400
21900,50,1700,"bu","13:42:20",17052200
21900,50,10000,"bu","13:42:20",17050500
21900,50,100,"bu","13:42:20",17040500
21900,50,400,"bu","13:42:20",17040400
21900,50,3600,"bu","13:42:20",17040000
21900,50,2400,"bu","13:42:19",17036400
21900,50,300,"bu","13:42:17",17034000
21900,50,400,"bu","13:42:17",17033700
21900,50,500,"bu","13:42:17",17033300
21900,50,4800,"bu","13:42:17",17032800
21850,0,200,"sd","13:42:17",17028000
21900,50,100,"bu","13:42:16",17027800
21900,50,1000,"bu","13:42:13",17027700
21900,50,4100,"bu","13:42:13",17026700
21900,50,1000,"bu","13:42:13",17022600
21900,50,4900,"bu","13:42:13",17021600
21900,50,3000,"bu","13:42:12",17016700
21900,50,100,"bu","13:42:11",17013700
21900,50,700,"bu","13:42:11",17013600
21900,50,1000,"bu","13:42:11",17012900
21900,50,500,"bu","13:42:11",17011900
21900,50,500,"bu","13:42:08",17011400
21900,50,2400,"bu","13:42:02",17010900
21900,50,1100,"bu","13:42:02",17008500
21900,50,900,"bu","13:42:02",17007400
21900,50,2300,"bu","13:41:54",17006500
21900,50,800,"bu","13:41:51",17004200
21900,50,500,"bu","13:41:51",17003400
21900,50,100,"bu","13:41:51",17002900
21900,50,100,"bu","13:41:51",17002800
21900,50,500,"bu","13:41:51",17002700
21900,50,200,"bu","13:41:49",17002200
21900,50,600,"bu","13:41:49",17002000
21900,50,2500,"bu","13:41:49",17001400
21900,50,2000,"bu","13:41:49",16998900
21900,50,1200,"bu","13:41:49",16996900
21900,50,1000,"bu","13:41:49",16995700
21900,50,100,"bu","13:41:49",16994700
21900,50,12400,"bu","13:41:49",16994600
21900,50,2400,"bu","13:41:45",16982200
21900,50,2300,"bu","13:41:37",16979800
21900,50,2900,"bu","13:41:35",16977500
21900,50,2000,"bu","13:41:35",16974600
21900,50,100,"bu","13:41:35",16972600
21900,50,2900,"bu","13:41:32",16972500
21900,50,2000,"bu","13:41:32",16969600
21900,50,500,"bu","13:41:32",16967600
21900,50,100,"bu","13:41:32",16967100
21900,50,200,"bu","13:41:32",16967000
21900,50,500,"bu","13:41:32",16966800
21900,50,500,"bu","13:41:32",16966300
21900,50,5000,"bu","13:41:32",16965800
21900,50,700,"bu","13:41:32",16960800
21900,50,400,"bu","13:41:32",16960100
21900,50,7200,"bu","13:41:32",16959700
21850,0,500,"sd","13:41:31",16952500
21900,50,2400,"bu","13:41:29",16952000
21900,50,400,"bu","13:41:20",16949600
21900,50,600,"bu","13:41:20",16949200
21900,50,400,"bu","13:41:20",16948600
21900,50,1900,"bu","13:41:20",16948200
21900,50,1000,"bu","13:41:14",16946300
21850,0,200,"sd","13:41:13",16945300
21900,50,2100,"bu","13:41:12",16945100
21900,50,300,"bu","13:41:12",16943000
21900,50,6000,"bu","13:41:11",16942700
21900,50,4000,"bu","13:41:10",16936700
21900,50,3000,"bu","13:41:10",16932700
21850,0,500,"sd","13:41:09",16929700
21850,0,5900,"sd","13:41:09",16929200
21850,0,100,"sd","13:41:09",16923300
21900,50,2000,"bu","13:41:04",16923200
