"price","change","match_qtty","side","time","total_vol"
20600,-300,121800,"unknown","14:45:07",1995300
20800,-100,1000,"sd","14:29:54",1873500
20800,-100,2100,"sd","14:29:54",1872500
20800,-100,800,"sd","14:29:54",1870400
20800,-100,1200,"sd","14:29:54",1869600
20850,-50,2000,"bu","14:29:21",1868400
20800,-100,300,"sd","14:29:16",1866400
20850,-50,1000,"bu","14:29:04",1866100
20850,-50,200,"bu","14:28:49",1865100
20800,-100,3500,"sd","14:28:44",1864900
20800,-100,1400,"sd","14:28:44",1861400
20850,-50,2200,"sd","14:28:22",1860000
20850,-50,3100,"sd","14:28:15",1857800
20850,-50,200,"bu","14:27:25",1854700
20850,-50,700,"bu","14:27:25",1854500
20850,-50,900,"bu","14:27:22",1853800
20850,-50,400,"bu","14:27:20",1852900
20850,-50,1000,"bu","14:27:17",1852500
20850,-50,300,"bu","14:27:17",1851500
20850,-50,500,"bu","14:27:17",1851200
20850,-50,400,"bu","14:27:17",1850700
20850,-50,300,"bu","14:27:14",1850300
20850,-50,1000,"bu","14:27:13",1850000
20850,-50,10000,"bu","14:27:10",1849000
20850,-50,1000,"bu","14:27:02",1839000
20850,-50,400,"bu","14:26:53",1838000
20850,-50,1900,"bu","14:26:29",1837600
20850,-50,5000,"bu","14:26:29",1835700
20850,-50,3000,"bu","14:26:29",1830700
20850,-50,100,"bu","14:26:29",1827700
20800,-100,1000,"sd","14:26:23",1827600
20800,-100,1200,"sd","14:26:18",1826600
20800,-100,2600,"sd","14:26:17",1825400
20800,-100,2100,"sd","14:26:17",1822800
20800,-100,800,"bu","14:26:13",1820700
20800,-100,200,"bu","14:26:08",1819900
20800,-100,5000,"bu","14:26:08",1819700
20800,-100,100,"bu","14:26:08",1814700
20800,-100,4900,"bu","14:26:06",1814600
20800,-100,5000,"bu","14:26:06",1809700
20800,-100,100,"bu","14:26:05",1804700
20800,-100,1000,"bu","14:25:58",1804600
20800,-100,200,"bu","14:25:47",1803600
20800,-100,400,"bu","14:25:29",1803400
20700,-200,300,"sd","14:25:24",1803000
20700,-200,600,"sd","14:25:17",1802700
20750,-150,1100,"sd","14:25:14",1802100
20750,-150,3000,"sd","14:25:09",1801000
20800,-100,200,"bu","14:25:09",1798000
20750,-150,4900,"sd","14:25:08",1797800
20650,-250,900,"sd","14:25:07",1792900
20750,-150,400,"sd","14:25:04",1792000
20750,-150,500,"sd","14:25:02",1791600
20700,-200,100,"sd","14:24:56",1791100
20550,-350,200,"sd","14:24:54",1791000
20700,-200,100,"sd","14:24:53",1790800
20700,-200,500,"sd","14:24:45",1790700
20750,-150,100,"bu","14:24:35",1790200
20700,-200,500,"sd","14:24:33",1790100
20600,-300,500,"sd","14:24:31",1789600
20700,-200,100,"sd","14:24:27",1789100
20750,-150,100,"bu","14:24:26",1789000
20700,-200,500,"sd","14:24:19",1788900
20650,-250,100,"sd","14:24:18",1788400
20700,-200,1300,"sd","14:24:15",1788300
20700,-200,500,"bu","14:24:08",1787000
20650,-250,200,"sd","14:24:08",1786500
20700,-200,800,"bu","14:24:07",1786300
20600,-300,500,"sd","14:23:58",1785500
20650,-250,700,"sd","14:23:56",1785000
20700,-200,3000,"bu","14:23:56",1784300
20650,-250,1500,"sd","14:23:50",1781300
20700,-200,500,"bu","14:23:49",1779800
20600,-300,3000,"sd","14:23:44",1779300
20700,-200,5000,"bu","14:23:43",1776300
20700,-200,600,"bu","14:23:42",1771300
20650,-250,300,"sd","14:23:38",1770700
20700,-200,1200,"bu","14:23:29",1770400
20700,-200,200,"bu","14:23:26",1769200
20650,-250,500,"sd","14:23:23",1769000
20650,-250,200,"sd","14:23:22",1768500
20500,-400,2900,"sd","14:23:21",1768300
20650,-250,200,"sd","14:23:11",1765400
20650,-250,300,"sd","14:23:09",1765200
20650,-250,1000,"sd","14:23:08",1764900
20600,-300,100,"sd","14:23:07",1763900
20650,-250,700,"bu","14:23:06",1763800
20600,-300,100,"sd","14:23:05",1763100
20500,-400,1000,"sd","14:23:04",1763000
20600,-300,1000,"sd","14:22:52",1762000
20650,-250,500,"bu","14:22:51",1761000
20650,-250,300,"bu","14:22:50",1760500
20550,-350,500,"sd","14:22:46",1760200
20500,-400,1000,"sd","14:22:45",1759700
20700,-200,200,"bu","14:22:44",1758700
20600,-300,500,"sd","14:22:35",1758500
20700,-200,1000,"bu","14:22:29",1758000
20500,-400,1000,"sd","14:22:28",1757000
20600,-300,2600,"sd","14:22:16",1756000
20500,-400,2000,"sd","14:22:09",1753400
20700,-200,100,"bu","14:21:55",1751400
20500,-400,1000,"sd","14:21:48",1751300
20500,-400,800,"sd","14:21:47",1750300
20650,-250,1000,"unknown","14:21:46",1749500
20600,-300,200,"sd","14:21:38",1748500
20550,-350,500,"sd","14:21:37",1748300
20500,-400,100,"sd","14:21:29",1747800
20500,-400,300,"sd","14:21:27",1747700
20600,-300,1000,"sd","14:21:23",1747400
20550,-350,200,"sd","14:21:22",1746400
20600,-300,200,"sd","14:21:20",1746200
20550,-350,200,"sd","14:21:20",1746000
20550,-350,1000,"sd","14:21:19",1745800
20500,-400,1000,"sd","14:21:16",1744800
20600,-300,2500,"sd","14:21:15",1743800
20550,-350,500,"sd","14:21:11",1741300
20600,-300,1000,"sd","14:21:11",1740800
20550,-350,600,"sd","14:21:10",1739800
20500,-400,400,"sd","14:21:09",1739200
20500,-400,100,"sd","14:21:06",1738800
20500,-400,100,"sd","14:21:02",1738700
20600,-300,100,"sd","14:21:02",1738600
20600,-300,9800,"bu","14:20:59",1738500
20550,-350,500,"sd","14:20:58",1728700
20600,-300,100,"bu","14:20:57",1728200
20600,-300,500,"bu","14:20:56",1728100
20550,-350,100,"sd","14:20:56",1727600
20500,-400,100,"sd","14:20:55",1727500
20600,-300,300,"bu","14:20:54",1727400
20550,-350,1000,"sd","14:20:51",1727100
20600,-300,4000,"bu","14:20:48",1726100
20500,-400,1500,"sd","14:20:46",1722100
20500,-400,400,"sd","14:20:44",1720600
20450,-450,2100,"sd","14:20:43",1720200
20550,-350,100,"sd","14:20:42",1718100
20500,-400,200,"sd","14:20:42",1718000
20550,-350,2700,"sd","14:20:41",1717800
20550,-350,1000,"sd","14:20:38",1715100
20600,-300,1000,"bu","14:20:37",1714100
20500,-400,6800,"sd","14:20:35",1713100
20500,-400,4400,"sd","14:20:34",1706300
20600,-300,100,"bu","14:20:32",1701900
20500,-400,100,"sd","14:20:29",1701800
20500,-400,200,"sd","14:20:27",1701700
20500,-400,3600,"sd","14:20:26",1701500
20450,-450,500,"sd","14:20:24",1697900
20500,-400,400,"sd","14:20:24",1697400
20500,-400,3400,"sd","14:20:23",1697000
20550,-350,300,"sd","14:20:22",1693600
20500,-400,5000,"sd","14:20:22",1693300
20500,-400,1300,"sd","14:20:18",1688300
20600,-300,2100,"bu","14:20:17",1687000
20500,-400,200,"sd","14:20:15",1684900
20500,-400,2000,"sd","14:20:15",1684700
20500,-400,200,"sd","14:20:10",1682700
20500,-400,1000,"sd","14:20:06",1682500
20500,-400,1100,"sd","14:20:05",1681500
20450,-450,400,"sd","14:20:03",1680400
20500,-400,1300,"sd","14:20:02",1680000
20500,-400,1900,"sd","14:19:57",1678700
20600,-300,700,"bu","14:19:56",1676800
20500,-400,500,"sd","14:19:54",1676100
20500,-400,1000,"sd","14:19:53",1675600
20550,-350,10000,"sd","14:19:51",1674600
20500,-400,200,"sd","14:19:49",1664600
20600,-300,500,"bu","14:19:49",1664400
20500,-400,2000,"sd","14:19:46",1663900
20500,-400,400,"sd","14:19:45",1661900
20500,-400,600,"sd","14:19:37",1661500
20600,-300,4200,"bu","14:19:36",1660900
20500,-400,3000,"sd","14:19:35",1656700
20500,-400,1000,"sd","14:19:33",1653700
20550,-350,1700,"bu","14:19:32",1652700
20500,-400,100,"sd","14:19:29",1651000
20600,-300,1000,"bu","14:19:28",1650900
20500,-400,2000,"sd","14:19:26",1649900
20550,-350,3000,"bu","14:19:23",1647900
20500,-400,400,"sd","14:19:17",1644900
20700,-200,2000,"bu","14:19:16",1644500
20550,-350,500,"bu","14:19:15",1642500
20500,-400,2000,"sd","14:19:14",1642000
20550,-350,2000,"bu","14:19:13",1640000
20600,-300,100,"bu","14:19:09",1638000
20500,-400,2100,"sd","14:19:08",1637900
20500,-400,2000,"sd","14:19:06",1635800
20450,-450,300,"sd","14:19:05",1633800
20650,-250,500,"bu","14:19:01",1633500
20500,-400,500,"sd","14:18:59",1633000
20700,-200,500,"bu","14:18:58",1632500
20550,-350,500,"bu","14:18:57",1632000
20500,-400,1000,"sd","14:18:56",1631500
20500,-400,1600,"sd","14:18:55",1630500
20550,-350,1000,"bu","14:18:55",1628900
20500,-400,200,"sd","14:18:51",1627900
20550,-350,2200,"bu","14:18:51",1627700
20500,-400,8000,"sd","14:18:49",1625500
20500,-400,500,"sd","14:18:49",1617500
20500,-400,1000,"sd","14:18:47",1617000
20450,-450,200,"sd","14:18:46",1616000
20500,-400,200,"sd","14:18:46",1615800
20650,-250,900,"bu","14:18:45",1615600
20650,-250,100,"bu","14:18:43",1614700
20500,-400,200,"sd","14:18:41",1614600
20700,-200,500,"bu","14:18:39",1614400
20500,-400,400,"sd","14:18:38",1613900
20500,-400,4700,"sd","14:18:37",1613500
20550,-350,500,"bu","14:18:37",1608800
20600,-300,300,"bu","14:18:33",1608300
20550,-350,500,"bu","14:18:32",1608000
20500,-400,600,"sd","14:18:32",1607500
20500,-400,500,"sd","14:18:31",1606900
20500,-400,6200,"sd","14:18:30",1606400
20600,-300,2500,"bu","14:18:29",1600200
20450,-450,300,"sd","14:18:29",1597700
20500,-400,1300,"sd","14:18:28",1597400
20550,-350,100,"bu","14:18:28",1596100
20650,-250,8100,"bu","14:18:27",1596000
20650,-250,1000,"bu","14:18:26",1587900
20700,-200,1400,"bu","14:18:25",1586900
20500,-400,1400,"sd","14:18:23",1585500
20500,-400,2000,"sd","14:18:22",1584100
20700,-200,1900,"bu","14:18:22",1582100
20500,-400,800,"sd","14:18:22",1580200
20500,-400,300,"sd","14:18:21",1579400
20550,-350,4500,"bu","14:18:20",1579100
20500,-400,1000,"sd","14:18:20",1574600
20550,-350,200,"bu","14:18:20",1573600
20500,-400,500,"sd","14:18:20",1573400
20700,-200,400,"bu","14:18:19",1572900
20550,-350,500,"bu","14:18:17",1572500
20600,-300,200,"bu","14:18:16",1572000
20500,-400,100,"sd","14:18:15",1571800
20600,-300,100,"bu","14:18:12",1571700
20650,-250,100,"bu","14:18:10",1571600
20700,-200,1000,"bu","14:18:09",1571500
20500,-400,200,"sd","14:18:08",1570500
20700,-200,100,"bu","14:18:06",1570300
20500,-400,200,"sd","14:18:06",1570200
20500,-400,500,"sd","14:18:05",1570000
20550,-350,500,"bu","14:18:04",1569500
20550,-350,2400,"bu","14:18:04",1569000
20700,-200,2000,"bu","14:18:04",1566600
20600,-300,100,"bu","14:18:01",1564600
20500,-400,500,"sd","14:18:00",1564500
20500,-400,1000,"sd","14:17:59",1564000
20600,-300,1000,"bu","14:17:57",1563000
20650,-250,3000,"bu","14:17:55",1562000
20600,-300,2500,"bu","14:17:55",1559000
20700,-200,100,"bu","14:17:55",1556500
20700,-200,500,"bu","14:17:51",1556400
20500,-400,200,"sd","14:17:51",1555900
20550,-350,5000,"bu","14:17:51",1555700
20550,-350,300,"bu","14:17:50",1550700
20700,-200,100,"bu","14:17:49",1550400
20600,-300,500,"bu","14:17:47",1550300
20500,-400,400,"sd","14:17:45",1549800
20600,-300,100,"bu","14:17:42",1549400
20650,-250,100,"bu","14:17:41",1549300
20500,-400,5000,"sd","14:17:41",1549200
20700,-200,100,"bu","14:17:41",1544200
20650,-250,1000,"bu","14:17:40",1544100
20500,-400,800,"sd","14:17:40",1543100
20700,-200,200,"bu","14:17:37",1542300
20500,-400,200,"sd","14:17:37",1542100
20550,-350,100,"bu","14:17:36",1541900
20700,-200,500,"bu","14:17:35",1541800
20600,-300,100,"bu","14:17:33",1541300
20600,-300,900,"bu","14:17:29",1541200
20700,-200,200,"bu","14:17:29",1540300
20650,-250,1000,"bu","14:17:28",1540100
20750,-150,1000,"bu","14:17:27",1539100
20700,-200,500,"bu","14:17:27",1538100
20650,-250,100,"bu","14:17:27",1537600
20600,-300,2000,"bu","14:17:25",1537500
20700,-200,100,"bu","14:17:24",1535500
20500,-400,5000,"sd","14:17:23",1535400
20700,-200,3300,"bu","14:17:22",1530400
20600,-300,300,"bu","14:17:20",1527100
20600,-300,500,"bu","14:17:17",1526800
20500,-400,300,"sd","14:17:17",1526300
20600,-300,500,"bu","14:17:16",1526000
20650,-250,200,"bu","14:17:16",1525500
20750,-150,100,"bu","14:17:15",1525300
20700,-200,1000,"bu","14:17:15",1525200
20650,-250,200,"bu","14:17:15",1524200
20600,-300,500,"bu","14:17:13",1524000
20700,-200,100,"bu","14:17:12",1523500
20500,-400,300,"sd","14:17:11",1523400
20700,-200,500,"bu","14:17:10",1523100
20500,-400,1000,"sd","14:17:08",1522600
20600,-300,1000,"bu","14:17:08",1521600
20550,-350,4100,"unknown","14:17:06",1520600
20600,-300,2000,"bu","14:17:04",1516500
20650,-250,2000,"bu","14:17:03",1514500
20750,-150,100,"bu","14:17:03",1512500
20700,-200,200,"bu","14:17:03",1512400
20600,-300,500,"bu","14:17:01",1512200
20700,-200,1000,"bu","14:17:00",1511700
20500,-400,100,"sd","14:17:00",1510700
20700,-200,200,"bu","14:16:59",1510600
20600,-300,500,"bu","14:16:57",1510400
20700,-200,4200,"bu","14:16:56",1509900
20750,-150,200,"bu","14:16:52",1505700
20600,-300,1000,"bu","14:16:51",1505500
20700,-200,600,"bu","14:16:51",1504500
20700,-200,5000,"bu","14:16:50",1503900
20700,-200,100,"bu","14:16:49",1498900
20600,-300,500,"bu","14:16:47",1498800
20600,-300,100,"bu","14:16:45",1498300
20650,-250,500,"bu","14:16:44",1498200
20750,-150,1000,"bu","14:16:44",1497700
20600,-300,300,"bu","14:16:43",1496700
20700,-200,2000,"bu","14:16:43",1496400
20700,-200,100,"bu","14:16:42",1494400
20650,-250,1000,"bu","14:16:42",1494300
20700,-200,100,"bu","14:16:41",1493300
20700,-200,10000,"bu","14:16:41",1493200
20600,-300,1500,"bu","14:16:40",1483200
20600,-300,2000,"bu","14:16:37",1481700
20650,-250,500,"bu","14:16:36",1479700
20750,-150,1000,"bu","14:16:36",1479200
20700,-200,300,"bu","14:16:35",1478200
20700,-200,2300,"bu","14:16:35",1477900
20700,-200,100,"bu","14:16:33",1475600
20700,-200,500,"bu","14:16:33",1475500
20600,-300,8000,"bu","14:16:31",1475000
20600,-300,300,"bu","14:16:29",1467000
20650,-250,100,"bu","14:16:29",1466700
20750,-150,300,"bu","14:16:29",1466600
20600,-300,1900,"bu","14:16:28",1466300
20650,-250,100,"bu","14:16:27",1464400
20700,-200,2000,"bu","14:16:26",1464300
20700,-200,200,"bu","14:16:25",1462300
20600,-300,1000,"unknown","14:16:22",1462100
20650,-250,500,"unknown","14:16:21",1461100
20750,-150,200,"bu","14:16:21",1460600
20600,-300,500,"unknown","14:16:21",1460400
20550,-350,900,"sd","14:16:20",1459900
20700,-200,300,"bu","14:16:19",1459000
20750,-150,300,"bu","14:16:18",1458700
20700,-200,600,"bu","14:16:18",1458400
20600,-300,900,"sd","14:16:15",1457800
20650,-250,200,"sd","14:16:15",1456900
20750,-150,2500,"bu","14:16:14",1456700
20700,-200,100,"bu","14:16:12",1454200
20700,-200,1000,"bu","14:16:11",1454100
20750,-150,1900,"bu","14:16:08",1453100
20700,-200,100,"unknown","14:16:05",1451200
20700,-200,1900,"unknown","14:16:05",1451100
20750,-150,100,"bu","14:16:02",1449200
20700,-200,500,"sd","14:16:00",1449100
20700,-200,100,"sd","14:16:00",1448600
20700,-200,700,"sd","14:15:58",1448500
20750,-150,1000,"bu","14:15:57",1447800
20700,-200,200,"sd","14:15:54",1446800
20700,-200,5000,"sd","14:15:54",1446600
20700,-200,100,"sd","14:15:52",1441600
20750,-150,100,"bu","14:15:51",1441500
20700,-200,1000,"sd","14:15:49",1441400
20700,-200,2500,"sd","14:15:49",1440400
20750,-150,200,"bu","14:15:46",1437900
20800,-100,1500,"bu","14:15:46",1437700
20700,-200,100,"sd","14:15:44",1436200
20750,-150,1300,"bu","14:15:42",1436100
20750,-150,100,"bu","14:15:37",1434800
20750,-150,100,"bu","14:15:33",1434700
20750,-150,3000,"bu","14:15:29",1434600
20750,-150,1000,"sd","14:15:25",1431600
20750,-150,1200,"sd","14:15:22",1430600
20750,-150,1000,"sd","14:15:21",1429400
20800,-100,200,"bu","14:15:16",1428400
20800,-100,100,"bu","14:15:13",1428200
20800,-100,10600,"bu","14:15:11",1428100
20800,-100,200,"bu","14:15:09",1417500
20800,-100,100,"bu","14:15:06",1417300
20800,-100,20000,"bu","14:15:04",1417200
20800,-100,500,"bu","14:15:02",1397200
20800,-100,5000,"sd","14:14:57",1396700
20800,-100,100,"sd","14:14:56",1391700
20800,-100,300,"sd","14:14:54",1391600
20800,-100,2000,"sd","14:14:53",1391300
20800,-100,100,"sd","14:14:53",1389300
20800,-100,5000,"sd","14:14:53",1389200
20800,-100,500,"sd","14:14:52",1384200
20800,-100,3800,"sd","14:14:51",1383700
20800,-100,100,"sd","14:14:31",1379900
20800,-100,1100,"sd","14:14:31",1379800
20800,-100,5000,"sd","14:14:31",1378700
20800,-100,200,"sd","14:14:30",1373700
20800,-100,300,"sd","14:14:30",1373500
20800,-100,2000,"sd","14:14:30",1373200
20800,-100,1000,"sd","14:14:30",1371200
20800,-100,100,"sd","14:14:30",1370200
20800,-100,2000,"sd","14:14:29",1370100
20800,-100,2000,"sd","14:14:29",1368100
20800,-100,2000,"sd","14:14:29",1366100
20800,-100,2000,"sd","14:14:29",1364100
20800,-100,5100,"sd","14:14:28",1362100
20800,-100,5000,"sd","14:14:28",1357000
20800,-100,1500,"sd","14:14:28",1352000
20800,-100,1200,"sd","14:14:28",1350500
20800,-100,800,"sd","14:14:28",1349300
20800,-100,500,"sd","14:14:27",1348500
20850,-50,5000,"bu","14:14:11",1348000
20850,-50,2900,"bu","14:14:07",1343000
20850,-50,3100,"bu","14:14:07",1340100
20850,-50,100,"bu","14:13:56",1337000
20850,-50,400,"bu","14:13:52",1336900
20850,-50,100,"bu","14:13:41",1336500
20850,-50,1300,"bu","14:13:39",1336400
20850,-50,2000,"bu","14:13:39",1335100
20850,-50,2500,"bu","14:13:39",1333100
20850,-50,2000,"bu","14:13:39",1330600
20850,-50,2200,"bu","14:13:39",1328600
20850,-50,300,"bu","14:13:11",1326400
20800,-100,1000,"sd","14:13:02",1326100
20850,-50,100,"bu","14:12:59",1325100
20850,-50,1000,"bu","14:12:35",1325000
20850,-50,100,"sd","14:11:40",1324000
20850,-50,1000,"sd","14:11:40",1323900
20850,-50,500,"sd","14:11:40",1322900
20850,-50,1100,"sd","14:11:40",1322400
20850,-50,3900,"sd","14:11:36",1321300
20850,-50,100,"sd","14:11:36",1317400
20850,-50,1000,"sd","14:11:36",1317300
20850,-50,4000,"sd","14:10:59",1316300
20850,-50,900,"sd","14:10:59",1312300
20850,-50,100,"sd","14:10:59",1311400
20850,-50,5000,"sd","14:10:59",1311300
20850,-50,1000,"sd","14:10:59",1306300
20850,-50,4000,"sd","14:10:40",1305300
20850,-50,200,"sd","14:10:40",1301300
20850,-50,3800,"sd","14:10:40",1301100
20850,-50,1000,"sd","14:10:14",1297300
20900,0,300,"bu","14:09:38",1296300
20900,0,300,"bu","14:09:38",1296000
20850,-50,200,"sd","14:09:33",1295700
20850,-50,800,"sd","14:09:33",1295500
20900,0,100,"bu","14:09:30",1294700
20850,-50,1000,"bu","14:09:10",1294600
20850,-50,200,"bu","14:09:10",1293600
20850,-50,100,"bu","14:09:01",1293400
20850,-50,1000,"bu","14:08:55",1293300
20850,-50,100,"bu","14:08:54",1292300
20850,-50,100,"bu","14:08:48",1292200
20850,-50,1000,"bu","14:08:26",1292100
20800,-100,1000,"sd","14:08:17",1291100
20850,-50,500,"sd","14:08:14",1290100
20850,-50,3300,"sd","14:08:14",1289600
20850,-50,100,"sd","14:07:55",1286300
20850,-50,1000,"bu","14:07:50",1286200
20850,-50,600,"bu","14:07:50",1285200
20850,-50,100,"bu","14:07:41",1284600
20850,-50,2000,"bu","14:07:41",1284500
20850,-50,2300,"bu","14:07:38",1282500
20850,-50,2700,"bu","14:07:38",1280200
20800,-100,500,"sd","14:07:34",1277500
20800,-100,1000,"sd","14:07:34",1277000
20800,-100,2000,"sd","14:07:34",1276000
20800,-100,200,"sd","14:07:34",1274000
20800,-100,1300,"sd","14:07:34",1273800
20850,-50,500,"bu","14:07:28",1272500
20850,-50,100,"bu","14:07:25",1272000
20850,-50,100,"bu","14:07:22",1271900
20850,-50,2600,"bu","14:07:10",1271800
20850,-50,5000,"bu","14:07:02",1269200
20850,-50,100,"bu","14:06:49",1264200
20800,-100,1000,"sd","14:06:40",1264100
20850,-50,600,"bu","14:06:40",1263100
20850,-50,900,"bu","14:06:36",1262500
20850,-50,500,"bu","14:06:27",1261600
20850,-50,2700,"bu","14:06:19",1261100
20850,-50,2300,"bu","14:06:19",1258400
20850,-50,1000,"bu","14:06:16",1256100
20850,-50,100,"bu","14:06:14",1255100
20850,-50,100,"bu","14:06:02",1255000
20850,-50,2000,"bu","14:06:00",1254900
20850,-50,100,"sd","14:05:44",1252900
20850,-50,1500,"sd","14:05:44",1252800
20850,-50,500,"sd","14:05:44",1251300
20850,-50,1000,"sd","14:05:44",1250800
20850,-50,100,"sd","14:05:44",1249800
20850,-50,2000,"sd","14:05:44",1249700
20850,-50,1000,"sd","14:05:44",1247700
20850,-50,500,"sd","14:05:44",1246700
20850,-50,1000,"sd","14:05:44",1246200
20850,-50,1000,"sd","14:05:44",1245200
20850,-50,500,"sd","14:05:44",1244200
20850,-50,100,"sd","14:05:44",1243700
20850,-50,5200,"sd","14:05:44",1243600
20850,-50,1600,"sd","14:05:36",1238400
20850,-50,100,"sd","14:05:36",1236800
20850,-50,1300,"sd","14:05:36",1236700
20900,0,400,"bu","14:03:57",1235400
20900,0,700,"sd","14:03:54",1235000
20900,0,3100,"sd","14:03:54",1234300
20900,0,500,"sd","14:03:49",1231200
20900,0,500,"bu","14:03:33",1230700
20900,0,5900,"bu","14:03:33",1230200
20850,-50,2000,"sd","14:02:19",1224300
20900,0,300,"bu","14:01:51",1222300
20900,0,200,"bu","14:01:51",1222000
20900,0,100,"bu","14:01:51",1221800
20900,0,100,"bu","14:01:51",1221700
20900,0,400,"bu","14:01:51",1221600
20900,0,500,"bu","14:01:51",1221200
20900,0,1000,"bu","14:01:51",1220700
20900,0,2500,"bu","14:01:51",1219700
20900,0,200,"sd","14:01:35",1217200
20900,0,1400,"sd","14:01:29",1217000
20900,0,100,"sd","14:01:29",1215600
20900,0,1200,"sd","14:01:29",1215500
20900,0,2300,"sd","14:01:29",1214300
20900,0,300,"sd","14:00:28",1212000
20900,0,500,"sd","13:59:45",1211700
20950,50,100,"bu","13:59:28",1211200
20900,0,1000,"bu","13:58:48",1211100
20900,0,100,"bu","13:58:48",1210100
20900,0,900,"bu","13:58:48",1210000
20900,0,100,"bu","13:58:48",1209100
20900,0,200,"bu","13:58:48",1209000
20900,0,700,"bu","13:58:48",1208800
20900,0,300,"bu","13:58:40",1208100
20900,0,200,"bu","13:58:40",1207800
20850,-50,600,"sd","13:58:32",1207600
20850,-50,1100,"sd","13:58:25",1207000
20850,-50,100,"sd","13:58:25",1205900
20850,-50,100,"sd","13:58:25",1205800
20850,-50,100,"sd","13:58:25",1205700
20850,-50,600,"sd","13:58:25",1205600
20900,0,3200,"bu","13:58:25",1205000
20900,0,6800,"bu","13:58:24",1201800
20900,0,1000,"bu","13:58:17",1195000
20900,0,200,"bu","13:57:42",1194000
20850,-50,300,"sd","13:57:34",1193800
20850,-50,1700,"sd","13:57:34",1193500
20850,-50,300,"sd","13:56:33",1191800
20850,-50,200,"sd","13:56:33",1191500
20850,-50,500,"sd","13:56:33",1191300
20850,-50,500,"sd","13:56:30",1190800
20850,-50,500,"sd","13:56:30",1190300
20850,-50,4000,"sd","13:56:30",1189800
20850,-50,400,"sd","13:56:23",1185800
20850,-50,2000,"sd","13:55:46",1185400
20850,-50,2400,"sd","13:55:22",1183400
20850,-50,200,"sd","13:54:46",1181000
20850,-50,1000,"sd","13:54:06",1180800
20850,-50,300,"sd","13:54:06",1179800
20850,-50,100,"sd","13:54:06",1179500
20850,-50,900,"sd","13:54:05",1179400
20850,-50,400,"sd","13:54:05",1178500
20850,-50,2600,"sd","13:54:03",1178100
20850,-50,200,"sd","13:54:03",1175500
20850,-50,100,"sd","13:54:03",1175300
20850,-50,1400,"sd","13:54:03",1175200
20850,-50,2000,"sd","13:53:23",1173800
20900,0,900,"bu","13:53:12",1171800
20900,0,100,"sd","13:53:04",1170900
20900,0,4900,"bu","13:53:00",1170800
20900,0,100,"bu","13:52:40",1165900
20850,-50,300,"sd","13:52:06",1165800
20850,-50,2300,"sd","13:51:38",1165500
20900,0,2100,"sd","13:51:38",1163200
20900,0,100,"sd","13:51:38",1161100
20900,0,300,"sd","13:51:38",1161000
20900,0,500,"sd","13:51:38",1160700
20900,0,400,"sd","13:51:38",1160200
20900,0,300,"sd","13:51:38",1159800
20900,0,1000,"sd","13:51:38",1159500
20900,0,1000,"sd","13:51:38",1158500
20900,0,1000,"sd","13:51:38",1157500
20900,0,200,"sd","13:51:38",1156500
20900,0,800,"sd","13:51:38",1156300
20950,50,3700,"bu","13:51:30",1155500
20950,50,800,"bu","13:51:30",1151800
20900,0,200,"sd","13:51:30",1151000
20900,0,200,"sd","13:51:30",1150800
20950,50,400,"bu","13:51:19",1150600
20950,50,1200,"bu","13:51:19",1150200
20950,50,200,"bu","13:51:19",1149000
20950,50,200,"bu","13:51:19",1148800
20950,50,100,"bu","13:50:06",1148600
20900,0,300,"sd","13:49:21",1148500
20900,0,200,"sd","13:49:21",1148200
20950,50,200,"bu","13:48:14",1148000
20950,50,400,"bu","13:47:54",1147800
20950,50,300,"bu","13:47:50",1147400
20950,50,100,"bu","13:47:06",1147100
20950,50,900,"bu","13:47:06",1147000
20950,50,100,"bu","13:46:20",1146100
20950,50,800,"bu","13:46:12",1146000
20950,50,200,"bu","13:46:07",1145200
20950,50,800,"bu","13:46:07",1145000
20950,50,3000,"bu","13:45:58",1144200
20950,50,100,"bu","13:45:41",1141200
20950,50,200,"bu","13:45:27",1141100
20950,50,100,"bu","13:45:11",1140900
20950,50,1000,"bu","13:45:11",1140800
20900,0,100,"sd","13:45:07",1139800
20950,50,1900,"bu","13:45:04",1139700
20950,50,500,"bu","13:45:04",1137800
20950,50,600,"bu","13:45:04",1137300
20950,50,2000,"bu","13:45:04",1136700
20900,0,300,"sd","13:45:01",1134700
20950,50,1000,"bu","13:44:21",1134400
20950,50,500,"bu","13:44:21",1133400
20950,50,3500,"bu","13:44:21",1132900
20900,0,400,"sd","13:44:20",1129400
20900,0,3800,"sd","13:44:20",1129000
20950,50,1500,"bu","13:43:49",1125200
20950,50,500,"bu","13:43:49",1123700
20950,50,500,"bu","13:43:49",1123200
20950,50,1000,"bu","13:43:49",1122700
20950,50,1500,"bu","13:43:49",1121700
20950,50,200,"bu","13:43:16",1120200
20950,50,1400,"bu","13:43:08",1120000
20950,50,200,"bu","13:42:56",1118600
20950,50,700,"bu","13:42:30",1118400
20950,50,3500,"bu","13:42:30",1117700
20950,50,500,"bu","13:42:30",1114200
20950,50,100,"bu","13:42:30",1113700
20950,50,100,"bu","13:42:30",1113600
20950,50,100,"bu","13:42:30",1113500
20950,50,1100,"bu","13:41:36",1113400
20950,50,1000,"bu","13:41:36",1112300
20950,50,100,"bu","13:41:36",1111300
20950,50,7800,"bu","13:41:36",1111200
20950,50,100,"bu","13:41:32",1103400
20900,0,1200,"sd","13:41:28",1103300
20900,0,800,"sd","13:41:28",1102100
20950,50,100,"bu","13:41:07",1101300
20950,50,100,"bu","13:41:07",1101200
20950,50,200,"bu","13:41:07",1101100
20950,50,2000,"bu","13:41:07",1100900
20950,50,400,"bu","13:41:07",1098900
20950,50,2200,"bu","13:41:07",1098500
20950,50,5000,"bu","13:40:42",1096300
20900,0,100,"sd","13:40:40",1091300
20900,0,1000,"sd","13:40:37",1091200
20900,0,100,"bu","13:40:34",1090200
20900,0,1300,"sd","13:40:23",1090100
20900,0,3700,"bu","13:40:22",1088800
20900,0,700,"sd","13:40:21",1085100
20900,0,300,"sd","13:40:19",1084400
20900,0,600,"sd","13:40:19",1084100
20900,0,300,"sd","13:40:19",1083500
20900,0,500,"sd","13:40:19",1083200
20900,0,1000,"sd","13:40:19",1082700
20900,0,300,"sd","13:40:19",1081700
20900,0,2700,"sd","13:40:12",1081400
20900,0,500,"sd","13:40:12",1078700
20900,0,100,"sd","13:40:12",1078200
20900,0,6700,"sd","13:40:12",1078100
20900,0,1000,"sd","13:39:46",1071400
20900,0,1600,"sd","13:39:46",1070400
20900,0,100,"sd","13:39:46",1068800
20900,0,100,"sd","13:39:46",1068700
20900,0,200,"sd","13:39:46",1068600
20900,0,1300,"sd","13:39:11",1068400
20900,0,8700,"sd","13:39:11",1067100
20900,0,10000,"sd","13:38:52",1058400
20950,50,2800,"bu","13:38:49",1048400
20950,50,7200,"bu","13:38:48",1045600
20950,50,300,"bu","13:37:52",1038400
20950,50,500,"bu","13:36:40",1038100
20950,50,500,"bu","13:36:40",1037600
20950,50,2000,"bu","13:36:21",1037100
20950,50,100,"bu","13:36:13",1035100
20950,50,200,"bu","13:35:37",1035000
20950,50,400,"bu","13:35:31",1034800
20950,50,100,"bu","13:35:31",1034400
20950,50,5000,"bu","13:35:31",1034300
20950,50,3000,"bu","13:35:31",1029300
20950,50,2000,"bu","13:35:31",1026300
20950,50,1700,"sd","13:35:31",1024300
20950,50,500,"sd","13:35:07",1022600
20950,50,200,"sd","13:34:17",1022100
20950,50,1000,"sd","13:34:05",1021900
20950,50,1000,"sd","13:33:57",1020900
20950,50,100,"sd","13:33:45",1019900
20950,50,500,"sd","13:33:21",1019800
20950,50,200,"bu","13:32:24",1019300
20950,50,1100,"sd","13:31:17",1019100
20950,50,100,"sd","13:30:52",1018000
20950,50,100,"sd","13:30:37",1017900
20950,50,200,"sd","13:30:08",1017800
20950,50,500,"sd","13:30:06",1017600
20950,50,300,"sd","13:30:06",1017100
20950,50,200,"sd","13:30:06",1016800
20950,50,1000,"bu","13:29:49",1016600
20900,0,1300,"sd","13:29:26",1015600
20950,50,100,"bu","13:29:02",1014300
20950,50,700,"bu","13:28:34",1014200
20950,50,2800,"bu","13:28:34",1013500
20950,50,500,"bu","13:28:29",1010700
20950,50,600,"bu","13:28:06",1010200
20950,50,1500,"bu","13:27:58",1009600
20950,50,100,"bu","13:27:34",1008100
20900,0,300,"sd","13:26:03",1008000
20900,0,1000,"sd","13:26:03",1007700
20900,0,600,"sd","13:26:03",1006700
20950,50,2100,"sd","13:26:03",1006100
20950,50,3000,"sd","13:25:57",1004000
20950,50,500,"sd","13:25:45",1001000
20950,50,4400,"bu","13:25:35",1000500
20950,50,1800,"bu","13:25:35",996100
20950,50,1000,"bu","13:25:30",994300
20950,50,400,"sd","13:25:23",993300
20950,50,2400,"sd","13:25:23",992900
20950,50,1000,"sd","13:25:22",990500
21000,100,800,"bu","13:25:20",989500
21000,100,200,"bu","13:25:20",988700
20950,50,600,"sd","13:25:16",988500
21000,100,100,"bu","13:25:06",987900
20950,50,500,"sd","13:25:00",987800
20950,50,200,"sd","13:24:47",987300
20950,50,300,"sd","13:24:45",987100
20950,50,2000,"sd","13:24:45",986800
20950,50,700,"sd","13:24:45",984800
20950,50,100,"sd","13:24:41",984100
20950,50,100,"sd","13:24:11",984000
20950,50,1300,"sd","13:24:04",983900
20950,50,3000,"bu","13:24:03",982600
20950,50,3000,"bu","13:24:01",979600
20950,50,300,"sd","13:23:52",976600
20950,50,2800,"sd","13:23:52",976300
20950,50,1000,"sd","13:23:52",973500
20950,50,5000,"sd","13:23:52",972500
20950,50,1300,"sd","13:23:52",967500
21000,100,200,"bu","13:23:00",966200
21000,100,600,"bu","13:23:00",966000
21000,100,1200,"bu","13:23:00",965400
21000,100,800,"bu","13:22:59",964200
21000,100,200,"bu","13:22:59",963400
20950,50,500,"sd","13:22:58",963200
20950,50,1000,"bu","13:22:23",962700
20950,50,1000,"bu","13:22:23",961700
20950,50,10000,"bu","13:22:23",960700
20950,50,2000,"bu","13:22:23",950700
20900,0,4400,"sd","13:22:15",948700
20900,0,600,"sd","13:22:15",944300
20950,50,3000,"bu","13:22:05",943700
20950,50,100,"bu","13:22:05",940700
20950,50,5000,"bu","13:22:05",940600
20950,50,5000,"bu","13:22:05",935600
20950,50,1500,"bu","13:22:05",930600
20950,50,400,"bu","13:22:05",929100
20950,50,800,"bu","13:22:05",928700
20950,50,3200,"bu","13:22:05",927900
20950,50,1000,"bu","13:22:05",924700
20900,0,200,"sd","13:22:03",923700
20950,50,2400,"bu","13:22:02",923500
20950,50,600,"bu","13:22:02",921100
20950,50,1000,"bu","13:22:02",920500
20950,50,1000,"bu","13:22:00",919500
20950,50,100,"bu","13:22:00",918500
20950,50,100,"bu","13:21:57",918400
20950,50,2300,"bu","13:21:56",918300
20950,50,200,"bu","13:21:56",916000
20950,50,500,"bu","13:21:51",915800
20950,50,1600,"bu","13:21:39",915300
20950,50,800,"bu","13:21:34",913700
20950,50,1900,"bu","13:21:26",912900
20950,50,3100,"bu","13:21:26",911000
20950,50,100,"bu","13:21:13",907900
20950,50,100,"bu","13:20:57",907800
20950,50,100,"bu","13:20:38",907700
20900,0,500,"bu","13:20:28",907600
20900,0,100,"bu","13:20:28",907100
20900,0,900,"bu","13:20:08",907000
20900,0,100,"bu","13:20:08",906100
20850,-50,100,"sd","13:19:59",906000
20850,-50,900,"sd","13:19:43",905900
20850,-50,100,"sd","13:19:43",905000
20850,-50,100,"sd","13:19:43",904900
20850,-50,500,"sd","13:19:42",904800
20850,-50,200,"sd","13:19:42",904300
20850,-50,400,"sd","13:19:42",904100
20850,-50,200,"sd","13:19:42",903700
20850,-50,2000,"sd","13:18:47",903500
20900,0,200,"bu","13:18:45",901500
20850,-50,1000,"sd","13:17:11",901300
20900,0,100,"bu","13:16:58",900300
20900,0,5000,"bu","13:16:27",900200
20900,0,100,"bu","13:16:21",895200
20900,0,100,"sd","13:16:20",895100
20900,0,300,"bu","13:15:39",895000
20900,0,100,"bu","13:15:08",894700
20900,0,1000,"bu","13:14:44",894600
20900,0,1000,"bu","13:14:44",893600
20900,0,1900,"bu","13:14:44",892600
20900,0,300,"bu","13:14:44",890700
20900,0,300,"bu","13:14:44",890400
20900,0,1000,"bu","13:14:44",890100
20900,0,500,"bu","13:14:44",889100
20900,0,1000,"bu","13:14:44",888600
20900,0,1000,"bu","13:14:44",887600
20900,0,2000,"bu","13:14:44",886600
20900,0,1000,"bu","13:14:11",884600
20850,-50,500,"sd","13:13:27",883600
20850,-50,1300,"bu","13:13:10",883100
20850,-50,3700,"sd","13:12:53",881800
20850,-50,300,"sd","13:12:52",878100
20850,-50,800,"bu","13:12:06",877800
20850,-50,200,"bu","13:12:06",877000
20850,-50,500,"bu","13:12:05",876800
20850,-50,2000,"bu","13:12:05",876300
20850,-50,1000,"bu","13:12:05",874300
20850,-50,1300,"bu","13:12:05",873300
20850,-50,500,"sd","13:09:51",872000
20850,-50,100,"sd","13:09:51",871500
20850,-50,200,"bu","13:09:14",871400
20850,-50,100,"bu","13:09:04",871200
20850,-50,100,"bu","13:09:04",871100
20850,-50,900,"bu","13:09:04",871000
20850,-50,200,"bu","13:07:09",870100
20800,-100,400,"sd","13:07:03",869900
20800,-100,2300,"sd","13:06:24",869500
20800,-100,200,"sd","13:06:24",867200
20800,-100,200,"sd","13:06:24",867000
20800,-100,100,"sd","13:06:24",866800
20800,-100,1200,"sd","13:06:24",866700
20800,-100,300,"sd","13:06:22",865500
20800,-100,300,"sd","13:06:22",865200
20800,-100,500,"sd","13:06:22",864900
20800,-100,500,"sd","13:06:22",864400
20800,-100,100,"sd","13:06:22",863900
20800,-100,3300,"sd","13:06:22",863800
20800,-100,700,"sd","13:06:13",860500
20800,-100,1000,"sd","13:06:13",859800
20800,-100,700,"sd","13:06:13",858800
20800,-100,100,"sd","13:06:13",858100
20800,-100,200,"sd","13:06:13",858000
20800,-100,200,"sd","13:06:12",857800
20800,-100,1600,"sd","13:06:12",857600
20800,-100,3000,"sd","13:05:17",856000
20800,-100,500,"sd","13:05:17",853000
20800,-100,2000,"sd","13:05:17",852500
20800,-100,800,"sd","13:05:17",850500
20850,-50,2900,"sd","13:05:17",849700
20850,-50,1500,"sd","13:05:17",846800
20850,-50,1600,"sd","13:05:17",845300
20800,-100,500,"sd","13:05:17",843700
20800,-100,2000,"sd","13:05:17",843200
20800,-100,200,"sd","13:05:17",841200
20850,-50,100,"sd","13:04:30",841000
20900,0,200,"bu","13:03:47",840900
20850,-50,1700,"bu","13:03:34",840700
20850,-50,1000,"bu","13:03:34",839000
20800,-100,100,"sd","13:02:53",838000
20850,-50,1000,"sd","13:02:52",837900
20800,-100,100,"sd","13:02:01",836900
20800,-100,200,"sd","13:02:01",836800
20800,-100,300,"sd","13:01:54",836600
20850,-50,100,"bu","13:01:41",836300
20850,-50,200,"bu","13:01:40",836200
20850,-50,1500,"bu","13:01:38",836000
20850,-50,400,"sd","13:01:34",834500
20850,-50,100,"sd","13:01:32",834100
20850,-50,1000,"sd","13:01:32",834000
20900,0,4400,"bu","13:01:32",833000
20850,-50,100,"sd","13:01:30",828600
20850,-50,500,"sd","13:01:27",828500
20850,-50,500,"sd","13:01:24",828000
20850,-50,500,"sd","13:01:22",827500
20850,-50,1000,"sd","13:01:20",827000
20850,-50,300,"sd","13:01:18",826000
20900,0,500,"bu","13:01:12",825700
20850,-50,1500,"sd","13:01:11",825200
20850,-50,200,"sd","13:01:06",823700
20850,-50,300,"sd","13:01:01",823500
20850,-50,900,"sd","13:00:52",823200
20850,-50,700,"sd","13:00:26",822300
20900,0,500,"bu","13:00:21",821600
20900,0,1600,"bu","13:00:18",821100
20900,0,100,"bu","13:00:16",819500
20900,0,3000,"bu","13:00:13",819400
20900,0,5000,"bu","13:00:08",816400
20850,-50,500,"sd","13:00:02",811400
20850,-50,400,"sd","13:00:00",810900
20900,0,1000,"sd","11:29:56",810500
20900,0,100,"sd","11:29:51",809500
20900,0,900,"sd","11:29:51",809400
20900,0,800,"sd","11:29:50",808500
20900,0,3500,"sd","11:29:50",807700
20900,0,1500,"sd","11:29:27",804200
20900,0,3500,"sd","11:29:27",802700
20900,0,1000,"sd","11:29:26",799200
20900,0,400,"bu","11:27:08",798200
20900,0,1500,"bu","11:27:08",797800
20900,0,1000,"bu","11:27:08",796300
20900,0,2600,"bu","11:27:08",795300
20900,0,2400,"bu","11:27:08",792700
20900,0,1000,"bu","11:27:08",790300
20900,0,400,"bu","11:27:08",789300
20900,0,1000,"bu","11:27:08",788900
20900,0,200,"bu","11:27:08",787900
20900,0,200,"bu","11:26:51",787700
20900,0,200,"bu","11:24:51",787500
20850,-50,1000,"sd","11:23:06",787300
20900,0,200,"bu","11:22:45",786300
20900,0,1300,"bu","11:22:33",786100
20900,0,200,"bu","11:21:53",784800
20900,0,500,"bu","11:21:42",784600
20900,0,200,"bu","11:21:25",784100
20900,0,2000,"bu","11:20:42",783900
20900,0,300,"bu","11:19:53",781900
20900,0,200,"bu","11:19:45",781600
20900,0,200,"bu","11:19:45",781400
20900,0,1800,"bu","11:19:10",781200
20900,0,1500,"bu","11:19:10",779400
20900,0,3400,"bu","11:19:10",777900
20900,0,700,"bu","11:19:03",774500
20900,0,500,"bu","11:18:54",773800
20900,0,400,"sd","11:16:58",773300
20900,0,500,"sd","11:16:48",772900
20900,0,1000,"bu","11:16:48",772400
20900,0,600,"bu","11:16:48",771400
20900,0,100,"bu","11:16:48",770800
20900,0,100,"sd","11:15:44",770700
20900,0,800,"sd","11:15:44",770600
20900,0,100,"sd","11:15:44",769800
20900,0,1900,"sd","11:15:44",769700
20900,0,100,"sd","11:15:41",767800
20900,0,100,"sd","11:15:41",767700
20900,0,4800,"sd","11:15:41",767600
20900,0,500,"sd","11:15:40",762800
20900,0,14700,"sd","11:15:23",762300
20900,0,5300,"sd","11:15:23",747600
20950,50,300,"bu","11:14:47",742300
20900,0,700,"sd","11:14:41",742000
20900,0,100,"sd","11:14:41",741300
20900,0,1000,"sd","11:14:41",741200
20900,0,1000,"sd","11:14:41",740200
20900,0,1000,"sd","11:14:41",739200
20900,0,200,"sd","11:14:41",738200
20900,0,200,"sd","11:14:41",738000
20900,0,800,"sd","11:14:41",737800
20950,50,500,"bu","11:13:49",737000
20950,50,400,"bu","11:13:10",736500
20950,50,400,"bu","11:10:50",736100
20950,50,2000,"bu","11:10:50",735700
20900,0,1000,"sd","11:10:45",733700
20950,50,200,"bu","11:09:51",732700
20950,50,1000,"bu","11:09:15",732500
20950,50,1800,"bu","11:08:32",731500
20950,50,900,"bu","11:08:32",729700
20950,50,100,"bu","11:08:32",728800
20950,50,100,"bu","11:07:33",728700
20950,50,100,"bu","11:07:23",728600
20950,50,500,"bu","11:05:56",728500
20950,50,500,"bu","11:05:49",728000
20950,50,1000,"bu","11:05:44",727500
20950,50,100,"bu","11:03:51",726500
20900,0,600,"sd","11:03:48",726400
20900,0,1900,"sd","11:03:48",725800
20900,0,100,"sd","11:02:40",723900
20900,0,100,"sd","11:02:40",723800
20900,0,300,"sd","10:59:38",723700
20900,0,9600,"bu","10:59:23",723400
20900,0,400,"bu","10:59:17",713800
20900,0,600,"bu","10:59:17",713400
20900,0,3400,"bu","10:59:16",712800
20900,0,1600,"bu","10:59:16",709400
20900,0,500,"bu","10:58:22",707800
20900,0,1000,"bu","10:58:03",707300
20850,-50,600,"sd","10:57:51",706300
20850,-50,3000,"sd","10:57:51",705700
20850,-50,200,"sd","10:57:51",702700
20850,-50,100,"sd","10:57:51",702500
20850,-50,5000,"sd","10:57:51",702400
20850,-50,1000,"sd","10:57:51",697400
20850,-50,100,"sd","10:57:51",696400
20900,0,200,"bu","10:57:29",696300
20900,0,500,"bu","10:57:29",696100
20900,0,1800,"sd","10:56:41",695600
20900,0,4400,"sd","10:56:41",693800
20900,0,100,"sd","10:55:36",689400
20900,0,500,"bu","10:55:24",689300
20900,0,3200,"bu","10:55:14",688800
20900,0,2000,"bu","10:55:14",685600
20900,0,1800,"bu","10:55:14",683600
20900,0,500,"bu","10:55:00",681800
20900,0,200,"bu","10:54:34",681300
20900,0,2500,"bu","10:54:05",681100
20900,0,1000,"bu","10:54:05",678600
20900,0,2000,"bu","10:54:05",677600
20900,0,2000,"bu","10:54:05",675600
20900,0,100,"bu","10:54:05",673600
20900,0,2400,"bu","10:54:05",673500
20850,-50,200,"sd","10:54:05",671100
20850,-50,100,"sd","10:54:05",670900
20900,0,500,"bu","10:53:53",670800
20900,0,100,"bu","10:53:46",670300
20900,0,100,"bu","10:53:46",670200
20900,0,500,"bu","10:53:46",670100
20900,0,100,"bu","10:53:43",669600
20850,-50,2100,"sd","10:53:41",669500
20900,0,100,"bu","10:50:57",667400
20900,0,100,"bu","10:50:49",667300
20850,-50,700,"sd","10:50:18",667200
20850,-50,100,"sd","10:50:18",666500
20850,-50,900,"sd","10:50:18",666400
20850,-50,100,"sd","10:49:09",665500
20850,-50,100,"sd","10:49:08",665400
20850,-50,300,"sd","10:49:08",665300
20900,0,500,"sd","10:47:40",665000
20900,0,200,"sd","10:47:40",664500
20900,0,500,"sd","10:47:34",664300
20900,0,2000,"sd","10:47:34",663800
20900,0,1000,"sd","10:47:34",661800
20900,0,100,"sd","10:47:34",660800
20900,0,200,"sd","10:47:34",660700
20900,0,1200,"sd","10:47:34",660500
20950,50,100,"bu","10:47:02",659300
20900,0,500,"sd","10:45:20",659200
20900,0,700,"sd","10:45:14",658700
20900,0,300,"bu","10:45:08",658000
20900,0,1000,"bu","10:45:08",657700
20900,0,200,"bu","10:45:08",656700
20900,0,100,"bu","10:45:08",656500
20900,0,300,"bu","10:44:53",656400
20900,0,500,"bu","10:42:33",656100
20900,0,100,"bu","10:42:20",655600
20900,0,500,"bu","10:42:06",655500
20850,-50,1000,"sd","10:41:55",655000
20850,-50,1700,"sd","10:41:52",654000
20850,-50,300,"sd","10:41:52",652300
20850,-50,1700,"sd","10:41:51",652000
20850,-50,300,"sd","10:41:51",650300
20900,0,100,"bu","10:41:47",650000
20850,-50,200,"sd","10:39:03",649900
20850,-50,500,"sd","10:39:03",649700
20850,-50,200,"sd","10:39:03",649200
20850,-50,800,"sd","10:38:58",649000
20850,-50,1000,"sd","10:38:58",648200
20850,-50,1000,"sd","10:38:58",647200
20850,-50,200,"sd","10:38:58",646200
20900,0,100,"bu","10:37:07",646000
20900,0,300,"sd","10:37:02",645900
20900,0,100,"sd","10:37:02",645600
20900,0,8300,"sd","10:37:02",645500
20900,0,300,"bu","10:36:45",637200
20900,0,400,"bu","10:36:45",636900
20900,0,1000,"bu","10:36:45",636500
20900,0,2000,"bu","10:36:41",635500
20900,0,3000,"bu","10:36:41",633500
20900,0,11100,"bu","10:36:37",630500
20900,0,100,"bu","10:36:37",619400
20900,0,500,"bu","10:36:37",619300
20900,0,500,"bu","10:36:37",618800
20900,0,2000,"bu","10:36:37",618300
20900,0,5000,"bu","10:36:37",616300
20900,0,300,"bu","10:36:37",611300
20900,0,500,"bu","10:36:37",611000
20900,0,10000,"bu","10:36:37",610500
20900,0,100,"bu","10:36:11",600500
20900,0,100,"bu","10:36:02",600400
20850,-50,100,"bu","10:35:10",600300
20850,-50,200,"bu","10:35:10",600200
20850,-50,400,"bu","10:35:06",600000
20850,-50,100,"bu","10:35:06",599600
20850,-50,2900,"bu","10:35:04",599500
20850,-50,1000,"bu","10:35:04",596600
20850,-50,300,"bu","10:35:04",595600
20850,-50,100,"bu","10:35:04",595300
20850,-50,1000,"bu","10:35:04",595200
20850,-50,1000,"bu","10:35:04",594200
20850,-50,800,"bu","10:35:04",593200
20850,-50,900,"bu","10:35:04",592400
20850,-50,100,"bu","10:35:04",591500
20850,-50,4000,"bu","10:35:02",591400
20850,-50,500,"bu","10:35:02",587400
20850,-50,300,"bu","10:35:02",586900
20850,-50,200,"bu","10:35:02",586600
20850,-50,4000,"bu","10:35:02",586400
20800,-100,500,"sd","10:35:01",582400
20850,-50,500,"bu","10:34:59",581900
20850,-50,500,"bu","10:34:42",581400
20850,-50,500,"bu","10:34:42",580900
20850,-50,500,"bu","10:33:24",580400
20850,-50,500,"bu","10:32:44",579900
20850,-50,500,"bu","10:31:53",579400
20800,-100,1700,"sd","10:31:26",578900
20800,-100,200,"sd","10:31:26",577200
20800,-100,100,"sd","10:31:26",577000
20800,-100,1000,"sd","10:31:26",576900
20800,-100,400,"sd","10:31:26",575900
20800,-100,100,"sd","10:30:20",575500
20850,-50,500,"bu","10:29:50",575400
20800,-100,100,"sd","10:29:48",574900
20800,-100,1000,"sd","10:27:50",574800
20800,-100,300,"bu","10:27:08",573800
20800,-100,800,"bu","10:27:08",573500
20800,-100,500,"bu","10:27:08",572700
20800,-100,200,"bu","10:27:08",572200
20800,-100,2000,"bu","10:27:08",572000
20800,-100,300,"bu","10:27:07",570000
20800,-100,500,"bu","10:27:05",569700
20800,-100,100,"bu","10:27:04",569200
20800,-100,500,"bu","10:26:57",569100
20800,-100,500,"bu","10:26:47",568600
20800,-100,1100,"bu","10:26:21",568100
20800,-100,100,"bu","10:26:21",567000
20800,-100,2000,"bu","10:26:21",566900
20800,-100,200,"bu","10:26:21",564900
20800,-100,500,"bu","10:26:21",564700
20800,-100,200,"bu","10:26:21",564200
20800,-100,1000,"bu","10:26:21",564000
20800,-100,300,"bu","10:26:21",563000
20800,-100,4600,"bu","10:26:21",562700
20800,-100,100,"bu","10:26:05",558100
20800,-100,300,"bu","10:25:52",558000
20800,-100,200,"bu","10:25:52",557700
20800,-100,500,"bu","10:25:38",557500
20800,-100,500,"bu","10:25:32",557000
20800,-100,500,"bu","10:25:14",556500
20750,-150,12000,"sd","10:24:51",556000
20800,-100,500,"bu","10:24:47",544000
20800,-100,500,"bu","10:24:46",543500
20800,-100,300,"bu","10:24:37",543000
20800,-100,700,"bu","10:24:37",542700
20800,-100,300,"bu","10:24:16",542000
20800,-100,200,"bu","10:24:16",541700
20750,-150,500,"bu","10:23:06",541500
20750,-150,300,"bu","10:23:06",541000
20750,-150,900,"bu","10:23:06",540700
20750,-150,1000,"bu","10:23:05",539800
20750,-150,100,"bu","10:23:01",538800
20750,-150,500,"bu","10:22:54",538700
20750,-150,2500,"bu","10:22:50",538200
20750,-150,1500,"bu","10:22:50",535700
20750,-150,2000,"bu","10:22:50",534200
20750,-150,3000,"bu","10:22:44",532200
20750,-150,5000,"bu","10:22:13",529200
20750,-150,2000,"bu","10:22:07",524200
20750,-150,500,"bu","10:21:48",522200
20750,-150,2000,"bu","10:21:37",521700
20750,-150,2000,"bu","10:21:11",519700
20750,-150,3000,"bu","10:20:28",517700
20700,-200,500,"sd","10:20:19",514700
20750,-150,500,"bu","10:19:46",514200
20750,-150,300,"bu","10:19:46",513700
20750,-150,1200,"bu","10:19:46",513400
20700,-200,100,"sd","10:19:29",512200
20700,-200,1000,"sd","10:19:29",512100
20700,-200,600,"sd","10:19:29",511100
20700,-200,500,"sd","10:18:57",510500
20700,-200,500,"sd","10:18:57",510000
20700,-200,400,"sd","10:18:57",509500
20700,-200,300,"sd","10:18:57",509100
20700,-200,1000,"sd","10:18:57",508800
20700,-200,100,"sd","10:18:57",507800
20700,-200,200,"sd","10:18:57",507700
20700,-200,100,"sd","10:18:50",507500
20700,-200,100,"sd","10:18:50",507400
20700,-200,100,"sd","10:18:08",507300
20700,-200,2000,"sd","10:18:08",507200
20700,-200,100,"sd","10:18:08",505200
20700,-200,1000,"sd","10:18:08",505100
20700,-200,500,"sd","10:18:08",504100
20700,-200,200,"sd","10:18:08",503600
20700,-200,100,"sd","10:18:08",503400
20700,-200,200,"sd","10:17:38",503300
20700,-200,200,"sd","10:17:38",503100
20700,-200,600,"sd","10:17:38",502900
20750,-150,400,"bu","10:17:32",502300
20750,-150,1600,"bu","10:17:32",501900
20750,-150,1400,"bu","10:14:10",500300
20750,-150,500,"bu","10:14:10",498900
20750,-150,3100,"bu","10:14:10",498400
20750,-150,3000,"bu","10:13:58",495300
20750,-150,500,"bu","10:13:46",492300
20750,-150,400,"bu","10:13:45",491800
20750,-150,3800,"bu","10:13:34",491400
20750,-150,200,"bu","10:13:34",487600
20750,-150,1000,"bu","10:13:34",487400
20750,-150,500,"bu","10:12:32",486400
20750,-150,100,"bu","10:12:30",485900
20750,-150,300,"bu","10:12:08",485800
20750,-150,100,"bu","10:12:08",485500
20750,-150,100,"bu","10:12:04",485400
20750,-150,800,"bu","10:11:32",485300
20750,-150,200,"bu","10:11:32",484500
20750,-150,200,"bu","10:11:28",484300
20750,-150,100,"bu","10:11:16",484100
20750,-150,200,"bu","10:11:08",484000
20750,-150,200,"bu","10:10:33",483800
20750,-150,100,"bu","10:10:29",483600
20750,-150,400,"bu","10:10:29",483500
20750,-150,1000,"bu","10:10:09",483100
20700,-200,700,"sd","10:09:55",482100
20700,-200,100,"sd","10:09:53",481400
20700,-200,700,"sd","10:09:43",481300
20700,-200,2900,"sd","10:09:35",480600
20700,-200,100,"sd","10:09:35",477700
20700,-200,900,"sd","10:09:11",477600
20700,-200,1000,"sd","10:09:11",476700
20700,-200,400,"sd","10:09:11",475700
20700,-200,1100,"sd","10:08:56",475300
20700,-200,500,"sd","10:08:37",474200
20700,-200,100,"sd","10:08:07",473700
20750,-150,100,"bu","10:07:42",473600
20750,-150,1000,"bu","10:07:39",473500
20750,-150,1000,"bu","10:07:30",472500
20750,-150,300,"bu","10:07:29",471500
20750,-150,700,"bu","10:07:21",471200
20750,-150,300,"bu","10:07:21",470500
20750,-150,2000,"bu","10:07:05",470200
20700,-200,1400,"sd","10:07:02",468200
20700,-200,100,"sd","10:07:02",466800
20700,-200,500,"sd","10:07:02",466700
20700,-200,100,"sd","10:07:02",466200
20700,-200,2900,"sd","10:07:02",466100
20750,-150,1000,"bu","10:06:56",463200
20700,-200,100,"sd","10:06:32",462200
20750,-150,1000,"bu","10:06:18",462100
20700,-200,100,"sd","10:06:18",461100
20700,-200,100,"sd","10:06:18",461000
20700,-200,2800,"sd","10:06:18",460900
20750,-150,2000,"bu","10:06:12",458100
20700,-200,2000,"sd","10:05:58",456100
20700,-200,200,"sd","10:05:43",454100
20700,-200,5000,"sd","10:05:43",453900
20700,-200,500,"sd","10:05:43",448900
20700,-200,100,"sd","10:05:43",448400
20700,-200,6000,"sd","10:05:43",448300
20700,-200,200,"sd","10:05:42",442300
20700,-200,100,"sd","10:05:42",442100
20700,-200,300,"sd","10:05:42",442000
20700,-200,500,"sd","10:05:42",441700
20700,-200,1000,"sd","10:05:42",441200
20700,-200,200,"sd","10:05:42",440200
20700,-200,500,"sd","10:05:42",440000
20700,-200,100,"sd","10:05:42",439500
20700,-200,100,"sd","10:05:42",439400
20700,-200,100,"sd","10:05:42",439300
20700,-200,1000,"sd","10:05:42",439200
20700,-200,100,"sd","10:05:42",438200
20750,-150,1000,"bu","10:05:25",438100
20750,-150,300,"sd","10:05:22",437100
20750,-150,1000,"sd","10:05:22",436800
20750,-150,200,"sd","10:05:22",435800
20750,-150,100,"sd","10:05:22",435600
20750,-150,100,"sd","10:05:22",435500
20750,-150,300,"sd","10:05:18",435400
20750,-150,100,"sd","10:05:18",435100
20750,-150,300,"sd","10:05:18",435000
20750,-150,300,"sd","10:05:18",434700
20750,-150,700,"sd","10:05:11",434400
20750,-150,300,"sd","10:05:11",433700
20750,-150,200,"sd","10:05:01",433400
20750,-150,1000,"sd","10:05:01",433200
20750,-150,2500,"sd","10:05:01",432200
20750,-150,100,"sd","10:05:01",429700
20750,-150,500,"sd","10:05:01",429600
20750,-150,2700,"sd","10:05:01",429100
20750,-150,100,"sd","10:05:00",426400
20750,-150,500,"sd","10:04:37",426300
20750,-150,1700,"sd","10:04:20",425800
20750,-150,100,"sd","10:04:20",424100
20750,-150,200,"sd","10:04:20",424000
20800,-100,1300,"bu","10:03:44",423800
20800,-100,2600,"bu","10:03:44",422500
20800,-100,1000,"bu","10:03:44",419900
20800,-100,100,"bu","10:03:44",418900
20750,-150,300,"sd","10:03:32",418800
20750,-150,200,"sd","10:03:32",418500
20750,-150,200,"sd","10:03:32",418300
20800,-100,1200,"bu","10:03:24",418100
20800,-100,800,"bu","10:03:24",416900
20800,-100,1000,"bu","10:03:23",416100
20800,-100,2000,"bu","10:03:21",415100
20800,-100,100,"bu","10:03:21",413100
20800,-100,100,"bu","10:03:21",413000
20800,-100,1000,"bu","10:03:21",412900
20800,-100,1000,"sd","10:03:17",411900
20800,-100,600,"sd","10:03:16",410900
20800,-100,500,"sd","10:03:09",410300
20800,-100,300,"sd","10:03:09",409800
20800,-100,100,"sd","10:03:09",409500
20800,-100,200,"sd","10:03:09",409400
20800,-100,600,"sd","10:03:09",409200
20800,-100,2600,"sd","10:03:09",408600
20800,-100,400,"sd","10:03:09",406000
20800,-100,100,"sd","10:03:09",405600
20800,-100,200,"sd","10:03:09",405500
20800,-100,1000,"sd","10:02:58",405300
20800,-100,1000,"sd","10:02:49",404300
20800,-100,400,"sd","10:02:34",403300
20800,-100,2200,"sd","10:02:34",402900
20800,-100,200,"sd","10:02:21",400700
20850,-50,2500,"bu","10:01:34",400500
20850,-50,1000,"bu","10:01:34",398000
20850,-50,1500,"bu","10:01:34",397000
20850,-50,500,"bu","10:00:51",395500
20800,-100,2600,"sd","10:00:38",395000
20800,-100,300,"sd","10:00:38",392400
20850,-50,100,"bu","10:00:36",392100
20850,-50,100,"bu","10:00:36",392000
20850,-50,2000,"bu","10:00:36",391900
20850,-50,100,"bu","10:00:33",389900
20800,-100,1700,"sd","10:00:33",389800
20800,-100,300,"sd","10:00:33",388100
20800,-100,400,"sd","10:00:33",387800
20800,-100,2600,"sd","10:00:33",387400
20850,-50,100,"bu","10:00:05",384800
20850,-50,100,"bu","09:59:25",384700
20850,-50,100,"bu","09:59:20",384600
20850,-50,100,"bu","09:59:15",384500
20850,-50,100,"bu","09:59:14",384400
20850,-50,1000,"bu","09:59:09",384300
20850,-50,1000,"bu","09:59:05",383300
20850,-50,300,"sd","09:58:47",382300
20850,-50,100,"sd","09:58:47",382000
20850,-50,200,"sd","09:58:38",381900
20850,-50,300,"sd","09:58:38",381700
20850,-50,200,"sd","09:58:34",381400
20850,-50,1500,"sd","09:58:30",381200
20850,-50,100,"sd","09:58:30",379700
20850,-50,100,"sd","09:58:30",379600
20850,-50,300,"sd","09:58:30",379500
20850,-50,1700,"sd","09:58:23",379200
20850,-50,100,"sd","09:58:23",377500
20850,-50,2200,"sd","09:58:23",377400
20900,0,100,"bu","09:58:12",375200
20850,-50,1000,"sd","09:58:11",375100
20850,-50,1000,"sd","09:57:50",374100
20850,-50,3500,"bu","09:56:46",373100
20850,-50,1400,"bu","09:56:41",369600
20850,-50,100,"sd","09:56:40",368200
20850,-50,200,"bu","09:56:37",368100
20850,-50,700,"bu","09:56:37",367900
20850,-50,1300,"bu","09:56:34",367200
20850,-50,900,"bu","09:56:34",365900
20850,-50,100,"bu","09:56:30",365000
20850,-50,500,"bu","09:56:28",364900
20850,-50,1000,"bu","09:56:26",364400
20800,-100,400,"sd","09:56:25",363400
20800,-100,100,"sd","09:56:25",363000
20850,-50,100,"bu","09:56:24",362900
20850,-50,100,"bu","09:56:23",362800
20850,-50,3000,"bu","09:56:10",362700
20800,-100,100,"sd","09:56:09",359700
20850,-50,100,"bu","09:55:56",359600
20850,-50,100,"bu","09:55:52",359500
20850,-50,2000,"bu","09:55:47",359400
20850,-50,1100,"bu","09:55:36",357400
20850,-50,100,"bu","09:55:36",356300
20850,-50,800,"bu","09:55:36",356200
20800,-100,200,"sd","09:55:24",355400
20850,-50,300,"bu","09:55:22",355200
20850,-50,100,"bu","09:55:20",354900
20850,-50,100,"bu","09:55:18",354800
20850,-50,4200,"bu","09:55:17",354700
20850,-50,800,"bu","09:55:17",350500
20850,-50,900,"bu","09:55:16",349700
20850,-50,100,"bu","09:55:12",348800
20850,-50,500,"bu","09:55:05",348700
20850,-50,3000,"bu","09:54:54",348200
20800,-100,100,"sd","09:54:53",345200
20850,-50,200,"bu","09:54:51",345100
20850,-50,100,"bu","09:54:45",344900
20850,-50,100,"bu","09:54:34",344800
20850,-50,100,"bu","09:53:44",344700
20800,-100,500,"sd","09:53:43",344600
20850,-50,500,"bu","09:53:41",344100
20800,-100,600,"sd","09:53:41",343600
20800,-100,100,"sd","09:53:41",343000
20800,-100,1200,"sd","09:53:41",342900
20800,-100,100,"sd","09:53:40",341700
20850,-50,500,"bu","09:53:38",341600
20850,-50,500,"bu","09:53:31",341100
20850,-50,300,"bu","09:53:07",340600
20850,-50,500,"bu","09:53:00",340300
20850,-50,2000,"bu","09:52:54",339800
20850,-50,500,"bu","09:52:46",337800
20850,-50,500,"bu","09:52:43",337300
20800,-100,100,"sd","09:52:07",336800
20800,-100,300,"sd","09:51:46",336700
20850,-50,1500,"bu","09:51:35",336400
20850,-50,500,"bu","09:50:35",334900
20850,-50,100,"bu","09:50:28",334400
20800,-100,100,"sd","09:50:26",334300
20850,-50,1000,"sd","09:50:20",334200
20850,-50,200,"sd","09:50:20",333200
20850,-50,100,"sd","09:50:19",333000
20850,-50,2000,"sd","09:50:19",332900
20850,-50,2500,"sd","09:50:19",330900
20850,-50,500,"sd","09:49:28",328400
20850,-50,2000,"sd","09:49:16",327900
20850,-50,300,"sd","09:49:06",325900
20850,-50,200,"sd","09:49:06",325600
20850,-50,300,"sd","09:49:06",325400
20850,-50,2000,"sd","09:49:06",325100
20850,-50,3800,"sd","09:49:06",323100
20850,-50,1200,"sd","09:48:57",319300
20850,-50,800,"sd","09:48:57",318100
20850,-50,200,"sd","09:47:43",317300
20850,-50,300,"sd","09:47:43",317100
20850,-50,1000,"sd","09:47:13",316800
20900,0,1500,"bu","09:45:34",315800
20850,-50,100,"bu","09:45:20",314300
20850,-50,400,"bu","09:45:11",314200
20850,-50,1000,"bu","09:45:11",313800
20850,-50,2900,"bu","09:45:11",312800
20850,-50,1000,"bu","09:45:11",309900
20850,-50,4700,"bu","09:45:11",308900
20850,-50,100,"bu","09:45:04",304200
20850,-50,200,"bu","09:44:48",304100
20850,-50,2800,"bu","09:44:48",303900
20850,-50,200,"bu","09:44:33",301100
20850,-50,800,"bu","09:44:33",300900
20800,-100,100,"sd","09:44:12",300100
20800,-100,2500,"sd","09:44:08",300000
20800,-100,100,"sd","09:44:06",297500
20800,-100,1700,"sd","09:44:03",297400
20800,-100,200,"sd","09:44:03",295700
20800,-100,100,"sd","09:44:03",295500
20800,-100,400,"sd","09:44:00",295400
20800,-100,1600,"sd","09:44:00",295000
20800,-100,900,"sd","09:42:43",293400
20800,-100,100,"sd","09:42:43",292500
20800,-100,200,"bu","09:42:24",292400
20800,-100,1000,"bu","09:42:24",292200
20800,-100,1400,"bu","09:42:24",291200
20800,-100,100,"bu","09:42:24",289800
20800,-100,1000,"bu","09:42:05",289700
20800,-100,300,"bu","09:42:05",288700
20800,-100,4000,"bu","09:41:59",288400
20800,-100,100,"bu","09:41:58",284400
20800,-100,100,"bu","09:41:27",284300
20800,-100,500,"bu","09:41:25",284200
20800,-100,100,"bu","09:40:57",283700
20800,-100,1100,"sd","09:40:39",283600
20800,-100,400,"sd","09:40:39",282500
20800,-100,400,"sd","09:40:31",282100
20800,-100,200,"sd","09:40:31",281700
20800,-100,600,"bu","09:40:31",281500
20800,-100,2000,"bu","09:40:24",280900
20800,-100,3000,"bu","09:40:12",278900
20800,-100,400,"bu","09:40:12",275900
20800,-100,100,"bu","09:39:12",275500
20800,-100,100,"sd","09:38:59",275400
20850,-50,200,"bu","09:38:27",275300
20850,-50,1700,"bu","09:38:27",275100
20850,-50,1000,"bu","09:38:27",273400
20850,-50,1000,"bu","09:38:27",272400
20850,-50,1000,"bu","09:38:27",271400
20850,-50,100,"bu","09:38:27",270400
20750,-150,500,"sd","09:38:14",270300
20750,-150,100,"sd","09:38:14",269800
20750,-150,1000,"sd","09:38:14",269700
20750,-150,2100,"sd","09:38:14",268700
20800,-100,200,"unknown","09:38:14",266600
20800,-100,300,"unknown","09:38:14",266400
20800,-100,1100,"unknown","09:38:14",266100
20800,-100,100,"unknown","09:38:14",265000
20800,-100,100,"unknown","09:38:14",264900
20800,-100,3000,"unknown","09:38:14",264800
20800,-100,100,"unknown","09:38:14",261800
20800,-100,100,"unknown","09:38:14",261700
20800,-100,400,"unknown","09:38:14",261600
20800,-100,500,"unknown","09:38:14",261200
20800,-100,1000,"unknown","09:38:14",260700
20800,-100,5400,"unknown","09:38:14",259700
20800,-100,700,"sd","09:38:14",254300
20800,-100,300,"sd","09:38:14",253600
20800,-100,2400,"sd","09:38:14",253300
20800,-100,300,"sd","09:38:14",250900
20800,-100,3000,"sd","09:38:14",250600
20800,-100,100,"sd","09:38:14",247600
20750,-150,800,"sd","09:38:14",247500
20800,-100,500,"sd","09:38:14",246700
20750,-150,300,"sd","09:38:14",246200
20750,-150,600,"sd","09:38:13",245900
20850,-50,300,"bu","09:37:32",245300
20800,-100,100,"sd","09:37:21",245000
20800,-100,1200,"sd","09:37:16",244900
20800,-100,100,"sd","09:37:06",243700
20800,-100,400,"sd","09:37:01",243600
20800,-100,700,"sd","09:36:56",243200
20800,-100,200,"sd","09:36:07",242500
20800,-100,600,"sd","09:36:07",242300
20800,-100,600,"sd","09:35:35",241700
20850,-50,500,"bu","09:35:07",241100
20850,-50,100,"bu","09:33:31",240600
20800,-100,1900,"sd","09:32:13",240500
20800,-100,100,"sd","09:32:05",238600
20800,-100,1800,"sd","09:31:59",238500
20800,-100,1000,"sd","09:31:59",236700
20800,-100,2200,"sd","09:31:59",235700
20850,-50,900,"bu","09:31:17",233500
20850,-50,2000,"sd","09:31:06",232600
20850,-50,1000,"sd","09:30:58",230600
20850,-50,1100,"sd","09:30:58",229600
20850,-50,900,"bu","09:30:15",228500
20850,-50,100,"bu","09:30:15",227600
20850,-50,3000,"bu","09:30:07",227500
20800,-100,10000,"sd","09:29:55",224500
20850,-50,900,"bu","09:29:49",214500
20850,-50,500,"bu","09:29:49",213600
20850,-50,2500,"bu","09:29:34",213100
20850,-50,7500,"bu","09:29:33",210600
20800,-100,5000,"sd","09:29:29",203100
20800,-100,500,"sd","09:29:20",198100
20800,-100,3000,"sd","09:29:14",197600
20800,-100,5200,"sd","09:28:58",194600
20800,-100,1600,"bu","09:28:47",189400
20800,-100,2500,"bu","09:28:47",187800
20800,-100,2500,"bu","09:28:30",185300
20750,-150,2700,"sd","09:28:28",182800
20750,-150,2200,"sd","09:28:26",180100
20750,-150,3000,"sd","09:28:09",177900
20800,-100,500,"sd","09:28:03",174900
20800,-100,100,"sd","09:28:03",174400
20800,-100,400,"sd","09:28:03",174300
20800,-100,100,"sd","09:27:53",173900
20800,-100,500,"sd","09:27:53",173800
20800,-100,500,"sd","09:27:53",173300
20800,-100,3000,"sd","09:27:53",172800
20800,-100,700,"sd","09:27:52",169800
20800,-100,100,"sd","09:27:52",169100
20800,-100,100,"sd","09:27:52",169000
20800,-100,5000,"sd","09:27:52",168900
20800,-100,10000,"sd","09:27:52",163900
20850,-50,100,"sd","09:27:45",153900
20850,-50,500,"sd","09:27:45",153800
20850,-50,1900,"sd","09:27:45",153300
20850,-50,100,"sd","09:27:34",151400
20850,-50,100,"sd","09:27:28",151300
20850,-50,500,"sd","09:27:27",151200
20850,-50,300,"sd","09:27:27",150700
20850,-50,2800,"sd","09:27:15",150400
20850,-50,100,"sd","09:27:13",147600
20850,-50,200,"sd","09:26:58",147500
20850,-50,5000,"sd","09:26:24",147300
20900,0,4900,"bu","09:26:05",142300
20900,0,600,"bu","09:26:05",137400
20900,0,4500,"bu","09:26:05",136800
20850,-50,4000,"sd","09:25:37",132300
20850,-50,4000,"sd","09:25:37",128300
20900,0,2000,"bu","09:25:21",124300
20900,0,2000,"bu","09:25:10",122300
20900,0,1300,"sd","09:25:08",120300
20900,0,200,"sd","09:25:08",119000
20900,0,200,"sd","09:25:08",118800
20900,0,9400,"sd","09:25:08",118600
20950,50,100,"bu","09:25:06",109200
20900,0,600,"sd","09:24:54",109100
21000,100,800,"sd","09:23:50",108500
21000,100,100,"bu","09:23:40",107700
21000,100,2100,"bu","09:23:40",107600
21000,100,100,"bu","09:22:15",105500
21000,100,2800,"sd","09:22:06",105400
21000,100,600,"unknown","09:21:54",102600
21000,100,1000,"unknown","09:21:54",102000
21000,100,5000,"unknown","09:21:54",101000
21000,100,600,"unknown","09:21:54",96000
21000,100,900,"bu","09:21:44",95400
21000,100,2400,"bu","09:21:44",94500
20900,0,1000,"sd","09:21:32",92100
20900,0,9000,"sd","09:21:30",91100
21000,100,100,"bu","09:21:25",82100
21000,100,700,"bu","09:21:25",82000
21000,100,300,"bu","09:21:09",81300
21000,100,2000,"bu","09:21:09",81000
21000,100,1700,"bu","09:21:09",79000
21000,100,3300,"bu","09:20:56",77300
21000,100,100,"bu","09:20:56",74000
21000,100,100,"bu","09:20:56",73900
21000,100,1000,"bu","09:20:56",73800
21000,100,500,"bu","09:20:56",72800
21000,100,2500,"bu","09:20:29",72300
21000,100,2000,"bu","09:20:11",69800
21000,100,200,"bu","09:20:11",67800
21000,100,1500,"bu","09:20:11",67600
21000,100,2000,"bu","09:20:11",66100
21000,100,1200,"bu","09:20:11",64100
20900,0,2300,"bu","09:20:11",62900
20900,0,500,"bu","09:20:05",60600
20900,0,1000,"sd","09:20:05",60100
20900,0,1000,"sd","09:20:05",59100
20900,0,1000,"sd","09:20:05",58100
20900,0,100,"sd","09:20:05",57100
20900,0,1000,"sd","09:20:05",57000
20900,0,1300,"sd","09:20:05",56000
20950,50,1000,"sd","09:20:04",54700
20950,50,400,"sd","09:20:04",53700
20950,50,100,"sd","09:20:04",53300
20950,50,300,"sd","09:20:04",53200
21000,100,100,"bu","09:20:01",52900
21000,100,200,"bu","09:20:01",52800
21000,100,300,"bu","09:20:01",52600
21000,100,3300,"bu","09:20:01",52300
21000,100,500,"bu","09:20:01",49000
21000,100,100,"bu","09:20:01",48500
21000,100,400,"bu","09:20:00",48400
21000,100,500,"bu","09:20:00",48000
21000,100,300,"bu","09:20:00",47500
21000,100,4000,"bu","09:20:00",47200
21000,100,300,"bu","09:20:00",43200
21000,100,10000,"bu","09:19:48",42900
21000,100,100,"bu","09:19:14",32900
21000,100,300,"bu","09:18:32",32800
20950,50,200,"sd","09:17:37",32500
20900,0,300,"sd","09:17:30",32300
20900,0,700,"sd","09:17:29",32000
20900,0,100,"sd","09:17:09",31300
20900,0,100,"sd","09:17:06",31200
20900,0,4000,"sd","09:17:04",31100
20900,0,300,"sd","09:16:57",27100
20900,0,1000,"bu","09:16:42",26800
20900,0,1000,"bu","09:16:42",25800
20900,0,2000,"bu","09:16:42",24800
20900,0,900,"bu","09:16:42",22800
20900,0,300,"bu","09:16:42",21900
20800,-100,1000,"sd","09:16:30",21600
20800,-100,900,"sd","09:16:30",20600
20800,-100,1000,"sd","09:16:30",19700
20850,-50,100,"sd","09:16:30",18700
20900,0,600,"bu","09:16:06",18600
20900,0,300,"sd","09:16:03",18000
20900,0,17700,"sd","09:15:06",17700
