"price","change","match_qtty","side","time","total_vol"
11000,200,6800,"unknown","14:45:00",333800
10950,150,100,"sd","14:29:04",327000
11000,200,2000,"bu","14:28:53",326900
11000,200,3100,"bu","14:28:20",324900
11000,200,100,"bu","14:28:20",321800
11000,200,500,"bu","14:28:20",321700
11000,200,1300,"bu","14:28:20",321200
11000,200,500,"bu","14:26:57",319900
11000,200,100,"bu","14:24:16",319400
11000,200,1600,"bu","14:24:05",319300
11000,200,2100,"bu","14:24:05",317700
11000,200,100,"bu","14:21:21",315600
11000,200,100,"bu","14:16:07",315500
10950,150,200,"bu","14:15:59",315400
10950,150,2000,"bu","14:15:42",315200
10950,150,600,"sd","14:15:29",313200
10950,150,100,"sd","14:15:29",312600
10950,150,100,"sd","14:15:29",312500
11000,200,100,"bu","14:15:26",312400
10950,150,400,"sd","14:15:25",312300
10950,150,600,"sd","14:15:25",311900
11000,200,100,"bu","14:14:58",311300
10950,150,3000,"sd","14:14:14",311200
11000,200,300,"bu","14:11:02",308200
11000,200,100,"bu","14:10:46",307900
10950,150,1000,"sd","14:10:46",307800
11000,200,100,"bu","14:10:23",306800
10950,150,500,"sd","14:10:09",306700
10950,150,500,"sd","14:10:09",306200
10950,150,100,"sd","14:10:09",305700
10950,150,400,"sd","14:10:09",305600
10950,150,300,"sd","14:10:09",305200
10950,150,500,"sd","14:10:09",304900
10950,150,3000,"sd","14:10:09",304400
11000,200,1500,"bu","14:09:49",301400
11000,200,100,"bu","14:09:25",299900
11000,200,200,"bu","14:09:17",299800
11000,200,200,"bu","14:08:51",299600
11000,200,500,"bu","14:08:51",299400
11000,200,300,"bu","14:08:51",298900
11000,200,700,"bu","14:08:42",298600
11000,200,300,"bu","14:08:42",297900
11000,200,100,"bu","14:08:40",297600
11000,200,100,"bu","14:08:33",297500
11000,200,4500,"bu","14:08:28",297400
11000,200,1000,"bu","14:08:28",292900
11000,200,500,"bu","14:08:28",291900
11000,200,2000,"bu","14:08:28",291400
11000,200,1000,"bu","14:08:28",289400
11000,200,7000,"bu","14:08:28",288400
11000,200,2000,"bu","14:06:43",281400
11000,200,100,"bu","14:06:43",279400
11000,200,100,"bu","14:04:46",279300
10950,150,100,"sd","14:04:26",279200
11000,200,1000,"bu","14:04:23",279100
11000,200,100,"bu","14:04:19",278100
11000,200,100,"bu","14:01:06",278000
11000,200,100,"bu","13:57:39",277900
11000,200,1000,"bu","13:56:45",277800
11000,200,100,"bu","13:56:32",276800
10950,150,900,"sd","13:56:01",276700
10950,150,100,"sd","13:56:01",275800
11000,200,4000,"bu","13:55:58",275700
11000,200,200,"bu","13:54:58",271700
11000,200,10000,"bu","13:54:32",271500
11000,200,100,"bu","13:52:45",261500
10950,150,1100,"sd","13:52:39",261400
11000,200,100,"bu","13:52:36",260300
11000,200,100,"bu","13:51:48",260200
11000,200,100,"bu","13:51:10",260100
10950,150,800,"sd","13:51:00",260000
10950,150,200,"sd","13:51:00",259200
10950,150,1000,"bu","13:50:43",259000
10950,150,500,"bu","13:50:31",258000
10950,150,100,"sd","13:49:41",257500
10950,150,100,"sd","13:49:41",257400
10950,150,100,"sd","13:49:41",257300
10950,150,5200,"sd","13:49:41",257200
11000,200,100,"bu","13:46:44",252000
10950,150,2000,"bu","13:46:21",251900
10950,150,1000,"bu","13:46:21",249900
10950,150,1800,"bu","13:46:21",248900
10950,150,200,"bu","13:45:49",247100
10950,150,200,"bu","13:45:06",246900
10950,150,100,"bu","13:44:47",246700
10900,100,100,"sd","13:44:40",246600
10950,150,200,"bu","13:42:33",246500
10900,100,1500,"sd","13:42:16",246300
10900,100,300,"sd","13:42:16",244800
10950,150,100,"bu","13:38:58",244500
10900,100,500,"sd","13:38:12",244400
10900,100,100,"sd","13:37:38",243900
10950,150,100,"sd","13:36:37",243800
10950,150,300,"sd","13:36:37",243700
11000,200,100,"bu","13:36:32",243400
10950,150,200,"sd","13:36:13",243300
10950,150,2000,"sd","13:36:13",243100
10950,150,500,"sd","13:36:13",241100
10950,150,300,"sd","13:36:13",240600
10950,150,1000,"sd","13:36:13",240300
10950,150,1000,"sd","13:36:13",239300
10950,150,1000,"sd","13:35:22",238300
11000,200,400,"bu","13:34:54",237300
11000,200,400,"bu","13:33:33",236900
11000,200,100,"bu","13:33:10",236500
11000,200,1000,"bu","13:32:33",236400
11000,200,1500,"bu","13:32:15",235400
11000,200,100,"bu","13:28:18",233900
10950,150,100,"sd","13:27:50",233800
10950,150,400,"sd","13:27:50",233700
10950,150,100,"sd","13:27:50",233300
10950,150,400,"sd","13:27:50",233200
11000,200,100,"bu","13:27:25",232800
10950,150,500,"sd","13:25:47",232700
10950,150,100,"sd","13:25:46",232200
10950,150,700,"sd","13:25:41",232100
10950,150,200,"sd","13:22:16",231400
11000,200,100,"bu","13:18:27",231200
11000,200,100,"bu","13:17:59",231100
11000,200,300,"bu","13:17:59",231000
10950,150,100,"sd","13:14:02",230700
11000,200,100,"bu","13:12:56",230600
10950,150,100,"bu","13:08:25",230500
10900,100,100,"sd","13:08:22",230400
10950,150,1000,"sd","13:07:48",230300
10950,150,900,"sd","13:07:48",229300
10950,150,100,"sd","13:07:42",228400
11000,200,100,"sd","13:06:20",228300
11000,200,100,"sd","13:05:46",228200
11000,200,500,"sd","13:05:00",228100
11000,200,1000,"sd","13:04:52",227600
11000,200,100,"sd","13:02:44",226600
11000,200,100,"sd","13:02:02",226500
11000,200,1400,"sd","13:00:35",226400
11050,250,10000,"bu","13:00:28",225000
11000,200,1700,"sd","13:00:24",215000
11000,200,5000,"sd","13:00:24",213300
11000,200,500,"sd","13:00:24",208300
11000,200,200,"sd","13:00:24",207800
11000,200,9000,"sd","13:00:24",207600
11000,200,200,"sd","13:00:24",198600
11000,200,100,"sd","13:00:24",198400
11000,200,900,"sd","13:00:24",198300
11000,200,4100,"sd","13:00:01",197400
11000,200,500,"sd","13:00:01",193300
11050,250,2000,"bu","11:28:53",192800
11050,250,2000,"bu","11:22:46",190800
11050,250,1800,"bu","11:16:34",188800
11050,250,200,"sd","11:13:34",187000
11050,250,4800,"sd","11:12:45",186800
11050,250,1200,"sd","11:12:45",182000
11050,250,300,"sd","11:10:43",180800
11050,250,500,"sd","11:08:42",180500
11050,250,3000,"sd","11:08:41",180000
11050,250,300,"sd","11:08:41",177000
11050,250,1200,"sd","11:08:41",176700
11050,250,100,"sd","11:07:02",175500
11050,250,100,"sd","11:06:16",175400
11050,250,200,"sd","11:03:41",175300
11050,250,400,"sd","10:59:08",175100
11050,250,2500,"sd","10:58:16",174700
11050,250,1500,"sd","10:58:16",172200
11050,250,1000,"sd","10:57:51",170700
11050,250,700,"sd","10:56:57",169700
11050,250,3000,"sd","10:56:57",169000
11050,250,500,"sd","10:56:57",166000
11050,250,500,"sd","10:56:57",165500
11050,250,300,"sd","10:56:57",165000
11100,300,1000,"bu","10:52:03",164700
11100,300,2000,"bu","10:52:03",163700
11100,300,500,"bu","10:52:03",161700
11100,300,100,"bu","10:52:03",161200
11100,300,100,"bu","10:52:03",161100
11100,300,500,"bu","10:52:03",161000
11100,300,1000,"bu","10:52:03",160500
11100,300,100,"bu","10:52:03",159500
11100,300,100,"bu","10:52:03",159400
11100,300,200,"bu","10:52:03",159300
11100,300,200,"bu","10:52:03",159100
11100,300,100,"bu","10:52:03",158900
11100,300,3000,"bu","10:52:03",158800
11100,300,1200,"bu","10:52:03",155800
11050,250,3000,"bu","10:51:29",154600
11050,250,500,"bu","10:50:48",151600
11050,250,500,"bu","10:50:35",151100
11050,250,1000,"sd","10:47:48",150600
11050,250,1000,"sd","10:47:48",149600
11050,250,1000,"unknown","10:45:16",148600
11050,250,1000,"bu","10:44:54",147600
11050,250,100,"sd","10:42:41",146600
11050,250,1000,"sd","10:42:41",146500
11050,250,2700,"sd","10:42:41",145500
11050,250,300,"sd","10:42:31",142800
11050,250,700,"sd","10:42:31",142500
11050,250,2700,"sd","10:41:28",141800
11100,300,200,"bu","10:36:46",139100
11100,300,500,"bu","10:31:26",138900
11100,300,700,"bu","10:31:03",138400
11050,250,500,"sd","10:30:21",137700
11050,250,1000,"bu","10:22:55",137200
11050,250,100,"bu","10:22:55",136200
11050,250,300,"sd","10:20:43",136100
11050,250,100,"bu","10:19:57",135800
11050,250,100,"bu","10:19:57",135700
11000,200,100,"bu","10:19:05",135600
11000,200,100,"bu","10:18:15",135500
11000,200,2000,"sd","10:14:45",135400
11000,200,1000,"sd","10:14:45",133400
11000,200,4000,"sd","10:14:45",132400
11000,200,100,"sd","10:09:08",128400
11000,200,100,"sd","10:05:17",128300
11000,200,200,"sd","10:04:50",128200
11050,250,1000,"sd","10:04:35",128000
11000,200,600,"sd","10:03:50",127000
11000,200,5000,"sd","10:03:50",126400
11000,200,100,"sd","10:03:50",121400
11000,200,1000,"sd","10:03:50",121300
11000,200,200,"sd","10:03:50",120300
11050,250,800,"sd","10:03:50",120100
11050,250,400,"sd","10:02:57",119300
11050,250,100,"sd","10:02:57",118900
11100,300,200,"bu","10:00:48",118800
11100,300,200,"bu","09:59:32",118600
11100,300,300,"bu","09:57:05",118400
11100,300,1000,"bu","09:56:48",118100
11050,250,100,"bu","09:56:05",117100
11050,250,100,"bu","09:55:57",117000
11000,200,500,"bu","09:53:57",116900
11000,200,1500,"bu","09:53:53",116400
11000,200,500,"bu","09:53:53",114900
11000,200,500,"sd","09:53:47",114400
11000,200,1000,"sd","09:53:47",113900
11000,200,1100,"sd","09:53:47",112900
11000,200,1900,"sd","09:53:47",111800
11050,250,10000,"bu","09:53:37",109900
11000,200,100,"sd","09:52:59",99900
11000,200,200,"sd","09:52:58",99800
11000,200,100,"sd","09:52:51",99600
11000,200,700,"sd","09:52:35",99500
11000,200,3800,"sd","09:52:35",98800
11050,250,200,"sd","09:52:35",95000
11050,250,300,"sd","09:52:35",94800
11100,300,700,"bu","09:51:14",94500
11100,300,100,"bu","09:51:14",93800
11100,300,1200,"bu","09:51:14",93700
11100,300,1000,"bu","09:50:09",92500
11100,300,800,"bu","09:49:52",91500
11050,250,100,"bu","09:49:52",90700
11050,250,400,"bu","09:49:52",90600
11050,250,100,"bu","09:49:39",90200
11050,250,100,"bu","09:49:39",90100
11050,250,300,"bu","09:49:39",89500
11050,250,500,"bu","09:49:39",90000
11000,200,600,"sd","09:49:11",89200
11000,200,500,"sd","09:49:11",88600
11000,200,1400,"sd","09:49:11",88100
11000,200,200,"sd","09:49:11",86700
11000,200,1500,"sd","09:49:11",86500
11000,200,300,"bu","09:49:11",85000
11000,200,200,"bu","09:49:11",84700
11000,200,100,"bu","09:49:11",84500
11000,200,900,"bu","09:49:11",84400
11000,200,100,"bu","09:49:11",83500
11000,200,400,"bu","09:49:11",83400
11000,200,2000,"bu","09:49:11",83000
11000,200,1500,"bu","09:49:11",81000
11000,200,1500,"bu","09:49:09",79500
10950,150,200,"sd","09:48:25",78000
10950,150,200,"sd","09:48:19",77800
10950,150,500,"sd","09:48:10",77600
11000,200,200,"bu","09:48:08",77100
11000,200,300,"bu","09:48:04",76900
11000,200,700,"bu","09:48:04",76600
11000,200,5500,"bu","09:48:00",75900
11000,200,500,"bu","09:47:55",70400
11000,200,3000,"bu","09:47:49",69900
11000,200,300,"bu","09:47:49",66900
11000,200,200,"bu","09:47:49",66600
11000,200,100,"bu","09:47:49",66400
11000,200,3500,"bu","09:47:49",66300
10950,150,1000,"sd","09:47:04",62800
10950,150,200,"sd","09:46:30",61800
11000,200,1500,"bu","09:46:01",61600
11000,200,900,"bu","09:46:01",60100
10950,150,100,"sd","09:45:37",59200
11000,200,100,"bu","09:45:33",59100
11000,200,200,"bu","09:45:33",59000
11000,200,2000,"bu","09:45:27",58800
10950,150,200,"bu","09:45:26",56800
10950,150,1600,"bu","09:45:26",56600
10950,150,1200,"bu","09:45:26",55000
10950,150,300,"bu","09:45:26",53800
10950,150,2400,"bu","09:45:26",53500
10950,150,100,"bu","09:45:23",51100
10950,150,2900,"bu","09:45:23",51000
10950,150,2000,"bu","09:45:04",48100
10950,150,1000,"bu","09:44:26",46100
10950,150,4100,"bu","09:44:15",45100
10900,100,900,"bu","09:44:15",41000
10900,100,100,"sd","09:44:02",40100
10900,100,300,"bu","09:43:56",40000
10900,100,100,"bu","09:43:56",39700
10900,100,200,"bu","09:43:45",39600
10900,100,100,"bu","09:43:45",39400
10900,100,300,"bu","09:43:45",39300
10900,100,400,"bu","09:43:45",39000
10900,100,1600,"bu","09:43:26",38600
10900,100,100,"bu","09:43:26",37000
10900,100,900,"bu","09:43:09",36900
10900,100,100,"bu","09:43:09",36000
10900,100,900,"bu","09:43:09",35900
10900,100,100,"bu","09:43:09",35000
10850,50,100,"sd","09:42:43",34900
10900,100,2100,"bu","09:42:41",34800
10850,50,200,"bu","09:42:38",32700
10850,50,500,"bu","09:41:25",32500
10850,50,300,"bu","09:41:06",32000
10850,50,500,"bu","09:39:41",31700
10850,50,1500,"bu","09:39:41",31200
10850,50,100,"bu","09:39:20",29700
10850,50,400,"bu","09:39:20",29600
10850,50,600,"bu","09:38:56",29200
10850,50,300,"bu","09:38:56",28600
10850,50,200,"bu","09:38:56",28300
10850,50,900,"bu","09:38:56",28100
10850,50,1600,"bu","09:38:25",27200
10850,50,1400,"bu","09:38:25",25600
10800,0,100,"sd","09:36:47",24200
10800,0,100,"sd","09:31:50",24100
10850,50,300,"bu","09:31:32",24000
10850,50,100,"bu","09:23:38",23700
10700,-100,2000,"sd","09:22:26",23600
10800,0,100,"bu","09:22:13",21600
10700,-100,900,"sd","09:21:57",21500
10700,-100,100,"sd","09:21:57",20600
10650,-150,2000,"sd","09:21:07",20500
10650,-150,1000,"sd","09:21:07",18500
10650,-150,1000,"sd","09:21:07",17500
10800,0,500,"sd","09:20:09",16500
10800,0,500,"sd","09:20:09",16000
10850,50,600,"bu","09:19:39",15500
10850,50,1000,"bu","09:19:24",14900
10850,50,5000,"bu","09:19:05",13900
10850,50,8900,"unknown","09:15:00",8900
