"price","change","match_qtty","side","time","total_vol"
41150,250,17600,"unknown","14:45:02",474300
41200,300,400,"bu","14:29:39",456700
41200,300,1600,"bu","14:29:39",456300
41200,300,100,"bu","14:29:37",454700
41200,300,100,"bu","14:29:24",454600
41150,250,400,"sd","14:29:15",454500
41200,300,300,"bu","14:28:59",454100
41150,250,1000,"sd","14:28:42",453800
41200,300,1000,"bu","14:28:24",452800
41200,300,200,"bu","14:28:24",451800
41200,300,700,"bu","14:28:16",451600
41200,300,2000,"sd","14:28:11",450900
41200,300,800,"sd","14:28:10",448900
41200,300,100,"bu","14:28:07",448100
41200,300,100,"bu","14:28:07",448000
41200,300,300,"bu","14:28:07",447900
41200,300,1700,"bu","14:28:07",447600
41200,300,300,"bu","14:28:01",445900
41200,300,100,"bu","14:28:01",445600
41200,300,100,"bu","14:28:01",445500
41200,300,100,"bu","14:27:55",445400
41200,300,300,"bu","14:27:51",445300
41200,300,100,"bu","14:27:48",445000
41200,300,500,"bu","14:27:35",444900
41200,300,100,"bu","14:27:30",444400
41200,300,100,"bu","14:27:30",444300
41200,300,700,"bu","14:27:27",444200
41200,300,300,"bu","14:27:27",443500
41200,300,700,"bu","14:27:17",443200
41200,300,300,"bu","14:27:17",442500
41200,300,2000,"bu","14:27:07",442200
41200,300,700,"bu","14:27:04",440200
41200,300,100,"bu","14:27:04",439500
41200,300,400,"bu","14:27:04",439400
41200,300,1000,"bu","14:27:01",439000
41150,250,100,"sd","14:26:44",438000
41200,300,600,"bu","14:26:36",437900
41200,300,100,"bu","14:26:36",437300
41200,300,300,"bu","14:26:36",437200
41150,250,300,"sd","14:26:31",436900
41150,250,200,"sd","14:26:31",436600
41150,250,1000,"sd","14:26:24",436400
41150,250,100,"bu","14:25:45",435400
41150,250,100,"bu","14:25:45",435300
41150,250,1800,"bu","14:25:45",435200
41150,250,5000,"bu","14:25:36",433400
41150,250,100,"bu","14:25:34",428400
41150,250,100,"bu","14:25:14",428300
41150,250,500,"bu","14:25:05",428200
41150,250,100,"bu","14:25:03",427700
41150,250,500,"bu","14:24:54",427600
41150,250,200,"bu","14:24:54",427100
41150,250,100,"bu","14:24:54",426900
41150,250,500,"bu","14:24:45",426800
41150,250,400,"bu","14:24:44",426300
41150,250,500,"bu","14:24:41",425900
41150,250,1100,"bu","14:24:37",425400
41150,250,600,"bu","14:24:33",424300
41150,250,1000,"bu","14:24:31",423700
41150,250,1000,"bu","14:24:28",422700
41100,200,1000,"sd","14:24:26",421700
41100,200,900,"sd","14:24:09",420700
41100,200,100,"sd","14:24:09",419800
41100,200,500,"sd","14:24:09",419700
41100,200,100,"sd","14:24:09",419200
41100,200,2500,"sd","14:24:09",419100
41100,200,2000,"sd","14:23:43",416600
41100,200,100,"bu","14:23:25",414600
41100,200,400,"bu","14:23:25",414500
41100,200,200,"bu","14:23:23",414100
41100,200,400,"bu","14:23:19",413900
41100,200,500,"bu","14:23:19",413500
41100,200,100,"bu","14:23:19",413000
41100,200,200,"bu","14:22:45",412900
41100,200,200,"bu","14:22:44",412700
41100,200,200,"bu","14:22:43",412500
41100,200,500,"bu","14:22:43",412300
41100,200,300,"bu","14:22:34",411800
41100,200,100,"bu","14:22:34",411500
41100,200,300,"bu","14:22:26",411400
41100,200,100,"bu","14:22:26",411100
41100,200,600,"bu","14:22:26",411000
41050,150,1000,"sd","14:22:24",410400
41050,150,1000,"sd","14:22:16",409400
41050,150,500,"sd","14:21:18",408400
41050,150,500,"sd","14:20:54",407900
41050,150,500,"sd","14:20:37",407400
41050,150,400,"sd","14:19:53",406900
41100,200,400,"bu","14:19:09",406500
41050,150,100,"sd","14:18:45",406100
41050,150,300,"sd","14:18:45",406000
41050,150,600,"sd","14:18:45",405700
41050,150,100,"sd","14:18:32",405100
41100,200,100,"sd","14:18:18",405000
41100,200,600,"sd","14:18:09",404900
41100,200,100,"sd","14:17:40",404300
41100,200,100,"sd","14:17:40",404200
41100,200,1000,"sd","14:17:40",404100
41100,200,1000,"sd","14:17:40",403100
41100,200,200,"sd","14:17:40",402100
41100,200,800,"sd","14:17:40",401900
41100,200,200,"sd","14:17:23",401100
41100,200,100,"sd","14:17:23",400900
41150,250,500,"bu","14:17:13",400800
41150,250,100,"sd","14:16:51",400300
41150,250,200,"sd","14:16:51",400200
41150,250,100,"sd","14:16:44",400000
41150,250,100,"bu","14:16:37",399900
41150,250,100,"bu","14:16:37",399800
41150,250,100,"bu","14:16:16",399700
41150,250,100,"bu","14:16:16",399600
41100,200,500,"sd","14:15:49",399500
41100,200,300,"sd","14:14:33",399000
41100,200,100,"sd","14:14:11",398700
41200,300,1200,"bu","14:14:04",398600
41200,300,100,"bu","14:13:57",397400
41200,300,100,"bu","14:13:57",397300
41200,300,100,"bu","14:13:57",397200
41200,300,100,"bu","14:13:56",397100
41200,300,100,"bu","14:13:56",397000
41200,300,200,"bu","14:13:56",396900
41200,300,100,"bu","14:13:56",396700
41200,300,100,"bu","14:13:56",396600
41200,300,100,"bu","14:13:56",396500
41200,300,100,"bu","14:13:56",396400
41200,300,100,"bu","14:13:56",396300
41200,300,100,"bu","14:13:56",396200
41200,300,100,"bu","14:13:56",396100
41200,300,100,"bu","14:13:56",396000
41200,300,300,"bu","14:13:56",395900
41200,300,500,"bu","14:13:56",395600
41200,300,200,"bu","14:13:56",395100
41200,300,100,"bu","14:13:56",394900
41150,250,500,"bu","14:13:56",394800
41150,250,100,"bu","14:13:56",394300
41150,250,100,"bu","14:13:56",394200
41150,250,100,"bu","14:13:56",394100
41150,250,100,"bu","14:13:56",394000
41150,250,100,"bu","14:13:56",393900
41150,250,100,"bu","14:13:56",393800
41150,250,300,"bu","14:13:56",393700
41150,250,100,"bu","14:13:56",393400
41100,200,100,"bu","14:13:56",393300
41100,200,300,"bu","14:13:56",393200
41100,200,200,"bu","14:13:56",392900
41100,200,100,"bu","14:13:56",392700
41100,200,100,"bu","14:13:56",392600
41100,200,400,"sd","14:13:56",392500
41100,200,200,"sd","14:13:56",392100
41100,200,600,"sd","14:13:56",391900
41100,200,400,"bu","14:13:34",391300
41100,200,400,"bu","14:13:34",390900
41100,200,100,"bu","14:13:34",390500
41100,200,100,"bu","14:13:33",390400
41050,150,400,"sd","14:13:28",390300
41050,150,100,"sd","14:13:28",389900
41100,200,1000,"bu","14:13:25",389800
41100,200,100,"bu","14:13:24",388800
41100,200,100,"bu","14:13:21",388700
41100,200,500,"bu","14:13:17",388600
41050,150,500,"sd","14:13:11",388100
41050,150,100,"sd","14:13:11",387600
41050,150,200,"sd","14:13:11",387500
41100,200,500,"bu","14:13:03",387300
41100,200,1800,"bu","14:13:03",386800
41100,200,500,"bu","14:13:03",385000
41100,200,2000,"bu","14:13:03",384500
41100,200,100,"bu","14:13:03",382500
41100,200,100,"bu","14:13:03",382400
41050,150,100,"sd","14:12:53",382300
41050,150,600,"bu","14:12:26",382200
41050,150,400,"bu","14:12:24",381600
41050,150,100,"bu","14:12:24",381200
41050,150,200,"bu","14:12:24",381100
41050,150,500,"bu","14:12:24",380900
41050,150,500,"bu","14:12:22",380400
41050,150,1200,"bu","14:12:22",379900
41050,150,500,"bu","14:12:22",378700
41050,150,100,"bu","14:12:22",378200
41050,150,500,"bu","14:12:22",378100
41050,150,100,"bu","14:12:22",377600
41050,150,100,"bu","14:12:22",377500
41050,150,900,"bu","14:12:20",377400
41050,150,100,"bu","14:12:20",376500
41050,150,600,"bu","14:12:16",376400
41050,150,100,"bu","14:12:16",375800
41050,150,1300,"bu","14:12:16",375700
41000,100,500,"sd","14:11:16",374400
41000,100,5000,"sd","14:11:16",373900
41000,100,500,"sd","14:11:16",368900
41000,100,500,"sd","14:11:16",368400
41000,100,100,"sd","14:11:16",367900
41000,100,200,"sd","14:11:16",367800
41000,100,500,"sd","14:11:16",367600
41000,100,4900,"sd","14:11:16",367100
41000,100,1000,"sd","14:11:16",362200
41000,100,2000,"sd","14:11:16",361200
41000,100,500,"sd","14:11:16",359200
41000,100,1000,"sd","14:11:16",358700
41000,100,4900,"sd","14:11:16",357700
41000,100,2100,"sd","14:11:16",352800
41000,100,100,"bu","14:10:33",350700
40950,50,500,"sd","14:10:07",350600
40950,50,500,"sd","14:10:07",350100
41000,100,900,"bu","14:10:04",349600
41000,100,100,"bu","14:10:04",348700
41000,100,400,"bu","14:10:00",348600
41000,100,4600,"bu","14:10:00",348200
41000,100,100,"bu","14:09:49",343600
41000,100,100,"bu","14:09:34",343500
41000,100,200,"bu","14:09:23",343400
41000,100,300,"bu","14:09:23",343200
41000,100,100,"bu","14:09:15",342900
41000,100,1000,"bu","14:09:15",342800
41000,100,200,"bu","14:09:15",341800
41000,100,100,"bu","14:09:15",341600
41000,100,1000,"bu","14:09:15",341500
41000,100,100,"bu","14:09:15",340500
40950,50,900,"bu","14:08:53",340400
40950,50,200,"sd","14:08:52",339500
40950,50,700,"sd","14:08:52",339300
40950,50,1300,"sd","14:08:45",338600
40950,50,700,"sd","14:08:45",337300
40950,50,200,"sd","14:08:42",336600
40950,50,100,"sd","14:07:04",336400
40950,50,200,"sd","14:06:18",336300
40950,50,600,"bu","14:05:59",336100
40950,50,400,"bu","14:05:53",335500
40950,50,100,"bu","14:05:48",335100
40950,50,1300,"sd","14:05:44",335000
40950,50,600,"sd","14:05:44",333700
40950,50,300,"sd","14:05:26",333100
40950,50,700,"sd","14:05:26",332800
40950,50,5900,"sd","14:05:26",332100
40950,50,200,"sd","14:05:19",326200
40950,50,100,"bu","14:04:41",326000
40950,50,100,"bu","14:04:41",325900
40950,50,100,"bu","14:04:41",325800
40950,50,100,"bu","14:04:41",325700
40950,50,3500,"bu","14:04:41",325600
40900,0,200,"sd","14:03:42",322100
40900,0,300,"sd","14:03:42",321900
40900,0,300,"sd","14:03:42",321600
40900,0,5000,"sd","14:03:42",321300
40900,0,400,"sd","14:03:42",316300
40900,0,100,"sd","14:03:42",315900
40900,0,100,"sd","14:03:42",315800
40900,0,500,"sd","14:03:42",315700
40900,0,2000,"sd","14:03:42",315200
40900,0,3100,"sd","14:03:42",313200
40900,0,100,"sd","14:00:32",310100
40900,0,2000,"sd","13:54:46",310000
40900,0,500,"sd","13:53:58",308000
40900,0,2500,"sd","13:52:05",307500
40900,0,1800,"sd","13:51:26",305000
40900,0,200,"sd","13:51:26",303200
40900,0,700,"sd","13:51:26",303000
40900,0,2000,"sd","13:51:26",302300
40900,0,5300,"sd","13:51:26",300300
40900,0,100,"sd","13:51:17",295000
40900,0,1000,"sd","13:50:37",294900
40900,0,2200,"bu","13:49:38",293900
40900,0,500,"bu","13:49:38",291700
40900,0,500,"bu","13:49:38",291200
40900,0,300,"bu","13:49:38",290700
40900,0,100,"bu","13:49:38",290400
40900,0,100,"bu","13:45:34",290300
40900,0,100,"sd","13:45:33",290200
40900,0,300,"bu","13:45:24",290100
40900,0,100,"bu","13:45:24",289800
40850,-50,100,"bu","13:45:13",289700
40850,-50,500,"bu","13:45:05",289600
40800,-100,300,"sd","13:44:19",289100
40850,-50,200,"bu","13:43:33",288800
40850,-50,100,"sd","13:43:25",288600
40850,-50,800,"sd","13:43:25",288500
40850,-50,100,"sd","13:43:25",287700
40850,-50,200,"sd","13:43:25",287600
40850,-50,500,"sd","13:43:06",287400
40850,-50,100,"sd","13:43:01",286900
40850,-50,200,"sd","13:42:41",286800
40850,-50,500,"sd","13:42:41",286600
40850,-50,100,"bu","13:40:44",286100
40850,-50,200,"sd","13:40:43",286000
40850,-50,200,"sd","13:40:43",285800
40850,-50,300,"sd","13:40:43",285600
40850,-50,100,"sd","13:40:43",285300
40850,-50,1700,"sd","13:40:43",285200
40850,-50,400,"sd","13:40:43",283500
40850,-50,100,"sd","13:40:35",283100
40850,-50,300,"sd","13:40:35",283000
40850,-50,200,"sd","13:40:24",282700
40850,-50,400,"sd","13:40:24",282500
40850,-50,600,"sd","13:40:24",282100
40850,-50,400,"sd","13:40:07",281500
40850,-50,600,"sd","13:40:07",281100
40850,-50,200,"sd","13:39:45",280500
40850,-50,300,"sd","13:39:45",280300
40850,-50,400,"sd","13:38:46",280000
40850,-50,2000,"sd","13:37:51",279600
40850,-50,300,"bu","13:36:51",277600
40850,-50,200,"sd","13:36:48",277300
40850,-50,300,"sd","13:36:48",277100
40850,-50,400,"sd","13:36:48",276800
40850,-50,2800,"sd","13:36:48",276400
40850,-50,100,"sd","13:35:57",273600
40850,-50,100,"sd","13:35:43",273500
40850,-50,100,"sd","13:35:25",273400
40850,-50,900,"sd","13:35:00",273300
40850,-50,600,"sd","13:35:00",272400
40850,-50,100,"sd","13:35:00",271800
40850,-50,200,"sd","13:35:00",271700
40850,-50,200,"sd","13:33:46",271500
40850,-50,300,"sd","13:33:46",271300
40850,-50,400,"sd","13:33:46",271000
40850,-50,300,"sd","13:33:46",270600
40850,-50,500,"sd","13:33:46",270300
40850,-50,300,"sd","13:33:46",269800
40850,-50,100,"sd","13:32:00",269500
40850,-50,2900,"sd","13:31:27",269400
40900,0,100,"bu","13:31:24",266500
40900,0,100,"bu","13:29:24",266400
40900,0,500,"bu","13:29:20",266300
40900,0,100,"bu","13:28:33",265800
40850,-50,500,"sd","13:28:01",265700
40850,-50,1200,"sd","13:27:51",265200
40850,-50,100,"sd","13:27:51",264000
40850,-50,700,"sd","13:27:51",263900
40900,0,100,"bu","13:24:54",263200
40900,0,800,"bu","13:24:44",263100
40900,0,1000,"sd","13:24:41",262300
40900,0,800,"sd","13:24:41",261300
40900,0,500,"sd","13:24:41",260500
40900,0,300,"sd","13:24:41",260000
40900,0,300,"sd","13:24:41",259700
40900,0,100,"sd","13:24:41",259400
40900,0,1000,"sd","13:24:41",259300
40900,0,400,"sd","13:24:41",258300
40900,0,600,"sd","13:23:07",257900
40900,0,2900,"sd","13:23:07",257300
40950,50,100,"sd","13:23:07",254400
40950,50,300,"sd","13:23:07",254300
40950,50,100,"sd","13:23:07",254000
40950,50,100,"bu","13:22:24",253900
40950,50,100,"sd","13:22:16",253800
40950,50,700,"sd","13:22:16",253700
40950,50,100,"sd","13:22:16",253000
40950,50,200,"sd","13:22:15",252900
40950,50,500,"sd","13:22:05",252700
40950,50,100,"sd","13:21:43",252200
40950,50,100,"sd","13:21:42",252100
41000,100,300,"bu","13:21:23",252000
41000,100,100,"bu","13:21:23",251700
41000,100,900,"bu","13:21:14",251600
41000,100,800,"bu","13:21:14",250700
41000,100,300,"bu","13:21:14",249900
41000,100,200,"bu","13:21:09",249600
41000,100,4600,"bu","13:21:09",249400
41000,100,300,"bu","13:21:09",244800
41000,100,4900,"bu","13:21:09",244500
41000,100,100,"bu","13:21:09",239600
41000,100,100,"bu","13:21:09",239500
40950,50,500,"bu","13:20:49",239400
40950,50,500,"bu","13:20:49",238900
40950,50,2500,"bu","13:20:49",238400
40950,50,100,"bu","13:20:49",235900
40950,50,500,"bu","13:20:49",235800
40950,50,600,"bu","13:20:49",235300
40950,50,400,"bu","13:20:44",234700
40950,50,1000,"bu","13:20:40",234300
40950,50,100,"bu","13:20:40",233300
40950,50,900,"bu","13:20:40",233200
40950,50,100,"bu","13:20:10",232300
40950,50,200,"bu","13:19:28",232200
40900,0,100,"sd","13:19:27",232000
40900,0,1800,"sd","13:19:20",231900
40900,0,500,"sd","13:18:42",230100
40900,0,100,"sd","13:18:24",229600
40900,0,200,"bu","13:18:22",229500
40900,0,4400,"bu","13:18:22",229300
40900,0,500,"bu","13:18:17",224900
40900,0,100,"sd","13:18:14",224400
40900,0,500,"bu","13:18:10",224300
40900,0,200,"bu","13:17:36",223800
40850,-50,2300,"sd","13:17:15",223600
40900,0,200,"sd","13:17:15",221300
40900,0,100,"bu","13:17:13",221100
40900,0,1100,"bu","13:17:13",221000
40900,0,2900,"bu","13:17:09",219900
40900,0,2000,"bu","13:17:09",217000
40900,0,2100,"bu","13:17:09",215000
40900,0,400,"bu","13:17:04",212900
40900,0,2000,"bu","13:16:58",212500
40900,0,200,"bu","13:16:43",210500
40900,0,100,"bu","13:14:02",210300
40900,0,100,"bu","13:13:14",210200
40800,-100,700,"sd","13:12:30",210100
40850,-50,200,"sd","13:12:30",209400
40850,-50,500,"sd","13:12:30",209200
40850,-50,900,"sd","13:12:30",208700
40850,-50,200,"sd","13:12:30",207800
40850,-50,100,"sd","13:12:30",207600
40850,-50,600,"sd","13:12:30",207500
40850,-50,200,"sd","13:12:30",206900
40850,-50,300,"sd","13:12:30",206700
40850,-50,300,"sd","13:10:03",206400
40850,-50,400,"sd","13:08:17",206100
40850,-50,200,"sd","13:08:17",205700
40850,-50,400,"sd","13:08:17",205500
40850,-50,400,"sd","13:07:45",205100
40850,-50,3000,"sd","13:07:06",204700
40850,-50,100,"sd","13:06:52",201700
40850,-50,1000,"sd","13:06:27",201600
40850,-50,100,"sd","13:06:18",200600
40900,0,100,"sd","13:05:46",200500
40900,0,500,"bu","13:05:25",200400
40900,0,300,"bu","13:05:14",199900
40900,0,200,"sd","13:05:05",199600
40900,0,400,"sd","13:05:05",199400
40900,0,200,"sd","13:05:05",199000
40900,0,100,"sd","13:05:05",198800
40900,0,800,"sd","13:05:05",198700
40900,0,1000,"sd","13:05:00",197900
40900,0,200,"sd","13:04:44",196900
40900,0,1000,"sd","13:04:44",196700
40900,0,200,"sd","13:04:44",195700
40900,0,600,"sd","13:04:44",195500
40900,0,100,"sd","13:04:26",194900
40900,0,500,"sd","13:04:26",194800
40900,0,100,"sd","13:04:26",194300
40900,0,200,"sd","13:04:26",194200
40900,0,300,"sd","13:04:26",194000
40900,0,100,"sd","13:04:24",193700
40900,0,600,"sd","13:04:21",193600
40900,0,200,"sd","13:04:05",193000
40900,0,200,"sd","13:03:25",192800
40950,50,200,"bu","13:02:18",192600
40950,50,100,"sd","13:02:17",192400
40950,50,200,"sd","13:02:17",192300
40950,50,100,"sd","13:02:17",192100
40950,50,1100,"sd","13:02:17",192000
40950,50,400,"sd","13:02:13",190900
40950,50,1100,"sd","13:02:08",190500
40950,50,1200,"sd","13:02:01",189400
40950,50,1000,"sd","13:01:48",188200
40950,50,200,"bu","13:01:18",187200
40950,50,100,"bu","13:00:46",187000
40950,50,100,"bu","13:00:46",186900
40950,50,100,"bu","13:00:46",186800
40950,50,100,"sd","13:00:26",186700
40950,50,300,"sd","13:00:26",186600
40900,0,600,"sd","13:00:09",186300
40950,50,2100,"sd","13:00:09",185700
40950,50,100,"sd","13:00:09",183600
40950,50,200,"sd","13:00:09",183500
40950,50,2000,"sd","13:00:07",183300
40950,50,100,"sd","13:00:06",181300
40950,50,100,"sd","13:00:06",181200
40950,50,200,"sd","13:00:06",181100
40950,50,300,"sd","13:00:06",180900
40950,50,4100,"bu","13:00:04",180600
40950,50,500,"bu","13:00:04",176500
40950,50,100,"bu","13:00:04",176000
40950,50,5000,"bu","13:00:04",175900
40950,50,1000,"bu","13:00:04",170900
40950,50,1300,"bu","13:00:04",169900
40950,50,100,"bu","13:00:04",168600
40900,0,300,"sd","13:00:04",168500
40900,0,100,"sd","13:00:03",168200
40900,0,100,"sd","13:00:03",168100
40900,0,800,"sd","13:00:03",168000
40900,0,200,"sd","13:00:01",167200
40900,0,900,"sd","13:00:01",167000
40900,0,100,"sd","13:00:01",166100
40950,50,200,"bu","13:00:01",166000
40950,50,700,"bu","13:00:01",165800
40950,50,100,"bu","13:00:01",165100
40950,50,100,"bu","13:00:01",165000
40950,50,200,"bu","13:00:01",164900
40950,50,300,"bu","13:00:01",164700
40950,50,1700,"bu","13:00:01",164400
40950,50,2000,"bu","13:00:01",162700
40950,50,1300,"bu","13:00:01",160700
40950,50,100,"bu","11:29:15",159400
40950,50,100,"bu","11:26:01",159300
40950,50,500,"bu","11:26:00",159200
40950,50,500,"bu","11:26:00",158700
40900,0,100,"bu","11:23:14",158200
40900,0,500,"bu","11:20:57",158100
40900,0,100,"bu","11:19:16",157600
40900,0,100,"bu","11:17:27",157500
40900,0,100,"sd","11:17:20",157400
40900,0,300,"sd","11:16:57",157300
40900,0,200,"sd","11:16:57",157000
40900,0,100,"sd","11:16:57",156800
40900,0,100,"sd","11:16:57",156700
40900,0,300,"sd","11:16:57",156600
40900,0,400,"sd","11:16:17",156300
40900,0,100,"sd","11:16:17",155900
40900,0,1000,"sd","11:16:17",155800
40900,0,100,"sd","11:16:17",154800
40900,0,400,"sd","11:16:17",154700
40900,0,100,"sd","11:14:59",154300
40900,0,200,"sd","11:14:35",154200
40900,0,300,"sd","11:14:35",154000
40900,0,1100,"sd","11:14:35",153700
40950,50,300,"bu","11:13:16",152600
40900,0,300,"sd","11:10:08",152300
40900,0,700,"sd","11:10:08",152000
40900,0,200,"sd","11:09:53",151300
40900,0,4000,"sd","11:09:50",151100
40900,0,1000,"sd","11:09:07",147100
40900,0,100,"sd","11:05:33",146100
40900,0,100,"sd","11:04:48",146000
40900,0,3900,"sd","11:04:35",145900
40900,0,1700,"sd","11:04:17",142000
40900,0,300,"bu","11:03:33",140300
40900,0,2000,"bu","11:03:33",140000
40900,0,500,"bu","11:03:33",138000
40900,0,2200,"bu","11:03:33",137500
40850,-50,500,"bu","11:03:33",135300
40850,-50,500,"bu","11:03:33",134800
40850,-50,2300,"bu","11:03:33",134300
40800,-100,100,"sd","11:00:12",132000
40850,-50,100,"bu","10:59:51",131900
40850,-50,100,"bu","10:59:30",131800
40850,-50,1000,"bu","10:59:29",131700
40850,-50,500,"bu","10:56:37",130700
40850,-50,300,"sd","10:56:35",130200
40850,-50,1000,"sd","10:56:35",129900
40850,-50,500,"sd","10:56:35",128900
40850,-50,1200,"sd","10:56:35",128400
40850,-50,1800,"sd","10:56:25",127200
40850,-50,200,"sd","10:56:25",125400
40850,-50,100,"sd","10:52:15",125200
40900,0,100,"bu","10:49:44",125100
40900,0,100,"sd","10:49:43",125000
40900,0,600,"sd","10:49:43",124900
40900,0,200,"bu","10:47:44",124300
40900,0,700,"bu","10:47:43",124100
40900,0,400,"bu","10:47:43",123400
40900,0,3400,"bu","10:47:43",123000
40900,0,200,"bu","10:41:16",119600
40900,0,1400,"sd","10:41:15",119400
40900,0,100,"bu","10:41:01",118000
40900,0,500,"bu","10:40:57",117900
40900,0,500,"bu","10:40:56",117400
40900,0,2500,"bu","10:40:56",116900
40900,0,300,"bu","10:40:39",114400
40900,0,200,"sd","10:36:21",114100
40900,0,100,"sd","10:35:24",113900
40900,0,200,"sd","10:35:24",113800
40900,0,600,"bu","10:35:20",113600
40900,0,1200,"bu","10:35:20",113000
40900,0,300,"bu","10:33:59",111800
40900,0,100,"sd","10:33:58",111500
40900,0,100,"sd","10:33:58",111400
40900,0,200,"sd","10:33:58",111300
40900,0,1600,"sd","10:33:58",111100
40900,0,1000,"sd","10:33:18",109500
40900,0,1000,"sd","10:32:58",108500
40900,0,300,"bu","10:32:02",107500
40900,0,1100,"bu","10:32:02",107200
40900,0,100,"bu","10:30:37",106100
40900,0,700,"sd","10:30:36",106000
40900,0,100,"sd","10:30:36",105300
40900,0,2900,"sd","10:29:13",105200
40900,0,500,"sd","10:29:13",102300
40900,0,100,"sd","10:29:13",101800
40900,0,400,"sd","10:29:13",101700
40900,0,2600,"sd","10:28:47",101300
40900,0,200,"sd","10:28:47",98700
40900,0,100,"sd","10:28:03",98500
40900,0,900,"sd","10:28:03",98400
40950,50,100,"bu","10:26:49",97500
40950,50,100,"bu","10:26:48",97400
40950,50,600,"bu","10:26:48",97300
40950,50,1400,"bu","10:26:46",96700
40950,50,2600,"bu","10:26:46",95300
40950,50,200,"bu","10:24:57",92700
40950,50,100,"bu","10:19:42",92500
40950,50,100,"bu","10:19:13",92400
40900,0,1400,"sd","10:18:59",92300
40900,0,700,"bu","10:18:50",90900
40900,0,300,"sd","10:18:45",90200
40900,0,900,"bu","10:18:25",89900
40900,0,300,"bu","10:18:25",89000
40900,0,300,"bu","10:18:25",88700
40900,0,100,"bu","10:18:25",88400
40900,0,100,"bu","10:18:25",88300
40900,0,500,"bu","10:05:56",88200
40900,0,100,"sd","10:05:54",87700
40900,0,200,"sd","10:05:54",87600
40900,0,100,"sd","10:03:46",87400
40900,0,900,"sd","10:03:44",87300
40900,0,100,"sd","10:03:44",86400
40900,0,100,"sd","10:03:03",86300
40900,0,1900,"sd","10:03:03",86200
40900,0,1100,"sd","10:00:53",84300
40900,0,800,"sd","10:00:53",83200
40900,0,3100,"sd","10:00:53",82400
40900,0,1600,"sd","10:00:23",79300
40900,0,500,"sd","09:59:57",77700
40900,0,100,"sd","09:58:50",77200
40900,0,4700,"bu","09:58:00",77100
40800,-100,300,"sd","09:55:03",72400
40800,-100,100,"sd","09:55:01",72100
40800,-100,900,"sd","09:53:32",72000
40800,-100,100,"sd","09:53:26",71100
40900,0,300,"bu","09:49:56",71000
40900,0,200,"bu","09:49:55",70700
40850,-50,1800,"bu","09:49:55",70500
40900,0,300,"bu","09:49:03",68700
40900,0,2000,"bu","09:49:02",68400
40900,0,100,"bu","09:48:09",66400
40900,0,1100,"bu","09:48:08",66300
40900,0,500,"bu","09:48:07",65200
40900,0,200,"bu","09:48:07",64700
40900,0,2000,"bu","09:48:07",64500
40900,0,100,"bu","09:48:07",62500
40900,0,3500,"sd","09:48:07",62400
40900,0,500,"sd","09:46:45",58900
41050,150,100,"bu","09:44:42",58400
41050,150,200,"bu","09:42:25",58300
41000,100,100,"sd","09:42:05",58100
41000,100,1000,"sd","09:41:44",58000
41000,100,400,"sd","09:41:34",57000
41000,100,100,"sd","09:41:34",56600
41000,100,200,"sd","09:41:08",56500
41000,100,7800,"sd","09:41:08",56300
41000,100,100,"bu","09:39:19",48500
41000,100,2100,"bu","09:39:19",48400
41000,100,100,"bu","09:38:55",46300
41000,100,100,"bu","09:38:54",46200
41000,100,900,"bu","09:38:54",46100
41000,100,100,"sd","09:38:38",45200
41000,100,100,"sd","09:38:38",45100
41000,100,300,"sd","09:38:38",45000
41050,150,200,"bu","09:38:25",44700
41000,100,800,"sd","09:38:21",44500
41000,100,500,"sd","09:38:19",43700
41000,100,200,"sd","09:37:59",43200
41000,100,100,"sd","09:37:59",43000
41000,100,100,"sd","09:37:59",42900
41050,150,200,"bu","09:37:59",42800
41000,100,100,"sd","09:37:47",42600
41000,100,100,"sd","09:37:47",42500
41000,100,800,"sd","09:37:47",42400
41000,100,2000,"sd","09:37:47",41600
41000,100,100,"sd","09:37:47",39600
41000,100,300,"sd","09:37:47",39500
41000,100,300,"sd","09:37:47",39200
41000,100,1000,"sd","09:37:47",38900
41000,100,5300,"sd","09:37:47",37900
41000,100,1000,"sd","09:37:31",32600
41000,100,200,"sd","09:36:47",31600
41000,100,500,"sd","09:35:41",31400
41000,100,900,"sd","09:35:24",30900
41000,100,2100,"sd","09:35:08",30000
41000,100,1400,"sd","09:35:08",27900
41000,100,1400,"sd","09:35:08",26500
41000,100,100,"sd","09:33:38",25100
41000,100,500,"sd","09:33:36",25000
41000,100,100,"sd","09:33:20",24500
41000,100,200,"bu","09:31:43",24400
41000,100,200,"bu","09:31:43",24200
41000,100,500,"bu","09:31:43",24000
41000,100,600,"bu","09:31:43",23500
41000,100,100,"bu","09:31:43",22900
41000,100,100,"bu","09:31:43",22800
41000,100,500,"bu","09:31:43",22700
41000,100,200,"bu","09:31:43",22200
41000,100,900,"bu","09:31:43",22000
41000,100,100,"bu","09:31:43",21100
41000,100,500,"bu","09:31:43",21000
41000,100,700,"bu","09:31:43",20500
40950,50,800,"bu","09:31:43",19800
40950,50,2500,"bu","09:31:43",19000
40900,0,200,"sd","09:30:06",16500
40900,0,300,"bu","09:29:54",16300
40900,0,100,"bu","09:29:32",16000
40900,0,100,"bu","09:29:31",15900
40900,0,500,"bu","09:29:31",15800
40800,-100,200,"sd","09:29:04",15300
40800,-100,300,"sd","09:26:15",15100
40800,-100,100,"sd","09:26:14",14800
40800,-100,100,"sd","09:24:47",14700
40800,-100,400,"sd","09:24:47",14600
40800,-100,200,"sd","09:24:30",14200
40850,-50,500,"sd","09:23:17",14000
40900,0,100,"sd","09:22:39",13500
40900,0,100,"sd","09:22:29",13400
40900,0,700,"sd","09:22:29",13300
40900,0,300,"sd","09:22:16",12600
40900,0,700,"sd","09:22:16",12300
40900,0,100,"sd","09:21:07",11600
40900,0,200,"sd","09:21:05",11500
40900,0,100,"sd","09:21:05",11300
40900,0,300,"sd","09:19:57",11200
40900,0,300,"sd","09:19:29",10900
40900,0,100,"sd","09:18:47",10600
40900,0,200,"sd","09:18:35",10500
40900,0,300,"sd","09:18:35",10300
40900,0,100,"sd","09:18:35",10000
40900,0,1000,"sd","09:18:35",9900
40900,0,600,"sd","09:18:35",8900
40900,0,400,"sd","09:18:35",8300
40900,0,1400,"sd","09:18:34",7900
40900,0,500,"sd","09:17:57",6500
40900,0,100,"sd","09:17:19",6000
40900,0,2000,"sd","09:16:42",5900
41000,100,200,"bu","09:16:02",3900
40900,0,3700,"sd","09:15:01",3700
