"price","change","match_qtty","side","time","total_vol"
43850,0,25600,"bu","14:45:02",797100
43950,100,4000,"bu","14:29:27",771500
43950,100,800,"bu","14:29:17",767500
43900,50,1500,"bu","14:29:17",766700
43950,100,14500,"bu","14:28:56",765200
43950,100,200,"bu","14:28:56",750700
43900,50,100,"bu","14:28:56",750500
43900,50,100,"bu","14:28:56",750400
43900,50,100,"bu","14:28:56",750300
43900,50,300,"bu","14:28:56",750200
43900,50,900,"bu","14:28:42",749900
43900,50,1100,"bu","14:28:42",749000
43900,50,900,"bu","14:28:30",747900
43900,50,3000,"bu","14:28:30",747000
43850,0,100,"bu","14:28:30",744000
43850,0,300,"bu","14:28:30",743900
43850,0,200,"bu","14:28:24",743600
43850,0,1000,"bu","14:28:17",743400
43850,0,2300,"bu","14:28:17",742400
43850,0,300,"bu","14:28:16",740100
43850,0,400,"sd","14:27:45",739800
43850,0,200,"bu","14:27:18",739400
43850,0,3100,"bu","14:27:18",739200
43800,-50,1300,"bu","14:27:18",736100
43800,-50,500,"bu","14:27:14",734800
43800,-50,1200,"bu","14:26:58",734300
43800,-50,4000,"bu","14:26:58",733100
43800,-50,2000,"bu","14:26:58",729100
43800,-50,2700,"bu","14:26:58",727100
43750,-100,1500,"sd","14:26:13",724400
43750,-100,2000,"sd","14:26:02",722900
43800,-50,100,"bu","14:25:38",720900
43750,-100,800,"sd","14:25:28",720800
43800,-50,200,"bu","14:23:14",720000
43750,-100,7300,"sd","14:22:36",719800
43750,-100,400,"sd","14:22:35",712500
43800,-50,1200,"bu","14:20:59",712100
43800,-50,4000,"bu","14:20:38",710900
43800,-50,800,"sd","14:20:23",706900
43800,-50,2200,"bu","14:20:05",706100
43800,-50,800,"bu","14:19:49",703900
43800,-50,500,"bu","14:19:49",703100
43800,-50,700,"bu","14:19:49",702600
43800,-50,200,"bu","14:19:49",701900
43800,-50,1000,"bu","14:19:30",701700
43800,-50,100,"bu","14:19:19",700700
43800,-50,500,"bu","14:19:19",700600
43800,-50,3000,"bu","14:19:19",700100
43800,-50,1400,"bu","14:19:19",697100
43800,-50,1100,"bu","14:17:32",695700
43800,-50,200,"bu","14:17:22",694600
43750,-100,100,"sd","14:16:51",694400
43750,-100,4900,"sd","14:16:50",694300
43750,-100,100,"sd","14:16:50",689400
43800,-50,100,"bu","14:16:42",689300
43800,-50,100,"bu","14:16:21",689200
43800,-50,100,"sd","14:16:17",689100
43850,0,6300,"bu","14:14:47",689000
43750,-100,200,"sd","14:14:38",682700
43750,-100,100,"sd","14:14:38",682500
43750,-100,500,"sd","14:14:38",682400
43750,-100,1000,"sd","14:14:38",681900
43750,-100,100,"sd","14:14:38",680900
43750,-100,3100,"sd","14:14:38",680800
43850,0,400,"bu","14:14:28",677700
43850,0,600,"bu","14:14:28",677300
43750,-100,1800,"sd","14:14:03",676700
43750,-100,9400,"sd","14:12:58",674900
43750,-100,200,"sd","14:12:58",665500
43800,-50,100,"sd","14:12:58",665300
43800,-50,100,"sd","14:12:58",665200
43800,-50,1000,"sd","14:12:58",665100
43800,-50,100,"sd","14:12:58",664100
43800,-50,300,"sd","14:12:58",664000
43800,-50,21000,"sd","14:12:58",663700
43850,0,100,"sd","14:12:58",642700
43850,0,6800,"sd","14:12:58",642600
43850,0,900,"sd","14:12:58",635800
43900,50,700,"bu","14:12:24",634900
43900,50,100,"bu","14:10:24",634200
43850,0,100,"sd","14:10:04",634100
43850,0,1200,"sd","14:09:11",634000
43900,50,100,"bu","14:09:00",632800
43850,0,2200,"sd","14:08:59",632700
43850,0,600,"bu","14:08:45",630500
43850,0,1000,"bu","14:08:37",629900
43850,0,2000,"bu","14:08:20",628900
43850,0,300,"bu","14:06:56",626900
43850,0,100,"bu","14:06:56",626600
43850,0,100,"bu","14:06:01",626500
43850,0,100,"bu","14:05:44",626400
43850,0,600,"bu","14:05:36",626300
43850,0,100,"sd","14:05:33",625700
43850,0,100,"bu","14:05:32",625600
43850,0,300,"bu","14:05:32",625500
43850,0,1200,"bu","14:05:11",625200
43850,0,500,"bu","14:04:23",624000
43850,0,400,"bu","14:03:13",623500
43850,0,500,"sd","14:03:10",623100
43850,0,100,"sd","14:03:10",622600
43850,0,400,"sd","14:02:31",622500
43900,50,100,"bu","14:01:42",622100
43900,50,100,"bu","14:01:18",622000
43800,-50,1000,"sd","14:00:30",621900
43800,-50,200,"sd","14:00:30",620900
43850,0,300,"bu","14:00:05",620700
43850,0,100,"bu","14:00:00",620400
43850,0,600,"bu","13:59:52",620300
43850,0,1000,"sd","13:58:43",619700
43850,0,2000,"sd","13:58:43",618700
43850,0,1000,"sd","13:58:43",616700
43900,50,100,"sd","13:57:38",615700
43900,50,800,"sd","13:57:38",615600
43900,50,3200,"sd","13:57:05",614800
44000,150,600,"bu","13:56:47",611600
43850,0,6000,"sd","13:56:03",611000
43900,50,1000,"bu","13:55:57",605000
43900,50,200,"bu","13:55:57",604000
43900,50,1000,"bu","13:55:57",603800
43900,50,2200,"bu","13:55:45",602800
43900,50,5600,"bu","13:55:33",600600
43900,50,3000,"bu","13:55:29",595000
43900,50,100,"bu","13:55:29",585500
43900,50,6500,"bu","13:55:29",592000
43850,0,4800,"bu","13:55:16",585400
43850,0,200,"sd","13:54:59",580600
43850,0,2000,"bu","13:54:58",580400
43850,0,800,"bu","13:54:58",578400
43850,0,200,"bu","13:54:41",577600
43850,0,8400,"bu","13:54:24",577400
43850,0,2300,"bu","13:53:55",569000
43850,0,2300,"bu","13:53:36",566700
43850,0,6300,"bu","13:53:15",564400
43850,0,4000,"bu","13:52:56",558100
43850,0,1400,"bu","13:52:38",554100
43850,0,1000,"bu","13:52:38",552700
43850,0,1000,"bu","13:52:38",551700
43850,0,700,"bu","13:52:38",550700
43800,-50,200,"bu","13:52:38",550000
43750,-100,100,"sd","13:51:30",549800
43850,0,9900,"bu","13:51:19",549700
43850,0,10500,"bu","13:51:06",539800
43800,-50,300,"bu","13:51:06",529300
43800,-50,7900,"bu","13:50:41",529000
43800,-50,200,"sd","13:50:24",521100
43800,-50,1000,"sd","13:50:24",520900
43800,-50,500,"sd","13:50:24",519900
43800,-50,500,"sd","13:49:37",519400
43850,0,900,"sd","13:49:35",518900
43850,0,1100,"bu","13:49:19",518000
43850,0,1300,"bu","13:49:12",516900
43850,0,2000,"bu","13:49:07",515600
43850,0,5500,"bu","13:48:55",513600
43850,0,600,"bu","13:48:55",508100
43850,0,1000,"bu","13:48:55",507500
43850,0,2800,"bu","13:48:55",506500
43850,0,4700,"bu","13:48:40",503700
43850,0,4300,"bu","13:48:40",499000
43800,-50,1900,"bu","13:48:40",494700
43750,-100,200,"sd","13:48:37",492800
43800,-50,100,"sd","13:48:30",492600
43800,-50,100,"sd","13:48:20",492500
43800,-50,1900,"sd","13:48:20",492400
43800,-50,13500,"sd","13:48:13",490500
43850,0,2200,"bu","13:47:39",477000
43800,-50,200,"sd","13:47:10",474800
43800,-50,100,"bu","13:46:48",474600
43800,-50,1000,"bu","13:46:48",474500
43800,-50,9500,"bu","13:46:48",473500
43800,-50,9400,"sd","13:46:28",464000
43800,-50,1100,"bu","13:46:09",454600
43800,-50,1800,"bu","13:46:09",453500
43800,-50,9200,"bu","13:45:53",451700
43800,-50,1000,"bu","13:45:53",442500
43800,-50,600,"bu","13:45:53",441500
43800,-50,3900,"bu","13:45:14",440900
43800,-50,200,"sd","13:44:37",437000
43800,-50,800,"sd","13:44:37",436800
43800,-50,1200,"sd","13:44:19",436000
43800,-50,1800,"sd","13:44:19",434800
43800,-50,1000,"bu","13:43:54",433000
43800,-50,100,"bu","13:43:54",432000
43800,-50,500,"bu","13:43:54",431900
43800,-50,1000,"bu","13:43:54",431400
43800,-50,5600,"bu","13:43:54",430400
43800,-50,500,"bu","13:43:45",424800
43800,-50,9900,"bu","13:43:25",424300
43800,-50,300,"bu","13:43:23",414400
43800,-50,10800,"bu","13:43:12",414100
43800,-50,2200,"bu","13:42:54",403300
43800,-50,700,"bu","13:42:16",401100
43800,-50,500,"bu","13:42:16",400400
43700,-150,1000,"bu","13:41:51",399900
43700,-150,11000,"bu","13:41:51",398900
43650,-200,1000,"bu","13:40:51",387900
43650,-200,7500,"bu","13:40:51",386900
43650,-200,1200,"bu","13:40:27",379400
43650,-200,2200,"sd","13:39:10",378200
43650,-200,500,"sd","13:38:25",376000
43650,-200,300,"bu","13:38:23",375500
43650,-200,200,"bu","13:38:23",375200
43650,-200,1900,"bu","13:38:23",375000
43650,-200,3000,"bu","13:38:07",373100
43650,-200,4200,"bu","13:37:32",370100
43650,-200,800,"bu","13:36:55",365900
43650,-200,700,"bu","13:36:55",365100
43650,-200,800,"bu","13:36:55",364400
43600,-250,100,"sd","13:36:35",363600
43650,-200,200,"bu","13:36:15",363500
43600,-250,600,"sd","13:36:03",363300
43600,-250,1000,"bu","13:35:57",362700
43600,-250,400,"bu","13:35:57",361700
43600,-250,100,"bu","13:35:54",361300
43600,-250,4900,"bu","13:35:54",361200
43600,-250,3100,"bu","13:35:46",356300
43600,-250,3000,"bu","13:35:28",353200
43550,-300,100,"sd","13:35:06",350200
43550,-300,300,"bu","13:34:35",350100
43550,-300,1000,"bu","13:34:35",349800
43550,-300,400,"bu","13:34:35",348800
43550,-300,2300,"bu","13:34:22",348400
43550,-300,1100,"bu","13:33:46",346100
43550,-300,3000,"bu","13:33:46",345000
43500,-350,100,"bu","13:33:45",342000
43550,-300,1300,"bu","13:33:26",341900
43550,-300,3200,"bu","13:33:26",340600
43550,-300,2000,"bu","13:32:44",337400
43350,-500,200,"sd","13:32:30",335400
43500,-350,100,"sd","13:32:30",335200
43550,-300,2000,"bu","13:32:23",335100
43550,-300,2300,"bu","13:32:08",333100
43550,-300,1500,"bu","13:31:47",330800
43550,-300,100,"bu","13:31:47",329300
43550,-300,100,"bu","13:31:47",329200
43550,-300,100,"bu","13:31:47",329100
43550,-300,500,"bu","13:31:47",329000
43500,-350,100,"sd","13:31:46",328500
43500,-350,200,"bu","13:31:18",328400
43500,-350,1000,"bu","13:31:18",328200
43500,-350,1600,"bu","13:31:18",327200
43500,-350,3500,"bu","13:30:45",325600
43500,-350,3900,"bu","13:30:31",322100
43500,-350,100,"bu","13:30:31",318200
43500,-350,2000,"bu","13:30:10",318100
43500,-350,900,"bu","13:30:10",316100
43500,-350,1500,"bu","13:30:10",314700
43500,-350,500,"bu","13:30:10",315200
43350,-500,7300,"sd","13:29:13",313200
43350,-500,200,"sd","13:29:13",305900
43400,-450,4900,"bu","13:29:09",305700
43450,-400,100,"sd","13:29:06",300800
43450,-400,2400,"bu","13:28:27",300700
43400,-450,500,"bu","13:28:27",298300
43400,-450,500,"bu","13:28:09",297800
43400,-450,500,"bu","13:28:09",297300
43400,-450,1000,"bu","13:28:09",296800
43350,-500,1000,"bu","13:26:34",295800
43350,-500,100,"bu","13:26:34",294800
43300,-550,200,"bu","13:26:34",294700
43300,-550,800,"bu","13:25:37",294500
43300,-550,200,"bu","13:25:37",293700
43300,-550,1500,"bu","13:25:37",293500
43250,-600,1100,"sd","13:23:34",292000
43300,-550,500,"bu","13:23:34",290900
43300,-550,1700,"bu","13:23:34",290400
43300,-550,300,"bu","13:23:20",288700
43300,-550,3000,"bu","13:23:20",288400
43250,-600,2000,"bu","13:22:28",285400
43250,-600,1000,"bu","13:22:10",283400
43250,-600,700,"bu","13:22:10",282400
43250,-600,3000,"bu","13:22:10",281700
43250,-600,1600,"bu","13:22:10",278700
43250,-600,300,"bu","13:21:57",277100
43250,-600,3100,"bu","13:21:38",276800
43250,-600,3000,"bu","13:21:38",273700
43250,-600,200,"bu","13:21:38",270700
43200,-650,10000,"sd","13:21:32",270500
43100,-750,1800,"bu","13:21:16",260500
43150,-700,11000,"sd","13:21:07",258700
43200,-650,5000,"sd","13:20:49",247700
43200,-650,2200,"sd","13:20:49",242700
43200,-650,4000,"sd","13:20:49",240500
43250,-600,300,"bu","13:20:37",236500
43200,-650,3600,"sd","13:20:29",236200
43200,-650,400,"sd","13:20:29",232600
43200,-650,2200,"sd","13:19:58",232200
43200,-650,500,"sd","13:19:47",230000
43200,-650,100,"sd","13:18:36",229500
43200,-650,700,"sd","13:18:29",229400
43200,-650,300,"sd","13:18:29",228700
43200,-650,1000,"sd","13:18:21",228400
43200,-650,300,"sd","13:18:07",227400
43200,-650,1000,"sd","13:18:00",227100
43200,-650,1600,"sd","13:17:09",226100
43200,-650,1300,"sd","13:17:09",224500
43200,-650,200,"sd","13:15:25",223200
43200,-650,100,"sd","13:13:51",223000
43200,-650,100,"sd","13:13:14",220000
43200,-650,2900,"sd","13:13:14",222900
43250,-600,1000,"sd","13:13:11",219900
43250,-600,3500,"sd","13:13:11",218900
43250,-600,1500,"sd","13:12:56",215400
43250,-600,500,"sd","13:12:56",213900
43250,-600,1000,"sd","13:12:19",213400
43250,-600,700,"sd","13:11:28",212400
43250,-600,400,"sd","13:11:27",211700
43250,-600,500,"sd","13:11:11",211300
43250,-600,500,"sd","13:11:11",210800
43250,-600,200,"sd","13:11:08",210300
43250,-600,2500,"sd","13:09:28",210100
43250,-600,2500,"sd","13:09:28",207600
43250,-600,7700,"sd","13:09:22",205100
43250,-600,300,"sd","13:09:19",197400
43250,-600,2700,"sd","13:09:19",197100
43250,-600,5000,"sd","13:08:53",194400
43350,-500,9900,"bu","13:07:43",189400
43350,-500,200,"sd","13:06:21",179500
43350,-500,100,"sd","13:04:44",179300
43350,-500,200,"bu","13:04:15",179200
43350,-500,300,"bu","13:04:05",179000
43350,-500,100,"bu","13:04:05",178700
43350,-500,2700,"bu","13:04:05",178600
43350,-500,100,"bu","13:03:35",175900
43350,-500,400,"bu","13:03:35",175800
43300,-550,1600,"bu","13:03:35",175400
43300,-550,2400,"sd","13:03:28",173800
43350,-500,2600,"bu","13:03:26",171400
43350,-500,100,"bu","13:03:26",168800
43350,-500,400,"bu","13:03:26",168700
43300,-550,200,"bu","13:03:16",168300
43300,-550,200,"bu","13:03:16",168100
43300,-550,100,"bu","13:03:16",167900
43300,-550,200,"bu","13:03:16",167800
43300,-550,2800,"bu","13:03:00",167600
43300,-550,2000,"bu","13:03:00",164800
43300,-550,200,"bu","13:03:00",162800
43250,-600,4000,"sd","13:01:42",162600
43250,-600,100,"sd","13:00:10",158600
43300,-550,800,"sd","13:00:01",158500
43300,-550,200,"bu","11:29:47",157700
43300,-550,4000,"bu","11:29:47",157500
43250,-600,300,"sd","11:28:06",153500
43250,-600,200,"sd","11:26:34",153200
43300,-550,100,"sd","11:22:01",153000
43300,-550,400,"sd","11:21:13",152900
43300,-550,500,"sd","11:21:13",152500
43300,-550,100,"sd","11:21:13",152000
43350,-500,600,"bu","11:13:03",151900
43350,-500,100,"bu","11:13:02",151300
43300,-550,100,"sd","11:12:59",151200
43300,-550,100,"sd","11:10:21",151100
43300,-550,400,"sd","11:10:04",151000
43300,-550,1000,"sd","11:10:04",150600
43300,-550,1200,"sd","11:10:04",149600
43300,-550,300,"sd","11:10:04",148400
43300,-550,5500,"sd","11:08:25",148100
43300,-550,2000,"sd","11:07:01",142600
43300,-550,1500,"sd","11:06:55",140600
43350,-500,800,"bu","11:06:45",139100
43350,-500,200,"bu","11:04:21",138300
43300,-550,2000,"sd","11:02:56",138100
43350,-500,200,"sd","11:02:41",136100
43350,-500,500,"sd","11:02:41",135900
43350,-500,2200,"sd","11:02:41",135400
43350,-500,1000,"sd","11:02:06",133200
43350,-500,400,"sd","11:02:06",132200
43350,-500,300,"sd","11:01:55",131800
43350,-500,100,"sd","11:00:33",131500
43350,-500,2000,"sd","11:00:08",131400
43350,-500,2000,"sd","11:00:08",129400
43350,-500,7000,"sd","11:00:00",127400
43350,-500,400,"sd","10:55:19",120400
43350,-500,100,"sd","10:54:31",120000
43350,-500,1000,"sd","10:49:27",119900
43450,-400,600,"bu","10:46:24",118900
43450,-400,1100,"bu","10:46:24",118300
43400,-450,300,"sd","10:45:12",117200
43400,-450,500,"sd","10:45:12",116900
43400,-450,4900,"sd","10:45:12",116400
43400,-450,4300,"sd","10:43:42",111500
43400,-450,2800,"sd","10:40:24",107200
43400,-450,4200,"sd","10:40:24",104400
43400,-450,6000,"sd","10:37:26",100200
43400,-450,500,"sd","10:35:00",94200
43400,-450,700,"sd","10:34:33",93700
43450,-400,100,"bu","10:34:31",93000
43400,-450,100,"sd","10:33:15",92900
43400,-450,500,"sd","10:26:18",92800
43400,-450,1000,"sd","10:26:12",92300
43450,-400,200,"bu","10:25:45",91300
43450,-400,100,"bu","10:25:31",91100
43450,-400,3500,"sd","10:23:59",91000
43450,-400,600,"sd","10:22:48",87500
43450,-400,3700,"sd","10:22:48",86900
43450,-400,5300,"sd","10:22:48",83200
43450,-400,400,"sd","10:22:48",77900
43450,-400,500,"sd","10:22:13",77500
43450,-400,500,"sd","10:21:20",77000
43450,-400,400,"sd","10:21:11",76500
43450,-400,100,"sd","10:21:11",76100
43500,-350,100,"bu","10:20:11",76000
43450,-400,3000,"sd","10:18:03",75900
43450,-400,400,"sd","10:17:46",72900
43450,-400,500,"sd","10:16:25",72500
43450,-400,500,"sd","10:16:05",72000
43450,-400,2000,"sd","10:15:56",71500
43450,-400,3000,"sd","10:15:56",69500
43450,-400,800,"sd","10:15:45",66500
43450,-400,5200,"sd","10:15:45",65700
43450,-400,4700,"sd","10:15:26",60500
43450,-400,300,"sd","10:15:26",55800
43450,-400,4000,"sd","10:13:18",55500
43450,-400,5000,"sd","10:12:50",51500
43450,-400,300,"sd","10:12:49",46500
43450,-400,500,"sd","10:12:49",46200
43450,-400,200,"sd","10:12:49",45700
43450,-400,6000,"sd","10:12:41",45500
43450,-400,500,"sd","10:09:42",39500
43450,-400,500,"sd","10:04:00",39000
43450,-400,800,"sd","10:00:36",38500
43450,-400,3000,"sd","09:59:57",37700
43500,-350,200,"sd","09:59:22",34700
43500,-350,500,"sd","09:59:22",34500
43500,-350,500,"sd","09:59:22",34000
43500,-350,100,"sd","09:59:22",33500
43500,-350,3600,"sd","09:59:22",33400
43500,-350,3000,"sd","09:59:00",29800
43500,-350,500,"sd","09:56:39",26800
43500,-350,800,"sd","09:54:43",26300
43500,-350,1500,"sd","09:54:40",25500
43500,-350,100,"sd","09:53:36",24000
43500,-350,500,"sd","09:53:21",23900
43550,-300,500,"bu","09:52:45",23400
43550,-300,900,"sd","09:50:44",22900
43550,-300,100,"sd","09:48:26",22000
43550,-300,1000,"sd","09:48:19",21900
43550,-300,300,"sd","09:46:12",20900
43550,-300,200,"sd","09:45:09",20600
43550,-300,100,"sd","09:45:09",20400
43550,-300,400,"sd","09:44:39",20300
43550,-300,100,"sd","09:44:39",19900
43550,-300,500,"sd","09:44:02",19800
43550,-300,8000,"sd","09:41:35",19300
43550,-300,200,"sd","09:41:25",11300
43550,-300,700,"sd","09:40:25",11100
43550,-300,1000,"sd","09:40:25",10400
43600,-250,500,"bu","09:36:10",9400
43600,-250,500,"bu","09:36:10",8900
43600,-250,500,"bu","09:35:33",8400
43600,-250,500,"sd","09:34:35",7900
43600,-250,1000,"sd","09:34:35",7400
43600,-250,500,"sd","09:31:36",6400
43600,-250,500,"sd","09:29:50",5900
43600,-250,500,"sd","09:23:49",5400
43600,-250,1000,"sd","09:23:49",4900
43600,-250,400,"sd","09:23:49",3900
43600,-250,500,"sd","09:19:57",3500
43600,-250,100,"sd","09:18:59",3000
43550,-300,2900,"sd","09:15:01",2900
