"price","change","match_qtty","side","time","total_vol"
5700,-300,15600,"unknown","14:45:00",718700
0,-6000,100,"bu","14:30:01",703100
5800,-200,100,"bu","14:29:58",703000
5800,-200,6100,"sd","14:29:34",702900
5800,-200,2000,"sd","14:29:19",696800
5800,-200,1900,"bu","14:29:01",694800
5800,-200,100,"bu","14:28:58",692900
5800,-200,3000,"bu","14:28:34",692800
5900,-100,600,"bu","14:28:13",689800
5700,-300,67800,"sd","14:27:59",689200
5800,-200,1500,"sd","14:27:54",621400
5800,-200,400,"sd","14:27:38",619900
5800,-200,1000,"sd","14:27:32",619500
5800,-200,200,"sd","14:27:27",618500
5800,-200,10000,"sd","14:27:14",618300
5800,-200,1100,"sd","14:26:40",608300
5800,-200,1600,"sd","14:25:55",607200
5900,-100,5000,"bu","14:25:49",605600
5800,-200,5000,"sd","14:25:45",600600
5800,-200,2000,"sd","14:25:36",595600
5800,-200,2900,"sd","14:25:34",593600
5800,-200,500,"sd","14:24:50",590700
5900,-100,7700,"bu","14:23:15",590200
5900,-100,1000,"bu","14:22:28",582500
5900,-100,100,"bu","14:21:43",581500
5900,-100,100,"bu","14:19:37",581400
5800,-200,200,"sd","14:19:36",581300
5800,-200,500,"bu","14:19:31",581100
5800,-200,300,"sd","14:19:29",580600
5900,-100,1000,"bu","14:19:26",580300
5800,-200,4700,"sd","14:19:12",579300
5800,-200,300,"bu","14:19:07",574600
5800,-200,600,"bu","14:19:01",574300
5800,-200,100,"bu","14:19:00",573700
5800,-200,100,"bu","14:18:52",573600
5800,-200,500,"bu","14:18:37",573500
5800,-200,100,"bu","14:18:23",573000
5800,-200,1100,"bu","14:18:03",572900
5800,-200,100,"bu","14:18:02",571800
5800,-200,1400,"sd","14:17:53",571700
5800,-200,2000,"sd","14:17:48",570300
5800,-200,35100,"sd","14:17:21",568300
5800,-200,300,"sd","14:17:10",533200
5800,-200,600,"sd","14:16:53",532900
5800,-200,10000,"sd","14:16:14",532300
5900,-100,200,"bu","14:16:11",522300
5800,-200,10000,"sd","14:15:56",522100
5800,-200,2100,"sd","14:15:35",512100
5800,-200,13300,"sd","14:15:20",510000
5800,-200,10000,"sd","14:15:12",496700
5900,-100,20400,"sd","14:14:46",486700
5900,-100,3000,"sd","14:14:41",466300
5900,-100,5000,"sd","14:14:20",463300
5900,-100,15000,"sd","14:14:19",458300
5900,-100,22000,"sd","14:14:10",443300
5900,-100,200,"sd","14:14:02",421300
5900,-100,5000,"sd","14:13:30",421100
5900,-100,400,"sd","14:13:16",416100
5900,-100,400,"sd","14:08:27",415700
5900,-100,2000,"sd","14:05:50",415300
6000,0,100,"bu","13:59:12",413300
6000,0,100,"bu","13:58:53",413200
5900,-100,5900,"sd","13:57:34",413100
5900,-100,30000,"sd","13:50:53",407200
6000,0,200,"bu","13:49:44",377200
6000,0,200,"unknown","13:45:57",377000
6000,0,100,"bu","13:45:55",376800
6000,0,200,"bu","13:45:12",376700
6000,0,20000,"bu","13:45:11",376500
6000,0,10000,"bu","13:44:54",356500
5900,-100,1000,"sd","13:43:36",346500
6000,0,8000,"bu","13:43:09",345500
6000,0,300,"bu","13:38:35",337500
6000,0,200,"bu","13:34:42",337200
6000,0,1000,"bu","13:34:30",337000
6000,0,200,"bu","13:33:32",336000
6000,0,1200,"sd","13:33:31",335800
6000,0,2000,"sd","13:33:27",334600
6000,0,2000,"sd","13:33:23",332600
6000,0,2000,"sd","13:33:20",330600
6000,0,9000,"sd","13:33:17",328600
6000,0,1000,"sd","13:31:44",319600
6000,0,600,"sd","13:29:53",318600
6000,0,10000,"sd","13:29:39",318000
6000,0,400,"sd","13:26:46",308000
6000,0,3000,"sd","13:23:48",307600
6000,0,500,"sd","13:23:12",304600
6000,0,3000,"sd","13:21:33",304100
6000,0,200,"sd","13:21:30",301100
6000,0,3000,"sd","13:20:52",300900
6000,0,1000,"sd","13:20:37",297900
6000,0,600,"sd","13:19:59",296900
6000,0,1200,"sd","13:15:31",296300
6100,100,2500,"bu","13:13:05",295100
6000,0,100,"sd","13:10:14",292600
6000,0,10000,"sd","13:09:15",292500
6000,0,10000,"sd","13:08:34",282500
6100,100,1500,"bu","13:04:55",272500
6000,0,1400,"sd","13:04:40",271000
6000,0,100,"sd","13:04:04",269600
6000,0,500,"sd","13:00:06",269500
6000,0,10000,"sd","13:00:01",269000
6000,0,32000,"sd","11:27:53",259000
6000,0,5000,"sd","11:19:27",227000
6000,0,100,"sd","11:17:24",222000
6000,0,70700,"sd","11:17:23",221900
6000,0,1000,"bu","11:10:27",151200
6000,0,1000,"bu","11:07:05",150200
6000,0,200,"bu","11:06:49",149200
6000,0,400,"bu","11:06:24",149000
5900,-100,10400,"sd","11:02:53",148600
6000,0,100,"bu","11:01:02",138200
6000,0,100,"bu","10:53:28",138100
6000,0,100,"bu","10:49:07",138000
6000,0,200,"bu","10:48:27",137900
6000,0,3000,"bu","10:47:34",137700
6000,0,100,"bu","10:40:02",134700
6000,0,500,"bu","10:38:57",134600
6000,0,100,"bu","10:37:27",134100
6000,0,100,"bu","10:37:26",134000
6000,0,300,"bu","10:35:34",133900
6000,0,58100,"bu","10:31:38",133600
6000,0,500,"sd","10:31:22",75500
6000,0,500,"sd","10:30:42",75000
6000,0,3000,"sd","10:30:12",74500
6000,0,5500,"sd","10:30:01",71500
6000,0,7500,"sd","10:29:41",66000
6000,0,1000,"sd","10:28:40",58500
6000,0,300,"sd","10:27:50",57500
6000,0,4000,"sd","10:27:31",57200
6100,100,1000,"bu","10:22:59",53200
6000,0,100,"sd","10:17:05",52200
6000,0,100,"sd","10:16:34",52100
6000,0,100,"sd","10:06:39",52000
6000,0,100,"sd","10:04:47",51900
6000,0,100,"sd","09:58:51",51800
6000,0,300,"sd","09:55:12",51700
6000,0,100,"sd","09:54:02",51400
6000,0,14200,"sd","09:52:12",51300
6000,0,3000,"sd","09:49:23",37100
6000,0,1000,"sd","09:47:33",34100
6000,0,3000,"sd","09:43:00",33100
6100,100,100,"bu","09:39:29",30100
6100,100,100,"bu","09:39:23",30000
6100,100,5400,"bu","09:38:40",29900
6100,100,300,"bu","09:37:52",24500
6100,100,2200,"bu","09:36:53",24200
6100,100,100,"bu","09:36:42",22000
6000,0,100,"sd","09:36:27",21900
6100,100,100,"bu","09:36:05",21800
6000,0,5000,"sd","09:33:16",21700
6000,0,10000,"sd","09:33:02",16700
6100,100,900,"bu","09:31:18",6700
6000,0,500,"sd","09:27:11",5800
6000,0,1300,"sd","09:26:43",5300
6100,100,2600,"bu","09:24:56",4000
6100,100,500,"bu","09:24:15",1400
6000,0,100,"sd","09:17:52",900
6000,0,100,"sd","09:09:49",800
6100,100,100,"bu","09:05:16",700
6000,0,500,"sd","09:00:10",600
6000,0,100,"bu","09:00:02",100
