"price","change","match_qtty","side","time","total_vol"
76600,0,29200,"bu","14:45:00",355200
76000,-600,100,"sd","14:29:48",326000
76000,-600,600,"sd","14:29:44",325900
76100,-500,100,"sd","14:29:44",325300
76000,-600,100,"sd","14:29:39",325200
76000,-600,100,"sd","14:29:12",325100
76100,-500,100,"sd","14:29:12",325000
76200,-400,400,"sd","14:29:08",324900
76200,-400,100,"sd","14:28:18",324500
76000,-600,1000,"sd","14:28:09",324400
76000,-600,100,"sd","14:28:04",323400
76000,-600,200,"sd","14:28:04",323300
76100,-500,200,"sd","14:28:04",323100
76100,-500,100,"sd","14:28:04",322900
76100,-500,1200,"sd","14:28:04",322800
76200,-400,100,"sd","14:28:04",321600
76100,-500,1200,"sd","14:27:40",321500
76100,-500,100,"sd","14:27:40",320300
76100,-500,100,"sd","14:27:40",320200
76100,-500,500,"sd","14:27:40",320100
76100,-500,100,"sd","14:27:40",319600
76300,-300,200,"bu","14:27:19",319500
76100,-500,100,"sd","14:26:46",319300
76100,-500,100,"sd","14:26:46",319200
76100,-500,100,"sd","14:26:46",319100
76100,-500,200,"sd","14:26:46",319000
76100,-500,100,"sd","14:26:46",318800
76200,-400,200,"sd","14:26:34",318700
76300,-300,100,"sd","14:26:22",318500
76300,-300,600,"sd","14:26:22",318400
76200,-400,200,"bu","14:24:31",317800
76200,-400,1500,"bu","14:24:13",317600
76200,-400,200,"bu","14:24:01",316100
76300,-300,100,"sd","14:23:59",315900
76200,-400,900,"bu","14:23:55",315800
76200,-400,500,"sd","14:23:42",314900
76200,-400,600,"sd","14:23:42",314400
76200,-400,100,"sd","14:23:31",313800
76400,-200,100,"sd","14:23:31",313700
76400,-200,100,"sd","14:23:31",313600
76400,-200,100,"sd","14:23:31",313500
76600,0,200,"bu","14:23:02",313400
76500,-100,100,"sd","14:22:32",313200
76600,0,400,"bu","14:21:26",313100
76400,-200,500,"sd","14:21:25",312700
76500,-100,500,"unknown","14:21:25",312200
76600,0,400,"bu","14:21:15",311700
76600,0,400,"bu","14:21:01",311300
76600,0,400,"bu","14:20:47",310900
76500,-100,100,"bu","14:20:47",310500
76500,-100,100,"bu","14:20:44",310400
76500,-100,300,"bu","14:20:36",310300
76500,-100,300,"bu","14:20:36",310000
76500,-100,400,"bu","14:20:33",309700
76500,-100,200,"bu","14:20:28",309300
76500,-100,3000,"sd","14:20:21",309100
76500,-100,600,"sd","14:20:21",306100
76600,0,200,"bu","14:20:17",305500
76600,0,600,"bu","14:20:17",305300
76600,0,100,"bu","14:20:14",304700
76600,0,300,"bu","14:20:14",304600
76400,-200,400,"bu","14:20:00",304300
76600,0,200,"sd","14:19:50",303900
76600,0,2000,"bu","14:19:50",303700
76600,0,1800,"bu","14:19:50",301700
76600,0,600,"bu","14:19:50",299900
76600,0,2000,"bu","14:19:50",299300
76300,-300,300,"sd","14:19:45",297300
76300,-300,100,"sd","14:19:39",297000
76300,-300,100,"sd","14:19:39",296900
76300,-300,400,"sd","14:19:32",296800
76500,-100,300,"sd","14:19:27",296400
76500,-100,300,"sd","14:19:25",296100
76500,-100,100,"sd","14:19:24",295800
76500,-100,100,"sd","14:19:18",295700
76500,-100,100,"sd","14:19:13",295600
76600,0,200,"bu","14:19:06",295500
76500,-100,100,"sd","14:19:06",295300
76500,-100,500,"sd","14:19:05",295200
76500,-100,500,"bu","14:19:04",294700
76400,-200,100,"sd","14:19:00",294200
76600,0,600,"bu","14:18:54",294100
76400,-200,100,"sd","14:18:53",293500
76600,0,400,"bu","14:18:51",293400
76500,-100,100,"sd","14:18:48",293000
76600,0,100,"bu","14:18:42",292900
76600,0,500,"bu","14:18:42",292800
76500,-100,200,"sd","14:18:41",292300
76500,-100,100,"sd","14:18:35",292100
76600,0,600,"bu","14:18:30",292000
76600,0,200,"bu","14:18:29",291400
76500,-100,200,"bu","14:18:29",291200
76500,-100,300,"bu","14:18:20",291000
76500,-100,100,"bu","14:18:20",290700
76300,-300,400,"sd","14:18:05",290600
76500,-100,200,"bu","14:18:03",290200
76500,-100,100,"bu","14:18:03",290000
76400,-200,300,"bu","14:18:03",289900
76400,-200,200,"bu","14:18:01",289600
76400,-200,400,"bu","14:18:00",289400
76300,-300,200,"bu","14:17:51",289000
76100,-500,300,"sd","14:17:42",288800
76200,-400,600,"sd","14:17:42",288500
76200,-400,100,"sd","14:17:42",287900
76200,-400,500,"bu","14:17:28",287800
76200,-400,400,"bu","14:17:24",287300
76100,-500,500,"sd","14:17:05",286900
76100,-500,200,"sd","14:16:48",286400
76200,-400,600,"sd","14:16:37",286200
76200,-400,100,"sd","14:16:37",285600
76200,-400,100,"sd","14:16:37",285500
76200,-400,200,"sd","14:16:37",285400
76200,-400,200,"sd","14:16:37",285200
76200,-400,300,"sd","14:16:37",285000
76200,-400,600,"sd","14:16:37",284700
76200,-400,400,"sd","14:16:37",284100
76200,-400,100,"sd","14:16:37",283700
76200,-400,500,"sd","14:16:37",283600
76300,-300,200,"bu","14:16:26",283100
76200,-400,100,"sd","14:16:17",282900
76200,-400,100,"sd","14:16:17",282800
76200,-400,100,"sd","14:16:17",282700
76200,-400,200,"sd","14:16:17",282600
76200,-400,500,"sd","14:16:17",282400
76200,-400,500,"sd","14:16:04",281900
76200,-400,500,"sd","14:16:02",281400
76300,-300,100,"sd","14:15:53",280900
76300,-300,100,"sd","14:15:53",280800
76300,-300,400,"sd","14:15:53",280700
76400,-200,100,"bu","14:15:47",280300
76400,-200,100,"sd","14:15:26",280200
76400,-200,200,"sd","14:15:26",280100
76500,-100,300,"bu","14:15:09",279900
76400,-200,200,"bu","14:15:05",279600
76300,-300,300,"sd","14:14:59",279400
76300,-300,100,"sd","14:14:18",279100
76300,-300,400,"sd","14:14:18",279000
76300,-300,200,"sd","14:14:17",278600
76300,-300,200,"sd","14:14:17",278400
76300,-300,2600,"sd","14:14:17",278200
76400,-200,200,"bu","14:13:34",275600
76400,-200,300,"sd","14:13:27",275400
76400,-200,100,"sd","14:13:01",275100
76400,-200,300,"sd","14:12:50",275000
76400,-200,100,"sd","14:12:50",274700
76400,-200,600,"sd","14:12:50",274600
76500,-100,100,"bu","14:12:28",274000
76500,-100,100,"bu","14:12:28",273900
76500,-100,1000,"bu","14:11:36",273800
76400,-200,100,"sd","14:11:11",272800
76400,-200,100,"sd","14:10:31",272700
76400,-200,100,"sd","14:10:31",272600
76400,-200,100,"sd","14:10:23",272500
76400,-200,100,"sd","14:10:23",272400
76500,-100,3900,"sd","14:10:07",272300
76500,-100,1100,"sd","14:09:38",268400
76500,-100,900,"sd","14:09:38",267300
76500,-100,100,"sd","14:09:18",266400
76500,-100,100,"sd","14:09:18",266300
76500,-100,100,"sd","14:09:18",266200
76500,-100,100,"sd","14:09:18",266100
76500,-100,1000,"sd","14:08:58",266000
76600,0,100,"bu","14:08:11",265000
76600,0,100,"bu","14:07:53",264900
76600,0,600,"bu","14:07:39",264800
76600,0,100,"bu","14:07:33",264200
76600,0,100,"bu","14:07:13",264100
76600,0,100,"bu","14:06:54",264000
76600,0,2300,"sd","14:05:50",263900
76600,0,1000,"sd","14:05:29",261600
76700,100,100,"bu","14:05:13",260600
76600,0,600,"sd","14:05:09",260500
76700,100,400,"bu","14:05:08",259900
76600,0,1100,"sd","14:04:57",259500
76600,0,1400,"sd","14:04:57",258400
76800,200,200,"bu","14:04:54",257000
76700,100,200,"bu","14:04:54",256800
76700,100,100,"bu","14:04:53",256600
76700,100,600,"bu","14:04:45",256500
76700,100,100,"bu","14:04:34",255900
76800,200,100,"bu","14:04:14",255800
76800,200,100,"bu","14:04:02",255700
76900,300,200,"bu","14:02:03",255600
76900,300,100,"bu","14:02:03",255400
76900,300,100,"bu","14:01:08",255300
76600,0,1200,"sd","14:00:53",255200
76900,300,100,"bu","14:00:48",254000
76900,300,100,"bu","14:00:27",253900
76600,0,2400,"sd","14:00:16",253800
76900,300,600,"sd","14:00:16",251400
77000,400,100,"bu","14:00:06",250800
76900,300,400,"sd","13:59:52",250700
76900,300,600,"sd","13:59:52",250300
76900,300,100,"sd","13:59:18",249700
76900,300,200,"bu","13:58:53",249600
76900,300,100,"bu","13:58:53",249400
76900,300,1200,"bu","13:58:53",249300
76900,300,3800,"bu","13:58:51",248100
76800,200,100,"bu","13:58:26",244300
76800,200,100,"bu","13:58:26",244200
76800,200,300,"bu","13:58:26",244100
76800,200,200,"bu","13:58:06",243800
76800,200,200,"bu","13:57:35",243600
76800,200,200,"sd","13:55:00",243400
76900,300,400,"bu","13:54:59",243200
76800,200,200,"sd","13:54:59",242800
76800,200,100,"bu","13:54:46",242600
76800,200,500,"bu","13:54:46",242500
76800,200,400,"bu","13:54:46",242000
76900,300,400,"bu","13:54:38",241600
76800,200,200,"bu","13:54:23",241200
76700,100,200,"bu","13:54:23",241000
76500,-100,3100,"sd","13:53:27",240800
76600,0,600,"unknown","13:53:27",237700
76600,0,700,"sd","13:53:21",237100
76600,0,3000,"bu","13:53:20",236400
76600,0,100,"bu","13:53:20",233400
76600,0,600,"bu","13:53:20",233300
76500,-100,600,"sd","13:51:26",232700
76500,-100,200,"sd","13:51:26",232100
76500,-100,200,"sd","13:51:26",231900
76500,-100,200,"sd","13:51:26",231700
76500,-100,100,"sd","13:51:26",231500
76500,-100,1000,"sd","13:50:11",231400
76500,-100,3900,"sd","13:48:56",230400
76500,-100,400,"sd","13:48:56",226500
76500,-100,1500,"sd","13:48:56",226100
76500,-100,1200,"sd","13:48:56",224600
76500,-100,200,"sd","13:48:50",223400
76500,-100,200,"sd","13:48:50",223200
76500,-100,200,"sd","13:48:50",223000
76500,-100,200,"sd","13:48:50",222800
76600,0,100,"sd","13:48:26",222600
76600,0,400,"sd","13:48:26",222500
76600,0,600,"sd","13:48:15",222100
76900,300,4200,"sd","13:47:54",221500
76900,300,500,"sd","13:46:23",217300
77000,400,100,"bu","13:45:42",216800
76900,300,300,"bu","13:44:04",216700
76900,300,200,"bu","13:43:32",216400
76900,300,800,"sd","13:42:14",216200
76900,300,700,"sd","13:41:53",215400
77100,500,100,"bu","13:41:40",214700
77100,500,100,"bu","13:41:40",214600
77000,400,200,"bu","13:41:38",214500
77000,400,100,"bu","13:41:38",214300
77000,400,300,"bu","13:41:38",214200
77000,400,100,"bu","13:41:35",213900
77000,400,100,"bu","13:41:35",213800
77000,400,200,"bu","13:41:35",213700
77000,400,200,"bu","13:41:35",213500
77000,400,100,"bu","13:41:30",213300
77000,400,200,"bu","13:41:19",213200
77000,400,100,"bu","13:41:17",213000
77000,400,300,"bu","13:41:11",212900
77000,400,100,"bu","13:40:55",212600
77000,400,300,"bu","13:40:54",212500
77000,400,100,"bu","13:40:54",212200
77000,400,100,"bu","13:40:46",212100
77000,400,100,"bu","13:40:34",212000
77000,400,200,"bu","13:37:41",211900
77000,400,100,"bu","13:37:41",211700
77000,400,100,"bu","13:37:40",211600
77000,400,200,"bu","13:37:40",211500
77000,400,300,"bu","13:37:40",211300
77000,400,200,"bu","13:37:40",211000
76900,300,1000,"sd","13:37:38",210800
77000,400,100,"bu","13:37:22",209800
76900,300,300,"sd","13:37:19",209700
76900,300,200,"sd","13:37:17",209400
76900,300,200,"sd","13:37:01",209200
76900,300,100,"bu","13:36:57",209000
76900,300,300,"bu","13:36:57",208900
76900,300,600,"bu","13:36:57",208600
76900,300,700,"bu","13:36:57",208000
76900,300,100,"bu","13:36:57",207300
76900,300,100,"bu","13:35:37",207200
76900,300,300,"bu","13:35:25",207100
76900,300,100,"bu","13:35:17",206800
76900,300,100,"bu","13:35:10",206700
76600,0,200,"bu","13:35:10",206600
76600,0,100,"bu","13:35:10",206400
76600,0,100,"bu","13:34:55",206300
76500,-100,400,"sd","13:34:48",206200
76500,-100,100,"sd","13:33:38",205800
76500,-100,100,"sd","13:32:03",205700
76500,-100,1200,"sd","13:31:33",205600
76500,-100,3700,"sd","13:31:11",204400
76500,-100,300,"sd","13:31:11",200700
76500,-100,1000,"sd","13:31:11",200400
76600,0,200,"sd","13:29:50",199400
76700,100,100,"bu","13:29:44",199200
76600,0,200,"sd","13:29:22",199100
76800,200,100,"sd","13:28:35",198900
76700,100,700,"sd","13:28:17",198800
77000,400,200,"sd","13:26:00",198100
77000,400,200,"bu","13:25:40",197900
77000,400,200,"bu","13:25:40",197700
77000,400,500,"bu","13:25:40",197500
77000,400,100,"bu","13:25:40",197000
77000,400,100,"bu","13:25:40",196900
77000,400,2200,"bu","13:25:40",196800
77000,400,200,"bu","13:25:40",194600
77000,400,1000,"bu","13:25:40",194400
77000,400,100,"bu","13:25:40",193400
77000,400,200,"bu","13:25:40",193300
76900,300,1000,"bu","13:25:40",193100
76900,300,9600,"bu","13:25:40",192100
76800,200,200,"bu","13:25:40",182500
76700,100,100,"bu","13:25:40",182300
76800,200,200,"bu","13:25:40",182200
76700,100,200,"bu","13:25:40",182000
76700,100,200,"bu","13:25:40",181800
76600,0,200,"bu","13:25:40",181600
76700,100,500,"bu","13:25:40",181400
76600,0,2800,"bu","13:25:40",180900
76500,-100,600,"sd","13:25:07",178100
76500,-100,300,"sd","13:25:07",177500
76500,-100,300,"bu","13:23:27",177200
76500,-100,700,"bu","13:21:11",176900
76500,-100,1800,"bu","13:21:11",176200
76500,-100,100,"bu","13:21:11",174400
76400,-200,200,"sd","13:20:19",174300
76400,-200,100,"sd","13:20:19",174100
76400,-200,100,"sd","13:19:40",174000
76400,-200,100,"sd","13:19:40",173900
76400,-200,200,"sd","13:18:37",173800
76500,-100,200,"bu","13:15:38",173600
76400,-200,1000,"sd","13:14:45",173400
76400,-200,1300,"bu","13:14:02",172400
76400,-200,1000,"bu","13:14:02",171100
76400,-200,1000,"bu","13:14:02",170100
76400,-200,400,"bu","13:14:02",169100
76400,-200,100,"bu","13:13:32",168700
76400,-200,600,"bu","13:11:15",168600
76400,-200,700,"sd","13:10:32",168000
76400,-200,300,"sd","13:10:32",167300
76400,-200,200,"sd","13:09:54",167000
76400,-200,100,"bu","13:08:55",166800
76400,-200,400,"bu","13:08:55",166700
76400,-200,100,"bu","13:08:31",166300
76300,-300,400,"sd","13:05:21",166200
76200,-400,500,"sd","13:04:14",165800
76200,-400,500,"sd","13:02:13",165300
76200,-400,500,"sd","13:01:36",164800
76200,-400,200,"sd","13:01:36",164300
76200,-400,200,"sd","13:01:36",164100
76200,-400,100,"sd","13:01:36",163900
76200,-400,300,"sd","13:01:36",163800
76300,-300,100,"sd","13:01:36",163500
76400,-200,600,"bu","13:01:02",163400
76300,-300,100,"sd","13:01:01",162800
76700,100,300,"bu","13:00:05",162700
76700,100,200,"bu","13:00:05",162400
76700,100,100,"bu","13:00:05",162200
76700,100,100,"bu","13:00:05",162100
76600,0,100,"bu","13:00:05",162000
76500,-100,100,"bu","13:00:05",161900
76500,-100,100,"bu","13:00:05",161800
76400,-200,100,"bu","13:00:04",161700
76200,-400,100,"sd","13:00:00",161600
76200,-400,400,"sd","11:29:01",161500
76200,-400,100,"sd","11:29:01",161100
76200,-400,500,"sd","11:29:00",161000
76200,-400,500,"sd","11:28:24",160500
76200,-400,500,"sd","11:27:43",160000
76200,-400,300,"sd","11:26:59",159500
76200,-400,200,"sd","11:26:59",159200
76200,-400,200,"sd","11:26:17",159000
76200,-400,200,"sd","11:26:17",158800
76200,-400,100,"sd","11:26:17",158600
76600,0,1000,"sd","11:26:12",158500
76600,0,100,"sd","11:25:53",157500
76600,0,500,"sd","11:25:35",157400
76600,0,600,"sd","11:24:47",156900
76600,0,500,"sd","11:24:03",156300
76600,0,100,"sd","11:23:13",155800
76600,0,200,"bu","11:22:53",155700
76600,0,4000,"bu","11:22:53",155500
76200,-400,500,"sd","11:22:39",151500
76200,-400,400,"sd","11:21:54",151000
76200,-400,100,"sd","11:21:54",150600
76100,-500,500,"sd","11:21:12",150500
76600,0,600,"bu","11:21:02",150000
76600,0,200,"bu","11:20:48",149400
76600,0,200,"bu","11:20:31",149200
76600,0,100,"bu","11:20:31",149000
76600,0,100,"bu","11:20:31",148900
76100,-500,300,"sd","11:20:31",148800
76300,-300,200,"sd","11:20:31",148500
76600,0,100,"bu","11:20:21",148300
76400,-200,200,"bu","11:20:21",148200
76400,-200,400,"bu","11:20:11",148000
76400,-200,100,"bu","11:20:11",147600
76400,-200,300,"bu","11:19:58",147500
76400,-200,100,"bu","11:19:58",147200
76100,-500,100,"sd","11:19:49",147100
76100,-500,100,"sd","11:19:49",147000
76100,-500,100,"sd","11:19:49",146900
76100,-500,200,"sd","11:19:49",146800
76100,-500,300,"sd","11:19:07",146600
76100,-500,200,"sd","11:19:07",146300
76100,-500,400,"sd","11:18:25",146100
76100,-500,100,"sd","11:18:25",145700
76100,-500,200,"sd","11:17:40",145600
76300,-300,200,"sd","11:17:40",145400
76300,-300,100,"sd","11:17:40",145200
76100,-500,400,"sd","11:16:55",145100
76300,-300,100,"unknown","11:16:55",144700
76300,-300,100,"sd","11:16:48",144600
76300,-300,100,"sd","11:16:48",144500
76300,-300,500,"sd","11:16:14",144400
76300,-300,200,"sd","11:15:32",143900
76300,-300,200,"sd","11:15:32",143700
76300,-300,100,"sd","11:15:32",143500
76300,-300,100,"sd","11:14:01",143400
76300,-300,200,"sd","11:14:01",143300
76300,-300,200,"sd","11:14:01",143100
76400,-200,300,"bu","11:14:01",142900
76400,-200,400,"bu","11:14:01",142600
76400,-200,400,"bu","11:14:01",142200
76400,-200,400,"bu","11:14:01",141800
76400,-200,400,"bu","11:14:01",141400
76400,-200,200,"bu","11:14:01",141000
76400,-200,200,"bu","11:13:32",140800
76400,-200,300,"bu","11:13:32",140600
76400,-200,100,"bu","11:13:23",140300
76300,-300,200,"bu","11:13:23",140200
76100,-500,300,"sd","11:13:17",140000
76100,-500,200,"sd","11:13:17",139700
76300,-300,300,"bu","11:13:16",139500
76300,-300,100,"bu","11:13:16",139200
76100,-500,200,"sd","11:12:36",139100
76200,-400,200,"sd","11:12:36",138900
76200,-400,100,"sd","11:12:36",138700
76100,-500,100,"sd","11:11:56",138600
76100,-500,100,"sd","11:11:56",138500
76100,-500,400,"sd","11:11:56",138400
76100,-500,500,"sd","11:11:04",138000
76100,-500,500,"sd","11:10:22",137500
76100,-500,1000,"sd","11:09:56",137000
76400,-200,100,"bu","11:09:45",136000
76100,-500,500,"sd","11:09:37",135900
76100,-500,500,"sd","11:08:56",135400
76100,-500,3900,"sd","11:08:28",134900
76100,-500,100,"sd","11:08:14",131000
76200,-400,300,"sd","11:08:14",130900
76200,-400,100,"sd","11:08:14",130600
76100,-500,500,"sd","11:07:32",130500
76100,-500,200,"sd","11:06:49",130000
76200,-400,300,"sd","11:06:49",129800
76200,-400,200,"sd","11:06:06",129500
76300,-300,300,"sd","11:06:06",129300
76300,-300,100,"sd","11:05:22",129000
76300,-300,400,"sd","11:05:22",128900
76400,-200,100,"bu","11:04:30",128500
76400,-200,100,"bu","11:04:11",128400
76400,-200,400,"bu","11:04:04",128300
76400,-200,100,"bu","11:04:03",127900
76300,-300,200,"bu","11:03:57",127800
76300,-300,400,"bu","11:03:55",127600
76300,-300,400,"bu","11:03:46",127200
76300,-300,200,"bu","11:03:42",126800
76300,-300,200,"bu","11:03:42",126600
76300,-300,200,"bu","11:03:41",126400
76300,-300,200,"bu","11:03:40",126200
76300,-300,100,"bu","11:03:40",126000
76300,-300,100,"bu","11:03:38",125900
76300,-300,100,"bu","11:03:35",125800
76300,-300,400,"bu","11:03:35",125700
76300,-300,100,"bu","11:03:35",125300
76300,-300,400,"bu","11:03:27",125200
76300,-300,100,"bu","11:03:20",124800
76300,-300,300,"bu","11:03:20",124700
76200,-400,100,"sd","11:03:18",124400
76200,-400,200,"sd","11:03:18",124300
76200,-400,200,"sd","11:03:17",124100
76300,-300,400,"bu","11:03:06",123900
76300,-300,300,"bu","11:02:59",123500
76300,-300,100,"bu","11:02:59",123200
76300,-300,100,"bu","11:02:54",123100
76300,-300,500,"bu","11:02:47",123000
76200,-400,500,"sd","11:02:37",122500
76300,-300,300,"bu","11:02:35",122000
76300,-300,300,"bu","11:02:10",121700
76100,-500,500,"sd","11:01:54",121400
76100,-500,500,"sd","11:01:11",120900
76100,-500,500,"sd","11:00:28",120400
76100,-500,400,"sd","10:59:47",119900
76200,-400,100,"sd","10:59:47",119500
76100,-500,100,"sd","10:59:02",119400
76100,-500,600,"sd","10:59:02",119300
76100,-500,500,"sd","10:58:20",118700
76100,-500,100,"sd","10:58:06",118200
76100,-500,200,"sd","10:58:06",118100
76100,-500,100,"sd","10:58:06",117900
76100,-500,100,"sd","10:58:06",117800
76100,-500,200,"sd","10:57:38",117700
76100,-500,100,"sd","10:57:38",117500
76100,-500,100,"sd","10:57:38",117400
76200,-400,100,"sd","10:57:38",117300
76100,-500,600,"sd","10:56:54",117200
76100,-500,500,"sd","10:56:11",116600
76100,-500,500,"sd","10:55:28",116100
76100,-500,500,"sd","10:54:47",115600
76300,-300,100,"bu","10:54:44",115100
76300,-300,200,"bu","10:54:34",115000
76300,-300,100,"bu","10:54:31",114800
76300,-300,400,"bu","10:54:17",114700
76300,-300,400,"bu","10:54:08",114300
76100,-500,100,"sd","10:54:02",113900
76200,-400,200,"sd","10:54:02",113800
76200,-400,200,"sd","10:54:02",113600
76300,-300,100,"bu","10:53:58",113400
76300,-300,100,"bu","10:53:53",113300
76200,-400,100,"sd","10:53:32",113200
76200,-400,500,"sd","10:53:32",113100
76200,-400,200,"sd","10:53:32",112600
76200,-400,100,"sd","10:53:32",112400
76200,-400,500,"sd","10:53:32",112300
76200,-400,500,"sd","10:53:21",111800
76200,-400,500,"sd","10:52:38",111300
76200,-400,500,"sd","10:51:55",110800
76200,-400,500,"sd","10:51:16",110300
76200,-400,200,"sd","10:50:52",109800
76200,-400,300,"sd","10:50:33",109600
76200,-400,100,"sd","10:50:33",109300
76200,-400,100,"sd","10:50:32",109200
76200,-400,100,"sd","10:49:49",109100
76200,-400,200,"sd","10:49:49",109000
76200,-400,100,"sd","10:49:49",108800
76300,-300,100,"sd","10:49:49",108700
76200,-400,200,"sd","10:49:06",108600
76200,-400,100,"sd","10:49:06",108400
76300,-300,200,"sd","10:49:06",108300
76300,-300,400,"sd","10:48:23",108100
76400,-200,100,"sd","10:48:23",107700
76400,-200,500,"bu","10:48:15",107600
76400,-200,100,"bu","10:47:54",107100
76300,-300,500,"sd","10:47:41",107000
76300,-300,500,"sd","10:47:01",106500
76300,-300,500,"bu","10:46:06",106000
76300,-300,100,"bu","10:46:06",105500
76200,-400,400,"sd","10:45:37",105400
76200,-400,100,"sd","10:45:37",105000
76200,-400,500,"sd","10:45:03",104900
76200,-400,100,"sd","10:44:10",104400
76200,-400,500,"sd","10:43:29",104300
76200,-400,400,"sd","10:43:08",103800
76200,-400,100,"sd","10:43:08",103400
76500,-100,400,"bu","10:43:07",103300
76500,-100,300,"bu","10:43:05",102900
76500,-100,200,"bu","10:42:38",102600
76500,-100,300,"bu","10:42:29",102400
76500,-100,200,"bu","10:42:23",102100
76500,-100,300,"bu","10:42:17",101900
76100,-500,300,"sd","10:42:12",101600
76500,-100,300,"bu","10:42:07",101300
76100,-500,500,"sd","10:42:04",101000
76500,-100,200,"bu","10:41:59",100500
76400,-200,300,"bu","10:41:59",100300
76400,-200,100,"bu","10:41:54",100000
76400,-200,100,"bu","10:41:23",99900
76400,-200,100,"bu","10:41:23",99800
76400,-200,200,"bu","10:41:02",99700
76100,-500,200,"sd","10:40:57",99500
76400,-200,400,"sd","10:40:57",99300
76500,-100,100,"bu","10:40:55",98900
76400,-200,100,"bu","10:40:21",98800
76400,-200,200,"bu","10:40:02",98700
76400,-200,200,"bu","10:40:02",98500
76400,-200,200,"bu","10:40:02",98300
76400,-200,200,"bu","10:39:59",98100
76100,-500,500,"sd","10:39:51",97900
76400,-200,400,"bu","10:39:50",97400
76400,-200,300,"bu","10:39:42",97000
76400,-200,100,"bu","10:39:42",96700
76100,-500,600,"sd","10:38:26",96600
76100,-500,500,"sd","10:37:32",96000
76100,-500,200,"sd","10:36:50",95500
76100,-500,300,"sd","10:36:50",95300
76100,-500,500,"sd","10:36:07",95000
76100,-500,200,"sd","10:35:23",94500
76100,-500,100,"sd","10:35:23",94300
76100,-500,100,"sd","10:35:23",94200
76100,-500,100,"sd","10:35:23",94100
76500,-100,100,"bu","10:35:11",94000
76500,-100,100,"bu","10:35:11",93900
76500,-100,100,"bu","10:35:11",93800
76500,-100,100,"bu","10:35:11",93700
76500,-100,100,"bu","10:35:11",93600
76400,-200,100,"bu","10:35:02",93500
76400,-200,200,"bu","10:35:02",93400
76400,-200,100,"bu","10:35:00",93200
76400,-200,200,"bu","10:34:59",93100
76400,-200,200,"bu","10:34:59",92900
76300,-300,100,"bu","10:34:40",92700
76300,-300,200,"bu","10:34:40",92600
76100,-500,500,"sd","10:34:39",92400
76100,-500,600,"sd","10:33:58",91900
76100,-500,400,"sd","10:33:12",91300
76100,-500,100,"sd","10:33:12",90900
76100,-500,500,"sd","10:32:27",90800
76100,-500,200,"sd","10:32:07",90300
76300,-300,300,"bu","10:32:06",90100
76300,-300,200,"bu","10:32:06",89800
76100,-500,500,"sd","10:31:44",89600
76100,-500,300,"sd","10:31:40",89100
76100,-500,200,"sd","10:31:00",88800
76100,-500,200,"sd","10:31:00",88600
76000,-600,100,"sd","10:31:00",88400
76000,-600,300,"sd","10:30:24",88300
76000,-600,600,"sd","10:30:17",88000
76000,-600,500,"sd","10:30:14",87400
76000,-600,400,"sd","10:30:11",86900
76100,-500,200,"sd","10:29:59",86500
76100,-500,400,"sd","10:29:59",86300
76100,-500,500,"sd","10:29:59",85900
76100,-500,100,"sd","10:29:59",85400
76100,-500,200,"sd","10:29:59",85300
76100,-500,100,"sd","10:29:59",85100
76100,-500,200,"sd","10:29:59",85000
76100,-500,100,"sd","10:29:59",84800
76000,-600,200,"sd","10:29:59",84700
76100,-500,100,"sd","10:29:29",84500
76100,-500,200,"sd","10:29:29",84400
76100,-500,100,"sd","10:29:29",84200
76100,-500,100,"sd","10:29:29",84100
76100,-500,300,"sd","10:28:47",84000
76100,-500,300,"sd","10:28:47",83700
76100,-500,500,"sd","10:27:59",83400
76100,-500,200,"sd","10:27:15",82900
76100,-500,100,"sd","10:27:15",82700
76100,-500,100,"sd","10:27:15",82600
76100,-500,100,"sd","10:27:15",82500
76100,-500,500,"sd","10:26:32",82400
76100,-500,500,"sd","10:25:50",81900
76400,-200,200,"bu","10:24:42",81400
76100,-500,2700,"sd","10:24:32",81200
76100,-500,500,"sd","10:24:17",78500
76100,-500,500,"sd","10:23:34",78000
76400,-200,200,"bu","10:23:30",77500
76400,-200,200,"bu","10:23:20",77300
76400,-200,200,"bu","10:22:57",77100
76100,-500,200,"sd","10:22:52",76900
76100,-500,100,"sd","10:22:52",76700
76100,-500,100,"sd","10:22:52",76600
76100,-500,100,"sd","10:22:52",76500
76400,-200,200,"bu","10:22:44",76400
76400,-200,200,"bu","10:22:22",76200
76500,-100,200,"bu","10:22:12",76000
76100,-500,400,"sd","10:22:11",75800
76100,-500,100,"sd","10:22:11",75400
76500,-100,200,"bu","10:21:45",75300
76300,-300,200,"bu","10:21:33",75100
76200,-400,200,"sd","10:21:29",74900
76200,-400,100,"sd","10:21:29",74700
76200,-400,200,"sd","10:21:29",74600
76300,-300,200,"bu","10:21:19",74400
76300,-300,100,"bu","10:20:58",74200
76300,-300,100,"bu","10:20:58",74100
76400,-200,100,"bu","10:20:08",74000
76200,-400,100,"sd","10:20:03",73900
76200,-400,100,"sd","10:20:03",73800
76300,-300,300,"sd","10:20:03",73700
76400,-200,200,"bu","10:19:49",73400
76500,-100,200,"bu","10:19:29",73200
76300,-300,200,"sd","10:19:19",73000
76400,-200,300,"unknown","10:19:19",72800
76400,-200,200,"sd","10:18:46",72500
76400,-200,100,"sd","10:18:46",72300
76400,-200,200,"sd","10:18:46",72200
76500,-100,200,"bu","10:14:27",72000
76500,-100,200,"bu","10:14:16",71800
76500,-100,200,"bu","10:14:05",71600
76500,-100,200,"bu","10:13:52",71400
76500,-100,200,"bu","10:11:35",71200
76500,-100,200,"bu","10:11:21",71000
76500,-100,200,"bu","10:10:58",70800
76500,-100,200,"bu","10:10:46",70600
76500,-100,200,"bu","10:10:29",70400
76500,-100,200,"bu","10:10:18",70200
76500,-100,100,"bu","10:09:29",70000
76500,-100,100,"bu","10:09:29",69900
76500,-100,100,"bu","10:09:21",69800
76500,-100,100,"bu","10:09:15",69700
76500,-100,100,"bu","10:09:15",69600
76500,-100,200,"bu","10:09:08",69500
76500,-100,200,"bu","10:09:02",69300
76400,-200,100,"sd","10:09:02",69100
76400,-200,500,"sd","10:09:02",69000
76400,-200,200,"sd","10:09:02",68500
76400,-200,100,"sd","10:09:02",68300
76400,-200,100,"sd","10:09:02",68200
76500,-100,200,"bu","10:08:55",68100
76500,-100,200,"bu","10:08:36",67900
76500,-100,200,"bu","10:08:26",67700
76500,-100,200,"bu","10:08:17",67500
76500,-100,100,"bu","10:08:09",67300
76500,-100,100,"bu","10:08:09",67200
76500,-100,200,"bu","10:07:34",67100
76500,-100,200,"bu","10:07:24",66900
76500,-100,200,"bu","10:07:03",66700
76500,-100,200,"bu","10:06:53",66500
76500,-100,500,"bu","10:06:32",66300
76500,-100,100,"sd","10:04:55",65800
76500,-100,2000,"sd","10:04:55",65700
76500,-100,100,"sd","10:04:55",63700
76500,-100,300,"sd","10:04:38",63600
76500,-100,600,"sd","10:03:46",63300
76500,-100,100,"sd","10:03:46",62700
76500,-100,300,"sd","10:03:46",62600
76500,-100,200,"sd","10:03:22",62300
76500,-100,800,"sd","10:03:22",62100
76500,-100,200,"sd","10:02:58",61300
76500,-100,1000,"sd","10:02:58",61100
76500,-100,700,"sd","10:02:58",60100
76600,0,500,"sd","10:02:58",59400
76600,0,100,"sd","10:02:58",58900
76600,0,900,"sd","10:02:48",58800
76600,0,100,"sd","10:02:48",57900
76600,0,100,"sd","10:02:18",57800
76600,0,200,"sd","10:02:18",57700
76600,0,300,"sd","10:02:18",57500
76600,0,100,"sd","10:01:06",57200
76600,0,500,"sd","10:01:01",57100
76600,0,200,"sd","10:00:47",56600
76600,0,200,"sd","10:00:36",56400
76600,0,200,"sd","10:00:27",56200
76600,0,600,"sd","09:58:55",56000
76600,0,800,"sd","09:58:26",55400
76600,0,100,"sd","09:56:15",54600
76600,0,400,"sd","09:54:55",54500
76600,0,100,"sd","09:54:55",54100
76600,0,100,"bu","09:52:34",54000
76600,0,400,"bu","09:52:34",53900
76600,0,400,"bu","09:52:34",53500
76500,-100,100,"sd","09:49:45",53100
76500,-100,200,"sd","09:49:23",53000
76500,-100,100,"sd","09:49:23",52800
76500,-100,1000,"sd","09:49:23",52700
76500,-100,400,"sd","09:49:23",51700
76500,-100,100,"sd","09:49:23",51300
76500,-100,1000,"sd","09:49:23",51200
76500,-100,300,"sd","09:49:23",50200
76500,-100,200,"sd","09:49:12",49900
76500,-100,1000,"sd","09:48:30",49700
76500,-100,1000,"sd","09:48:20",48700
76500,-100,500,"sd","09:48:18",47700
76500,-100,100,"sd","09:48:18",47200
76500,-100,2000,"sd","09:48:18",47100
76500,-100,2000,"sd","09:48:18",45100
76500,-100,200,"sd","09:48:18",43100
76500,-100,100,"sd","09:48:18",42900
76500,-100,100,"sd","09:48:18",42800
76500,-100,100,"sd","09:47:06",42700
76500,-100,100,"sd","09:47:06",42600
76500,-100,400,"sd","09:47:06",42500
76600,0,200,"bu","09:45:25",42100
76600,0,400,"bu","09:45:25",41900
76600,0,100,"bu","09:45:25",41500
76600,0,1300,"bu","09:45:25",41400
76500,-100,200,"sd","09:44:16",40100
76500,-100,4000,"sd","09:44:01",39900
76500,-100,600,"sd","09:43:36",35900
76500,-100,300,"sd","09:42:53",35300
76500,-100,500,"sd","09:40:49",35000
76600,0,100,"sd","09:40:49",34500
76600,0,100,"sd","09:39:26",34400
76600,0,100,"sd","09:39:26",34300
76600,0,200,"sd","09:38:17",34200
76600,0,100,"sd","09:37:34",34000
76600,0,100,"sd","09:37:34",33900
76600,0,300,"sd","09:37:34",33800
76600,0,100,"sd","09:37:34",33500
76600,0,400,"sd","09:36:52",33400
76600,0,100,"sd","09:36:51",33000
76600,0,300,"sd","09:36:51",32900
76600,0,400,"sd","09:36:51",32600
76600,0,400,"sd","09:36:48",32200
76600,0,500,"bu","09:36:43",31800
76600,0,100,"bu","09:36:43",31300
76600,0,100,"bu","09:36:43",31200
76600,0,400,"bu","09:36:37",31100
76600,0,100,"bu","09:36:37",30700
76600,0,100,"bu","09:36:33",30600
76600,0,100,"bu","09:36:33",30500
76600,0,100,"bu","09:36:33",30400
76600,0,200,"bu","09:36:33",30300
76600,0,200,"bu","09:35:52",30100
76600,0,100,"bu","09:35:30",29900
76600,0,200,"bu","09:33:58",29800
76600,0,200,"bu","09:33:40",29600
76600,0,100,"bu","09:33:30",29400
76600,0,200,"bu","09:33:27",29300
76600,0,100,"bu","09:33:20",29100
76600,0,200,"bu","09:33:14",29000
76600,0,200,"bu","09:33:02",28800
76300,-300,400,"sd","09:32:26",28600
76300,-300,100,"bu","09:31:52",28200
76300,-300,300,"bu","09:31:32",28100
76300,-300,400,"bu","09:31:32",27800
76300,-300,500,"bu","09:31:32",27400
76100,-500,100,"sd","09:30:58",26900
76100,-500,100,"sd","09:30:49",26800
76000,-600,1200,"sd","09:30:49",26700
76000,-600,300,"sd","09:30:31",25500
76100,-500,100,"sd","09:30:31",25200
76100,-500,100,"sd","09:30:31",25100
76000,-600,1100,"sd","09:29:37",25000
76200,-400,100,"sd","09:29:37",23900
76200,-400,200,"bu","09:28:55",23800
76200,-400,100,"bu","09:28:25",23600
76200,-400,100,"bu","09:26:53",23500
76300,-300,200,"sd","09:25:10",23400
76300,-300,100,"sd","09:24:47",23200
76300,-300,100,"sd","09:24:37",23100
76500,-100,100,"sd","09:24:37",23000
76500,-100,100,"sd","09:24:37",22900
76500,-100,200,"sd","09:24:37",22800
76500,-100,100,"sd","09:24:37",22600
76500,-100,600,"sd","09:24:27",22500
76500,-100,300,"sd","09:24:02",21900
76500,-100,100,"sd","09:24:02",21600
76500,-100,100,"sd","09:24:02",21500
76500,-100,100,"sd","09:24:02",21400
76600,0,200,"bu","09:23:49",21300
76600,0,800,"bu","09:23:30",21100
76600,0,100,"sd","09:23:10",20300
76600,0,300,"sd","09:23:10",20200
76600,0,100,"sd","09:23:10",19900
76600,0,100,"sd","09:23:10",19800
76600,0,800,"sd","09:23:10",19700
76600,0,100,"sd","09:23:10",18900
76600,0,100,"sd","09:23:10",18800
76600,0,300,"sd","09:23:10",18700
76600,0,900,"sd","09:23:10",18400
76600,0,100,"sd","09:23:08",17500
76600,0,100,"sd","09:23:08",17400
76600,0,400,"sd","09:23:07",17300
76600,0,600,"sd","09:21:46",16900
76600,0,100,"sd","09:21:16",16300
76600,0,500,"sd","09:21:09",16200
76600,0,2000,"sd","09:20:45",15700
76700,100,100,"bu","09:20:42",13700
76600,0,600,"sd","09:20:31",13600
76700,100,100,"sd","09:20:22",13000
76700,100,200,"sd","09:19:50",12900
76600,0,400,"sd","09:19:19",12700
76600,0,400,"sd","09:18:43",12300
76600,0,400,"sd","09:18:43",11900
76700,100,100,"sd","09:18:43",11500
76700,100,100,"sd","09:18:43",11400
76600,0,100,"sd","09:17:22",11300
76600,0,200,"sd","09:17:22",11200
76700,100,100,"sd","09:17:15",11000
76600,0,200,"sd","09:16:43",10900
76600,0,800,"sd","09:16:43",10700
76600,0,200,"sd","09:16:34",9900
76600,0,400,"sd","09:16:34",9700
76600,0,300,"sd","09:16:34",9300
76600,0,100,"sd","09:16:26",9000
76600,0,500,"sd","09:16:26",8900
76600,0,600,"sd","09:16:14",8400
76600,0,400,"sd","09:16:11",7800
76600,0,100,"sd","09:16:00",7400
76600,0,500,"sd","09:16:00",7300
76600,0,500,"sd","09:15:51",6800
76600,0,100,"sd","09:15:51",6300
76600,0,100,"sd","09:15:46",6200
76600,0,400,"sd","09:15:20",6100
76600,0,100,"sd","09:15:20",5700
76600,0,5600,"sd","09:14:59",5600
