"price","change","match_qtty","side","time","total_vol"
86800,900,127600,"bu","14:45:02",1345300
86600,700,1500,"bu","14:29:53",1217700
86500,600,400,"bu","14:29:53",1216200
86500,600,500,"bu","14:29:53",1215800
86200,300,200,"bu","14:29:53",1215300
86200,300,100,"bu","14:29:53",1215100
86200,300,1600,"bu","14:29:53",1215000
86200,300,600,"bu","14:29:53",1213400
86000,100,100,"bu","14:29:53",1212800
86000,100,600,"bu","14:29:53",1212700
86000,100,1300,"bu","14:29:53",1212100
86000,100,600,"bu","14:29:53",1210800
86000,100,500,"bu","14:29:53",1210200
86000,100,600,"bu","14:29:53",1209700
86000,100,600,"bu","14:29:53",1209100
86000,100,300,"bu","14:29:53",1208500
86000,100,300,"bu","14:29:53",1208200
86000,100,200,"bu","14:29:53",1207900
85800,-100,600,"sd","14:29:35",1207700
85800,-100,1000,"sd","14:29:35",1207100
85800,-100,200,"sd","14:29:35",1206100
85900,0,100,"sd","14:29:35",1205900
85900,0,100,"sd","14:29:35",1205800
86000,100,100,"bu","14:29:25",1205700
85800,-100,800,"sd","14:29:12",1205600
85800,-100,200,"sd","14:29:12",1204800
86000,100,100,"bu","14:29:10",1204600
85800,-100,100,"sd","14:29:05",1202000
86000,100,100,"bu","14:29:05",1204500
85900,0,100,"sd","14:29:05",1204400
85900,0,1000,"sd","14:29:05",1204300
85900,0,1000,"sd","14:29:05",1203300
85800,-100,300,"sd","14:29:05",1202300
85900,0,1000,"sd","14:29:05",1201900
85900,0,1000,"sd","14:29:05",1200900
86000,100,100,"bu","14:29:02",1199900
86200,300,700,"bu","14:28:44",1199800
86200,300,3800,"bu","14:28:44",1199100
86000,100,500,"bu","14:28:44",1195300
86000,100,100,"bu","14:28:44",1194800
86200,300,4500,"bu","14:28:44",1194700
86000,100,100,"bu","14:28:44",1190200
86000,100,300,"bu","14:28:44",1190100
86000,100,300,"bu","14:28:34",1189800
86000,100,300,"bu","14:28:34",1189500
86000,100,100,"bu","14:28:34",1189200
86000,100,100,"bu","14:28:34",1189100
86000,100,100,"bu","14:28:27",1189000
86000,100,600,"bu","14:28:27",1188900
86000,100,600,"bu","14:28:27",1188300
86000,100,400,"bu","14:28:27",1187700
86000,100,1600,"bu","14:28:27",1187300
86000,100,200,"bu","14:28:27",1185700
86000,100,300,"bu","14:28:27",1185500
86000,100,200,"bu","14:28:27",1185200
86000,100,300,"bu","14:28:17",1185000
86000,100,400,"bu","14:28:17",1184700
86000,100,600,"bu","14:28:16",1184300
86000,100,800,"bu","14:28:16",1183700
86000,100,600,"bu","14:28:16",1182900
86000,100,600,"bu","14:28:16",1182300
86000,100,200,"bu","14:28:16",1181700
86000,100,600,"bu","14:28:16",1181500
86000,100,900,"bu","14:28:16",1180900
86000,100,500,"bu","14:28:16",1180000
86000,100,4500,"bu","14:28:16",1179500
86000,100,100,"bu","14:27:50",1175000
86000,100,100,"bu","14:27:42",1174900
86000,100,100,"bu","14:27:37",1174800
85900,0,100,"sd","14:27:18",1174700
85900,0,100,"sd","14:27:18",1174600
86000,100,100,"sd","14:27:18",1174500
86000,100,1000,"sd","14:27:18",1174400
86000,100,200,"sd","14:27:18",1173400
86000,100,1700,"sd","14:27:18",1173200
86000,100,700,"sd","14:27:18",1171500
86100,200,100,"sd","14:27:18",1170800
86200,300,100,"bu","14:27:14",1170700
86000,100,500,"sd","14:27:09",1170600
86100,200,100,"sd","14:27:09",1170100
86000,100,700,"sd","14:27:05",1170000
86000,100,200,"sd","14:27:05",1169300
86000,100,300,"sd","14:27:05",1169100
86000,100,600,"sd","14:27:01",1168800
86000,100,400,"sd","14:26:53",1168200
86100,200,200,"sd","14:26:53",1167800
86100,200,700,"bu","14:26:48",1167600
86000,100,600,"bu","14:26:45",1166900
86000,100,100,"bu","14:26:45",1166300
86000,100,1800,"bu","14:26:45",1166200
86000,100,200,"bu","14:26:45",1164400
86000,100,1700,"sd","14:26:44",1164200
86000,100,200,"sd","14:26:44",1162500
86000,100,1000,"sd","14:26:44",1162300
86100,200,300,"bu","14:26:40",1161300
86100,200,1700,"bu","14:26:40",1161000
86100,200,1800,"bu","14:26:40",1159300
86100,200,200,"bu","14:26:40",1157500
86000,100,600,"sd","14:26:37",1157300
86000,100,600,"sd","14:26:35",1156700
86000,100,300,"sd","14:26:35",1156100
86000,100,200,"sd","14:26:35",1155800
86000,100,100,"sd","14:26:35",1155600
86000,100,1000,"sd","14:26:35",1155500
86000,100,300,"sd","14:26:35",1154500
86000,100,2000,"sd","14:26:35",1154200
86000,100,200,"sd","14:26:35",1152200
86000,100,2300,"sd","14:26:35",1152000
86000,100,100,"sd","14:26:35",1149700
86000,100,1000,"sd","14:26:34",1149600
86000,100,600,"sd","14:26:28",1148600
86100,200,400,"bu","14:26:26",1148000
86100,200,200,"bu","14:26:25",1147600
86100,200,100,"bu","14:26:25",1147400
86100,200,100,"bu","14:26:25",1147300
86000,100,100,"sd","14:26:24",1147200
86000,100,600,"sd","14:26:20",1147100
86100,200,2600,"bu","14:26:15",1146500
86000,100,400,"sd","14:26:12",1143900
86000,100,200,"sd","14:26:12",1143500
86100,200,1000,"sd","14:26:07",1143300
86100,200,900,"sd","14:26:07",1142300
86100,200,500,"sd","14:26:06",1141400
86100,200,600,"sd","14:26:04",1140900
86100,200,1900,"sd","14:26:02",1140300
86100,200,200,"sd","14:26:02",1138400
86100,200,900,"sd","14:26:02",1138200
86100,200,600,"sd","14:25:55",1137300
86100,200,100,"sd","14:25:47",1136700
86100,200,200,"sd","14:25:47",1136600
86100,200,200,"sd","14:25:47",1136400
86100,200,100,"sd","14:25:47",1136200
86200,300,2500,"bu","14:25:43",1136100
86200,300,1000,"sd","14:25:40",1133600
86200,300,1000,"sd","14:25:40",1132600
86200,300,200,"sd","14:25:40",1131600
86200,300,1700,"sd","14:25:40",1131400
86200,300,1900,"sd","14:25:40",1129700
86200,300,200,"sd","14:25:40",1127800
86200,300,100,"sd","14:25:40",1127600
86200,300,100,"sd","14:25:39",1127500
86200,300,500,"sd","14:25:39",1127400
86300,400,200,"bu","14:25:33",1126900
86300,400,800,"sd","14:25:32",1126700
86300,400,600,"sd","14:25:31",1125900
86300,400,500,"sd","14:25:30",1125300
86300,400,600,"sd","14:25:28",1124800
86300,400,500,"sd","14:25:23",1124200
86400,500,2000,"sd","14:25:15",1123700
86400,500,600,"sd","14:25:14",1121700
86200,300,500,"sd","14:25:06",1121100
86200,300,100,"sd","14:25:06",1120600
86200,300,600,"sd","14:24:58",1120500
86200,300,200,"sd","14:24:50",1119900
86200,300,100,"sd","14:24:50",1119700
86200,300,200,"sd","14:24:50",1119600
86200,300,100,"sd","14:24:50",1119400
86300,400,1000,"sd","14:24:46",1119300
86300,400,600,"sd","14:24:46",1118300
86300,400,600,"sd","14:24:42",1117700
86400,500,2500,"bu","14:24:40",1117100
86300,400,1300,"sd","14:24:40",1114600
86300,400,500,"sd","14:24:33",1113300
86300,400,100,"sd","14:24:33",1112800
86300,400,600,"sd","14:24:25",1112700
86400,500,100,"sd","14:24:21",1112100
86400,500,100,"sd","14:24:21",1112000
86400,500,600,"sd","14:24:21",1111900
86400,500,600,"sd","14:24:17",1111300
86400,500,600,"sd","14:24:09",1110700
86600,700,2600,"bu","14:24:08",1110100
86400,500,200,"sd","14:24:01",1107500
86400,500,100,"sd","14:24:01",1107300
86500,600,300,"sd","14:24:01",1107200
86500,600,200,"sd","14:23:56",1106900
86500,600,200,"sd","14:23:56",1106700
86500,600,300,"sd","14:23:56",1106500
86500,600,100,"sd","14:23:56",1106200
86500,600,200,"sd","14:23:56",1106100
86500,600,1900,"sd","14:23:56",1105900
86500,600,1100,"sd","14:23:56",1104000
86500,600,600,"sd","14:23:52",1102900
86500,600,200,"sd","14:23:44",1102300
86500,600,200,"sd","14:23:44",1102100
86600,700,200,"sd","14:23:44",1101900
86700,800,2500,"bu","14:23:37",1101700
86600,700,100,"sd","14:23:36",1099200
86600,700,100,"sd","14:23:36",1099100
86600,700,300,"sd","14:23:36",1099000
86600,700,100,"sd","14:23:36",1098700
86600,700,1700,"sd","14:23:31",1098600
86600,700,200,"sd","14:23:31",1096900
86600,700,1900,"sd","14:23:31",1096700
86600,700,200,"sd","14:23:31",1094800
86600,700,600,"sd","14:23:28",1094600
86600,700,600,"sd","14:23:27",1094000
86600,700,100,"sd","14:23:19",1093400
86600,700,500,"sd","14:23:19",1093300
86700,800,100,"bu","14:23:14",1092800
86600,700,600,"sd","14:23:11",1092700
86700,800,300,"sd","14:23:07",1092100
86700,800,2300,"bu","14:23:05",1091800
86600,700,300,"sd","14:23:03",1089500
86600,700,300,"sd","14:23:03",1089200
86600,700,600,"sd","14:22:55",1088900
86600,700,600,"sd","14:22:47",1088300
86600,700,3000,"sd","14:22:43",1087700
86700,800,500,"sd","14:22:43",1084700
86600,700,500,"sd","14:22:38",1084200
86700,800,1700,"bu","14:22:31",1083700
86600,700,900,"bu","14:22:31",1082000
86600,700,200,"sd","14:22:31",1081100
86600,700,300,"sd","14:22:31",1080900
86600,700,100,"sd","14:22:31",1080600
86600,700,200,"sd","14:22:31",1080500
86600,700,1700,"sd","14:22:31",1080300
86600,700,200,"sd","14:22:31",1078600
86600,700,700,"sd","14:22:31",1078400
86600,700,600,"sd","14:22:30",1077700
86600,700,600,"sd","14:22:22",1077100
86600,700,200,"bu","14:22:21",1076500
86600,700,500,"sd","14:22:17",1076300
86600,700,300,"sd","14:22:17",1075800
86600,700,1300,"sd","14:22:17",1075500
86600,700,3100,"sd","14:22:15",1074200
86600,700,300,"sd","14:22:14",1071100
86600,700,300,"sd","14:22:14",1070800
86700,800,100,"bu","14:22:11",1070500
86700,800,100,"bu","14:22:07",1070400
86600,700,600,"sd","14:22:06",1070300
86700,800,100,"sd","14:22:04",1069700
86700,800,700,"sd","14:22:04",1069600
86700,800,1900,"bu","14:21:59",1068900
86600,700,600,"sd","14:21:57",1067000
86700,800,200,"bu","14:21:52",1066400
86600,700,400,"bu","14:21:51",1066200
86600,700,1700,"bu","14:21:51",1065800
86600,700,200,"bu","14:21:51",1064100
86600,700,200,"bu","14:21:51",1063900
86600,700,600,"sd","14:21:50",1063700
86600,700,600,"sd","14:21:49",1063100
86600,700,600,"sd","14:21:41",1062500
86600,700,600,"sd","14:21:33",1061900
86700,800,1400,"bu","14:21:29",1061300
86600,700,1000,"bu","14:21:29",1059900
86600,700,200,"sd","14:21:27",1058900
86600,700,100,"sd","14:21:27",1058700
86600,700,400,"sd","14:21:26",1058600
86600,700,100,"sd","14:21:26",1058200
86600,700,300,"sd","14:21:26",1058100
86800,900,1000,"unknown","14:21:26",1057800
86600,700,600,"sd","14:21:25",1056800
86600,700,600,"sd","14:21:24",1056200
86600,700,200,"sd","14:21:16",1055600
86600,700,200,"sd","14:21:16",1055400
86600,700,200,"sd","14:21:16",1055200
86900,1000,700,"bu","14:21:13",1055000
86900,1000,1400,"bu","14:21:13",1054300
86600,700,1700,"bu","14:21:09",1052900
86600,700,200,"bu","14:21:09",1051200
86400,500,600,"sd","14:21:08",1051000
86900,1000,100,"bu","14:21:02",1050400
86900,1000,1000,"bu","14:21:02",1050300
86900,1000,100,"bu","14:21:02",1049300
86900,1000,100,"bu","14:21:02",1049200
86900,1000,1000,"bu","14:21:02",1049100
86900,1000,100,"bu","14:21:02",1048100
86400,500,2900,"sd","14:21:01",1048000
86400,500,200,"sd","14:21:00",1045100
86400,500,400,"sd","14:21:00",1044900
86900,1000,2600,"bu","14:20:57",1044500
86900,1000,300,"bu","14:20:53",1041900
86900,1000,500,"bu","14:20:53",1041600
86900,1000,100,"bu","14:20:53",1041100
86900,1000,900,"bu","14:20:53",1041000
86900,1000,100,"bu","14:20:53",1040100
86900,1000,100,"bu","14:20:53",1040000
86400,500,600,"sd","14:20:52",1039900
86900,1000,300,"bu","14:20:44",1039300
86900,1000,100,"bu","14:20:44",1039000
86900,1000,100,"bu","14:20:44",1038900
86900,1000,200,"bu","14:20:44",1038800
86900,1000,200,"bu","14:20:44",1038600
86900,1000,100,"bu","14:20:44",1038400
86900,1000,600,"bu","14:20:44",1038300
86800,900,100,"bu","14:20:44",1037700
86700,800,400,"bu","14:20:44",1037600
86400,500,500,"sd","14:20:43",1037200
86500,600,100,"sd","14:20:43",1036700
86900,1000,800,"bu","14:20:36",1036600
86900,1000,300,"bu","14:20:36",1035800
86900,1000,1900,"bu","14:20:36",1035500
86400,500,600,"sd","14:20:35",1033600
86900,1000,1100,"bu","14:20:35",1033000
86900,1000,100,"bu","14:20:35",1031900
86800,900,500,"bu","14:20:35",1031800
86800,900,300,"bu","14:20:35",1031300
86800,900,1500,"sd","14:20:32",1031000
86800,900,1000,"sd","14:20:32",1029500
86900,1000,200,"bu","14:20:30",1028500
86900,1000,200,"bu","14:20:30",1028300
86900,1000,800,"bu","14:20:30",1028100
86900,1000,1800,"bu","14:20:30",1027300
86900,1000,200,"bu","14:20:28",1025500
86900,1000,1000,"bu","14:20:28",1025300
86800,900,600,"sd","14:20:27",1024300
86800,900,600,"sd","14:20:19",1023700
86800,900,300,"bu","14:20:16",1023100
86800,900,200,"bu","14:20:12",1022800
86700,800,1900,"bu","14:20:12",1022600
86500,600,400,"sd","14:20:11",1020700
86600,700,200,"sd","14:20:11",1020300
86600,700,2800,"sd","14:20:08",1020100
86500,600,600,"sd","14:20:02",1017300
86500,600,1100,"bu","14:19:58",1016700
86400,500,500,"sd","14:19:54",1015600
86400,500,1300,"sd","14:19:51",1015100
86400,500,600,"sd","14:19:46",1013800
86500,600,800,"sd","14:19:42",1013200
86500,600,100,"sd","14:19:42",1012400
86500,600,800,"sd","14:19:42",1012300
86500,600,200,"sd","14:19:38",1011500
86500,600,100,"sd","14:19:38",1011300
86500,600,300,"sd","14:19:38",1011200
86500,600,100,"sd","14:19:30",1010900
86800,900,500,"sd","14:19:30",1010800
86800,900,500,"bu","14:19:26",1010300
86800,900,1600,"bu","14:19:26",1009800
86500,600,600,"sd","14:19:24",1008200
86400,500,500,"sd","14:19:21",1007600
86500,600,100,"sd","14:19:21",1007100
86500,600,600,"sd","14:19:14",1007000
86800,900,1000,"sd","14:19:14",1006400
86900,1000,100,"bu","14:19:09",1005400
86900,1000,1500,"bu","14:19:09",1005300
86900,1000,800,"bu","14:19:09",1003800
86500,600,100,"sd","14:19:06",1003000
86700,800,500,"sd","14:19:06",1002900
86900,1000,200,"bu","14:19:04",1002400
86900,1000,200,"bu","14:19:04",1002200
86900,1000,500,"bu","14:19:04",1002000
86900,1000,1000,"bu","14:19:04",1001500
86900,1000,100,"bu","14:19:04",1000500
86900,1000,200,"bu","14:19:04",1000400
86900,1000,200,"bu","14:19:04",1000200
86900,1000,600,"bu","14:19:04",1000000
86700,800,500,"sd","14:19:04",999400
86900,1000,900,"bu","14:18:59",998900
86900,1000,500,"bu","14:18:59",998000
86900,1000,700,"bu","14:18:59",997500
86900,1000,500,"bu","14:18:59",996800
86900,1000,800,"bu","14:18:59",996300
86800,900,100,"bu","14:18:59",995500
86500,600,600,"sd","14:18:57",995400
86500,600,100,"sd","14:18:56",994800
86900,1000,100,"bu","14:18:54",994700
86900,1000,100,"bu","14:18:54",994600
86900,1000,800,"bu","14:18:54",994500
86700,800,1700,"bu","14:18:54",993700
86900,1000,200,"bu","14:18:54",992000
86900,1000,100,"bu","14:18:54",991800
86900,1000,500,"bu","14:18:50",991700
86600,700,1800,"bu","14:18:50",991200
86600,700,800,"sd","14:18:50",989400
86600,700,600,"sd","14:18:48",988600
86800,900,100,"bu","14:18:42",988000
86800,900,100,"bu","14:18:42",987900
86900,1000,700,"bu","14:18:42",987800
86900,1000,100,"bu","14:18:42",987100
86900,1000,300,"bu","14:18:42",987000
86900,1000,400,"bu","14:18:42",986700
86800,900,300,"bu","14:18:42",986300
86800,900,100,"bu","14:18:42",986000
86800,900,100,"bu","14:18:42",985900
86800,900,100,"bu","14:18:42",985800
86800,900,500,"bu","14:18:42",985700
86800,900,200,"bu","14:18:42",985200
86600,700,600,"sd","14:18:40",985000
86800,900,1200,"bu","14:18:38",984400
86800,900,200,"bu","14:18:37",983200
86800,900,100,"bu","14:18:37",983000
86800,900,200,"bu","14:18:37",982900
86700,800,500,"bu","14:18:37",982700
86500,600,600,"sd","14:18:32",982200
86500,600,900,"bu","14:18:30",981600
86400,500,1700,"bu","14:18:28",980700
86300,400,100,"sd","14:18:26",979000
86300,400,200,"sd","14:18:26",978900
86300,400,200,"sd","14:18:26",978700
86300,400,300,"sd","14:18:26",978500
86300,400,100,"sd","14:18:26",978200
86300,400,100,"sd","14:18:26",978100
86300,400,900,"sd","14:18:26",978000
86300,400,900,"sd","14:18:26",977100
86300,400,100,"sd","14:18:26",976200
86300,400,100,"sd","14:18:26",976100
86300,400,100,"sd","14:18:26",976000
86300,400,500,"sd","14:18:24",975900
86400,500,100,"sd","14:18:24",975400
86800,900,100,"bu","14:18:20",975300
86800,900,500,"bu","14:18:20",975200
86800,900,100,"bu","14:18:20",974700
86800,900,1000,"bu","14:18:20",974600
86700,800,200,"bu","14:18:20",973600
86500,600,100,"bu","14:18:20",973400
86400,500,300,"sd","14:18:16",973300
86300,400,300,"sd","14:18:16",973000
86400,500,500,"sd","14:18:15",972700
86700,800,200,"bu","14:18:11",972200
86400,500,100,"sd","14:18:07",972000
86400,500,600,"sd","14:18:07",971900
86400,500,1000,"sd","14:18:07",971300
86700,800,600,"bu","14:18:06",970300
86700,800,100,"bu","14:18:06",969700
86700,800,100,"bu","14:18:06",969600
86700,800,100,"bu","14:18:06",969500
86700,800,100,"bu","14:18:06",969400
86700,800,100,"bu","14:18:06",969300
86700,800,100,"bu","14:18:06",969200
86700,800,100,"bu","14:18:06",969100
86700,800,100,"bu","14:18:06",969000
86700,800,100,"bu","14:18:06",968900
86600,700,600,"bu","14:18:06",968800
86600,700,1000,"bu","14:18:03",968200
86600,700,200,"bu","14:18:03",967200
86600,700,100,"bu","14:18:03",967000
86600,700,100,"bu","14:18:03",966900
86600,700,100,"bu","14:18:03",966800
86500,600,1500,"bu","14:18:03",966700
86400,500,500,"sd","14:18:03",965200
86500,600,1000,"unknown","14:18:01",964700
86500,600,600,"sd","14:17:59",963700
86500,600,2000,"bu","14:17:56",963100
86300,400,100,"sd","14:17:51",961100
86300,400,500,"sd","14:17:51",961000
86300,400,400,"sd","14:17:43",960500
86300,400,100,"sd","14:17:43",960100
86300,400,100,"sd","14:17:43",960000
86300,400,600,"sd","14:17:35",959900
86600,700,100,"sd","14:17:35",959300
86600,700,100,"sd","14:17:33",959200
86600,700,2400,"sd","14:17:32",959100
86600,700,400,"sd","14:17:29",956700
86600,700,100,"sd","14:17:29",956300
86600,700,1300,"sd","14:17:27",956200
86600,700,600,"bu","14:17:26",954900
86600,700,500,"bu","14:17:26",954300
86600,700,1600,"bu","14:17:25",953800
86600,700,200,"bu","14:17:25",952200
86600,700,100,"bu","14:17:25",952000
86500,600,100,"bu","14:17:25",951900
86500,600,400,"bu","14:17:25",951800
86300,400,300,"sd","14:17:23",951400
86400,500,100,"sd","14:17:23",951100
86400,500,200,"sd","14:17:23",951000
86400,500,500,"sd","14:17:18",950800
86400,500,4300,"sd","14:17:15",950300
86400,500,100,"sd","14:17:15",946000
86400,500,100,"sd","14:17:15",945900
86400,500,200,"sd","14:17:15",945800
86400,500,100,"sd","14:17:15",945600
86400,500,100,"sd","14:17:15",945500
86400,500,100,"sd","14:17:15",945400
86400,500,200,"sd","14:17:15",945300
86400,500,100,"sd","14:17:15",945100
86400,500,100,"sd","14:17:15",945000
86400,500,800,"sd","14:17:15",944900
86400,500,200,"sd","14:17:15",944100
86500,600,400,"sd","14:17:15",943900
86500,600,800,"sd","14:17:15",943500
86500,600,1000,"sd","14:17:15",942700
86500,600,100,"sd","14:17:15",941700
86500,600,100,"sd","14:17:15",941600
86500,600,1200,"sd","14:17:15",941500
86500,600,600,"sd","14:17:10",940300
86500,600,1200,"sd","14:17:08",939700
86500,600,1000,"sd","14:17:08",938500
86500,600,200,"sd","14:17:08",937500
86500,600,200,"sd","14:17:04",937300
86500,600,100,"sd","14:17:02",937100
86500,600,100,"sd","14:17:02",937000
86500,600,400,"sd","14:17:02",936900
86400,500,600,"sd","14:16:53",936500
86600,700,800,"bu","14:16:53",935900
86600,700,1900,"bu","14:16:53",935100
86400,500,200,"sd","14:16:45",933200
86500,600,400,"sd","14:16:45",933000
86500,600,300,"sd","14:16:44",932600
86500,600,100,"sd","14:16:44",932300
86500,600,400,"sd","14:16:44",932200
86500,600,1600,"sd","14:16:44",931800
86600,700,100,"bu","14:16:43",930200
86600,700,1000,"bu","14:16:38",930100
86500,600,400,"sd","14:16:37",929100
86500,600,100,"sd","14:16:37",928700
86500,600,100,"sd","14:16:37",928600
86600,700,100,"sd","14:16:35",928500
86600,700,100,"sd","14:16:35",928400
86600,700,100,"sd","14:16:35",928300
86600,700,300,"sd","14:16:35",928200
86600,700,1200,"sd","14:16:35",927900
86600,700,200,"sd","14:16:35",926700
86600,700,600,"sd","14:16:29",926500
86700,800,400,"sd","14:16:25",925900
86700,800,1600,"bu","14:16:22",925500
86700,800,500,"bu","14:16:22",923900
86700,800,100,"bu","14:16:22",923400
86600,700,500,"sd","14:16:21",923300
86600,700,100,"sd","14:16:21",922800
86600,700,2400,"sd","14:16:20",922700
86700,800,100,"bu","14:16:13",920300
86700,800,100,"bu","14:16:13",920200
86700,800,200,"bu","14:16:13",920100
86700,800,100,"bu","14:16:13",919900
86600,700,600,"sd","14:16:12",919800
86600,700,600,"sd","14:16:04",919200
86600,700,100,"sd","14:15:56",918600
86700,800,500,"sd","14:15:56",918500
86700,800,400,"sd","14:15:52",918000
86700,800,100,"bu","14:15:49",917600
86700,800,1500,"bu","14:15:49",917500
86700,800,100,"bu","14:15:49",916000
86700,800,100,"bu","14:15:46",915900
86700,800,500,"bu","14:15:46",915800
86700,800,100,"bu","14:15:46",915300
86700,800,4300,"bu","14:15:46",915200
86600,700,200,"sd","14:15:42",910900
86600,700,200,"sd","14:15:32",910700
86600,700,800,"sd","14:15:31",910500
86600,700,100,"sd","14:15:31",909700
86600,700,900,"sd","14:15:31",909600
86600,700,400,"sd","14:15:31",908700
86600,700,500,"sd","14:15:22",908300
86600,700,100,"sd","14:15:22",907800
86700,800,2500,"bu","14:15:19",907700
86500,600,100,"sd","14:15:18",905200
86500,600,500,"sd","14:15:18",905100
86500,600,100,"sd","14:15:18",904600
86600,700,100,"sd","14:15:18",904500
86700,800,1000,"bu","14:15:13",904400
86700,800,1400,"bu","14:15:11",903400
86600,700,100,"bu","14:15:11",902000
86600,700,800,"bu","14:15:09",901900
86600,700,100,"bu","14:15:09",901100
86600,700,1000,"bu","14:15:09",901000
86600,700,100,"bu","14:15:09",900000
86600,700,100,"sd","14:15:06",899900
86700,800,800,"bu","14:15:05",899800
86700,800,200,"bu","14:15:05",899000
86600,700,1300,"sd","14:15:02",898800
86600,700,900,"sd","14:15:00",897500
86600,700,100,"sd","14:14:54",896600
86700,800,200,"bu","14:14:48",896500
86700,800,100,"bu","14:14:48",896300
86600,700,200,"bu","14:14:47",896200
86500,600,100,"sd","14:14:41",896000
86500,600,200,"sd","14:14:41",895900
86500,600,100,"sd","14:14:41",895700
86500,600,200,"sd","14:14:41",895600
86500,600,200,"sd","14:14:41",895400
86600,700,900,"sd","14:14:41",895200
86600,700,900,"sd","14:14:41",894300
86600,700,100,"sd","14:14:41",893400
86600,700,100,"sd","14:14:41",893300
86700,800,200,"sd","14:14:34",893200
86700,800,200,"sd","14:14:34",893000
86700,800,100,"sd","14:14:26",892800
86700,800,2000,"sd","14:14:23",892700
86700,800,900,"sd","14:14:23",890700
86700,800,100,"sd","14:14:20",889800
86700,800,400,"sd","14:14:17",889700
86800,900,1700,"bu","14:14:17",889300
86800,900,200,"bu","14:14:17",887600
86800,900,100,"bu","14:14:17",887400
86800,900,100,"bu","14:14:17",887300
86800,900,100,"bu","14:14:17",887200
86800,900,100,"bu","14:14:17",887100
86800,900,200,"bu","14:14:17",887000
86700,800,100,"sd","14:14:11",886800
86700,800,100,"sd","14:14:00",886700
86700,800,1100,"sd","14:13:53",886600
86700,800,1000,"sd","14:13:53",885500
86700,800,100,"bu","14:13:45",884500
86700,800,1400,"bu","14:13:45",884400
86700,800,100,"bu","14:13:45",883000
86500,600,100,"sd","14:13:44",882900
86500,600,200,"sd","14:13:44",882800
86500,600,100,"sd","14:13:44",882600
86600,700,200,"sd","14:13:44",882500
86600,700,700,"bu","14:13:33",882300
86600,700,900,"bu","14:13:33",881600
86600,700,100,"bu","14:13:33",880700
86600,700,100,"bu","14:13:33",880600
86600,700,100,"sd","14:13:28",880500
86600,700,100,"sd","14:13:28",880400
86600,700,100,"sd","14:13:28",880300
86600,700,200,"sd","14:13:21",880200
86700,800,400,"sd","14:13:21",880000
86700,800,600,"sd","14:13:19",879600
86700,800,1400,"bu","14:13:14",879000
86700,800,100,"bu","14:13:14",877600
86600,700,1000,"sd","14:13:10",877500
86600,700,2100,"sd","14:13:04",876500
86600,700,1600,"sd","14:12:59",874400
86600,700,1900,"sd","14:12:59",872800
86600,700,600,"sd","14:12:54",870900
86600,700,100,"bu","14:12:42",870300
86500,600,100,"sd","14:12:38",870200
86500,600,100,"sd","14:12:38",870100
86500,600,200,"sd","14:12:38",870000
86500,600,200,"sd","14:12:38",869800
86500,600,200,"sd","14:12:38",869600
86500,600,100,"sd","14:12:38",869400
86500,600,100,"sd","14:12:38",869300
86500,600,200,"sd","14:12:38",869200
86500,600,100,"sd","14:12:38",869000
86600,700,200,"sd","14:12:36",868900
86600,700,200,"sd","14:12:36",868700
86600,700,100,"sd","14:12:36",868500
86600,700,100,"sd","14:12:36",868400
86600,700,100,"sd","14:12:36",868300
86600,700,800,"sd","14:12:36",868200
86600,700,400,"sd","14:12:36",867400
86600,700,500,"sd","14:12:29",867000
86700,800,100,"sd","14:12:29",866500
86800,900,1500,"sd","14:12:12",866400
86800,900,200,"sd","14:12:11",864900
86800,900,300,"bu","14:12:10",864700
86800,900,100,"bu","14:12:10",864400
86800,900,500,"bu","14:12:10",864300
86600,700,100,"sd","14:12:04",863800
86700,800,500,"sd","14:12:04",863700
86800,900,900,"bu","14:11:56",863200
86800,900,100,"sd","14:11:48",862300
86800,900,600,"sd","14:11:39",862200
86800,900,1900,"bu","14:11:39",861600
86700,800,500,"sd","14:11:20",859700
86800,900,100,"bu","14:11:20",859200
86800,900,500,"sd","14:11:15",859100
86800,900,100,"sd","14:11:15",858600
86800,900,100,"sd","14:11:12",858500
86800,900,100,"bu","14:11:12",858400
86800,900,1000,"bu","14:11:12",858300
86800,900,1300,"bu","14:11:12",857300
86700,800,1900,"sd","14:10:55",856000
86800,900,100,"sd","14:10:52",854100
86800,900,600,"sd","14:10:50",854000
86800,900,100,"bu","14:10:48",853400
86800,900,100,"bu","14:10:48",853300
86800,900,100,"bu","14:10:48",853200
86800,900,1000,"bu","14:10:48",853100
86700,800,100,"bu","14:10:40",852100
86700,800,300,"sd","14:10:31",852000
86700,800,1500,"sd","14:10:31",851700
86700,800,200,"sd","14:10:25",850200
86800,900,100,"sd","14:10:25",850000
86800,900,300,"sd","14:10:25",849900
86800,900,1300,"sd","14:10:13",849600
86900,1000,600,"bu","14:10:10",848300
86900,1000,700,"bu","14:10:10",847700
86900,1000,200,"bu","14:10:10",847000
86900,1000,1000,"bu","14:10:10",846800
86800,900,100,"sd","14:10:08",845800
86800,900,1900,"sd","14:10:07",845700
86800,900,600,"sd","14:10:00",843800
86800,900,100,"sd","14:09:59",843200
86800,900,1900,"sd","14:09:43",843100
86900,1000,1000,"bu","14:09:39",841200
86900,1000,100,"bu","14:09:39",840200
86900,1000,100,"bu","14:09:39",840100
86900,1000,500,"bu","14:09:39",840000
86900,1000,700,"bu","14:09:39",839500
86900,1000,100,"bu","14:09:39",838800
86800,900,600,"sd","14:09:35",838700
86900,1000,100,"bu","14:09:33",838100
86800,900,600,"sd","14:09:26",838000
86800,900,1800,"sd","14:09:18",837400
86800,900,600,"sd","14:09:18",835600
86900,1000,400,"bu","14:09:07",835000
86900,1000,1000,"bu","14:09:07",834600
86900,1000,500,"bu","14:09:07",833600
86900,1000,700,"bu","14:09:07",833100
86800,900,200,"sd","14:08:54",832400
86800,900,1600,"sd","14:08:54",832200
86900,1000,2300,"bu","14:08:53",830600
86900,1000,1000,"bu","14:08:53",828300
86900,1000,300,"bu","14:08:53",827300
86900,1000,100,"bu","14:08:53",827000
86900,1000,100,"bu","14:08:53",826900
86900,1000,100,"bu","14:08:53",826800
86900,1000,700,"bu","14:08:53",826700
86800,900,1100,"bu","14:08:35",826000
86700,800,100,"sd","14:08:34",824900
86800,900,100,"sd","14:08:29",824800
86800,900,200,"sd","14:08:29",824700
86800,900,100,"sd","14:08:29",824500
86800,900,300,"sd","14:08:29",824400
86900,1000,200,"bu","14:08:12",824100
86800,900,500,"bu","14:08:05",823900
86800,900,1000,"bu","14:08:05",823400
86800,900,100,"bu","14:08:05",822400
86800,900,100,"bu","14:08:05",822300
86800,900,100,"sd","14:08:05",822200
86800,900,1000,"bu","14:08:03",822100
86800,900,1600,"bu","14:08:03",821100
86900,1000,100,"bu","14:07:55",819500
86900,1000,100,"bu","14:07:55",819400
86900,1000,100,"bu","14:07:55",819300
86900,1000,300,"bu","14:07:55",819200
86700,800,400,"sd","14:07:49",818900
86800,900,900,"sd","14:07:49",818500
86800,900,1600,"sd","14:07:39",817600
86800,900,100,"sd","14:07:39",816000
86900,1000,200,"bu","14:07:38",815900
86900,1000,200,"bu","14:07:38",815700
86900,1000,100,"bu","14:07:38",815500
86900,1000,200,"bu","14:07:38",815400
86900,1000,1200,"bu","14:07:38",815200
86900,1000,100,"bu","14:07:38",814000
86900,1000,500,"bu","14:07:38",813900
86900,1000,400,"bu","14:07:38",813400
86900,1000,100,"bu","14:07:38",813000
86900,1000,200,"bu","14:07:35",812900
86900,1000,300,"bu","14:07:35",812700
86900,1000,100,"bu","14:07:35",812400
86800,900,100,"bu","14:07:32",812300
86800,900,300,"sd","14:07:31",812200
86900,1000,100,"bu","14:07:20",811900
86800,900,600,"bu","14:07:18",811800
86800,900,100,"bu","14:07:18",811200
86800,900,400,"bu","14:07:18",811100
86800,900,100,"bu","14:07:18",810700
86800,900,500,"bu","14:07:18",810600
86700,800,600,"sd","14:07:17",810100
86800,900,100,"bu","14:07:14",809500
86800,900,100,"bu","14:07:14",809400
86800,900,200,"bu","14:07:14",809300
86800,900,200,"bu","14:07:14",809100
86700,800,1700,"sd","14:07:14",808900
86800,900,800,"bu","14:07:09",807200
86800,900,300,"bu","14:07:09",806400
86800,900,100,"bu","14:07:09",806100
86800,900,1000,"bu","14:07:09",806000
86800,900,300,"bu","14:07:09",805000
86800,900,1700,"bu","14:07:01",804700
86800,900,500,"bu","14:07:01",803000
86800,900,300,"bu","14:07:01",802500
86800,900,600,"bu","14:06:53",802200
86800,900,4100,"bu","14:06:53",801600
86800,900,100,"bu","14:06:53",797500
86800,900,100,"bu","14:06:53",797400
86800,900,100,"bu","14:06:52",797300
86800,900,500,"bu","14:06:52",797200
86800,900,100,"bu","14:06:52",796700
86800,900,100,"bu","14:06:52",796600
86800,900,1000,"bu","14:06:52",796500
86800,900,100,"bu","14:06:52",795500
86800,900,200,"bu","14:06:52",795400
86800,900,300,"bu","14:06:52",795200
86800,900,200,"bu","14:06:52",794900
86800,900,100,"bu","14:06:52",794700
86700,800,500,"sd","14:06:50",794600
86700,800,1200,"sd","14:06:50",794100
86700,800,1500,"bu","14:06:28",792900
86700,800,200,"sd","14:06:26",791400
86700,800,1700,"sd","14:06:02",791200
86800,900,400,"bu","14:05:58",789500
86800,900,2000,"bu","14:05:58",789100
86800,900,100,"bu","14:05:58",787100
86700,800,1700,"sd","14:05:38",787000
86800,900,300,"bu","14:05:25",785300
86800,900,100,"bu","14:05:25",785000
86800,900,100,"bu","14:05:25",784900
86800,900,100,"bu","14:05:25",784800
86800,900,100,"bu","14:05:25",784700
86800,900,100,"bu","14:05:25",784600
86800,900,1900,"bu","14:05:25",784500
86700,800,1300,"sd","14:05:24",782600
86800,900,1000,"bu","14:05:16",781300
86700,800,100,"sd","14:05:15",780300
86700,800,500,"sd","14:05:15",780200
86800,900,600,"bu","14:05:13",779700
86700,800,100,"sd","14:05:12",779100
86700,800,1600,"sd","14:05:11",779000
86800,900,5000,"bu","14:05:08",777400
86800,900,2100,"bu","14:05:06",772400
86800,900,300,"bu","14:04:57",770300
86800,900,200,"bu","14:04:57",770000
86800,900,500,"bu","14:04:57",769800
86800,900,1200,"bu","14:04:57",769300
86700,800,1100,"bu","14:04:52",768100
86600,700,100,"sd","14:04:49",767000
86600,700,100,"sd","14:04:49",766900
86600,700,1600,"sd","14:04:46",766800
86800,900,200,"bu","14:04:45",765200
86800,900,400,"bu","14:04:45",765000
86800,900,500,"bu","14:04:45",764600
86800,900,300,"bu","14:04:45",764100
86800,900,400,"bu","14:04:45",763800
86700,800,500,"bu","14:04:45",763400
86700,800,100,"bu","14:04:45",762900
86700,800,600,"bu","14:04:45",762800
86700,800,600,"bu","14:04:34",762200
86600,700,100,"sd","14:04:25",761600
86600,700,1600,"sd","14:04:22",761500
86700,800,800,"bu","14:04:21",759900
86700,800,700,"bu","14:04:21",759100
86700,800,1000,"bu","14:04:21",758400
86700,800,200,"bu","14:04:18",757400
86700,800,100,"bu","14:04:18",757200
86700,800,100,"bu","14:04:18",757100
86700,800,100,"bu","14:04:18",757000
86700,800,600,"bu","14:04:12",756900
86700,800,900,"bu","14:04:10",756300
86700,800,400,"bu","14:04:10",755400
86700,800,500,"bu","14:04:10",755000
86700,800,100,"bu","14:04:10",754500
86700,800,100,"bu","14:04:10",754400
86600,700,1000,"sd","14:04:06",754300
86600,700,600,"sd","14:03:57",753300
86600,700,1000,"sd","14:03:57",752700
86600,700,300,"sd","14:03:53",751700
86700,800,100,"bu","14:03:51",751400
86700,800,500,"bu","14:03:51",751300
86700,800,1900,"bu","14:03:51",750800
86600,700,1600,"sd","14:03:31",748900
86700,800,1100,"bu","14:03:19",747300
86700,800,100,"bu","14:03:19",746200
86700,800,100,"bu","14:03:19",746100
86700,800,100,"bu","14:03:19",746000
86700,800,100,"bu","14:03:19",745900
86700,800,100,"bu","14:03:19",745800
86700,800,1000,"bu","14:03:19",745700
86600,700,100,"sd","14:03:19",744700
86600,700,600,"sd","14:03:15",744600
86600,700,1400,"sd","14:03:07",744000
86600,700,200,"sd","14:03:07",742600
86600,700,1000,"sd","14:03:06",742400
86600,700,1300,"sd","14:03:00",741400
86700,800,2500,"bu","14:02:49",740100
86600,700,500,"sd","14:02:42",737600
86600,700,200,"sd","14:02:42",737100
86600,700,100,"sd","14:02:42",736900
86600,700,100,"sd","14:02:42",736800
86600,700,200,"sd","14:02:42",736700
86600,700,100,"sd","14:02:42",736500
86600,700,300,"sd","14:02:42",736400
86600,700,100,"sd","14:02:42",736100
86600,700,900,"sd","14:02:18",736000
86600,700,700,"sd","14:02:18",735100
86700,800,2700,"bu","14:02:16",734400
86700,800,1400,"sd","14:01:54",731700
86700,800,100,"bu","14:01:46",730300
86700,800,1000,"bu","14:01:46",730200
86600,700,200,"sd","14:01:28",729200
86600,700,100,"sd","14:01:28",729000
86600,700,1300,"sd","14:01:28",728900
86600,700,200,"sd","14:01:14",727600
86700,800,100,"sd","14:01:14",727400
86700,800,300,"sd","14:01:14",727300
86800,900,2600,"bu","14:01:13",727000
86800,900,100,"bu","14:01:13",724400
86800,900,200,"bu","14:01:08",724300
86800,900,100,"bu","14:01:08",724100
86800,900,300,"bu","14:01:08",724000
86700,800,600,"sd","14:01:05",723700
86700,800,900,"sd","14:01:05",723100
86700,800,100,"sd","14:01:05",722200
86700,800,100,"sd","14:01:01",722100
86700,800,500,"sd","14:00:52",722000
86800,900,200,"bu","14:00:44",721500
86800,900,1300,"bu","14:00:44",721300
86700,800,1000,"bu","14:00:44",720000
86800,900,100,"bu","14:00:44",719000
86600,700,1600,"sd","14:00:42",718900
86600,700,1300,"sd","14:00:35",717300
86700,800,100,"bu","14:00:31",716000
86700,800,600,"bu","14:00:26",715900
86700,800,100,"sd","14:00:17",715300
86700,800,200,"sd","14:00:17",715200
86700,800,100,"sd","14:00:17",715000
86700,800,100,"sd","14:00:17",714900
86700,800,200,"sd","14:00:17",714800
86800,900,1700,"bu","14:00:12",714600
86800,900,800,"bu","14:00:12",712900
86800,900,200,"bu","14:00:07",712100
86800,900,100,"bu","14:00:07",711900
86800,900,200,"bu","14:00:07",711800
86800,900,100,"bu","14:00:07",711600
86700,800,100,"sd","14:00:01",711500
86700,800,600,"sd","13:59:59",711400
86700,800,100,"sd","13:59:59",710800
86700,800,100,"sd","13:59:59",710700
86700,800,600,"sd","13:59:59",710600
86700,800,100,"sd","13:59:54",710000
86700,800,200,"sd","13:59:52",709900
86700,800,600,"sd","13:59:52",709700
86700,800,500,"sd","13:59:52",709100
86700,800,200,"sd","13:59:52",708600
86800,900,2500,"bu","13:59:41",708400
86700,800,1500,"sd","13:59:25",705900
86700,800,600,"sd","13:59:12",704400
86800,900,100,"bu","13:59:10",703800
86800,900,100,"bu","13:59:10",703700
86800,900,500,"bu","13:59:10",703600
86800,900,1300,"bu","13:59:10",703100
86800,900,300,"bu","13:59:10",701800
86800,900,100,"bu","13:59:10",701500
86800,900,200,"bu","13:59:10",701400
86700,800,100,"sd","13:59:03",701200
86700,800,1500,"sd","13:59:00",701100
86700,800,100,"sd","13:58:52",699600
86800,900,2500,"bu","13:58:39",699500
86700,800,1000,"sd","13:58:36",697000
86700,800,100,"sd","13:58:36",696000
86700,800,200,"sd","13:58:36",695900
86700,800,100,"sd","13:58:36",695700
86700,800,100,"sd","13:58:11",695600
86700,800,100,"sd","13:58:11",695500
86700,800,900,"sd","13:58:11",695400
86700,800,300,"sd","13:58:11",694500
86700,800,600,"sd","13:58:11",694200
86700,800,100,"sd","13:58:11",693600
86700,800,500,"sd","13:58:11",693500
86700,800,100,"sd","13:58:10",693000
86800,900,2500,"bu","13:58:07",692900
86800,900,100,"bu","13:58:07",690400
86700,800,100,"sd","13:57:59",690300
86700,800,100,"sd","13:57:54",690200
86700,800,100,"sd","13:57:48",690100
86700,800,100,"sd","13:57:48",690000
86700,800,100,"sd","13:57:48",689900
86700,800,800,"sd","13:57:48",689800
86700,800,300,"sd","13:57:48",689000
86700,800,100,"sd","13:57:46",688700
86700,800,100,"sd","13:57:36",688600
86800,900,100,"bu","13:57:36",688500
86800,900,100,"bu","13:57:36",688400
86800,900,300,"bu","13:57:36",688300
86800,900,100,"bu","13:57:36",688000
86800,900,100,"bu","13:57:36",687900
86800,900,1200,"bu","13:57:36",687800
86800,900,100,"bu","13:57:36",686600
86800,900,100,"bu","13:57:36",686500
86800,900,100,"bu","13:57:36",686400
86800,900,100,"bu","13:57:36",686300
86800,900,200,"bu","13:57:36",686100
86800,900,100,"bu","13:57:36",686200
86700,800,500,"bu","13:57:26",685900
86700,800,100,"bu","13:57:26",685400
86700,800,700,"sd","13:57:24",685300
86700,800,100,"bu","13:57:22",684600
86700,800,100,"bu","13:57:22",684500
86700,800,100,"bu","13:57:22",684400
86700,800,200,"bu","13:57:21",684300
86700,800,700,"bu","13:57:21",684100
86700,800,100,"bu","13:57:21",683400
86700,800,800,"bu","13:57:13",683300
86600,700,600,"sd","13:57:10",682500
86700,800,1000,"bu","13:57:09",681900
86700,800,200,"bu","13:57:09",680900
86700,800,400,"bu","13:57:09",680700
86700,800,100,"bu","13:57:09",680300
86700,800,600,"bu","13:57:09",680200
86700,800,800,"bu","13:57:09",679600
86600,700,300,"sd","13:57:06",678800
86700,800,100,"bu","13:56:47",678500
86700,800,300,"bu","13:56:47",678400
86700,800,100,"bu","13:56:47",678100
86700,800,500,"bu","13:56:47",678000
86700,800,200,"bu","13:56:47",677500
86700,800,100,"bu","13:56:47",677300
86700,800,100,"bu","13:56:47",677200
86700,800,100,"bu","13:56:47",677100
86700,800,100,"bu","13:56:47",677000
86700,800,300,"bu","13:56:47",676900
86700,800,100,"bu","13:56:47",676600
86600,700,900,"sd","13:56:37",676500
86600,700,100,"bu","13:56:36",675600
86600,700,200,"bu","13:56:36",675500
86600,700,200,"bu","13:56:36",675300
86600,700,500,"bu","13:56:36",675100
86600,700,100,"bu","13:56:36",674600
86600,700,900,"bu","13:56:12",674500
86600,700,100,"bu","13:56:12",673600
86600,700,100,"bu","13:56:12",673500
86600,700,1100,"bu","13:56:12",673400
86600,700,500,"bu","13:56:12",672300
86600,700,1500,"bu","13:56:12",671800
86600,700,1000,"bu","13:56:12",670300
86600,700,100,"bu","13:56:12",669300
86600,700,100,"bu","13:56:12",669200
86600,700,500,"bu","13:56:12",669100
86600,700,3000,"bu","13:56:12",668600
86600,700,100,"bu","13:56:11",665600
86600,700,100,"bu","13:56:06",665500
86600,700,3000,"bu","13:56:06",665400
86600,700,1000,"bu","13:56:06",662400
86600,700,100,"bu","13:56:06",661400
86600,700,100,"bu","13:56:06",661300
86600,700,2000,"bu","13:56:06",661200
86600,700,600,"bu","13:56:06",659200
86600,700,2500,"bu","13:56:06",658600
86600,700,200,"bu","13:55:47",656100
86600,700,100,"bu","13:55:47",655900
86600,700,200,"bu","13:55:47",655800
86500,600,300,"sd","13:55:46",655600
86500,600,900,"sd","13:55:46",655300
86500,600,100,"sd","13:55:46",654400
86600,700,500,"bu","13:55:36",654300
86600,700,400,"bu","13:55:36",653800
86600,700,100,"bu","13:55:36",653400
86600,700,900,"bu","13:55:36",653300
86600,700,100,"bu","13:55:36",652400
86600,700,400,"bu","13:55:36",652300
86600,700,100,"bu","13:55:36",651900
86600,700,100,"bu","13:55:13",651800
86500,600,600,"sd","13:55:10",651700
86600,700,2600,"bu","13:55:05",651100
86600,700,400,"bu","13:54:58",648500
86600,700,1000,"bu","13:54:58",648100
86600,700,200,"bu","13:54:58",647100
86600,700,100,"bu","13:54:58",646900
86600,700,100,"bu","13:54:58",646800
86600,700,200,"bu","13:54:58",646700
86500,600,100,"bu","13:54:56",646500
86500,600,900,"bu","13:54:56",646400
86600,700,800,"bu","13:54:46",645500
86500,600,1100,"bu","13:54:46",644700
86600,700,100,"bu","13:54:46",643600
86500,600,100,"bu","13:54:38",643500
86500,600,300,"bu","13:54:38",643400
86500,600,200,"bu","13:54:38",643100
86500,600,800,"bu","13:54:38",642900
86600,700,200,"bu","13:54:38",642100
86600,700,200,"bu","13:54:38",641900
86600,700,100,"bu","13:54:38",641700
86600,700,100,"bu","13:54:38",641600
86600,700,100,"bu","13:54:38",641500
86600,700,200,"bu","13:54:38",641400
86500,600,200,"bu","13:54:38",641200
86500,600,500,"bu","13:54:34",641000
86500,600,100,"bu","13:54:34",640500
86500,600,100,"bu","13:54:34",640400
86500,600,1900,"bu","13:54:34",640300
86500,600,1000,"bu","13:54:30",638400
86400,500,100,"sd","13:54:28",637400
86400,500,900,"sd","13:54:28",637300
86500,600,100,"bu","13:54:26",636400
86400,500,1000,"sd","13:54:25",636300
86500,600,100,"bu","13:54:22",635300
86500,600,500,"bu","13:54:18",635200
86500,600,1600,"bu","13:54:18",634700
86500,600,100,"bu","13:54:18",633100
86400,500,200,"sd","13:54:08",633000
86500,600,100,"bu","13:54:03",632800
86500,600,2600,"bu","13:54:03",632700
86500,600,100,"bu","13:54:03",630100
86500,600,600,"bu","13:54:03",630000
86500,600,300,"bu","13:54:03",629400
86500,600,100,"bu","13:54:03",629100
86500,600,100,"bu","13:54:03",629000
86500,600,100,"bu","13:54:03",628900
86500,600,100,"bu","13:54:03",628800
86500,600,500,"bu","13:54:03",628700
86500,600,1500,"bu","13:53:46",628200
86500,600,200,"bu","13:53:46",626700
86500,600,200,"bu","13:53:46",626500
86500,600,100,"bu","13:53:46",626300
86500,600,100,"bu","13:53:46",626200
86500,600,200,"bu","13:53:46",626100
86500,600,100,"bu","13:53:46",625900
86500,600,1000,"bu","13:53:46",625800
86500,600,100,"bu","13:53:46",624800
86500,600,1000,"bu","13:53:46",624700
86500,600,500,"bu","13:53:46",623700
86500,600,1300,"bu","13:53:31",623200
86500,600,100,"bu","13:53:31",621900
86500,600,700,"bu","13:53:31",621800
86500,600,200,"bu","13:53:31",621100
86500,600,100,"bu","13:53:31",620900
86500,600,200,"bu","13:53:31",620800
86400,500,100,"sd","13:53:24",620600
86400,500,1300,"sd","13:53:22",620500
86400,500,100,"sd","13:53:20",619200
86400,500,100,"sd","13:53:16",619100
86400,500,600,"sd","13:53:09",619000
86400,500,100,"sd","13:52:39",618400
86400,500,600,"sd","13:52:36",618300
86400,500,1000,"sd","13:52:36",617700
86400,500,400,"sd","13:52:36",616700
86500,600,300,"bu","13:52:06",616300
86500,600,1000,"bu","13:52:06",616000
86500,600,500,"bu","13:52:06",615000
86500,600,500,"bu","13:52:06",614500
86500,600,100,"bu","13:52:06",614000
86500,600,100,"bu","13:52:06",613900
86500,600,300,"bu","13:52:06",613800
86500,600,200,"bu","13:52:06",613500
86500,600,4800,"bu","13:52:06",613300
86500,600,100,"bu","13:52:06",608500
86500,600,200,"bu","13:52:06",608400
86500,600,200,"bu","13:52:06",608200
86500,600,500,"bu","13:52:06",608000
86500,600,100,"bu","13:52:06",607500
86500,600,100,"bu","13:52:06",607400
86400,500,400,"sd","13:51:50",607300
86400,500,100,"sd","13:51:50",606900
86400,500,100,"sd","13:51:45",606800
86400,500,200,"bu","13:51:20",606700
86300,400,100,"sd","13:51:08",606500
86300,400,500,"sd","13:51:08",606400
86300,400,100,"sd","13:51:08",605900
86300,400,400,"sd","13:50:57",605800
86400,500,100,"sd","13:50:57",605400
86400,500,300,"sd","13:50:57",605300
86400,500,500,"sd","13:50:57",605000
86400,500,100,"sd","13:50:56",604500
86400,500,900,"sd","13:50:55",604400
86400,500,100,"sd","13:50:55",603500
86400,500,800,"sd","13:50:55",603400
86400,500,100,"sd","13:50:55",602600
86400,500,100,"sd","13:50:55",602500
86400,500,200,"sd","13:50:52",602400
86400,500,100,"sd","13:50:49",602200
86400,500,4500,"sd","13:50:45",602100
86400,500,100,"sd","13:50:35",597600
86400,500,200,"sd","13:50:28",597500
86400,500,100,"sd","13:50:01",597300
86400,500,100,"sd","13:50:00",597200
86400,500,100,"sd","13:49:07",597100
86400,500,500,"sd","13:49:07",597000
86500,600,400,"bu","13:49:04",596500
86500,600,100,"bu","13:49:04",596100
86500,600,200,"bu","13:49:04",596000
86500,600,300,"bu","13:49:04",595800
86400,500,500,"sd","13:48:50",595500
86400,500,900,"sd","13:48:33",595000
86400,500,100,"sd","13:48:33",594100
86400,500,100,"sd","13:48:33",594000
86500,600,200,"sd","13:48:33",593900
86500,600,700,"sd","13:48:30",593700
86500,600,300,"sd","13:48:30",593000
86500,600,100,"sd","13:48:17",592700
86500,600,500,"bu","13:48:04",592600
86500,600,100,"bu","13:48:04",592100
86500,600,100,"bu","13:48:04",592000
86500,600,300,"bu","13:47:57",591900
86500,600,100,"bu","13:47:53",591600
86500,600,100,"bu","13:47:53",591500
86500,600,1000,"bu","13:47:53",591400
86500,600,1000,"bu","13:47:53",590400
86500,600,100,"bu","13:47:53",589400
86500,600,100,"bu","13:47:53",589300
86500,600,200,"bu","13:47:53",589200
86500,600,400,"bu","13:47:53",589000
86500,600,200,"bu","13:47:52",588600
86500,600,100,"bu","13:47:52",588400
86500,600,100,"bu","13:47:52",588300
86400,500,100,"sd","13:47:37",588200
86500,600,200,"bu","13:47:33",588100
86500,600,200,"bu","13:47:33",587900
86500,600,200,"bu","13:47:33",587700
86500,600,200,"bu","13:47:33",587500
86500,600,100,"bu","13:47:33",587300
86500,600,100,"bu","13:47:32",587200
86500,600,200,"bu","13:47:32",587100
86500,600,200,"bu","13:47:32",586900
86500,600,100,"bu","13:47:32",586700
86500,600,400,"bu","13:47:32",586600
86500,600,100,"bu","13:47:32",586200
86500,600,100,"bu","13:47:30",586100
86500,600,400,"bu","13:47:30",586000
86500,600,100,"bu","13:47:30",585600
86500,600,100,"bu","13:47:30",585500
86500,600,300,"bu","13:47:30",585400
86500,600,900,"bu","13:47:30",585100
86500,600,100,"bu","13:47:29",584200
86500,600,500,"bu","13:47:24",584100
86500,600,100,"bu","13:47:24",583600
86500,600,300,"bu","13:47:24",583500
86500,600,200,"bu","13:47:24",583200
86500,600,200,"bu","13:47:24",583000
86500,600,500,"bu","13:47:24",582800
86500,600,100,"bu","13:47:24",582300
86500,600,100,"bu","13:47:24",582200
86500,600,100,"bu","13:47:24",582100
86500,600,100,"bu","13:47:24",582000
86500,600,1500,"bu","13:47:24",581900
86500,600,200,"bu","13:47:24",580400
86500,600,300,"bu","13:47:24",580200
86500,600,100,"bu","13:47:24",579900
86500,600,100,"bu","13:47:24",579800
86500,600,200,"bu","13:47:24",579700
86500,600,2000,"bu","13:47:24",579500
86500,600,100,"bu","13:47:24",577500
86500,600,3000,"bu","13:47:24",577400
86500,600,200,"bu","13:47:24",574400
86500,600,100,"bu","13:47:24",574200
86400,500,600,"sd","13:47:06",574100
86400,500,100,"sd","13:46:50",573500
86400,500,100,"sd","13:46:50",573400
86400,500,1300,"sd","13:46:09",573300
86400,500,400,"sd","13:45:49",572000
86400,500,600,"sd","13:45:04",571600
86400,500,1000,"sd","13:44:24",571000
86500,600,800,"bu","13:44:22",570000
86500,600,200,"bu","13:44:22",569200
86500,600,100,"bu","13:44:22",569000
86500,600,200,"bu","13:44:22",568900
86500,600,1000,"bu","13:44:22",568700
86500,600,100,"bu","13:44:22",567700
86500,600,300,"bu","13:44:22",567600
86500,600,500,"bu","13:44:22",567300
86500,600,300,"bu","13:44:21",566800
86500,600,200,"bu","13:44:21",566500
86500,600,1300,"bu","13:44:21",566300
86500,600,700,"bu","13:44:13",565000
86500,600,900,"bu","13:44:13",564300
86500,600,100,"bu","13:44:13",563400
86500,600,100,"bu","13:44:13",563300
86500,600,300,"bu","13:44:13",563200
86500,600,100,"bu","13:44:13",562900
86500,600,500,"bu","13:44:13",562800
86500,600,400,"bu","13:44:13",562300
86500,600,100,"bu","13:44:13",561900
86500,600,100,"bu","13:44:13",561800
86500,600,100,"bu","13:44:13",561700
86500,600,600,"bu","13:44:13",561600
86500,600,500,"bu","13:44:13",561000
86500,600,100,"bu","13:44:13",560500
86500,600,500,"bu","13:44:13",560400
86500,600,100,"bu","13:44:13",559900
86500,600,500,"bu","13:44:13",559800
86500,600,4300,"bu","13:44:13",559300
86400,500,1300,"sd","13:43:44",555000
86400,500,400,"sd","13:43:03",553700
86400,500,200,"sd","13:43:03",553300
86500,600,700,"bu","13:43:00",553100
86500,600,500,"bu","13:43:00",552400
86500,600,200,"bu","13:43:00",551900
86500,600,500,"bu","13:43:00",551700
86500,600,300,"bu","13:43:00",551200
86500,600,1900,"bu","13:43:00",550900
86500,600,300,"bu","13:43:00",549000
86500,600,300,"bu","13:43:00",548700
86500,600,200,"bu","13:43:00",548400
86500,600,100,"bu","13:43:00",548200
86500,600,100,"bu","13:42:24",548100
86500,600,1200,"bu","13:41:41",548000
86500,600,200,"bu","13:41:36",546800
86500,600,100,"bu","13:41:36",546600
86500,600,200,"bu","13:41:36",546500
86500,600,100,"bu","13:41:36",546300
86500,600,100,"bu","13:41:28",546200
86500,600,100,"bu","13:41:28",546100
86500,600,100,"bu","13:41:22",546000
86500,600,100,"bu","13:41:22",545900
86500,600,100,"bu","13:41:22",545800
86500,600,700,"bu","13:41:22",545700
86500,600,200,"bu","13:41:22",545000
86300,400,1300,"sd","13:41:19",544800
86500,600,600,"bu","13:41:17",543500
86500,600,200,"bu","13:41:13",542900
86500,600,100,"bu","13:41:13",542700
86500,600,100,"bu","13:41:13",542600
86500,600,500,"bu","13:41:13",542500
86400,500,200,"bu","13:41:13",542000
86400,500,100,"bu","13:41:13",541800
86400,500,200,"bu","13:41:13",541700
86400,500,200,"bu","13:41:13",541500
86400,500,100,"bu","13:41:13",541300
86400,500,100,"bu","13:41:08",541200
86300,400,600,"sd","13:41:02",541100
86400,500,200,"bu","13:41:00",540500
86400,500,2000,"bu","13:40:56",540300
86400,500,600,"bu","13:40:54",538300
86400,500,900,"bu","13:40:51",537700
86400,500,100,"bu","13:40:51",536800
86400,500,900,"bu","13:40:51",536700
86400,500,100,"bu","13:40:51",535800
86400,500,600,"bu","13:40:36",535700
86400,500,3000,"sd","13:40:27",535100
86400,500,1600,"sd","13:40:27",532100
86400,500,300,"sd","13:39:58",530500
86400,500,100,"sd","13:39:53",530200
86400,500,100,"sd","13:39:40",530100
86400,500,1000,"sd","13:39:12",530000
86400,500,200,"sd","13:39:03",529000
86400,500,600,"sd","13:39:01",528800
86400,500,1000,"sd","13:38:59",528200
86400,500,100,"sd","13:38:55",527200
86400,500,200,"sd","13:38:55",527100
86400,500,900,"sd","13:38:55",526900
86400,500,100,"sd","13:38:55",526000
86400,500,500,"sd","13:38:48",525900
86400,500,200,"bu","13:38:13",525400
86400,500,200,"bu","13:38:13",525200
86400,500,100,"bu","13:38:13",525000
86400,500,100,"bu","13:38:04",524900
86400,500,100,"bu","13:37:57",524800
86400,500,100,"bu","13:37:38",524700
86400,500,200,"bu","13:37:21",524600
86400,500,100,"bu","13:37:21",524400
86400,500,200,"bu","13:37:21",524300
86400,500,100,"bu","13:37:21",524100
86400,500,200,"bu","13:37:15",524000
86400,500,500,"bu","13:37:15",523800
86400,500,200,"bu","13:37:15",523300
86400,500,1100,"bu","13:37:15",523100
86300,400,600,"sd","13:37:00",522000
86400,500,100,"bu","13:36:59",521400
86400,500,100,"bu","13:36:52",521300
86400,500,100,"bu","13:36:52",521200
86400,500,200,"bu","13:36:52",521100
86400,500,100,"bu","13:36:52",520900
86300,400,1300,"sd","13:36:30",520800
86400,500,300,"sd","13:35:40",519500
86500,600,600,"bu","13:35:35",519200
86400,500,100,"sd","13:35:24",518600
86500,600,900,"bu","13:35:23",518500
86500,600,100,"bu","13:35:23",517600
86500,600,200,"bu","13:35:23",517500
86500,600,700,"bu","13:35:23",517300
86400,500,500,"bu","13:35:15",516600
86400,500,100,"bu","13:35:15",516100
86400,500,100,"bu","13:35:15",516000
86400,500,100,"bu","13:35:15",515900
86400,500,100,"bu","13:35:15",515800
86400,500,100,"bu","13:35:15",515700
86400,500,100,"bu","13:35:15",515600
86400,500,100,"bu","13:35:15",515500
86400,500,200,"bu","13:35:15",515400
86400,500,200,"bu","13:35:15",515200
86400,500,100,"bu","13:35:15",515000
86400,500,200,"bu","13:35:15",514900
86400,500,300,"bu","13:35:15",514700
86400,500,200,"bu","13:35:09",514400
86400,500,200,"bu","13:35:09",514200
86400,500,200,"bu","13:35:09",514000
86400,500,200,"bu","13:35:09",513800
86400,500,1000,"bu","13:35:09",513600
86300,400,100,"sd","13:35:02",512600
86300,400,600,"sd","13:34:59",512500
86400,500,600,"bu","13:34:55",511900
86300,400,100,"sd","13:34:48",511300
86400,500,800,"bu","13:34:44",511200
86400,500,1000,"bu","13:34:44",510400
86400,500,100,"bu","13:34:44",509400
86400,500,100,"bu","13:34:44",509300
86400,500,200,"bu","13:34:29",509200
86400,500,100,"bu","13:34:29",509000
86400,500,100,"bu","13:34:29",508900
86400,500,100,"bu","13:34:29",508800
86300,400,900,"sd","13:34:06",508700
86300,400,100,"sd","13:34:06",507800
86300,400,300,"sd","13:34:06",507700
86400,500,900,"sd","13:33:27",507400
86400,500,100,"sd","13:33:24",506500
86400,500,100,"bu","13:33:20",506400
86400,500,100,"bu","13:33:20",506300
86400,500,200,"bu","13:33:20",506200
86400,500,200,"bu","13:33:20",506000
86400,500,100,"bu","13:33:20",505800
86400,500,200,"bu","13:33:20",505700
86400,500,100,"bu","13:33:20",505500
86400,500,2900,"sd","13:32:59",505400
86400,500,600,"sd","13:32:57",502500
86400,500,300,"sd","13:32:52",501900
86400,500,100,"sd","13:32:45",501600
86400,500,500,"sd","13:32:45",501500
86400,500,200,"bu","13:32:43",501000
86400,500,400,"bu","13:32:43",500800
86400,500,100,"bu","13:32:15",500400
86400,500,100,"bu","13:32:15",500300
86400,500,100,"bu","13:32:15",500200
86400,500,100,"bu","13:32:15",500100
86400,500,100,"bu","13:32:15",500000
86400,500,400,"bu","13:31:54",499900
86400,500,300,"bu","13:31:54",499500
86400,500,300,"bu","13:31:54",499200
86400,500,200,"bu","13:31:53",498900
86400,500,200,"bu","13:31:53",498700
86400,500,100,"bu","13:31:53",498500
86400,500,100,"bu","13:31:53",498400
86400,500,200,"bu","13:31:53",498300
86400,500,100,"bu","13:31:53",498100
86400,500,100,"bu","13:31:53",498000
86300,400,100,"sd","13:31:52",497900
86300,400,1300,"sd","13:31:41",497800
86300,400,100,"sd","13:31:24",496500
86300,400,600,"sd","13:30:55",496400
86400,500,100,"sd","13:29:25",495800
86400,500,2700,"sd","13:29:25",495700
86400,500,1300,"sd","13:29:17",493000
86400,500,100,"sd","13:29:08",491700
86400,500,600,"sd","13:28:55",491600
86400,500,300,"sd","13:28:26",491000
86400,500,100,"bu","13:28:03",490700
86400,500,100,"bu","13:27:12",490600
86400,500,100,"bu","13:27:12",490500
86400,500,200,"bu","13:27:12",490400
86400,500,100,"bu","13:27:12",490200
86400,500,100,"bu","13:27:12",490100
86400,500,100,"bu","13:27:12",490000
86400,500,100,"bu","13:27:12",489900
86400,500,100,"bu","13:27:12",489800
86400,500,100,"bu","13:27:12",489700
86300,400,600,"sd","13:26:54",489600
86300,400,100,"sd","13:26:52",489000
86300,400,100,"sd","13:26:52",488900
86300,400,100,"sd","13:26:52",488800
86300,400,200,"sd","13:26:52",488700
86300,400,800,"sd","13:26:52",488500
86300,400,100,"sd","13:26:35",487700
86400,500,500,"bu","13:25:42",487600
86400,500,100,"bu","13:25:42",487100
86400,500,200,"bu","13:25:42",487000
86400,500,100,"bu","13:25:42",486800
86400,500,100,"bu","13:25:42",486700
86300,400,100,"sd","13:25:00",486600
86300,400,400,"sd","13:25:00",486500
86300,400,500,"sd","13:24:53",486100
86300,400,100,"sd","13:24:53",485600
86300,400,100,"sd","13:24:34",485500
86300,400,700,"sd","13:24:28",485400
86300,400,600,"sd","13:24:28",484700
86300,400,100,"sd","13:23:32",484100
86300,400,100,"sd","13:23:32",484000
86300,400,100,"sd","13:23:32",483900
86300,400,600,"sd","13:22:52",483800
86400,500,100,"bu","13:22:31",483200
86400,500,200,"bu","13:22:31",483100
86400,500,100,"bu","13:22:22",482900
86400,500,700,"sd","13:22:17",482800
86400,500,300,"bu","13:22:09",482100
86400,500,100,"sd","13:22:03",481800
86400,500,500,"sd","13:22:03",481700
86300,400,400,"sd","13:22:03",481200
86300,400,300,"sd","13:22:03",480800
86400,500,200,"bu","13:21:36",480500
86400,500,100,"bu","13:21:36",480300
86400,500,100,"bu","13:21:36",480200
86400,500,900,"bu","13:21:36",480100
86400,500,100,"bu","13:21:36",479200
86400,500,500,"bu","13:20:54",479100
86400,500,100,"bu","13:20:54",478600
86400,500,200,"bu","13:20:54",478500
86400,500,1000,"bu","13:20:54",478300
86400,500,200,"bu","13:20:54",477300
86400,500,100,"bu","13:20:54",477100
86400,500,100,"bu","13:20:54",477000
86400,500,400,"bu","13:20:54",476900
86400,500,100,"bu","13:20:54",476500
86400,500,200,"bu","13:20:54",476400
86400,500,100,"bu","13:20:54",476200
86300,400,600,"sd","13:20:50",476100
86300,400,100,"sd","13:20:37",475500
86400,500,100,"bu","13:20:21",475400
86400,500,200,"bu","13:20:21",475300
86300,400,100,"sd","13:19:45",475100
86300,400,500,"sd","13:19:42",475000
86300,400,1300,"sd","13:19:39",474500
86300,400,600,"sd","13:18:49",473200
86400,500,100,"bu","13:18:02",472600
86400,500,300,"bu","13:18:02",472500
86400,500,400,"bu","13:18:02",472200
86400,500,100,"bu","13:18:02",471800
86400,500,100,"bu","13:18:02",471700
86300,400,1300,"sd","13:17:14",471600
86300,400,200,"sd","13:16:48",470300
86300,400,100,"sd","13:16:48",470100
86300,400,200,"sd","13:16:48",470000
86300,400,100,"sd","13:16:48",469800
86400,500,200,"sd","13:16:32",469700
86400,500,100,"bu","13:16:09",469500
86400,500,700,"bu","13:16:08",469400
86400,500,300,"bu","13:16:02",468700
86400,500,100,"bu","13:16:02",468400
86400,500,100,"bu","13:16:02",468300
86400,500,100,"bu","13:16:02",468200
86400,500,100,"bu","13:16:02",468100
86400,500,100,"bu","13:16:02",468000
86400,500,200,"bu","13:16:02",467900
86300,400,100,"sd","13:14:50",467700
86300,400,100,"sd","13:14:50",467600
86300,400,700,"sd","13:14:50",467500
86300,400,400,"sd","13:14:50",466800
86300,400,100,"sd","13:14:49",466400
86300,400,600,"sd","13:14:47",466300
86300,400,100,"sd","13:14:02",465700
86300,400,400,"sd","13:13:56",465600
86300,400,1000,"sd","13:13:46",465200
86300,400,300,"sd","13:12:56",464200
86300,400,100,"sd","13:12:46",463900
86300,400,500,"sd","13:12:46",463800
86300,400,1300,"sd","13:12:25",463300
86300,400,200,"sd","13:11:42",462000
86300,400,100,"sd","13:11:42",461800
86400,500,100,"bu","13:11:39",461700
86400,500,100,"bu","13:11:39",461600
86300,400,600,"sd","13:10:44",461500
86300,400,100,"sd","13:10:28",460900
86300,400,200,"sd","13:10:24",460800
86300,400,100,"sd","13:10:24",460600
86300,400,700,"sd","13:10:24",460500
86300,400,100,"sd","13:10:13",459800
86300,400,100,"sd","13:10:12",459700
86300,400,100,"sd","13:10:12",459600
86300,400,500,"sd","13:10:12",459500
86300,400,300,"sd","13:10:12",459000
86300,400,2000,"sd","13:10:06",458700
86300,400,1200,"sd","13:10:01",456700
86300,400,100,"sd","13:10:01",455500
86300,400,600,"sd","13:09:50",455400
86300,400,300,"sd","13:09:50",454800
86300,400,100,"sd","13:09:17",454500
86300,400,600,"sd","13:08:43",454400
86300,400,200,"sd","13:08:18",453800
86300,400,400,"sd","13:07:36",453600
86300,400,1300,"sd","13:07:36",453200
86300,400,100,"sd","13:06:42",451900
86300,400,100,"sd","13:06:42",451800
86300,400,100,"sd","13:06:42",451700
86300,400,300,"sd","13:06:42",451600
86300,400,600,"sd","13:05:44",451300
86300,400,100,"sd","13:05:44",450700
86300,400,900,"sd","13:05:44",450600
86300,400,1400,"sd","13:05:44",449700
86400,500,100,"sd","13:05:27",448300
86400,500,100,"sd","13:05:27",448200
86400,500,200,"bu","13:05:23",448100
86400,500,100,"bu","13:05:23",447900
86300,400,300,"sd","13:05:23",447800
86400,500,100,"bu","13:05:23",447500
86400,500,100,"bu","13:05:23",447400
86400,500,300,"bu","13:05:23",447300
86400,500,700,"bu","13:05:23",447000
86400,500,100,"bu","13:05:23",446300
86400,500,100,"bu","13:05:23",446200
86400,500,100,"bu","13:05:23",446100
86300,400,1300,"sd","13:05:12",446000
86300,400,200,"sd","13:04:48",444700
86300,400,200,"sd","13:04:46",444500
86300,400,100,"sd","13:04:43",444300
86300,400,600,"sd","13:04:41",444200
86300,400,100,"sd","13:04:36",443600
86300,400,100,"sd","13:04:33",443500
86300,400,100,"sd","13:04:32",443400
86300,400,300,"sd","13:04:28",443300
86300,400,100,"sd","13:04:01",443000
86300,400,200,"sd","13:03:31",442900
86300,400,700,"sd","13:03:31",442700
86300,400,1300,"sd","13:02:47",442000
86300,400,100,"sd","13:02:46",440700
86300,400,600,"sd","13:02:40",440600
86400,500,2100,"sd","13:01:48",440000
86400,500,1900,"sd","13:01:48",437900
86400,500,200,"sd","13:01:38",436000
86500,600,300,"bu","13:01:38",435800
86500,600,700,"bu","13:01:38",435500
86400,500,100,"sd","13:01:38",434800
86400,500,500,"sd","13:01:38",434700
86400,500,100,"sd","13:01:08",434200
86400,500,100,"sd","13:01:03",434100
86400,500,100,"bu","13:01:01",434000
86400,500,100,"bu","13:00:57",433900
86400,500,500,"bu","13:00:57",433800
86400,500,100,"bu","13:00:57",433300
86400,500,100,"bu","13:00:57",433200
86400,500,100,"bu","13:00:57",433100
86400,500,100,"bu","13:00:57",433000
86300,400,100,"sd","13:00:55",432900
86300,400,100,"sd","13:00:48",432800
86300,400,100,"sd","13:00:45",432700
86300,400,600,"sd","13:00:39",432600
86300,400,1200,"sd","13:00:23",432000
86400,500,100,"sd","13:00:22",430800
86500,600,100,"bu","13:00:21",430700
86400,500,100,"sd","13:00:20",430600
86400,500,100,"sd","13:00:17",430500
86400,500,100,"bu","13:00:17",430400
86400,500,100,"bu","13:00:17",430300
86300,400,1200,"sd","13:00:15",430200
86300,400,3000,"sd","13:00:15",429000
86300,400,100,"sd","13:00:15",426000
86300,400,800,"sd","13:00:15",425900
86300,400,100,"sd","13:00:15",425100
86300,400,200,"sd","13:00:15",425000
86400,500,300,"sd","13:00:15",424800
86400,500,300,"sd","13:00:15",424500
86400,500,500,"sd","13:00:15",424200
86500,600,100,"bu","13:00:13",423700
86400,500,300,"sd","13:00:12",423600
86400,500,700,"sd","13:00:09",423300
86400,500,300,"sd","13:00:09",422600
86400,500,100,"sd","13:00:04",422300
86400,500,600,"sd","13:00:04",422200
86400,500,1500,"sd","13:00:04",421600
86500,600,100,"bu","13:00:03",420100
86500,600,100,"bu","13:00:03",420000
86400,500,1000,"sd","13:00:00",419900
86400,500,500,"sd","13:00:00",418900
86400,500,100,"sd","13:00:00",418400
86400,500,1000,"sd","13:00:00",418300
86400,500,500,"sd","13:00:00",417300
86500,600,100,"bu","13:00:00",416800
86400,500,100,"sd","13:00:00",416700
86500,600,100,"bu","13:00:00",416600
86400,500,100,"sd","13:00:00",416500
86500,600,100,"bu","11:29:51",416400
86500,600,200,"bu","11:29:51",416300
86500,600,100,"bu","11:29:51",416100
86500,600,500,"bu","11:29:51",416000
86500,600,900,"bu","11:29:51",415500
86500,600,100,"bu","11:29:51",414600
86500,600,100,"bu","11:29:51",414500
86400,500,200,"sd","11:29:46",414400
86400,500,100,"sd","11:29:46",414200
86400,500,900,"sd","11:29:46",414100
86400,500,100,"sd","11:29:28",413200
86400,500,600,"sd","11:28:38",413100
86500,600,100,"bu","11:28:01",412500
86400,500,400,"sd","11:27:58",412400
86400,500,900,"sd","11:27:58",412000
86500,600,200,"bu","11:27:53",411100
86500,600,100,"bu","11:27:52",410900
86500,600,100,"bu","11:27:52",410800
86500,600,100,"bu","11:27:52",410700
86500,600,200,"bu","11:27:42",410600
86500,600,100,"bu","11:27:42",410400
86500,600,500,"bu","11:27:42",410300
86500,600,500,"bu","11:27:42",409800
86500,600,100,"bu","11:27:42",409300
86500,600,500,"bu","11:27:42",409200
86500,600,500,"bu","11:27:42",408700
86500,600,500,"bu","11:27:42",408200
86500,600,500,"bu","11:27:42",407700
86500,600,100,"bu","11:27:42",407200
86500,600,100,"bu","11:27:42",407100
86500,600,100,"bu","11:27:42",407000
86500,600,100,"bu","11:27:42",406900
86500,600,100,"bu","11:27:42",406800
86500,600,100,"bu","11:27:42",406700
86500,600,100,"bu","11:27:41",406600
86500,600,100,"bu","11:27:41",406500
86500,600,200,"bu","11:27:41",406400
86500,600,100,"bu","11:27:32",406200
86500,600,700,"bu","11:27:32",406100
86500,600,100,"bu","11:27:32",405400
86500,600,400,"bu","11:27:32",405300
86500,600,100,"bu","11:27:32",404900
86500,600,400,"bu","11:27:32",404800
86500,600,100,"bu","11:27:32",404400
86500,600,100,"bu","11:27:32",404300
86400,500,600,"sd","11:26:36",404200
86400,500,100,"sd","11:26:34",403600
86400,500,100,"sd","11:26:32",403500
86400,500,1300,"sd","11:25:34",403400
86400,500,100,"sd","11:25:30",402100
86500,600,100,"bu","11:25:07",402000
86500,600,1200,"bu","11:24:44",401900
86500,600,100,"bu","11:24:36",400700
86400,500,600,"sd","11:24:35",400600
86400,500,100,"sd","11:24:03",400000
86400,500,100,"sd","11:23:41",399900
86400,500,100,"sd","11:23:22",399800
86400,500,200,"sd","11:23:22",399700
86400,500,100,"sd","11:23:22",399500
86400,500,100,"sd","11:23:22",399400
86400,500,900,"sd","11:23:09",399300
86400,500,400,"sd","11:23:09",398400
86400,500,400,"sd","11:22:34",398000
86400,500,100,"sd","11:22:34",397600
86400,500,100,"sd","11:22:34",397500
86500,600,100,"bu","11:21:48",397400
86500,600,100,"bu","11:21:34",397300
86500,600,100,"bu","11:21:34",397200
86500,600,100,"bu","11:21:34",397100
86500,600,200,"bu","11:21:34",397000
86500,600,200,"bu","11:21:28",396800
86500,600,1900,"bu","11:21:28",396600
86500,600,200,"bu","11:21:28",394700
86500,600,500,"bu","11:21:27",394500
86500,600,100,"bu","11:21:27",394000
86500,600,500,"bu","11:21:27",393900
86500,600,600,"bu","11:21:27",393400
86300,400,500,"sd","11:20:45",392800
86400,500,800,"sd","11:20:45",392300
86400,500,200,"sd","11:20:40",391500
86500,600,1000,"bu","11:20:37",391300
86300,400,300,"sd","11:20:33",390300
86300,400,100,"sd","11:20:33",390000
86400,500,200,"sd","11:20:33",389900
86500,600,500,"bu","11:20:29",389700
86500,600,100,"bu","11:20:29",389200
86500,600,100,"bu","11:20:29",389100
86500,600,100,"bu","11:20:29",389000
86500,600,100,"bu","11:20:29",388900
86500,600,100,"bu","11:20:29",388800
86500,600,700,"bu","11:20:29",388700
86500,600,200,"bu","11:20:29",388000
86500,600,100,"bu","11:20:29",387800
86500,600,100,"bu","11:20:22",387700
86500,600,100,"bu","11:20:22",387600
86500,600,100,"bu","11:20:22",387500
86500,600,1600,"bu","11:20:22",387400
86500,600,1000,"bu","11:20:20",385800
86500,600,1000,"bu","11:20:20",384800
86500,600,1000,"bu","11:20:19",383800
86500,600,1000,"bu","11:20:19",382800
86500,600,1000,"bu","11:20:18",381800
86500,600,2300,"bu","11:20:11",380800
86400,500,100,"bu","11:20:11",378500
86400,500,300,"bu","11:20:05",378400
86400,500,100,"bu","11:20:05",378100
86400,500,100,"bu","11:20:05",378000
86400,500,100,"bu","11:20:05",377900
86400,500,100,"bu","11:20:05",377800
86400,500,100,"bu","11:20:05",377700
86400,500,200,"bu","11:20:05",377600
86400,500,500,"bu","11:20:05",377400
86400,500,100,"bu","11:20:05",376900
86400,500,100,"bu","11:20:05",376800
86400,500,300,"bu","11:20:05",376700
86400,500,500,"bu","11:20:05",376400
86400,500,100,"bu","11:20:05",375900
86400,500,300,"bu","11:20:05",375800
86400,500,100,"bu","11:20:05",375500
86400,500,1000,"bu","11:20:05",375400
86400,500,1500,"bu","11:20:00",374400
86400,500,900,"bu","11:20:00",372900
86300,400,300,"bu","11:19:24",372000
86300,400,100,"bu","11:19:24",371700
86300,400,100,"bu","11:19:24",371600
86300,400,100,"bu","11:19:24",371500
86300,400,400,"bu","11:19:24",371400
86200,300,200,"sd","11:19:18",371000
86200,300,1300,"sd","11:18:20",370800
86300,400,100,"bu","11:16:55",369500
86400,500,100,"bu","11:16:28",369400
86200,300,800,"sd","11:15:57",369300
86200,300,100,"sd","11:15:57",368500
86300,400,400,"sd","11:15:57",368400
86300,400,400,"bu","11:15:47",368000
86300,400,100,"bu","11:15:47",367600
86300,400,1000,"bu","11:15:47",367500
86300,400,100,"bu","11:15:47",366500
86300,400,1400,"bu","11:15:41",366400
86300,400,100,"bu","11:15:41",365000
86300,400,300,"bu","11:15:41",364900
86300,400,100,"bu","11:15:41",364600
86300,400,1000,"bu","11:15:41",364500
86300,400,100,"bu","11:15:41",363500
86300,400,400,"bu","11:15:37",363400
86300,400,700,"bu","11:15:37",363000
86300,400,100,"bu","11:15:12",362300
86300,400,100,"bu","11:15:12",362200
86300,400,200,"bu","11:15:12",362100
86300,400,100,"bu","11:15:12",361900
86300,400,100,"bu","11:15:11",361800
86300,400,200,"bu","11:15:08",361700
86300,400,100,"bu","11:15:08",361500
86300,400,100,"bu","11:15:08",361400
86300,400,300,"bu","11:15:08",361300
86300,400,400,"bu","11:15:08",361000
86300,400,100,"bu","11:15:03",360600
86300,400,500,"bu","11:15:02",360500
86300,400,300,"bu","11:15:02",360000
86300,400,100,"bu","11:15:02",359700
86300,400,100,"bu","11:15:02",359600
86300,400,500,"bu","11:15:02",359500
86300,400,100,"bu","11:15:02",359000
86300,400,300,"bu","11:15:02",358900
86300,400,100,"bu","11:14:52",358600
86300,400,800,"bu","11:14:52",358500
86300,400,1000,"bu","11:14:52",357700
86300,400,100,"bu","11:14:52",356700
86300,400,700,"bu","11:14:41",356600
86300,400,100,"bu","11:14:41",355900
86300,400,100,"bu","11:14:41",355800
86300,400,900,"bu","11:14:41",355700
86300,400,100,"bu","11:14:41",354800
86300,400,100,"bu","11:14:41",354700
86300,400,1000,"bu","11:13:44",354600
86300,400,1000,"bu","11:13:44",353600
86300,400,1000,"bu","11:13:44",352600
86300,400,800,"bu","11:13:44",351600
86200,300,200,"bu","11:13:36",350800
86200,300,1800,"bu","11:13:32",350600
86200,300,100,"bu","11:13:32",348800
86200,300,400,"bu","11:13:32",348700
86200,300,600,"bu","11:13:32",348300
86200,300,100,"bu","11:13:32",347700
86200,300,100,"bu","11:13:32",347600
86200,300,500,"bu","11:13:32",347500
86200,300,100,"bu","11:13:32",347000
86200,300,300,"bu","11:13:32",346900
86200,300,400,"bu","11:13:32",346600
86200,300,100,"bu","11:13:32",346200
86200,300,300,"bu","11:13:32",346100
86200,300,300,"bu","11:13:32",345800
86200,300,100,"bu","11:13:32",345500
86200,300,100,"bu","11:13:32",345400
86100,200,1200,"sd","11:13:31",345300
86100,200,100,"sd","11:13:31",344100
86200,300,200,"bu","11:13:25",344000
86200,300,100,"bu","11:13:25",343800
86200,300,100,"bu","11:13:25",343700
86200,300,400,"bu","11:13:25",343600
86200,300,500,"bu","11:13:25",343200
86200,300,200,"bu","11:13:25",342700
86200,300,1000,"bu","11:13:25",342500
86200,300,1500,"bu","11:13:25",341500
86200,300,100,"bu","11:13:25",340000
86200,300,500,"bu","11:13:25",339900
86200,300,300,"bu","11:13:25",339400
86200,300,100,"bu","11:13:25",339100
86200,300,500,"bu","11:13:21",339000
86200,300,200,"bu","11:13:21",338500
86200,300,200,"bu","11:13:21",338300
86200,300,200,"bu","11:13:21",338100
86200,300,100,"bu","11:13:21",337900
86200,300,200,"bu","11:13:21",337800
86200,300,100,"bu","11:13:21",337600
86200,300,300,"bu","11:13:21",337500
86200,300,200,"bu","11:13:21",337200
86200,300,1800,"bu","11:13:16",337000
86200,300,200,"bu","11:13:16",335200
86100,200,100,"sd","11:13:02",335000
86100,200,500,"sd","11:12:38",334900
86100,200,100,"sd","11:12:05",334400
86100,200,100,"bu","11:11:22",334300
86100,200,400,"bu","11:11:22",334200
86100,200,500,"bu","11:11:22",333800
86100,200,100,"bu","11:11:22",333300
86100,200,100,"bu","11:11:22",333200
86100,200,100,"bu","11:11:16",333100
86100,200,100,"bu","11:11:16",333000
86100,200,200,"bu","11:11:16",332900
86100,200,100,"bu","11:11:16",332700
86100,200,3000,"bu","11:11:12",332600
86100,200,400,"bu","11:11:08",329600
86100,200,100,"bu","11:11:08",329200
86000,100,1300,"sd","11:11:08",329100
86100,200,200,"bu","11:10:34",327800
86000,100,100,"sd","11:10:16",327600
86000,100,200,"sd","11:09:25",327500
86000,100,900,"sd","11:08:42",327300
86000,100,400,"sd","11:08:42",326400
86000,100,600,"sd","11:08:15",326000
86000,100,100,"sd","11:08:15",325400
86000,100,600,"sd","11:08:15",325300
86100,200,1700,"bu","11:07:50",324700
86100,200,100,"bu","11:07:50",323000
86100,200,200,"bu","11:07:50",322900
86100,200,700,"bu","11:07:26",322700
86100,200,500,"bu","11:07:26",322000
86100,200,300,"bu","11:07:26",321500
86100,200,300,"bu","11:07:26",321200
86100,200,200,"bu","11:07:26",320900
86100,200,1800,"bu","11:07:26",320700
86100,200,100,"bu","11:07:26",318900
86100,200,500,"bu","11:07:26",318800
86100,200,300,"bu","11:07:26",318300
86100,200,100,"bu","11:07:26",318000
86100,200,100,"bu","11:07:26",317900
86100,200,100,"bu","11:07:26",317800
86000,100,200,"sd","11:06:18",317700
86000,100,1000,"sd","11:06:18",317500
86000,100,100,"sd","11:06:18",316500
86100,200,200,"bu","11:06:09",316400
86100,200,300,"bu","11:06:09",316200
86100,200,200,"bu","11:05:52",315900
86100,200,400,"bu","11:05:52",315700
86100,200,300,"bu","11:05:52",315300
86100,200,100,"bu","11:05:52",315000
86100,200,500,"bu","11:05:52",314900
86100,200,2500,"bu","11:05:52",314400
86100,200,2700,"bu","11:05:46",311900
86100,200,200,"bu","11:05:46",309200
86100,200,100,"bu","11:05:46",309000
86100,200,100,"bu","11:05:00",308900
86100,200,700,"bu","11:05:00",308800
86100,200,100,"bu","11:05:00",308100
86100,200,200,"bu","11:05:00",308000
86100,200,400,"bu","11:05:00",307800
86100,200,200,"bu","11:05:00",307400
86100,200,100,"bu","11:05:00",307200
86100,200,100,"bu","11:05:00",307100
86100,200,100,"bu","11:05:00",307000
86100,200,100,"bu","11:04:12",306900
86100,200,500,"bu","11:04:12",306800
86100,200,1300,"bu","11:04:05",306300
86100,200,900,"bu","11:04:05",305000
86100,200,600,"bu","11:04:03",304100
86100,200,500,"bu","11:03:56",303500
86100,200,2000,"bu","11:03:56",303000
86100,200,500,"bu","11:03:56",301000
86100,200,800,"bu","11:03:55",300500
86000,100,1300,"bu","11:03:55",299700
86100,200,100,"bu","11:03:45",298400
86100,200,300,"bu","11:03:45",298300
86100,200,100,"bu","11:03:45",298000
86000,100,200,"unknown","11:03:45",297900
86000,100,100,"bu","11:03:45",297700
86000,100,800,"bu","11:03:45",297600
86100,200,600,"bu","11:03:45",296800
86000,100,500,"bu","11:03:41",296200
86000,100,200,"bu","11:03:41",295700
86000,100,300,"bu","11:03:41",295500
86000,100,200,"bu","11:03:41",295200
86000,100,300,"bu","11:03:41",295000
86000,100,200,"bu","11:03:41",294700
86000,100,300,"bu","11:03:41",294500
86000,100,200,"bu","11:03:40",294200
86000,100,200,"bu","11:03:40",294000
86000,100,600,"bu","11:03:40",293800
86000,100,600,"bu","11:03:35",293200
86000,100,400,"bu","11:03:35",292600
86000,100,100,"bu","11:03:35",292200
86000,100,100,"bu","11:03:35",292100
86000,100,400,"bu","11:03:35",292000
86000,100,100,"bu","11:03:35",291600
86000,100,200,"bu","11:03:35",291500
86000,100,300,"bu","11:03:35",291300
86000,100,200,"bu","11:03:35",291000
86000,100,300,"bu","11:03:35",290800
86000,100,300,"bu","11:03:35",290500
86000,100,700,"bu","11:03:29",290200
86000,100,300,"bu","11:03:29",289500
86000,100,400,"bu","11:03:29",289200
86000,100,400,"bu","11:03:29",288800
86000,100,100,"bu","11:03:28",288400
86000,100,400,"bu","11:03:28",288300
86000,100,100,"bu","11:03:18",287900
86000,100,2200,"bu","11:03:18",287800
86000,100,2200,"bu","11:03:06",285600
86000,100,2000,"bu","11:02:57",283400
86000,100,600,"bu","11:02:55",281400
86000,100,2300,"bu","11:02:47",280800
86000,100,700,"bu","11:02:32",278500
86000,100,300,"bu","11:02:32",277800
86000,100,100,"bu","11:02:32",277500
86000,100,900,"bu","11:02:32",277400
86000,100,100,"bu","11:02:28",276500
86000,100,800,"bu","11:02:28",276400
86000,100,100,"bu","11:02:28",275600
86000,100,1000,"bu","11:02:28",275500
86000,100,800,"bu","11:02:19",274500
86000,100,1000,"bu","11:02:19",273700
86000,100,100,"bu","11:02:19",272700
86000,100,100,"bu","11:02:19",272600
86000,100,1000,"bu","11:02:14",272500
86000,100,1000,"bu","11:02:14",271500
86000,100,1000,"bu","11:02:14",270500
86000,100,1000,"bu","11:02:12",269500
86000,100,1000,"bu","11:02:12",268500
86000,100,700,"bu","11:02:11",267500
86000,100,100,"bu","11:02:11",266800
86000,100,200,"bu","11:02:11",266700
86000,100,1000,"bu","11:02:11",266500
85900,0,300,"sd","11:01:49",265500
86000,100,600,"bu","11:01:14",265200
86000,100,100,"bu","11:01:14",264600
86000,100,2300,"bu","11:01:14",264500
86000,100,2700,"bu","11:00:32",262200
86000,100,100,"bu","11:00:32",259500
86000,100,200,"bu","11:00:32",259400
86000,100,100,"bu","11:00:30",259200
86000,100,200,"bu","11:00:30",259100
86000,100,800,"bu","11:00:30",258900
86000,100,1400,"bu","10:59:25",258100
86000,100,1200,"bu","10:59:25",256700
86000,100,200,"bu","10:59:25",255500
86000,100,3200,"bu","10:59:25",255300
85900,0,100,"sd","10:58:11",252100
85900,0,100,"sd","10:58:11",252000
85900,0,100,"sd","10:57:37",251900
85900,0,800,"sd","10:56:36",251800
85900,0,200,"sd","10:56:36",251000
85900,0,100,"sd","10:56:32",250800
85900,0,100,"sd","10:55:14",250700
86000,100,600,"bu","10:54:42",250600
86000,100,1000,"bu","10:54:33",250000
86000,100,300,"bu","10:54:31",249000
86000,100,2200,"bu","10:54:16",248700
85900,0,100,"sd","10:54:08",246500
86000,100,400,"bu","10:54:06",246400
86000,100,700,"bu","10:54:06",246000
86000,100,100,"bu","10:54:06",245300
86000,100,100,"bu","10:54:06",245200
86000,100,300,"bu","10:54:06",245100
86000,100,100,"bu","10:54:06",244800
86000,100,200,"bu","10:54:06",244700
86000,100,200,"bu","10:54:06",244500
85900,0,100,"sd","10:54:02",244300
86000,100,100,"bu","10:54:02",244200
86000,100,300,"bu","10:54:02",244100
85900,0,200,"sd","10:53:13",243800
85900,0,200,"unknown","10:53:09",243600
85900,0,100,"bu","10:53:08",243400
85900,0,100,"bu","10:53:08",243300
85900,0,600,"bu","10:53:08",243200
85900,0,100,"bu","10:53:08",242600
85900,0,100,"bu","10:53:08",242500
85800,-100,600,"sd","10:53:02",242400
85800,-100,400,"sd","10:53:02",241800
85900,0,300,"bu","10:52:59",241400
85900,0,500,"bu","10:52:59",241100
85900,0,500,"bu","10:52:59",240600
85900,0,100,"bu","10:52:59",240100
85800,-100,300,"sd","10:52:45",240000
85800,-100,100,"sd","10:52:22",239700
85800,-100,900,"sd","10:52:22",239600
85900,0,100,"bu","10:51:00",238700
85900,0,100,"bu","10:51:00",238600
85900,0,100,"bu","10:51:00",238500
85900,0,500,"bu","10:51:00",238400
85900,0,100,"bu","10:51:00",237900
85900,0,100,"bu","10:51:00",237800
85800,-100,100,"sd","10:51:00",237700
85800,-100,100,"sd","10:50:29",237600
85800,-100,100,"sd","10:50:27",237500
85800,-100,100,"sd","10:50:27",237400
85900,0,100,"sd","10:49:24",237300
85900,0,200,"sd","10:49:24",237200
85900,0,100,"sd","10:49:24",237000
85900,0,100,"sd","10:49:24",236900
85900,0,1000,"sd","10:49:24",236800
85900,0,100,"sd","10:49:24",235800
85900,0,100,"sd","10:49:15",235700
85900,0,100,"bu","10:48:15",235600
85900,0,100,"bu","10:48:15",235500
85900,0,100,"bu","10:48:15",235400
85900,0,100,"bu","10:48:15",235300
85900,0,1200,"bu","10:48:15",235200
85900,0,200,"bu","10:48:15",234000
85900,0,1000,"sd","10:47:30",233800
85900,0,800,"sd","10:47:30",232800
85900,0,100,"sd","10:47:29",232000
85900,0,100,"sd","10:47:28",231900
85900,0,800,"sd","10:47:21",231800
85900,0,100,"sd","10:47:21",231000
85900,0,100,"sd","10:47:21",230900
85800,-100,100,"sd","10:45:44",230800
86000,100,100,"bu","10:44:23",230700
86000,100,100,"bu","10:44:23",230600
86000,100,200,"bu","10:44:23",230500
86000,100,100,"bu","10:44:23",230300
86000,100,400,"bu","10:44:23",230200
86000,100,100,"bu","10:44:23",229800
86000,100,100,"bu","10:44:23",229700
85800,-100,100,"sd","10:43:58",229600
86000,100,300,"bu","10:43:08",229500
86000,100,100,"bu","10:43:08",229200
86000,100,500,"bu","10:43:08",229100
86000,100,300,"bu","10:43:08",228600
86000,100,100,"bu","10:43:08",228300
86000,100,500,"bu","10:43:08",228200
86000,100,300,"bu","10:43:08",227700
86000,100,100,"bu","10:43:08",227400
86000,100,100,"bu","10:43:08",227300
86000,100,100,"bu","10:42:39",227200
86000,100,500,"bu","10:42:39",227100
86000,100,300,"bu","10:42:39",226600
86000,100,100,"bu","10:42:39",226300
86000,100,300,"bu","10:42:37",226200
86000,100,500,"bu","10:42:37",225900
86000,100,100,"bu","10:42:37",225400
86000,100,200,"bu","10:42:37",225300
86000,100,100,"bu","10:42:37",225100
86000,100,100,"bu","10:42:37",225000
86000,100,100,"bu","10:42:37",224900
86000,100,400,"bu","10:42:37",224800
86000,100,100,"bu","10:42:27",224400
86000,100,300,"bu","10:42:27",224300
86000,100,100,"bu","10:42:27",224000
86000,100,700,"bu","10:42:27",223900
86000,100,2100,"bu","10:42:18",223200
86000,100,1000,"bu","10:42:13",221100
85900,0,100,"sd","10:42:09",220100
86000,100,1200,"bu","10:42:08",220000
86000,100,100,"bu","10:42:08",218800
86000,100,100,"bu","10:42:08",218700
85900,0,100,"sd","10:42:03",218600
86000,100,1900,"bu","10:41:59",218500
86000,100,100,"bu","10:41:59",216600
86000,100,100,"bu","10:41:59",216500
86000,100,100,"bu","10:41:59",216400
86000,100,200,"bu","10:41:59",216300
86000,100,300,"bu","10:41:23",216100
86000,100,700,"bu","10:41:23",215800
86000,100,1000,"bu","10:41:02",215100
86000,100,1000,"bu","10:40:55",214100
86000,100,2800,"bu","10:40:21",213100
85900,0,200,"bu","10:40:21",210300
86000,100,1000,"bu","10:40:02",210100
86000,100,1000,"bu","10:40:02",209100
86000,100,1000,"bu","10:40:02",208100
86000,100,1000,"bu","10:39:59",207100
86000,100,500,"bu","10:39:52",206100
86000,100,100,"bu","10:39:52",205600
86000,100,100,"bu","10:39:52",205500
86000,100,500,"bu","10:39:52",205400
86000,100,400,"bu","10:39:52",204900
85900,0,100,"bu","10:39:52",204500
85900,0,100,"bu","10:39:52",204400
85900,0,200,"bu","10:39:52",204300
85900,0,200,"bu","10:39:52",204100
85900,0,1700,"bu","10:39:43",203900
85900,0,300,"bu","10:39:43",202200
85900,0,200,"bu","10:39:43",201900
85900,0,300,"bu","10:39:32",201700
85700,-200,1000,"sd","10:39:28",201400
85700,-200,100,"sd","10:38:42",200400
85700,-200,100,"sd","10:36:45",200300
86000,100,500,"bu","10:35:02",200200
86000,100,100,"bu","10:35:02",199700
86000,100,200,"bu","10:35:02",199600
86000,100,100,"bu","10:35:02",199400
86000,100,800,"bu","10:35:01",199300
86000,100,100,"bu","10:35:01",198500
86000,100,100,"bu","10:35:01",198400
86000,100,100,"bu","10:34:59",198300
86000,100,100,"bu","10:34:59",198200
85900,0,100,"sd","10:34:58",198100
85900,0,800,"sd","10:34:45",198000
85900,0,1000,"bu","10:34:45",197200
85900,0,1000,"bu","10:34:44",196200
85900,0,1000,"bu","10:34:43",195200
85900,0,200,"bu","10:34:42",194200
85900,0,1000,"bu","10:34:40",194000
85900,0,100,"bu","10:34:40",193000
85900,0,600,"bu","10:34:40",192900
85900,0,100,"bu","10:34:40",192300
85900,0,100,"bu","10:34:40",192200
85900,0,100,"bu","10:34:40",192100
85800,-100,600,"sd","10:34:15",192000
85800,-100,800,"sd","10:34:15",191400
85800,-100,1000,"sd","10:34:15",190600
85800,-100,1000,"sd","10:34:15",189600
85800,-100,200,"bu","10:33:45",188600
85800,-100,100,"bu","10:33:45",188400
85800,-100,100,"bu","10:33:45",188300
85700,-200,100,"sd","10:33:12",188200
85700,-200,400,"sd","10:32:13",188100
85700,-200,500,"sd","10:32:10",187700
85800,-100,500,"bu","10:32:09",187200
85700,-200,100,"bu","10:32:09",186700
85700,-200,400,"bu","10:32:09",186600
85700,-200,100,"bu","10:31:59",186200
85700,-200,500,"bu","10:31:59",186100
85600,-300,500,"bu","10:31:59",185600
85500,-400,100,"sd","10:31:28",185100
85600,-300,1400,"sd","10:30:11",185000
85600,-300,100,"sd","10:30:03",183600
85600,-300,1000,"sd","10:30:03",183500
85600,-300,600,"sd","10:30:03",182500
85600,-300,800,"sd","10:30:03",181900
85600,-300,100,"sd","10:29:40",181100
85700,-200,500,"sd","10:29:29",181000
85700,-200,500,"sd","10:29:23",180500
85700,-200,3000,"sd","10:29:23",180000
85700,-200,1000,"sd","10:29:23",177000
85700,-200,500,"sd","10:29:23",176000
85700,-200,500,"sd","10:29:19",175500
85700,-200,100,"sd","10:28:12",175000
85800,-100,1000,"bu","10:27:55",174900
85800,-100,1000,"bu","10:27:55",173900
85700,-200,200,"sd","10:27:51",172900
85700,-200,800,"sd","10:27:50",172700
85700,-200,100,"sd","10:26:06",171900
85900,0,3000,"bu","10:25:44",171800
86000,100,300,"bu","10:24:47",168800
86000,100,300,"bu","10:24:47",168500
85900,0,300,"bu","10:24:42",168200
85900,0,100,"bu","10:24:42",167900
85900,0,400,"bu","10:24:26",167800
85900,0,100,"bu","10:24:26",167400
85900,0,100,"bu","10:24:25",167300
85900,0,100,"bu","10:24:25",167200
85900,0,100,"bu","10:24:25",167100
85900,0,200,"bu","10:24:25",167000
85700,-200,100,"sd","10:24:22",166800
85900,0,1000,"bu","10:23:30",166700
85900,0,1000,"bu","10:23:20",165700
85900,0,1000,"bu","10:22:57",164700
85900,0,1000,"bu","10:22:44",163700
85700,-200,100,"sd","10:22:39",162700
85900,0,1000,"bu","10:22:22",162600
85900,0,600,"bu","10:22:12",161600
85900,0,200,"bu","10:22:12",161000
85900,0,100,"bu","10:22:12",160800
85900,0,100,"bu","10:22:12",160700
85900,0,100,"bu","10:21:45",160600
85900,0,900,"bu","10:21:45",160500
85900,0,700,"bu","10:21:39",159600
85800,-100,300,"bu","10:21:33",158900
85800,-100,100,"sd","10:21:03",158600
85800,-100,100,"bu","10:20:58",158500
85800,-100,200,"bu","10:20:58",158400
85800,-100,500,"bu","10:20:58",158200
85800,-100,100,"bu","10:20:58",157700
85700,-200,100,"sd","10:20:51",157600
85700,-200,100,"sd","10:20:50",157500
85700,-200,800,"sd","10:20:47",157400
85700,-200,1200,"sd","10:20:47",156600
85800,-100,100,"sd","10:20:23",155400
85800,-100,400,"sd","10:20:23",155300
85800,-100,200,"sd","10:19:59",154900
85900,0,3400,"bu","10:19:59",154700
85900,0,100,"bu","10:19:59",151300
85900,0,100,"bu","10:19:59",151200
85900,0,1000,"bu","10:19:59",151100
85900,0,400,"bu","10:19:58",150100
85900,0,1000,"bu","10:19:49",149700
85900,0,600,"bu","10:19:29",148700
85900,0,100,"bu","10:19:29",148100
85900,0,300,"bu","10:19:29",148000
85800,-100,100,"bu","10:19:19",147700
85800,-100,300,"bu","10:19:19",147600
85700,-200,100,"sd","10:19:06",147300
85700,-200,500,"sd","10:18:26",147200
85700,-200,500,"sd","10:17:33",146700
85700,-200,100,"sd","10:17:13",146200
86000,100,200,"bu","10:15:32",146100
86000,100,100,"bu","10:15:32",145900
86000,100,300,"bu","10:15:32",145800
86000,100,300,"bu","10:15:32",145500
86000,100,100,"bu","10:15:32",145200
86000,100,100,"bu","10:15:32",145100
85700,-200,100,"sd","10:15:28",145000
86000,100,1700,"bu","10:15:26",144900
86000,100,300,"bu","10:15:26",143200
85900,0,200,"sd","10:15:09",142900
85900,0,200,"sd","10:15:06",142700
86000,100,1000,"bu","10:14:27",142500
86000,100,1000,"bu","10:14:16",141500
86000,100,1000,"bu","10:14:05",140500
85900,0,100,"bu","10:13:52",139500
85900,0,100,"bu","10:13:52",139400
85900,0,100,"bu","10:13:52",139300
85900,0,200,"bu","10:13:52",139200
85900,0,500,"bu","10:13:52",139000
85700,-200,100,"sd","10:13:43",138500
85700,-200,100,"sd","10:11:52",138400
86000,100,700,"bu","10:11:48",138300
86000,100,1000,"bu","10:11:47",137600
85900,0,200,"bu","10:11:21",136600
85900,0,100,"bu","10:11:21",136400
85900,0,100,"bu","10:10:58",136300
85900,0,500,"bu","10:10:58",136200
85900,0,100,"bu","10:10:58",135700
85900,0,100,"bu","10:10:58",135600
85900,0,200,"bu","10:10:58",135500
85900,0,700,"bu","10:10:46",135300
85900,0,300,"bu","10:10:46",134600
85800,-100,200,"bu","10:10:29",134300
85800,-100,100,"bu","10:10:29",134100
85800,-100,300,"bu","10:10:29",134000
85800,-100,200,"bu","10:10:29",133700
85800,-100,100,"bu","10:10:29",133500
85800,-100,100,"bu","10:10:29",133400
85800,-100,100,"bu","10:10:21",133300
85800,-100,200,"bu","10:10:21",133200
85800,-100,200,"bu","10:10:21",133000
85800,-100,200,"bu","10:10:21",132800
85800,-100,500,"bu","10:10:21",132600
85800,-100,300,"bu","10:10:21",132100
85800,-100,200,"bu","10:10:21",131800
85800,-100,300,"bu","10:10:21",131600
85800,-100,1000,"bu","10:10:18",131300
85700,-200,100,"sd","10:10:05",130300
85800,-100,1000,"bu","10:09:44",130200
85800,-100,300,"bu","10:09:44",129200
85800,-100,700,"bu","10:09:44",128900
85800,-100,500,"bu","10:09:44",128200
85700,-200,100,"sd","10:09:43",127700
85700,-200,100,"bu","10:09:35",127600
85700,-200,500,"bu","10:09:29",127500
85700,-200,500,"bu","10:09:29",127000
85600,-300,500,"bu","10:09:23",126500
85600,-300,500,"sd","10:09:18",126000
85600,-300,500,"bu","10:09:15",125500
85500,-400,800,"sd","10:08:56",125000
85500,-400,100,"sd","10:08:53",124200
85500,-400,100,"bu","10:08:41",124100
85500,-400,400,"bu","10:08:40",124000
85500,-400,300,"bu","10:08:40",123600
85500,-400,100,"bu","10:08:40",123300
85500,-400,300,"bu","10:08:40",123200
85500,-400,100,"bu","10:08:40",122900
85500,-400,500,"bu","10:08:40",122800
85500,-400,500,"bu","10:08:36",122300
85500,-400,500,"bu","10:08:36",121800
85400,-500,600,"unknown","10:08:32",121300
85400,-500,300,"sd","10:08:19",120700
85400,-500,100,"bu","10:08:17",120400
85400,-500,200,"sd","10:08:16",120300
85400,-500,100,"sd","10:08:15",120100
85400,-500,100,"sd","10:08:12",120000
85400,-500,400,"sd","10:08:12",119900
85400,-500,100,"bu","10:08:09",119500
85400,-500,500,"bu","10:08:09",119400
85300,-600,300,"bu","10:07:53",118900
85300,-600,200,"sd","10:07:45",118600
85300,-600,100,"sd","10:07:23",118400
85300,-600,100,"bu","10:07:17",118300
85300,-600,200,"bu","10:07:17",118200
85300,-600,200,"bu","10:07:17",118000
85300,-600,500,"bu","10:07:17",117800
85300,-600,500,"bu","10:07:17",117300
85200,-700,100,"sd","10:07:00",116800
85200,-700,100,"bu","10:06:53",116700
85200,-700,200,"bu","10:06:53",116600
85200,-700,300,"unknown","10:05:59",116400
85200,-700,200,"sd","10:05:14",116100
85200,-700,300,"sd","10:05:14",115900
85200,-700,500,"sd","10:05:14",115600
85200,-700,200,"sd","10:05:04",115100
85200,-700,500,"sd","10:04:59",114900
85200,-700,1500,"sd","10:04:50",114400
85200,-700,100,"sd","10:04:36",112900
85200,-700,500,"bu","10:03:11",112800
85100,-800,100,"sd","10:02:51",112300
85200,-700,300,"bu","10:02:40",112200
85200,-700,300,"sd","10:02:21",111900
85200,-700,200,"sd","10:02:17",111600
85200,-700,2800,"sd","10:02:17",111400
85200,-700,200,"sd","10:02:16",108600
85200,-700,500,"sd","10:02:12",108400
85200,-700,100,"sd","10:02:12",107900
85200,-700,400,"sd","10:02:12",107800
85200,-700,400,"sd","10:01:47",107400
85200,-700,100,"sd","10:01:47",107000
85200,-700,500,"sd","10:01:47",106900
85300,-600,100,"bu","10:01:09",106400
85300,-600,100,"bu","10:01:09",106300
85300,-600,800,"bu","10:01:09",106200
85200,-700,100,"sd","10:01:06",105400
85200,-700,400,"sd","10:00:58",105300
85200,-700,100,"sd","10:00:58",104900
85300,-600,300,"bu","09:59:19",104800
85300,-600,900,"bu","09:59:00",104500
85300,-600,1300,"bu","09:59:00",103600
85300,-600,300,"bu","09:57:39",102300
85300,-600,400,"bu","09:56:57",102000
85300,-600,100,"bu","09:56:57",101600
85300,-600,500,"bu","09:56:57",101500
85200,-700,400,"sd","09:56:46",101000
85200,-700,500,"sd","09:56:46",100600
85200,-700,100,"bu","09:56:19",100100
85200,-700,300,"bu","09:56:19",100000
85100,-800,100,"sd","09:55:48",99700
85200,-700,200,"bu","09:55:28",99600
85200,-700,100,"bu","09:55:28",99400
85200,-700,200,"bu","09:55:28",99300
85200,-700,800,"bu","09:55:08",99100
85200,-700,100,"bu","09:55:08",98300
85200,-700,900,"bu","09:55:08",98200
85200,-700,100,"bu","09:55:08",97300
85200,-700,100,"bu","09:55:08",97200
85200,-700,300,"bu","09:54:53",97100
85200,-700,100,"bu","09:54:53",96800
85200,-700,100,"bu","09:54:53",96700
85200,-700,100,"bu","09:53:40",96600
85200,-700,400,"bu","09:53:40",96500
85200,-700,100,"bu","09:53:13",96100
85200,-700,100,"bu","09:52:40",96000
85200,-700,800,"bu","09:52:40",95900
85200,-700,600,"bu","09:52:40",95100
85200,-700,400,"bu","09:52:40",94500
85200,-700,100,"bu","09:52:40",94100
85100,-800,200,"sd","09:52:15",94000
85100,-800,100,"sd","09:52:15",93800
85100,-800,100,"sd","09:52:15",93700
85100,-800,100,"sd","09:52:15",93600
85100,-800,200,"sd","09:52:15",93500
85100,-800,100,"sd","09:52:15",93300
85100,-800,100,"sd","09:52:15",93200
85200,-700,100,"bu","09:48:39",93100
85100,-800,600,"sd","09:47:43",93000
85200,-700,100,"bu","09:47:42",92400
85100,-800,1000,"sd","09:47:17",92300
85100,-800,3000,"sd","09:47:06",91300
85100,-800,100,"sd","09:46:51",88300
85200,-700,200,"sd","09:44:52",88200
85200,-700,500,"sd","09:44:52",88000
85200,-700,900,"sd","09:44:52",87500
85200,-700,100,"bu","09:44:11",86600
85200,-700,1000,"sd","09:43:43",86500
85200,-700,600,"sd","09:43:43",85500
85200,-700,100,"sd","09:43:41",84900
85200,-700,2000,"sd","09:43:36",84800
85200,-700,1000,"sd","09:43:36",82800
85200,-700,500,"sd","09:42:34",81800
85200,-700,500,"sd","09:42:15",81300
85200,-700,100,"sd","09:41:57",80800
85200,-700,100,"sd","09:41:57",80700
85200,-700,100,"sd","09:41:56",80600
85200,-700,100,"bu","09:41:48",80500
85200,-700,100,"bu","09:41:48",80400
85100,-800,200,"sd","09:40:49",80300
85100,-800,2400,"sd","09:40:49",80100
85200,-700,400,"sd","09:40:49",77700
85200,-700,500,"bu","09:39:27",77300
85200,-700,2000,"bu","09:39:27",76800
85200,-700,100,"bu","09:39:27",74800
85100,-800,500,"sd","09:39:24",74700
85100,-800,100,"sd","09:39:03",74200
85100,-800,200,"sd","09:38:24",74100
85100,-800,400,"sd","09:38:24",73900
85100,-800,400,"sd","09:38:24",73500
85100,-800,3000,"sd","09:37:34",73100
85000,-900,1900,"sd","09:37:09",70100
85100,-800,100,"sd","09:37:02",68200
85100,-800,900,"sd","09:37:02",68100
85100,-800,200,"sd","09:37:02",67200
85100,-800,600,"sd","09:37:01",67000
85100,-800,1000,"sd","09:37:01",66400
85100,-800,100,"sd","09:37:01",65400
85100,-800,100,"sd","09:37:01",65300
85100,-800,100,"sd","09:37:01",65200
85100,-800,100,"sd","09:37:01",65100
85100,-800,900,"sd","09:37:01",65000
85100,-800,500,"sd","09:37:01",64100
85100,-800,2000,"sd","09:37:01",63600
85300,-600,600,"sd","09:36:51",61600
85300,-600,900,"sd","09:36:50",61000
85300,-600,1000,"sd","09:36:50",60100
85300,-600,100,"sd","09:36:49",59100
85400,-500,100,"bu","09:34:26",59000
85400,-500,100,"bu","09:34:22",58900
85400,-500,100,"bu","09:34:05",58800
85400,-500,200,"bu","09:34:00",58700
85400,-500,800,"bu","09:34:00",58500
85400,-500,100,"bu","09:33:59",57700
85400,-500,100,"bu","09:33:52",57600
85400,-500,100,"bu","09:33:52",57500
85300,-600,500,"bu","09:33:40",57400
85300,-600,300,"bu","09:33:40",56900
85300,-600,200,"bu","09:33:14",56600
85300,-600,100,"bu","09:33:14",56400
85300,-600,200,"bu","09:33:14",56300
85300,-600,500,"bu","09:33:14",56100
85300,-600,1000,"bu","09:33:02",55600
85200,-700,100,"sd","09:32:57",54600
85200,-700,200,"bu","09:32:38",54500
85200,-700,300,"bu","09:32:38",54300
85200,-700,200,"bu","09:32:38",54000
85200,-700,100,"bu","09:32:26",53800
85200,-700,900,"bu","09:32:26",53700
85100,-800,100,"sd","09:32:05",52800
85200,-700,1100,"bu","09:29:06",52700
85100,-800,400,"sd","09:28:54",51600
85100,-800,100,"sd","09:28:54",51200
85100,-800,100,"sd","09:28:34",51100
85100,-800,600,"sd","09:28:30",51000
85100,-800,400,"sd","09:28:30",50400
85100,-800,200,"bu","09:26:20",50000
85100,-800,1400,"bu","09:26:20",49800
85000,-900,200,"sd","09:25:09",48400
85000,-900,900,"sd","09:25:09",48200
85000,-900,1900,"sd","09:25:09",47300
85100,-800,600,"bu","09:25:06",45400
85100,-800,100,"bu","09:25:06",44800
85100,-800,200,"bu","09:25:06",44700
85100,-800,1000,"bu","09:25:06",44500
85100,-800,100,"bu","09:25:06",43500
85100,-800,100,"bu","09:24:33",43400
85000,-900,3000,"sd","09:24:27",43300
85000,-900,100,"sd","09:24:02",40300
85000,-900,400,"sd","09:24:02",40200
85100,-800,1000,"sd","09:24:02",39800
85100,-800,1000,"sd","09:24:02",38800
85100,-800,500,"sd","09:24:02",37800
85100,-800,500,"sd","09:23:33",37300
85200,-700,900,"sd","09:23:07",36800
85200,-700,100,"sd","09:23:07",35900
85300,-600,1000,"bu","09:22:16",35800
85300,-600,1000,"bu","09:22:07",34800
85400,-500,900,"bu","09:21:40",33800
85400,-500,500,"bu","09:21:40",32900
85400,-500,600,"bu","09:21:40",32400
85400,-500,2400,"bu","09:20:51",31800
85200,-700,100,"sd","09:20:44",29400
85500,-400,100,"bu","09:20:01",29300
85100,-800,800,"sd","09:19:29",29200
85100,-800,100,"sd","09:19:29",28400
85100,-800,100,"sd","09:19:29",28300
85100,-800,900,"sd","09:19:19",28200
85100,-800,100,"sd","09:19:19",27300
85100,-800,1000,"sd","09:19:19",27200
85000,-900,300,"sd","09:18:56",26200
85000,-900,100,"sd","09:18:36",25900
85000,-900,1000,"sd","09:18:36",25800
85000,-900,100,"sd","09:18:36",24800
85000,-900,100,"sd","09:18:36",24700
85000,-900,100,"sd","09:18:36",24600
85000,-900,200,"sd","09:18:36",24500
85000,-900,100,"sd","09:18:36",24300
85000,-900,100,"sd","09:18:36",24200
85000,-900,600,"sd","09:18:36",24100
85000,-900,600,"sd","09:18:36",23500
85600,-300,100,"bu","09:18:32",22900
85000,-900,300,"sd","09:17:53",22800
85000,-900,100,"sd","09:17:15",22500
85000,-900,1000,"sd","09:17:15",22400
85000,-900,800,"sd","09:17:15",21400
85000,-900,100,"sd","09:17:15",20600
85000,-900,100,"sd","09:17:12",20500
84900,-1000,200,"sd","09:16:39",20400
84900,-1000,3000,"sd","09:16:25",20200
84900,-1000,1400,"sd","09:16:14",17200
85000,-900,1600,"sd","09:16:14",15800
85000,-900,1100,"sd","09:16:10",14200
85000,-900,500,"sd","09:16:10",13100
85000,-900,100,"sd","09:16:10",12600
85000,-900,200,"sd","09:16:10",12400
85000,-900,100,"sd","09:16:10",12500
85800,-100,500,"bu","09:16:10",12200
85900,0,100,"sd","09:15:51",11700
85900,0,300,"sd","09:15:51",11600
85900,0,1300,"sd","09:15:51",11300
85900,0,600,"sd","09:15:47",10000
85900,0,300,"bu","09:15:16",9400
85900,0,200,"bu","09:15:16",9100
85900,0,500,"bu","09:15:01",8900
85900,0,200,"bu","09:15:01",8400
85900,0,100,"bu","09:15:01",8200
85900,0,100,"bu","09:15:01",8100
85900,0,8000,"bu","09:15:00",8000
