"price","change","match_qtty","side","time","total_vol"
19700,0,500,"bu","14:45:02",131600
19700,0,500,"bu","14:45:00",131600
19600,-100,100,"sd","14:24:09",131100
19600,-100,1200,"sd","14:23:46",131000
19600,-100,200,"sd","14:19:50",129800
19600,-100,200,"sd","14:18:36",129600
19600,-100,100,"sd","14:18:13",129400
19700,0,1600,"sd","14:09:33",129300
19700,0,200,"sd","14:09:17",127700
19700,0,1000,"sd","14:06:27",127500
19700,0,500,"sd","14:06:16",126500
19700,0,100,"sd","13:56:25",126000
19700,0,100,"sd","13:53:43",125900
19700,0,100,"sd","13:51:31",125800
19800,100,2000,"bu","13:37:26",125700
19800,100,3500,"bu","13:37:15",123700
19800,100,1600,"bu","13:36:59",120200
19800,100,2700,"bu","13:36:47",118600
19800,100,3900,"bu","13:36:37",115900
19800,100,3600,"bu","13:36:28",112000
19800,100,100,"bu","13:35:38",108400
19800,100,2200,"unknown","13:23:48",108300
19900,200,200,"bu","11:25:30",106100
19800,100,900,"sd","11:24:58",105900
19800,100,3000,"bu","11:20:57",105000
19800,100,2900,"bu","11:20:44",102000
19800,100,3000,"bu","11:20:37",99100
19800,100,3400,"bu","11:20:28",96100
19800,100,1900,"bu","11:20:20",92700
19800,100,3200,"bu","11:20:11",90800
19800,100,1900,"bu","11:19:57",87600
19800,100,100,"bu","11:19:32",85700
19700,0,200,"sd","11:12:11",85600
19700,0,500,"bu","11:06:41",85400
19700,0,300,"bu","11:00:30",84900
19700,0,700,"bu","10:54:42",84600
19700,0,1000,"bu","10:53:00",83900
19700,0,1900,"bu","10:46:54",82900
19700,0,3800,"bu","10:46:42",81000
19700,0,2600,"bu","10:46:35",77200
19700,0,3800,"bu","10:46:20",74600
19700,0,3200,"bu","10:46:04",70800
19700,0,3000,"bu","10:45:57",67600
19700,0,5100,"unknown","10:34:18",64600
19800,100,100,"bu","10:20:18",59500
19800,100,3200,"unknown","10:10:22",59400
19900,200,500,"sd","09:59:21",56200
19900,200,100,"sd","09:48:48",55700
19900,200,1600,"sd","09:41:45",55600
19900,200,2800,"sd","09:40:30",54000
19900,200,3700,"bu","09:40:19",51200
19900,200,3500,"bu","09:40:06",47500
19900,200,3800,"bu","09:39:56",44000
19900,200,2900,"bu","09:39:45",40200
19900,200,3300,"sd","09:39:09",37300
20000,300,2100,"bu","09:22:20",34000
20000,300,2200,"bu","09:22:07",31900
20000,300,3800,"bu","09:21:56",29700
20000,300,5000,"bu","09:21:47",25900
20000,300,3600,"bu","09:21:38",20900
20000,300,1800,"sd","09:21:23",17300
20000,300,3200,"bu","09:20:58",15500
19900,200,1200,"bu","09:20:47",12300
19800,100,1100,"bu","09:20:38",11100
19800,100,1900,"sd","09:20:25",10000
19900,200,1800,"sd","09:20:21",8100
19900,200,3200,"bu","09:20:11",6300
19800,100,3000,"sd","09:00:14",3100
19800,100,100,"sd","09:00:04",100
