"price","change","match_qtty","side","time","total_vol"
5020,50,61500,"bu","14:45:00",2117300
5020,50,2200,"bu","14:29:51",2055800
5000,30,19900,"sd","14:29:40",2053600
5010,40,100,"sd","14:29:40",2033700
4980,10,2400,"sd","14:29:12",2033600
5000,30,400,"sd","14:29:00",2031200
4980,10,500,"sd","14:29:00",2030800
4990,20,200,"sd","14:29:00",2030300
5000,30,200,"sd","14:29:00",2030100
5000,30,100,"bu","14:28:56",2029900
5000,30,1600,"bu","14:28:53",2029800
5000,30,100,"sd","14:28:35",2028200
5000,30,5000,"sd","14:28:35",2028100
5000,30,6300,"sd","14:28:35",2023100
5000,30,500,"sd","14:28:35",2016800
5000,30,4200,"sd","14:28:35",2016300
5000,30,2300,"sd","14:28:35",2012100
5000,30,2700,"sd","14:28:32",2009800
5000,30,100,"sd","14:28:32",2007100
5010,40,1000,"bu","14:28:31",2007000
5000,30,900,"sd","14:27:35",2006000
5000,30,1000,"sd","14:27:35",2005100
5010,40,3100,"sd","14:27:35",2004100
5020,50,400,"bu","14:27:09",2001000
5010,40,100,"sd","14:27:05",2000600
5020,50,200,"sd","14:26:52",2000500
5020,50,1500,"sd","14:26:52",2000300
5040,70,200,"bu","14:26:32",1998800
5020,50,2000,"sd","14:26:31",1998600
5050,80,100,"bu","14:24:24",1996600
5050,80,2500,"bu","14:24:24",1996500
5040,70,4000,"bu","14:24:24",1994000
5050,80,500,"bu","14:24:19",1990000
5040,70,200,"sd","14:24:11",1989500
5040,70,400,"bu","14:23:58",1989300
5020,50,5000,"bu","14:23:46",1988900
5010,40,1800,"sd","14:23:32",1983900
5010,40,1200,"sd","14:23:32",1982100
5010,40,2000,"sd","14:23:32",1980900
5050,80,200,"bu","14:22:15",1978900
5050,80,1800,"bu","14:21:17",1978700
5050,80,100,"bu","14:20:23",1976900
5050,80,100,"sd","14:19:02",1976800
5060,90,1700,"bu","14:18:28",1976700
5060,90,1300,"bu","14:18:28",1975000
5060,90,700,"bu","14:17:51",1973700
5050,80,5000,"unknown","14:17:51",1973000
5050,80,100,"unknown","14:17:51",1968000
5050,80,2000,"bu","14:17:51",1967900
5040,70,1700,"bu","14:17:51",1965900
5040,70,500,"bu","14:17:51",1964200
5030,60,7200,"bu","14:17:50",1963700
5010,40,3700,"sd","14:17:45",1956500
5030,60,15000,"bu","14:17:39",1952800
5020,50,2000,"sd","14:14:57",1937800
5010,40,1100,"sd","14:14:57",1935800
5010,40,1900,"sd","14:14:57",1934700
5030,60,1800,"bu","14:14:27",1932800
5030,60,8000,"sd","14:14:27",1931000
5040,70,4500,"sd","14:14:06",1923000
5040,70,4900,"sd","14:13:59",1918500
5040,70,200,"sd","14:13:58",1913600
5040,70,1000,"sd","14:13:43",1913400
5040,70,1000,"sd","14:13:39",1912400
5040,70,5000,"sd","14:13:19",1911400
5040,70,500,"sd","14:13:13",1906400
5040,70,2100,"sd","14:13:06",1905900
5040,70,1000,"sd","14:13:03",1903800
5040,70,5000,"sd","14:12:54",1902800
5040,70,4800,"sd","14:12:47",1897800
5040,70,200,"sd","14:12:47",1893000
5040,70,5000,"sd","14:12:39",1892800
5040,70,5000,"sd","14:12:32",1887800
5050,80,500,"bu","14:12:20",1882800
5040,70,900,"sd","14:12:10",1882300
5040,70,8000,"sd","14:12:01",1881400
5040,70,200,"sd","14:11:55",1873400
5040,70,3500,"sd","14:11:24",1873200
5050,80,1300,"sd","14:11:24",1869700
5060,90,1500,"sd","14:11:21",1868400
5060,90,200,"sd","14:11:21",1866900
5060,90,8000,"sd","14:11:12",1866700
5060,90,10000,"sd","14:11:09",1858700
5060,90,2000,"sd","14:11:07",1848700
5060,90,5000,"sd","14:11:03",1846700
5060,90,2800,"sd","14:11:00",1841700
5060,90,2000,"sd","14:10:55",1838900
5070,100,100,"bu","14:10:36",1836900
5070,100,100,"bu","14:10:36",1836800
5060,90,1000,"sd","14:10:22",1836700
5070,100,600,"bu","14:10:14",1835700
5070,100,500,"bu","14:10:14",1835100
5070,100,100,"bu","14:10:14",1834600
5070,100,4900,"bu","14:09:01",1834500
5070,100,100,"bu","14:09:01",1829600
5070,100,500,"bu","14:08:40",1829500
5070,100,100,"bu","14:08:40",1829000
5070,100,100,"bu","14:08:28",1828900
5060,90,100,"bu","14:07:53",1828800
5050,80,100,"bu","14:07:53",1828700
5050,80,500,"bu","14:07:53",1828600
5050,80,1300,"bu","14:07:53",1828100
5050,80,100,"bu","14:07:53",1826800
5050,80,4000,"bu","14:07:53",1826700
5050,80,800,"bu","14:07:53",1822700
5050,80,1000,"bu","14:07:53",1821900
5050,80,500,"bu","14:07:53",1820900
5050,80,1000,"bu","14:07:53",1820400
5050,80,1000,"bu","14:07:53",1819400
5050,80,500,"bu","14:07:53",1818400
5050,80,15000,"bu","14:07:53",1817900
5050,80,5000,"bu","14:07:53",1802900
5050,80,5000,"bu","14:07:53",1797900
5050,80,1000,"bu","14:07:53",1792900
5050,80,2000,"bu","14:07:53",1791900
5050,80,5000,"bu","14:07:53",1789900
5050,80,26000,"bu","14:07:53",1784900
5060,90,3000,"bu","14:07:53",1758900
5060,90,10000,"bu","14:07:53",1755900
5050,80,200,"bu","14:07:53",1745900
5050,80,1000,"bu","14:07:53",1745700
5050,80,500,"bu","14:07:53",1744700
5050,80,400,"bu","14:07:53",1744200
5050,80,500,"bu","14:07:53",1743800
5040,70,3000,"bu","14:07:35",1743300
5040,70,500,"bu","14:07:35",1740300
5030,60,1400,"bu","14:07:35",1739800
5040,70,500,"bu","14:07:35",1738400
5020,50,1000,"bu","14:07:35",1737900
5040,70,200,"bu","14:07:35",1736900
5040,70,500,"bu","14:07:35",1736700
5040,70,3000,"bu","14:07:35",1736200
5040,70,1000,"bu","14:07:35",1733200
5040,70,3500,"bu","14:07:35",1732200
5030,60,1100,"bu","14:07:35",1728700
5030,60,1000,"bu","14:07:35",1727600
5030,60,1000,"bu","14:07:35",1726600
5030,60,500,"bu","14:07:35",1725600
5030,60,500,"bu","14:07:35",1725100
5030,60,7500,"bu","14:07:35",1724600
5030,60,1000,"bu","14:07:35",1717100
5030,60,1600,"bu","14:07:07",1716100
5030,60,4000,"bu","14:07:07",1714500
5030,60,500,"bu","14:07:07",1710500
5030,60,3200,"bu","14:07:07",1710000
5020,50,500,"bu","14:07:07",1706800
5020,50,200,"bu","14:07:07",1706300
5020,50,100,"bu","14:06:41",1706100
5020,50,200,"bu","14:06:24",1706000
5020,50,300,"bu","14:06:24",1705800
5030,60,1800,"bu","14:04:50",1705500
5030,60,100,"bu","14:04:50",1703700
5030,60,1000,"bu","14:04:50",1703600
5020,50,100,"bu","14:04:50",1702600
5020,50,300,"bu","14:04:38",1702500
5020,50,2900,"bu","14:04:38",1702200
5020,50,800,"bu","14:04:38",1699300
5010,40,5000,"bu","14:04:04",1698500
5010,40,100,"bu","14:04:04",1693500
5010,40,900,"bu","14:03:25",1693400
5000,30,500,"bu","14:03:10",1692500
5000,30,300,"bu","14:03:10",1692000
5000,30,5000,"bu","14:03:10",1691700
5000,30,1000,"bu","14:03:10",1686700
5000,30,200,"bu","14:03:10",1685700
5000,30,200,"bu","14:03:10",1685500
5000,30,1000,"bu","14:03:10",1685300
5000,30,5000,"bu","14:03:10",1684300
4980,10,2200,"sd","14:02:22",1679300
4990,20,200,"sd","14:02:22",1677100
4990,20,200,"sd","14:02:22",1676900
4990,20,200,"sd","14:02:22",1676700
5000,30,7200,"sd","14:02:22",1676500
5000,30,2800,"sd","14:01:15",1669300
5000,30,500,"sd","14:01:15",1666500
5000,30,100,"sd","14:01:15",1666000
5000,30,1000,"sd","14:00:56",1665900
5000,30,100,"sd","14:00:48",1664900
5000,30,1000,"sd","14:00:41",1664800
5000,30,7800,"sd","14:00:20",1663800
5000,30,21400,"sd","14:00:20",1656000
5010,40,800,"sd","14:00:20",1634600
5000,30,100,"sd","13:59:51",1633800
5000,30,2000,"sd","13:58:55",1633700
5020,50,700,"bu","13:58:42",1631700
5020,50,14500,"bu","13:58:42",1631000
5020,50,2500,"bu","13:58:42",1616500
5010,40,900,"bu","13:58:42",1614000
5010,40,1400,"bu","13:58:42",1613100
5000,30,100,"sd","13:58:41",1611700
5010,40,500,"bu","13:58:18",1611600
5000,30,1000,"bu","13:57:05",1611100
5000,30,5400,"bu","13:57:05",1610100
5000,30,500,"sd","13:56:46",1604700
5000,30,300,"sd","13:56:46",1604200
5000,30,1500,"sd","13:56:46",1603900
5000,30,2900,"sd","13:56:46",1602400
5000,30,2000,"sd","13:56:40",1599500
5000,30,500,"sd","13:56:27",1597500
5000,30,2000,"sd","13:56:20",1597000
5000,30,500,"sd","13:55:24",1595000
5000,30,3000,"sd","13:54:58",1594500
5000,30,1200,"sd","13:54:46",1591500
5010,40,100,"bu","13:54:44",1590300
5010,40,100,"bu","13:54:44",1590200
5000,30,5000,"sd","13:54:25",1590100
5000,30,2900,"bu","13:54:05",1585100
5000,30,100,"sd","13:53:51",1582200
5000,30,1000,"sd","13:53:51",1582100
5000,30,3000,"sd","13:53:47",1581100
5000,30,12000,"sd","13:53:15",1578100
5000,30,1500,"sd","13:53:12",1566100
5000,30,100,"bu","13:53:09",1564600
5000,30,2400,"bu","13:53:09",1564500
5000,30,200,"bu","13:52:43",1562100
5000,30,2400,"bu","13:52:43",1561900
5000,30,1000,"sd","13:52:31",1559500
5000,30,5000,"sd","13:52:20",1558500
5000,30,200,"sd","13:52:15",1553500
5000,30,1100,"sd","13:52:11",1553300
5000,30,1400,"sd","13:51:51",1552200
5010,40,100,"sd","13:51:51",1550800
5010,40,5500,"sd","13:51:51",1550700
5010,40,500,"bu","13:51:44",1545200
5010,40,1000,"bu","13:51:44",1544700
5010,40,1000,"bu","13:51:21",1543700
5020,50,2500,"sd","13:50:25",1542700
5020,50,11000,"bu","13:50:05",1540200
5020,50,500,"bu","13:50:05",1529200
5020,50,2500,"bu","13:50:04",1528700
5010,40,100,"sd","13:50:04",1526200
5010,40,100,"sd","13:50:04",1526100
5010,40,100,"bu","13:49:42",1526000
5000,30,1000,"sd","13:49:15",1525900
5000,30,1000,"sd","13:49:09",1524900
5000,30,6900,"bu","13:48:55",1523900
5000,30,1000,"bu","13:48:34",1517000
5000,30,3100,"sd","13:48:31",1516000
5000,30,1000,"sd","13:48:15",1512900
5000,30,3500,"bu","13:48:14",1511900
5000,30,100,"bu","13:48:14",1508400
5000,30,1000,"bu","13:48:14",1508300
5000,30,1000,"bu","13:48:14",1507300
5000,30,300,"bu","13:48:14",1506300
5000,30,1700,"bu","13:47:52",1506000
5000,30,1000,"bu","13:47:52",1504300
5000,30,1100,"bu","13:47:47",1503300
5000,30,100,"bu","13:47:39",1502200
4970,0,1500,"sd","13:47:18",1502100
4970,0,100,"sd","13:47:18",1500600
4970,0,100,"sd","13:47:12",1500500
4970,0,300,"sd","13:46:35",1500400
4970,0,200,"sd","13:46:35",1500100
4970,0,5000,"sd","13:46:35",1499900
4980,10,1500,"sd","13:46:35",1494900
4980,10,1000,"sd","13:46:09",1493400
4980,10,15000,"sd","13:46:07",1492400
4980,10,5500,"sd","13:45:39",1477400
5000,30,200,"sd","13:44:49",1471900
5000,30,300,"sd","13:44:46",1471700
5000,30,7700,"sd","13:44:46",1471400
5010,40,100,"sd","13:44:39",1463700
5000,30,2300,"sd","13:44:39",1463600
5000,30,3000,"sd","13:44:39",1461300
5010,40,1000,"sd","13:44:15",1458300
5010,40,5000,"sd","13:43:55",1457300
5010,40,5000,"sd","13:43:34",1452300
5010,40,10000,"sd","13:43:34",1447300
5010,40,2000,"sd","13:43:08",1437300
5010,40,600,"sd","13:43:08",1435300
5010,40,1000,"sd","13:42:58",1434700
5010,40,3000,"sd","13:42:41",1433700
5030,60,100,"sd","13:41:25",1430700
5030,60,4500,"sd","13:41:25",1430600
5030,60,5000,"sd","13:41:08",1426100
5030,60,200,"sd","13:40:33",1421100
5040,70,1500,"sd","13:40:29",1420900
5040,70,1000,"sd","13:40:13",1419400
5040,70,500,"sd","13:40:01",1418400
5040,70,500,"sd","13:39:58",1417900
5040,70,1500,"sd","13:39:19",1417400
5040,70,500,"sd","13:39:19",1415900
5040,70,4500,"sd","13:39:09",1415400
5040,70,1500,"sd","13:39:09",1410900
5040,70,100,"sd","13:39:08",1409400
5050,80,1400,"bu","13:39:04",1409300
5040,70,200,"bu","13:38:20",1407900
5040,70,1000,"bu","13:38:20",1407700
5040,70,2000,"bu","13:38:20",1406700
5040,70,200,"bu","13:38:20",1404700
5030,60,100,"sd","13:36:52",1404500
5030,60,100,"sd","13:36:40",1404400
5040,70,4800,"bu","13:36:20",1404300
5040,70,100,"bu","13:36:20",1399500
5040,70,100,"bu","13:36:20",1399400
5030,60,500,"sd","13:36:19",1399300
5030,60,300,"bu","13:36:00",1398800
5030,60,500,"bu","13:36:00",1398500
5030,60,100,"bu","13:36:00",1398000
5030,60,10000,"bu","13:36:00",1397900
5030,60,500,"bu","13:36:00",1387900
5030,60,500,"bu","13:36:00",1387400
5030,60,4600,"bu","13:36:00",1386900
5030,60,4800,"bu","13:35:59",1382300
5020,50,200,"bu","13:35:59",1377500
5000,30,1000,"sd","13:35:21",1377300
5000,30,100,"sd","13:34:51",1376300
5000,30,1000,"sd","13:34:43",1376200
5000,30,100,"sd","13:34:22",1375200
5000,30,200,"sd","13:34:19",1375100
5010,40,100,"sd","13:34:19",1374900
5010,40,700,"sd","13:34:19",1374800
5010,40,300,"bu","13:34:10",1374100
5000,30,2000,"sd","13:34:08",1373800
5000,30,1000,"sd","13:34:08",1371800
5000,30,1000,"sd","13:34:01",1370800
5000,30,200,"sd","13:33:11",1369800
5000,30,1000,"sd","13:33:09",1369600
5000,30,1000,"sd","13:33:07",1368600
5000,30,1000,"bu","13:33:02",1367600
5000,30,1000,"bu","13:33:02",1366600
5000,30,300,"bu","13:33:02",1365600
5000,30,2300,"bu","13:33:02",1365300
5000,30,2700,"bu","13:32:29",1363000
5000,30,200,"bu","13:32:29",1360300
4990,20,100,"sd","13:32:01",1360100
4990,20,200,"bu","13:31:54",1360000
4990,20,1800,"bu","13:31:54",1359800
4990,20,2700,"bu","13:31:54",1358000
4990,20,5000,"bu","13:31:37",1355300
4990,20,1400,"bu","13:31:11",1350300
4980,10,1400,"bu","13:31:11",1348900
4980,10,200,"bu","13:31:11",1347500
4970,0,10000,"sd","13:31:03",1347300
4970,0,3000,"sd","13:30:03",1337300
4970,0,1000,"sd","13:29:36",1334300
4970,0,1000,"sd","13:28:57",1333300
4970,0,5000,"sd","13:28:23",1332300
4970,0,4500,"bu","13:27:46",1327300
4970,0,500,"bu","13:27:27",1322800
4970,0,1000,"sd","13:27:26",1322300
4970,0,300,"sd","13:27:26",1321300
4970,0,100,"sd","13:27:26",1321000
4970,0,200,"sd","13:27:26",1320900
4970,0,3400,"sd","13:27:25",1320700
4970,0,600,"sd","13:27:03",1317300
4970,0,1000,"sd","13:27:03",1316700
4970,0,500,"sd","13:27:03",1315700
4970,0,900,"sd","13:27:03",1315200
4970,0,100,"sd","13:26:52",1314300
4970,0,100,"sd","13:26:52",1314200
4970,0,500,"sd","13:26:52",1314100
4970,0,4200,"sd","13:26:52",1313600
4970,0,10000,"sd","13:26:45",1309400
4970,0,2900,"sd","13:26:27",1299400
4970,0,18900,"sd","13:25:43",1296500
4980,10,900,"sd","13:25:43",1277600
4980,10,300,"sd","13:25:43",1276700
4980,10,300,"sd","13:25:43",1276400
4990,20,400,"sd","13:25:23",1276100
4990,20,500,"sd","13:25:23",1275700
4990,20,9500,"sd","13:24:32",1275200
4990,20,500,"sd","13:24:32",1265700
4990,20,1000,"sd","13:24:06",1265200
4990,20,200,"sd","13:23:34",1264200
5000,30,1000,"bu","13:23:30",1264000
5000,30,2000,"bu","13:23:18",1263000
5000,30,500,"bu","13:19:54",1261000
5000,30,1000,"bu","13:18:19",1260500
5000,30,5000,"bu","13:18:19",1259500
5000,30,500,"bu","13:18:19",1254500
5000,30,600,"bu","13:18:19",1254000
5000,30,200,"bu","13:18:19",1253400
5000,30,1000,"sd","13:15:50",1253200
5020,50,700,"sd","13:15:08",1252200
5020,50,2000,"sd","13:14:26",1251500
5020,50,100,"sd","13:14:20",1249500
5020,50,100,"sd","13:14:19",1249400
5020,50,600,"sd","13:14:02",1249300
5020,50,600,"sd","13:13:51",1248700
5020,50,600,"sd","13:13:46",1248100
5020,50,2000,"sd","13:13:32",1247500
5030,60,600,"bu","13:10:57",1245500
5020,50,5000,"sd","13:10:48",1244900
5020,50,700,"sd","13:10:44",1239900
5020,50,100,"sd","13:10:38",1239200
5020,50,4000,"sd","13:10:15",1239100
5020,50,2000,"sd","13:10:15",1235100
5020,50,5200,"sd","13:10:15",1233100
5020,50,2000,"sd","13:10:15",1227900
5020,50,1000,"sd","13:10:15",1225900
5020,50,5000,"sd","13:10:15",1224900
5020,50,2000,"bu","13:10:15",1219900
5020,50,1200,"bu","13:10:15",1217900
5010,40,7300,"bu","13:10:15",1216700
5010,40,100,"bu","13:10:15",1209400
5010,40,2000,"bu","13:10:15",1209300
5010,40,600,"bu","13:10:15",1207300
5010,40,2000,"bu","13:10:15",1206700
5010,40,100,"bu","13:10:15",1204700
5010,40,6900,"bu","13:10:15",1204600
5000,30,1000,"bu","13:10:15",1197700
5000,30,4000,"bu","13:10:15",1196700
5000,30,100,"bu","13:10:15",1192700
5000,30,1000,"bu","13:10:15",1192600
5000,30,1600,"bu","13:10:15",1191600
4990,20,400,"sd","13:09:30",1190000
4990,20,1400,"sd","13:09:05",1189600
4990,20,1500,"sd","13:08:12",1188200
4990,20,5000,"bu","13:06:22",1186700
4990,20,2000,"sd","13:05:16",1181700
4990,20,13000,"bu","13:05:05",1179700
4990,20,100,"bu","13:04:51",1166700
4990,20,1000,"bu","13:04:12",1166600
4980,10,3000,"sd","13:03:57",1165600
4980,10,100,"bu","13:03:44",1162600
4980,10,6400,"bu","13:03:44",1162500
4970,0,1000,"sd","13:03:41",1156100
4980,10,500,"bu","13:03:22",1155100
4980,10,900,"bu","13:03:21",1154600
4980,10,2200,"sd","13:03:19",1153700
4980,10,1000,"sd","13:03:10",1151500
4980,10,3800,"bu","13:02:40",1150500
4980,10,1600,"bu","13:02:08",1146700
4980,10,1800,"sd","13:02:03",1145100
4980,10,100,"sd","13:01:44",1143300
4990,20,6900,"sd","13:01:23",1143200
4990,20,100,"sd","13:01:15",1136300
4990,20,3000,"sd","13:00:54",1136200
4990,20,8200,"sd","13:00:09",1133200
4990,20,1800,"sd","13:00:06",1125000
4990,20,500,"sd","13:00:06",1123200
5000,30,500,"unknown","13:00:05",1122700
5000,30,400,"unknown","13:00:05",1122200
5000,30,1700,"unknown","13:00:05",1121800
5010,40,2200,"bu","13:00:01",1120100
5000,30,400,"sd","13:00:01",1117900
5000,30,300,"sd","13:00:00",1117500
5000,30,3500,"sd","13:00:00",1117200
5000,30,2100,"sd","13:00:00",1113700
5010,40,900,"bu","11:29:56",1111600
5010,40,100,"bu","11:29:56",1110700
5000,30,500,"sd","11:29:29",1110600
5000,30,200,"bu","11:29:28",1110100
5000,30,7200,"bu","11:29:28",1109900
5000,30,30000,"bu","11:29:18",1102700
5000,30,23900,"bu","11:29:16",1072700
5000,30,1400,"bu","11:28:56",1048800
5000,30,3000,"bu","11:28:56",1047400
5000,30,600,"bu","11:28:56",1044400
4990,20,400,"sd","11:28:45",1043800
4990,20,200,"sd","11:27:32",1043400
4990,20,1000,"sd","11:27:19",1043200
5000,30,300,"bu","11:26:09",1042200
5000,30,600,"bu","11:22:59",1041900
5000,30,400,"bu","11:22:59",1041300
5000,30,100,"bu","11:22:07",1040900
5000,30,500,"bu","11:22:07",1040800
5000,30,5000,"bu","11:22:07",1040300
5000,30,100,"bu","11:22:07",1035300
5000,30,100,"bu","11:22:07",1035200
5000,30,1400,"bu","11:22:07",1035100
5000,30,2800,"bu","11:22:07",1033700
5000,30,8200,"bu","11:21:51",1030900
5000,30,5000,"bu","11:21:31",1022700
5000,30,500,"bu","11:21:31",1017700
5000,30,500,"bu","11:21:31",1017200
5000,30,2000,"bu","11:21:31",1016700
5000,30,2000,"bu","11:21:31",1014700
4990,20,200,"bu","11:20:34",1012700
4990,20,7700,"bu","11:20:34",1012500
4990,20,4000,"bu","11:20:24",1004800
4990,20,1800,"bu","11:20:24",1000800
4980,10,1000,"sd","11:18:24",999000
4980,10,1000,"sd","11:17:25",998000
4980,10,1700,"bu","11:17:16",997000
4970,0,100,"sd","11:17:05",995300
4970,0,900,"sd","11:17:05",995200
4980,10,300,"sd","11:15:40",994300
4980,10,300,"sd","11:13:50",994000
4980,10,100,"bu","11:12:09",993700
4980,10,500,"bu","11:11:15",993600
4980,10,700,"bu","11:10:35",993100
4980,10,3800,"bu","11:10:35",992400
4980,10,200,"bu","11:09:28",988600
4970,0,100,"sd","11:08:42",988400
4970,0,700,"sd","11:08:38",988300
4970,0,200,"sd","11:08:38",987600
4970,0,1000,"bu","11:07:49",987400
4970,0,800,"bu","11:07:49",986400
4970,0,1000,"bu","11:07:49",985600
4970,0,3700,"bu","11:07:49",984600
4970,0,200,"bu","11:06:48",980900
4970,0,1000,"bu","11:06:47",980700
4970,0,100,"bu","11:06:15",979700
4970,0,100,"bu","11:05:41",979600
4970,0,4800,"bu","11:04:23",979500
4960,-10,500,"sd","11:04:21",974700
4970,0,500,"sd","11:04:02",974200
4970,0,100,"sd","11:04:02",973700
4970,0,2400,"sd","11:04:02",973600
4970,0,1000,"sd","11:03:56",971200
4970,0,4800,"sd","11:03:55",970200
4970,0,1800,"sd","11:03:18",965400
4970,0,100,"sd","11:03:18",963600
4980,10,100,"sd","11:03:18",963500
4980,10,1300,"sd","11:01:18",963400
4980,10,3700,"sd","11:00:42",962100
4980,10,400,"bu","10:59:43",958400
4970,0,100,"sd","10:59:39",958000
4970,0,1000,"sd","10:59:37",957900
4970,0,900,"sd","10:59:17",956900
4970,0,100,"sd","10:59:17",956000
4970,0,2000,"sd","10:59:17",955900
4970,0,100,"sd","10:59:17",953900
4970,0,4000,"sd","10:59:17",953800
4970,0,300,"sd","10:59:17",949800
4970,0,100,"sd","10:59:17",949500
4970,0,500,"sd","10:59:17",949400
4970,0,2000,"sd","10:59:17",948900
4980,10,800,"sd","10:58:16",946900
4980,10,4100,"sd","10:58:16",946100
4980,10,200,"sd","10:57:48",942000
4990,20,100,"unknown","10:57:48",941800
4980,10,200,"sd","10:57:18",941700
4990,20,500,"bu","10:54:44",941500
4990,20,5000,"bu","10:54:44",941000
4970,0,1300,"sd","10:53:58",936000
4970,0,3000,"sd","10:53:30",934700
4970,0,1000,"sd","10:53:30",931700
4980,10,1000,"sd","10:53:30",930700
4980,10,100,"sd","10:53:30",929700
4980,10,100,"sd","10:53:30",929600
4980,10,700,"sd","10:53:30",929500
4980,10,2000,"sd","10:53:30",928800
4980,10,100,"sd","10:53:30",926800
4980,10,3800,"sd","10:53:30",926700
4970,0,1700,"sd","10:53:30",922900
4970,0,400,"sd","10:53:30",921200
4970,0,100,"sd","10:53:30",920800
4980,10,500,"sd","10:52:08",920700
4980,10,400,"sd","10:51:37",920200
4980,10,3000,"sd","10:51:22",919800
4980,10,2300,"sd","10:51:22",916800
4980,10,5000,"sd","10:49:05",914500
4980,10,10000,"sd","10:44:56",909500
4980,10,3400,"sd","10:44:43",899500
4980,10,9600,"sd","10:41:08",896100
4980,10,400,"sd","10:41:08",886500
4990,20,1300,"sd","10:40:13",886100
4990,20,8700,"sd","10:40:13",884800
4990,20,1300,"sd","10:39:50",876100
4990,20,5000,"sd","10:39:50",874800
5000,30,100,"bu","10:39:36",869800
5000,30,1000,"sd","10:37:53",869700
5000,30,500,"sd","10:37:53",868700
5000,30,1000,"sd","10:37:53",868200
5000,30,1800,"sd","10:37:30",867200
5000,30,3000,"sd","10:37:21",865400
5000,30,2000,"sd","10:35:41",862400
5000,30,1000,"sd","10:35:20",860400
5000,30,1200,"bu","10:34:49",859400
5000,30,1800,"sd","10:34:35",858200
5000,30,200,"sd","10:34:19",856400
5000,30,100,"sd","10:34:19",856200
5000,30,200,"sd","10:33:25",856100
5000,30,700,"sd","10:33:25",855900
5000,30,10000,"sd","10:33:14",855200
5000,30,100,"sd","10:32:27",845200
5000,30,500,"sd","10:31:53",845100
5000,30,1900,"sd","10:31:52",844600
5000,30,700,"bu","10:31:47",842700
5000,30,4900,"bu","10:31:47",842000
5000,30,100,"sd","10:31:28",837100
5000,30,100,"bu","10:31:15",837000
5000,30,2000,"bu","10:31:04",836900
5000,30,100,"bu","10:31:04",834900
5000,30,4100,"bu","10:31:04",834800
5000,30,100,"sd","10:30:51",830700
5000,30,3000,"bu","10:30:00",830600
5000,30,3300,"bu","10:30:00",827600
5000,30,11200,"bu","10:29:56",824300
4990,20,3000,"sd","10:29:53",813100
5000,30,500,"sd","10:29:19",810100
5000,30,1500,"bu","10:29:19",809600
5000,30,19500,"sd","10:29:12",808100
5000,30,2000,"sd","10:29:11",788600
5000,30,4000,"sd","10:28:50",786600
5000,30,14200,"bu","10:28:40",782600
5000,30,1000,"sd","10:28:30",768400
5000,30,3000,"sd","10:28:30",767400
5000,30,1800,"sd","10:28:30",764400
5000,30,1000,"sd","10:28:25",762600
5000,30,100,"sd","10:28:20",761600
5000,30,100,"sd","10:28:09",761500
5000,30,12000,"sd","10:28:04",761400
5000,30,10000,"sd","10:28:04",749400
5010,40,400,"bu","10:27:45",739400
5010,40,5000,"sd","10:27:02",739000
5010,40,200,"sd","10:26:58",734000
5010,40,4400,"sd","10:26:57",733800
5010,40,1000,"sd","10:26:57",729400
5010,40,100,"sd","10:26:57",728400
5010,40,1000,"sd","10:26:57",728300
5010,40,1300,"sd","10:26:57",727300
5010,40,1000,"sd","10:26:51",726000
5010,40,800,"sd","10:26:38",725000
5020,50,100,"bu","10:26:25",724200
5010,40,3700,"sd","10:26:15",724100
5010,40,500,"sd","10:25:45",720400
5010,40,1000,"sd","10:25:44",719900
5020,50,2400,"sd","10:25:43",718900
5010,40,1700,"sd","10:24:45",716500
5010,40,8800,"sd","10:24:45",714800
5020,50,2500,"sd","10:24:45",706000
5020,50,2000,"bu","10:23:45",703500
5020,50,500,"bu","10:23:45",701500
5020,50,4500,"bu","10:23:20",701000
5020,50,500,"bu","10:23:20",696500
5020,50,1000,"bu","10:21:57",696000
5030,60,500,"bu","10:21:20",695000
5030,60,200,"bu","10:19:53",694500
5010,40,200,"sd","10:19:07",694300
5010,40,1000,"sd","10:18:49",694100
5010,40,1000,"sd","10:18:49",693100
5010,40,400,"sd","10:17:47",692100
5010,40,100,"sd","10:15:41",691700
5040,70,1000,"sd","10:14:50",691600
5040,70,1000,"bu","10:14:37",690600
5040,70,1000,"bu","10:14:31",689600
5040,70,100,"bu","10:14:23",688600
5040,70,1000,"bu","10:14:23",688500
5040,70,1000,"sd","10:13:19",687500
5040,70,9000,"bu","10:13:04",686500
5050,80,2100,"bu","10:09:25",677500
5040,70,1400,"bu","10:09:25",675400
5040,70,1500,"bu","10:09:25",674000
5050,80,5600,"bu","10:09:05",672500
5050,80,500,"bu","10:09:05",666900
5050,80,100,"bu","10:09:05",666400
5050,80,2400,"bu","10:09:05",666300
5040,70,1500,"bu","10:09:05",663900
5040,70,200,"bu","10:09:05",662400
5040,70,4000,"bu","10:09:05",662200
5020,50,4700,"bu","10:09:05",658200
5020,50,800,"bu","10:09:05",653500
5020,50,100,"bu","10:09:05",652700
5020,50,100,"bu","10:09:05",652600
5000,30,100,"sd","10:09:05",652500
5000,30,5600,"sd","10:09:05",652400
5000,30,100,"sd","10:08:34",646800
5000,30,100,"sd","10:08:34",646700
5000,30,100,"sd","10:08:34",646600
5000,30,5000,"sd","10:08:34",646500
5000,30,4200,"sd","10:08:34",641500
5000,30,4400,"sd","10:08:34",637300
5000,30,1000,"sd","10:08:34",632900
5000,30,100,"sd","10:08:34",631900
5000,30,5000,"sd","10:08:34",631800
5000,30,3000,"sd","10:08:34",626800
5000,30,5000,"sd","10:08:34",623800
5000,30,2000,"sd","10:08:19",618800
5000,30,5000,"sd","10:08:19",616800
5000,30,3000,"sd","10:07:48",611800
5010,40,1000,"bu","10:05:36",608800
5020,50,6600,"unknown","10:05:28",607800
5010,40,7000,"bu","10:05:07",601200
5010,40,1000,"sd","10:04:46",594200
5010,40,1600,"sd","10:04:46",593200
5010,40,7600,"sd","10:04:46",591600
5010,40,2800,"sd","10:04:46",584000
5010,40,900,"sd","10:04:30",581200
5010,40,2000,"sd","10:04:09",580300
5010,40,1300,"sd","10:03:47",578300
5010,40,3000,"sd","10:03:19",577000
5010,40,1600,"sd","10:03:18",574000
5010,40,200,"sd","10:02:54",572400
5010,40,100,"sd","10:02:43",572200
5010,40,5000,"sd","10:02:31",572100
5010,40,1500,"sd","10:02:22",567100
5010,40,300,"sd","10:02:19",565600
5040,70,1000,"bu","10:00:48",565300
5000,30,100,"sd","10:00:41",564300
5000,30,200,"sd","10:00:35",564200
5000,30,100,"sd","10:00:27",564000
5000,30,200,"sd","09:59:22",563900
5000,30,200,"sd","09:59:22",563700
5000,30,600,"sd","09:59:03",563500
5000,30,300,"sd","09:58:49",562900
5010,40,200,"bu","09:58:29",562600
5010,40,1800,"sd","09:57:51",562400
5010,40,200,"sd","09:57:42",560600
5010,40,5000,"sd","09:57:42",560400
5010,40,4800,"sd","09:57:42",555400
5010,40,15000,"sd","09:57:02",550600
5050,80,3600,"bu","09:56:53",535600
5050,80,5000,"bu","09:56:53",532000
5050,80,200,"bu","09:56:53",527000
5050,80,800,"bu","09:56:53",526800
5040,70,1000,"bu","09:56:53",526000
5040,70,6000,"bu","09:56:53",525000
5040,70,500,"bu","09:56:53",519000
5040,70,5000,"bu","09:56:53",518500
5040,70,5000,"bu","09:56:53",513500
5040,70,100,"bu","09:56:53",508500
5040,70,100,"bu","09:56:53",508400
5040,70,500,"bu","09:56:53",508300
5040,70,3000,"bu","09:56:53",507800
5040,70,800,"bu","09:56:53",504800
5030,60,100,"bu","09:56:53",504000
5030,60,300,"bu","09:56:53",503900
5010,40,200,"sd","09:56:48",503600
5010,40,14800,"sd","09:56:48",503400
5010,40,9000,"sd","09:56:35",488600
5020,50,1000,"sd","09:56:35",479600
5030,60,2000,"bu","09:56:08",478600
5040,70,2200,"bu","09:53:54",476600
5010,40,2000,"sd","09:53:44",474400
5010,40,5000,"sd","09:53:13",472400
5010,40,49200,"sd","09:52:39",467400
5010,40,22800,"sd","09:52:39",418200
5020,50,3000,"sd","09:52:39",395400
5020,50,10000,"sd","09:52:39",392400
5050,80,1200,"bu","09:51:57",382400
5050,80,800,"bu","09:51:57",381200
5040,70,2000,"bu","09:51:57",380400
5050,80,200,"bu","09:51:27",378400
5050,80,500,"sd","09:50:49",378200
5050,80,3500,"sd","09:50:49",377700
5050,80,100,"sd","09:50:35",374200
5050,80,900,"sd","09:50:01",374100
5050,80,500,"bu","09:50:01",373200
5050,80,500,"bu","09:50:01",372700
5050,80,3600,"bu","09:50:01",372200
5040,70,500,"bu","09:50:01",368600
5040,70,300,"bu","09:50:01",368100
5020,50,100,"bu","09:50:01",367800
5020,50,400,"bu","09:50:00",367700
5020,50,500,"bu","09:49:43",367300
5010,40,5000,"sd","09:49:12",366800
5010,40,3200,"bu","09:49:02",361800
5010,40,2700,"bu","09:49:00",358600
5010,40,2000,"bu","09:49:00",355900
5010,40,17100,"bu","09:48:23",353900
5010,40,100,"bu","09:48:23",336800
5010,40,800,"bu","09:48:23",336700
5010,40,2000,"bu","09:48:05",335900
5010,40,200,"bu","09:47:40",333900
5000,30,1000,"sd","09:47:34",333700
5000,30,500,"sd","09:47:21",332700
5000,30,2600,"bu","09:45:33",332200
5000,30,1000,"sd","09:45:16",329600
5000,30,500,"sd","09:45:16",328600
5000,30,900,"sd","09:45:16",328100
5000,30,100,"bu","09:44:52",327200
5000,30,200,"sd","09:44:35",327100
5000,30,2000,"sd","09:44:35",326900
5010,40,100,"unknown","09:43:34",324900
5010,40,400,"sd","09:43:23",324800
5030,60,300,"bu","09:42:45",324400
5040,70,700,"bu","09:42:13",324100
5020,50,300,"bu","09:42:13",323400
5010,40,100,"sd","09:42:04",323100
4990,20,1100,"sd","09:41:57",323000
4990,20,2000,"sd","09:41:57",321900
4990,20,300,"sd","09:41:57",319900
4990,20,200,"sd","09:41:57",319600
5000,30,1000,"sd","09:41:57",319400
5000,30,200,"sd","09:41:57",318400
5000,30,800,"sd","09:41:57",318200
5000,30,10000,"sd","09:41:57",317400
5000,30,1000,"sd","09:41:57",307400
5000,30,5000,"sd","09:41:57",306400
5000,30,2000,"sd","09:41:57",301400
5000,30,100,"sd","09:41:57",299400
5000,30,1000,"sd","09:41:57",299300
5000,30,100,"sd","09:41:57",298300
5000,30,38200,"sd","09:41:57",298200
5010,40,7400,"sd","09:41:57",260000
5030,60,400,"sd","09:41:33",252600
5010,40,2600,"sd","09:41:33",252200
5020,50,2000,"sd","09:41:33",249600
5020,50,5000,"sd","09:41:33",247600
5020,50,3100,"sd","09:41:33",242600
5030,60,100,"sd","09:41:33",239500
5030,60,5000,"sd","09:41:33",239400
5030,60,1700,"sd","09:41:33",234400
5030,60,100,"sd","09:41:33",232700
5030,60,200,"sd","09:40:49",232600
5040,70,500,"sd","09:40:34",232400
5050,80,6400,"sd","09:39:57",231900
5050,80,2600,"sd","09:39:49",225500
5050,80,2000,"bu","09:39:16",222900
5050,80,5000,"bu","09:39:16",220900
5040,70,2000,"bu","09:39:16",215900
5040,70,1500,"bu","09:39:16",213900
5030,60,500,"bu","09:39:16",212400
5030,60,100,"sd","09:39:04",211900
5030,60,100,"sd","09:39:04",211800
5030,60,1000,"sd","09:39:04",211700
5030,60,2000,"bu","09:38:17",210700
5020,50,500,"sd","09:37:57",208700
5030,60,5000,"bu","09:37:56",208200
5020,50,500,"sd","09:37:54",203200
5020,50,900,"sd","09:37:47",202700
5020,50,3000,"sd","09:37:47",201800
5020,50,1800,"sd","09:37:41",198800
5020,50,2200,"bu","09:37:28",197000
5020,50,300,"bu","09:37:27",194800
5000,30,10000,"sd","09:37:21",194500
5000,30,1800,"bu","09:37:06",184500
5000,30,100,"bu","09:37:02",182700
5000,30,100,"sd","09:36:56",182600
5000,30,500,"sd","09:36:56",182500
5000,30,2000,"sd","09:36:56",182000
5000,30,100,"sd","09:36:56",180000
5000,30,1000,"sd","09:36:56",179900
5000,30,400,"sd","09:36:56",178900
5000,30,4000,"sd","09:36:56",178500
5010,40,100,"sd","09:36:51",174500
5010,40,100,"sd","09:36:51",174400
5020,50,1500,"bu","09:36:43",174300
5020,50,100,"bu","09:36:37",172800
5020,50,500,"bu","09:35:38",172700
5000,30,1000,"sd","09:34:35",172200
4980,10,600,"sd","09:31:19",171200
4990,20,400,"sd","09:31:19",170600
5000,30,200,"sd","09:31:19",170200
5000,30,1900,"sd","09:31:19",170000
5000,30,1900,"sd","09:31:19",168100
5000,30,100,"sd","09:30:34",166200
5000,30,4900,"sd","09:30:34",166100
5020,50,500,"bu","09:30:12",161200
5020,50,500,"bu","09:30:12",160700
5020,50,100,"bu","09:30:12",160200
5020,50,900,"bu","09:30:12",160100
5000,30,1100,"sd","09:29:49",159200
5000,30,1500,"sd","09:29:16",158100
5000,30,100,"sd","09:29:16",156600
5000,30,200,"bu","09:29:03",156500
5000,30,700,"bu","09:29:02",156300
5000,30,200,"bu","09:29:02",155600
5000,30,2000,"bu","09:29:02",155400
5000,30,100,"bu","09:29:02",153400
5000,30,1100,"bu","09:28:49",153300
5000,30,1400,"bu","09:28:49",152200
4990,20,4600,"bu","09:27:47",150800
4970,0,400,"sd","09:27:15",146200
4970,0,600,"sd","09:27:15",145800
4970,0,5000,"bu","09:26:51",145200
4970,0,4400,"bu","09:26:51",140200
4970,0,100,"bu","09:26:31",135800
4970,0,100,"bu","09:26:23",135700
4970,0,1000,"bu","09:26:15",135600
4970,0,100,"bu","09:26:03",134600
4970,0,300,"bu","09:25:46",134500
4970,0,500,"bu","09:25:20",134200
4970,0,300,"bu","09:25:02",133700
4970,0,10000,"sd","09:24:58",133400
4970,0,5000,"sd","09:24:58",123400
4970,0,100,"sd","09:24:58",118400
4970,0,5000,"sd","09:24:58",118300
4970,0,200,"sd","09:24:58",113300
4970,0,100,"sd","09:24:58",113100
4980,10,400,"sd","09:24:58",113000
4980,10,3700,"sd","09:24:58",112600
4980,10,100,"sd","09:24:26",108900
4980,10,200,"sd","09:23:31",108800
4990,20,400,"sd","09:23:04",108600
4990,20,400,"sd","09:22:44",108200
4990,20,200,"sd","09:22:34",107800
4990,20,100,"sd","09:22:34",107600
4990,20,100,"sd","09:22:34",107500
4990,20,100,"sd","09:22:34",107400
5000,30,3600,"sd","09:22:24",107300
5000,30,300,"sd","09:22:23",103700
5000,30,100,"sd","09:22:21",103400
5000,30,6000,"sd","09:22:20",103300
5000,30,2900,"sd","09:22:20",97300
5000,30,2900,"sd","09:22:16",94400
5000,30,2100,"sd","09:22:16",91500
5000,30,200,"sd","09:22:10",89400
5000,30,3000,"sd","09:22:05",89200
5010,40,200,"bu","09:22:00",86200
5010,40,16500,"bu","09:21:48",86000
5010,40,7000,"bu","09:21:44",69500
5010,40,3000,"sd","09:21:35",62500
5020,50,200,"bu","09:21:23",59500
5020,50,100,"bu","09:21:12",59300
5010,40,5000,"sd","09:21:12",59200
5010,40,3400,"sd","09:20:59",54200
5010,40,500,"sd","09:20:54",50800
5010,40,600,"sd","09:20:46",50300
5010,40,100,"sd","09:20:46",49700
5010,40,300,"sd","09:20:46",49600
5010,40,1000,"sd","09:20:36",49300
5040,70,200,"bu","09:20:10",48300
5040,70,200,"bu","09:20:10",48100
5050,80,200,"bu","09:19:37",47900
5050,80,300,"bu","09:19:26",47700
5060,90,500,"bu","09:18:34",47400
5000,30,3900,"sd","09:18:33",46900
5000,30,3200,"sd","09:18:33",43000
5000,30,300,"sd","09:18:33",39800
5000,30,200,"sd","09:18:33",39500
5060,90,300,"bu","09:18:27",39300
5060,90,200,"bu","09:18:27",39000
5060,90,500,"bu","09:18:27",38800
5060,90,1000,"bu","09:18:00",38300
5070,100,1000,"bu","09:17:50",37300
5070,100,1000,"sd","09:17:49",36300
5070,100,400,"sd","09:17:49",35300
5070,100,600,"sd","09:17:18",34900
5070,100,400,"sd","09:17:18",34300
5090,120,1000,"bu","09:16:57",33900
5090,120,300,"bu","09:16:57",32900
5070,100,500,"sd","09:16:38",32600
5070,100,1000,"bu","09:16:38",32100
5070,100,200,"bu","09:16:38",31100
5000,30,100,"sd","09:16:38",30900
5000,30,2700,"sd","09:16:38",30800
5000,30,5000,"sd","09:16:38",28100
5000,30,100,"sd","09:16:38",23100
5000,30,100,"sd","09:16:38",23000
5000,30,2000,"sd","09:16:38",22900
5000,30,100,"sd","09:16:38",20900
5000,30,500,"bu","09:15:38",20800
5000,30,500,"bu","09:15:30",20300
5000,30,1500,"bu","09:15:30",19800
5000,30,18300,"unknown","09:15:00",18300
