"price","change","match_qtty","side","time","total_vol"
3690,-90,28600,"unknown","14:45:02",864400
3710,-70,400,"bu","14:29:28",835800
3710,-70,3000,"bu","14:29:22",835400
3700,-80,200,"sd","14:28:54",832400
3710,-70,1000,"bu","14:28:15",832200
3710,-70,200,"bu","14:27:55",831200
3710,-70,500,"bu","14:26:55",831000
3710,-70,1000,"bu","14:26:50",830500
3700,-80,600,"sd","14:26:47",829500
3700,-80,1000,"sd","14:26:47",828900
3700,-80,3400,"sd","14:26:47",827900
3710,-70,200,"bu","14:24:30",824500
3710,-70,400,"sd","14:24:30",824300
3710,-70,1000,"sd","14:24:30",823900
3710,-70,900,"unknown","14:22:36",822900
3710,-70,1100,"bu","14:22:11",822000
3710,-70,9300,"bu","14:22:01",820900
3710,-70,500,"bu","14:22:01",811600
3710,-70,1000,"bu","14:22:01",811100
3710,-70,1000,"bu","14:22:01",810100
3720,-60,100,"bu","14:22:00",809100
3730,-50,300,"sd","14:20:54",809000
3730,-50,3600,"sd","14:20:54",808700
3730,-50,1000,"sd","14:20:02",805100
3730,-50,12400,"bu","14:19:44",804100
3730,-50,1000,"bu","14:19:01",791700
3730,-50,100,"bu","14:18:38",790700
3730,-50,500,"bu","14:18:25",790600
3730,-50,100,"bu","14:18:25",790100
3730,-50,200,"bu","14:18:08",790000
3710,-70,1000,"sd","14:17:09",789800
3710,-70,1000,"bu","14:15:07",788800
3700,-80,100,"sd","14:14:53",787800
3710,-70,3000,"bu","14:14:44",787700
3710,-70,2600,"bu","14:13:40",784700
3700,-80,1500,"sd","14:12:55",782100
3700,-80,300,"sd","14:12:55",780600
3700,-80,100,"sd","14:12:55",780300
3700,-80,1900,"sd","14:12:55",780200
3710,-70,3300,"bu","14:11:44",778300
3710,-70,100,"sd","14:11:22",775000
3720,-60,100,"bu","14:10:50",774900
3720,-60,1000,"bu","14:10:05",774800
3720,-60,100,"bu","14:07:52",773800
3720,-60,700,"bu","14:06:30",773700
3720,-60,1000,"bu","14:06:00",773000
3720,-60,300,"bu","14:06:00",772000
3700,-80,100,"sd","14:05:26",771700
3700,-80,200,"sd","14:05:26",771600
3700,-80,500,"sd","14:05:26",771400
3710,-70,200,"sd","14:05:26",770900
3710,-70,600,"bu","14:04:18",770700
3710,-70,700,"bu","14:04:18",770100
3700,-80,500,"unknown","14:04:16",769400
3700,-80,200,"unknown","14:04:16",768900
3700,-80,2000,"sd","14:04:16",768700
3700,-80,500,"sd","14:04:16",766700
3710,-70,4000,"bu","14:04:04",766200
3700,-80,1000,"sd","14:03:25",762200
3700,-80,1400,"bu","14:03:06",761200
3700,-80,3000,"bu","14:02:52",759800
3700,-80,2000,"bu","14:02:27",756800
3700,-80,100,"bu","14:02:24",754800
3700,-80,3000,"sd","14:01:00",754700
3700,-80,100,"sd","14:01:00",751700
3700,-80,400,"sd","14:01:00",751600
3700,-80,1100,"bu","14:00:34",751200
3700,-80,100,"bu","14:00:07",750100
3700,-80,200,"bu","14:00:05",750000
3700,-80,100,"bu","14:00:00",749800
3700,-80,200,"bu","13:59:34",749700
3700,-80,1000,"bu","13:59:22",749500
3700,-80,100,"bu","13:59:02",748500
3690,-90,500,"sd","13:58:55",748400
3700,-80,500,"bu","13:58:42",747900
3710,-70,200,"bu","13:57:57",747400
3700,-80,400,"bu","13:57:57",747200
3700,-80,200,"bu","13:57:45",746800
3700,-80,500,"sd","13:56:50",746600
3700,-80,100,"sd","13:56:50",746100
3700,-80,200,"sd","13:56:50",746000
3700,-80,500,"sd","13:56:50",745800
3700,-80,500,"sd","13:56:50",745300
3700,-80,200,"sd","13:56:50",744800
3700,-80,2400,"sd","13:56:50",744600
3710,-70,100,"bu","13:55:58",742200
3710,-70,200,"bu","13:55:44",742100
3710,-70,200,"sd","13:54:47",741900
3710,-70,100,"sd","13:54:47",741700
3720,-60,200,"bu","13:52:13",741600
3730,-50,8000,"bu","13:50:25",741400
3730,-50,100,"bu","13:50:00",733400
3700,-80,2600,"bu","13:49:01",733300
3700,-80,2000,"bu","13:48:59",730700
3700,-80,600,"bu","13:48:51",728700
3700,-80,400,"bu","13:48:51",728100
3700,-80,5000,"bu","13:48:25",727700
3700,-80,500,"bu","13:48:17",722700
3700,-80,100,"bu","13:48:03",722200
3700,-80,500,"bu","13:48:03",722100
3700,-80,500,"bu","13:47:59",721600
3700,-80,200,"bu","13:47:36",721100
3700,-80,200,"bu","13:47:36",720900
3700,-80,500,"sd","13:47:22",720700
3700,-80,800,"sd","13:47:22",720200
3700,-80,1000,"sd","13:47:22",719400
3700,-80,1200,"sd","13:47:22",718400
3700,-80,1000,"sd","13:47:22",717200
3700,-80,1000,"sd","13:47:22",716200
3700,-80,1000,"sd","13:47:22",715200
3700,-80,500,"sd","13:47:22",714200
3700,-80,2000,"sd","13:47:22",713700
3700,-80,1000,"sd","13:47:22",711700
3700,-80,2000,"sd","13:47:22",710700
3700,-80,2000,"sd","13:47:22",708700
3700,-80,2000,"sd","13:47:22",706700
3700,-80,1000,"sd","13:47:22",704700
3710,-70,2000,"sd","13:47:22",703700
3710,-70,50000,"sd","13:47:22",701700
3720,-60,1000,"sd","13:47:22",651700
3720,-60,1000,"sd","13:47:22",650700
3720,-60,2000,"sd","13:47:22",649700
3720,-60,2000,"sd","13:47:22",647700
3730,-50,500,"sd","13:46:58",645700
3730,-50,3100,"sd","13:46:58",645200
3730,-50,2300,"sd","13:46:56",642100
3730,-50,4600,"sd","13:45:50",639800
3730,-50,500,"sd","13:45:50",635200
3730,-50,1000,"sd","13:45:50",634700
3730,-50,100,"sd","13:45:50",633700
3730,-50,1600,"sd","13:45:50",633600
3730,-50,200,"sd","13:45:50",632000
3730,-50,2000,"sd","13:45:50",631800
3730,-50,2000,"sd","13:44:45",629800
3740,-40,1500,"bu","13:43:59",627800
3740,-40,5000,"sd","13:43:39",626300
3740,-40,300,"sd","13:43:39",621300
3740,-40,500,"sd","13:43:39",621000
3740,-40,100,"sd","13:43:39",620500
3740,-40,1500,"sd","13:43:39",620400
3740,-40,1500,"sd","13:43:39",618900
3750,-30,3000,"sd","13:43:20",617400
3760,-20,400,"bu","13:41:18",614400
3760,-20,100,"bu","13:40:24",614000
3740,-40,500,"sd","13:40:23",613900
3740,-40,500,"sd","13:40:23",613400
3740,-40,200,"sd","13:40:23",612900
3740,-40,100,"sd","13:40:23",612700
3740,-40,400,"sd","13:40:23",612600
3740,-40,100,"sd","13:40:23",612200
3750,-30,100,"sd","13:40:23",612100
3750,-30,1000,"sd","13:40:23",612000
3750,-30,100,"sd","13:40:23",611000
3750,-30,400,"sd","13:39:12",610900
3750,-30,100,"sd","13:39:12",610500
3750,-30,100,"sd","13:39:12",610400
3750,-30,1000,"sd","13:39:12",610300
3750,-30,200,"sd","13:39:12",609300
3750,-30,200,"sd","13:39:12",609100
3750,-30,100,"sd","13:39:12",608900
3750,-30,100,"sd","13:39:12",608800
3750,-30,1000,"sd","13:39:12",608700
3750,-30,100,"sd","13:39:12",607700
3750,-30,500,"sd","13:39:12",607600
3750,-30,100,"sd","13:39:12",607100
3750,-30,300,"sd","13:39:12",607000
3750,-30,1000,"sd","13:39:12",606700
3750,-30,100,"sd","13:39:12",605700
3750,-30,100,"sd","13:39:12",605600
3750,-30,1000,"sd","13:39:12",605500
3750,-30,13600,"sd","13:39:12",604500
3750,-30,700,"sd","13:28:29",590900
3760,-20,200,"sd","13:28:10",590200
3760,-20,100,"sd","13:26:03",590000
3760,-20,1000,"sd","13:26:03",589900
3760,-20,9500,"sd","13:26:03",588900
3760,-20,100,"sd","13:26:03",579400
3760,-20,10000,"sd","13:26:03",579300
3760,-20,300,"sd","13:26:03",569300
3770,-10,200,"sd","13:23:33",569000
3770,-10,6100,"sd","13:23:33",568800
3770,-10,6000,"sd","13:22:41",562700
3770,-10,700,"sd","13:22:41",556700
3780,0,300,"bu","13:22:31",556000
3780,0,5400,"bu","13:22:31",555700
3780,0,500,"sd","13:21:44",550300
3780,0,100,"sd","13:21:32",549800
3780,0,100,"bu","13:19:48",549700
3780,0,1500,"bu","13:19:48",549600
3780,0,2400,"bu","13:19:48",548100
3780,0,600,"bu","13:18:24",545700
3770,-10,300,"sd","13:17:35",545100
3760,-20,900,"sd","13:14:42",544800
3770,-10,2000,"sd","13:14:35",543900
3780,0,100,"sd","13:14:26",541900
3780,0,2000,"bu","13:13:29",541800
3770,-10,400,"bu","13:13:29",539800
3770,-10,100,"sd","13:13:17",539400
3790,10,100,"bu","13:11:33",539300
3780,0,200,"bu","13:10:21",539200
3780,0,400,"bu","13:10:21",539000
3780,0,1800,"bu","13:10:21",538600
3770,-10,1700,"bu","13:10:03",536800
3750,-30,100,"sd","13:09:46",535100
3750,-30,2000,"sd","13:09:12",535000
3760,-20,200,"sd","13:09:12",533000
3760,-20,800,"bu","13:08:15",532800
3750,-30,200,"sd","13:07:48",532000
3760,-20,1000,"sd","13:07:14",531800
3760,-20,1000,"sd","13:07:14",530800
3760,-20,100,"sd","13:07:14",529800
3760,-20,100,"sd","13:07:14",529700
3770,-10,100,"sd","13:06:31",529600
3760,-20,200,"bu","13:03:39",529500
3760,-20,200,"sd","13:03:11",529300
3760,-20,3200,"sd","13:03:11",529100
3760,-20,5000,"sd","13:03:10",525900
3760,-20,1800,"sd","13:02:46",520900
3760,-20,4000,"sd","13:02:46",519100
3760,-20,1000,"sd","13:02:46",515100
3760,-20,200,"sd","13:02:46",514100
3760,-20,3000,"sd","13:02:46",513900
3760,-20,1000,"sd","13:02:46",510900
3760,-20,1500,"sd","13:02:46",509900
3760,-20,1000,"sd","13:02:46",508400
3760,-20,500,"sd","13:02:46",507400
3780,0,100,"bu","13:02:11",506900
3780,0,200,"bu","13:01:13",506800
3780,0,2000,"bu","13:00:12",506600
3780,0,900,"bu","13:00:08",504600
3780,0,6000,"bu","13:00:08",503700
3780,0,100,"bu","13:00:07",497700
3780,0,200,"bu","13:00:02",497600
3770,-10,700,"bu","13:00:01",497400
3770,-10,4300,"bu","13:00:01",496700
3780,0,100,"bu","13:00:00",492400
3770,-10,200,"sd","13:00:00",492300
3780,0,100,"bu","11:26:26",492100
3770,-10,500,"bu","11:25:55",492000
3770,-10,1000,"bu","11:22:33",491500
3760,-20,500,"sd","11:14:11",490500
3760,-20,500,"sd","11:14:11",490000
3750,-30,10000,"sd","11:09:59",489500
3760,-20,1000,"sd","11:06:14",479500
3760,-20,300,"sd","11:06:14",478500
3780,0,400,"bu","11:03:40",478200
3780,0,100,"bu","11:01:55",477800
3760,-20,200,"sd","11:01:32",477700
3750,-30,5400,"sd","10:57:10",477500
3760,-20,100,"sd","10:57:10",472100
3760,-20,2000,"sd","10:57:10",472000
3760,-20,100,"sd","10:57:10",470000
3760,-20,500,"sd","10:57:10",469900
3760,-20,200,"sd","10:57:10",469400
3760,-20,1700,"sd","10:57:10",469200
3760,-20,100,"sd","10:55:15",467500
3760,-20,1000,"sd","10:54:12",467400
3760,-20,200,"sd","10:50:30",466400
3760,-20,2000,"sd","10:50:30",466200
3760,-20,5000,"sd","10:50:30",464200
3760,-20,100,"sd","10:50:30",459200
3760,-20,200,"sd","10:50:30",459100
3760,-20,500,"sd","10:50:30",458900
3760,-20,2000,"sd","10:50:30",458400
3790,10,100,"bu","10:44:31",456400
3790,10,100,"bu","10:44:25",456300
3760,-20,2000,"sd","10:42:04",456200
3760,-20,100,"sd","10:42:04",454200
3760,-20,100,"sd","10:42:04",454100
3760,-20,2000,"sd","10:42:04",454000
3760,-20,1000,"sd","10:42:04",452000
3760,-20,1000,"sd","10:42:04",451000
3760,-20,400,"sd","10:42:04",450000
3760,-20,2000,"sd","10:42:04",449600
3760,-20,400,"sd","10:42:04",447600
3760,-20,400,"sd","10:39:56",447200
3760,-20,600,"sd","10:39:56",446800
3770,-10,200,"bu","10:39:40",446200
3770,-10,300,"sd","10:38:42",446000
3770,-10,200,"sd","10:38:42",445700
3770,-10,100,"sd","10:38:42",445500
3760,-20,1400,"sd","10:34:08",445400
3760,-20,1000,"sd","10:34:08",444000
3770,-10,1000,"sd","10:33:32",443000
3770,-10,100,"sd","10:33:32",442000
3770,-10,500,"sd","10:33:32",441900
3770,-10,100,"sd","10:33:32",441400
3780,0,1000,"unknown","10:33:05",441300
3780,0,1000,"sd","10:33:04",440300
3780,0,100,"sd","10:33:04",439300
3780,0,500,"sd","10:33:04",439200
3780,0,100,"sd","10:33:04",438100
3780,0,600,"sd","10:33:04",438700
3790,10,200,"sd","10:31:32",438000
3790,10,1700,"sd","10:31:32",437800
3790,10,300,"sd","10:27:45",436100
3790,10,500,"sd","10:27:45",435800
3790,10,200,"sd","10:27:45",435300
3790,10,100,"sd","10:27:10",435100
3800,20,900,"bu","10:26:46",435000
3800,20,100,"bu","10:26:46",434100
3790,10,100,"sd","10:26:16",434000
3800,20,2000,"sd","10:25:11",433900
3800,20,900,"sd","10:25:11",431900
3800,20,1500,"sd","10:23:17",431000
3800,20,300,"sd","10:23:17",429500
3800,20,200,"sd","10:23:17",429200
3800,20,1000,"sd","10:22:04",429000
3800,20,2000,"sd","10:21:33",428000
3800,20,1800,"sd","10:21:09",426000
3800,20,2700,"sd","10:21:09",424200
3800,20,300,"sd","10:19:35",421500
3800,20,600,"sd","10:19:35",421200
3800,20,1100,"sd","10:19:35",420600
3800,20,7000,"sd","10:18:18",419500
3800,20,2000,"sd","10:18:11",412500
3800,20,2000,"sd","10:16:15",410500
3810,30,2000,"bu","10:14:36",408500
3810,30,3000,"bu","10:10:33",406500
3810,30,200,"bu","10:10:00",403500
3810,30,5000,"bu","10:09:31",403300
3800,20,3000,"sd","10:09:03",398300
3800,20,700,"sd","10:08:34",395300
3800,20,200,"sd","10:08:18",394600
3800,20,1200,"sd","10:06:38",394400
3800,20,5400,"sd","10:06:29",393200
3800,20,1000,"sd","10:05:10",387800
3800,20,1700,"sd","10:04:48",386800
3810,30,400,"bu","10:04:01",385100
3810,30,4600,"bu","10:04:01",384700
3800,20,700,"sd","10:03:33",380100
3800,20,700,"sd","10:03:17",379400
3800,20,13500,"sd","10:03:06",378700
3800,20,10000,"sd","10:03:06",365200
3800,20,100,"sd","10:03:06",355200
3800,20,1600,"sd","10:03:06",355100
3800,20,200,"sd","10:03:04",353500
3810,30,100,"bu","10:02:07",353300
3810,30,200,"bu","10:01:40",353200
3810,30,100,"bu","09:59:47",353000
3810,30,100,"bu","09:59:47",352900
3810,30,100,"sd","09:59:46",352800
3810,30,3000,"sd","09:59:10",352700
3810,30,100,"sd","09:59:10",349700
3810,30,2900,"sd","09:57:48",349600
3810,30,100,"bu","09:57:38",346700
3810,30,5200,"sd","09:56:58",346600
3810,30,100,"sd","09:56:58",341400
3810,30,300,"sd","09:55:32",341300
3810,30,300,"sd","09:55:32",341000
3810,30,7000,"sd","09:55:19",340700
3810,30,1000,"sd","09:55:19",333700
3810,30,2000,"sd","09:54:40",332700
3820,40,100,"bu","09:52:50",330700
3820,40,600,"sd","09:52:48",330600
3820,40,5000,"sd","09:52:25",330000
3820,40,400,"sd","09:52:00",325000
3820,40,2100,"sd","09:52:00",324600
3820,40,200,"sd","09:51:25",322500
3820,40,1000,"sd","09:51:03",322300
3820,40,1000,"sd","09:50:43",321300
3820,40,5000,"sd","09:50:35",320300
3820,40,100,"sd","09:49:40",315300
3820,40,1900,"sd","09:49:40",315200
3820,40,1000,"sd","09:49:38",313300
3820,40,7300,"sd","09:49:36",312300
3820,40,1000,"sd","09:49:22",305000
3820,40,3800,"sd","09:48:59",304000
3820,40,1200,"sd","09:48:59",300200
3840,60,1000,"sd","09:43:13",299000
3840,60,9400,"sd","09:43:13",298000
3840,60,4900,"sd","09:42:58",288600
3840,60,100,"sd","09:42:49",283700
3840,60,300,"sd","09:42:07",283600
3850,70,200,"bu","09:41:45",283300
3850,70,500,"sd","09:41:45",283100
3850,70,800,"sd","09:41:45",282600
3850,70,2000,"sd","09:41:42",281800
3860,80,300,"bu","09:41:41",279800
3850,70,200,"sd","09:41:34",279500
3850,70,2000,"bu","09:41:29",279300
3850,70,3000,"sd","09:40:55",277300
3850,70,500,"sd","09:40:55",274300
3850,70,2000,"sd","09:40:49",273800
3850,70,300,"sd","09:40:45",271800
3850,70,2700,"bu","09:40:18",271500
3850,70,4300,"bu","09:40:15",268800
3850,70,5700,"bu","09:40:15",264500
3850,70,14900,"bu","09:40:00",258800
3850,70,5100,"bu","09:40:00",243900
3850,70,100,"bu","09:39:59",238800
3850,70,10000,"bu","09:39:42",238700
3850,70,14600,"bu","09:39:37",228700
3850,70,400,"bu","09:39:37",214100
3840,60,300,"sd","09:39:34",213700
3850,70,600,"sd","09:39:14",213400
3850,70,19400,"sd","09:39:05",212800
3850,70,12500,"sd","09:39:05",193400
3850,70,18400,"sd","09:38:58",180900
3860,80,1500,"unknown","09:38:58",162500
3860,80,400,"unknown","09:38:58",161000
3860,80,500,"sd","09:38:54",160600
3860,80,1100,"sd","09:38:54",160100
3860,80,3900,"bu","09:38:43",159000
3860,80,100,"bu","09:38:43",155100
3860,80,5000,"bu","09:38:43",155000
3860,80,1400,"bu","09:38:43",150000
3860,80,200,"bu","09:38:31",148600
3860,80,400,"bu","09:37:52",148400
3860,80,500,"sd","09:37:48",148000
3870,90,1400,"bu","09:37:44",147500
3860,80,100,"sd","09:37:38",146100
3870,90,1200,"bu","09:37:32",146000
3870,90,2000,"bu","09:37:11",144800
3860,80,1000,"sd","09:36:46",142800
3860,80,100,"bu","09:36:43",141800
3860,80,700,"bu","09:36:43",141700
3860,80,2000,"bu","09:36:35",141000
3850,70,1500,"bu","09:36:22",139000
3850,70,700,"bu","09:36:22",137500
3850,70,600,"bu","09:36:22",136800
3850,70,300,"bu","09:36:22",136200
3850,70,1000,"bu","09:36:22",135900
3850,70,200,"bu","09:36:22",134900
3850,70,10000,"bu","09:36:22",134700
3840,60,3000,"bu","09:36:22",124700
3840,60,1800,"bu","09:36:22",121700
3840,60,200,"bu","09:36:09",119900
3820,40,2700,"bu","09:36:01",119700
3820,40,300,"bu","09:35:44",117000
3820,40,1000,"bu","09:35:44",116700
3820,40,300,"bu","09:35:44",115700
3820,40,900,"bu","09:35:44",115400
3820,40,500,"bu","09:35:44",114500
3810,30,100,"sd","09:35:26",114000
3810,30,100,"sd","09:35:19",113900
3810,30,1000,"bu","09:35:17",113800
3810,30,1000,"bu","09:34:19",112800
3810,30,500,"bu","09:32:34",111800
3800,20,700,"bu","09:31:49",111300
3800,20,1000,"bu","09:31:49",110600
3800,20,1000,"bu","09:31:49",109600
3800,20,10500,"bu","09:31:49",108600
3800,20,2000,"bu","09:31:46",98100
3800,20,2500,"bu","09:29:20",96100
3800,20,3000,"bu","09:29:20",93600
3800,20,4000,"bu","09:29:20",90600
3800,20,500,"bu","09:29:20",86600
3800,20,100,"bu","09:28:27",86100
3790,10,200,"sd","09:28:11",86000
3790,10,1000,"sd","09:26:54",85800
3790,10,500,"sd","09:26:54",84800
3790,10,200,"sd","09:26:45",84300
3790,10,2300,"sd","09:26:03",84100
3790,10,700,"sd","09:26:03",81800
3790,10,200,"sd","09:25:56",81100
3790,10,4100,"sd","09:24:43",80900
3790,10,900,"sd","09:24:43",76800
3800,20,10000,"bu","09:23:13",75900
3800,20,500,"bu","09:22:46",65900
3800,20,1400,"bu","09:22:46",65400
3800,20,200,"bu","09:22:42",64000
3800,20,1000,"bu","09:22:42",63800
3800,20,1000,"bu","09:22:26",62800
3800,20,2000,"bu","09:22:15",61800
3800,20,8000,"bu","09:22:06",59800
3800,20,800,"bu","09:21:56",51800
3800,20,100,"bu","09:21:16",51000
3800,20,200,"bu","09:21:16",50900
3800,20,300,"bu","09:21:16",50700
3790,10,100,"sd","09:20:14",50400
3790,10,1000,"sd","09:19:59",50300
3790,10,1000,"sd","09:19:39",49300
3800,20,200,"bu","09:18:45",48300
3800,20,3000,"sd","09:18:20",48100
3800,20,200,"sd","09:18:20",45100
3800,20,4100,"sd","09:18:20",44900
3800,20,12200,"sd","09:18:20",40800
3800,20,3000,"sd","09:17:45",28600
3800,20,3000,"bu","09:17:24",25600
3800,20,100,"bu","09:17:24",22600
3800,20,1000,"bu","09:17:24",22500
3800,20,700,"bu","09:17:24",21500
3790,10,5800,"sd","09:17:20",20800
3800,20,600,"bu","09:17:19",15000
3800,20,300,"bu","09:17:03",14400
3800,20,100,"bu","09:16:46",14100
3800,20,800,"bu","09:16:28",14000
3790,10,200,"sd","09:16:16",13200
3790,10,800,"bu","09:15:56",13000
3790,10,12200,"sd","09:15:02",12200
