"price","change","match_qtty","side","time","total_vol"
16900,900,100,"sd","14:58:47",6048000
16900,900,416400,"bu","14:45:01",6047900
16700,700,15000,"bu","14:29:59",5631500
16700,700,10000,"bu","14:29:57",5616500
16700,700,500,"bu","14:29:43",5606500
16700,700,200,"bu","14:29:36",5606000
16600,600,10000,"bu","14:29:32",5605800
16600,600,500,"bu","14:29:31",5595800
16600,600,500,"bu","14:29:30",5595300
16600,600,200,"bu","14:29:25",5594800
16600,600,1000,"bu","14:29:23",5594600
16600,600,500,"bu","14:29:20",5593600
16600,600,37300,"bu","14:29:17",5593100
16600,600,1900,"sd","14:29:12",5555800
16600,600,100,"sd","14:29:01",5553900
16600,600,2000,"sd","14:28:57",5553800
16600,600,3300,"sd","14:28:56",5551800
16700,700,2000,"bu","14:28:54",5548500
16600,600,2000,"sd","14:28:50",5546500
16600,600,50000,"sd","14:28:46",5544500
16700,700,2000,"bu","14:28:41",5494500
16700,700,2000,"bu","14:28:35",5492500
16700,700,12000,"bu","14:28:28",5490500
16600,600,3200,"sd","14:28:27",5478500
16700,700,11000,"bu","14:28:16",5475300
16700,700,5000,"bu","14:28:14",5464300
16600,600,1500,"sd","14:28:02",5459300
16600,600,2600,"bu","14:27:54",5457800
16600,600,800,"bu","14:27:51",5455200
16600,600,4000,"bu","14:27:49",5454400
16600,600,10000,"bu","14:27:42",5450400
16500,500,100,"sd","14:27:28",5440400
16600,600,2000,"bu","14:27:14",5440300
16600,600,500,"bu","14:27:01",5438300
16600,600,5000,"bu","14:26:56",5437800
16500,500,1000,"sd","14:26:47",5432800
16500,500,5200,"sd","14:26:35",5431800
16500,500,10000,"sd","14:26:30",5426600
16500,500,2000,"sd","14:26:26",5416600
16500,500,500,"sd","14:26:22",5414600
16600,600,1000,"bu","14:26:20",5414100
16600,600,3000,"bu","14:26:18",5413100
16600,600,20000,"bu","14:26:16",5410100
16600,600,300,"bu","14:25:43",5390100
16600,600,1600,"bu","14:25:28",5389800
16600,600,400,"bu","14:25:25",5388200
16500,500,100,"sd","14:25:14",5387800
16500,500,4000,"sd","14:24:56",5387700
16600,600,9100,"sd","14:24:30",5383700
16600,600,2000,"sd","14:24:27",5374600
16600,600,1000,"sd","14:24:24",5372600
16600,600,2000,"sd","14:24:21",5371600
16600,600,500,"sd","14:24:18",5369600
16600,600,40000,"sd","14:24:16",5369100
16600,600,8500,"sd","14:24:11",5329100
16600,600,1000,"sd","14:24:01",5320600
16600,600,30000,"sd","14:24:00",5319600
16600,600,2000,"sd","14:23:20",5289600
16700,700,5000,"bu","14:23:07",5287600
16600,600,41000,"sd","14:22:33",5282600
16700,700,5000,"sd","14:22:30",5241600
16700,700,300,"sd","14:22:22",5236600
16700,700,5000,"sd","14:22:20",5236300
16700,700,5000,"sd","14:22:06",5231300
16700,700,1000,"sd","14:22:00",5226300
16700,700,8700,"sd","14:21:57",5225300
16700,700,4000,"sd","14:21:54",5216600
16700,700,4000,"sd","14:21:51",5212600
16700,700,100,"sd","14:21:43",5208600
16700,700,200,"sd","14:21:19",5208500
16800,800,12100,"sd","14:20:59",5208300
16800,800,200,"sd","14:20:58",5196200
16800,800,2700,"sd","14:20:50",5196000
16800,800,200,"sd","14:20:49",5193300
16800,800,35000,"sd","14:20:47",5193100
16800,800,10000,"sd","14:20:46",5158100
16800,800,3500,"sd","14:20:44",5148100
16800,800,2000,"sd","14:20:38",5144600
16800,800,600,"sd","14:20:33",5142600
16800,800,10000,"sd","14:20:22",5142000
16800,800,1500,"sd","14:20:19",5132000
16900,900,700,"bu","14:20:14",5130500
16800,800,100,"sd","14:20:08",5129800
16800,800,5000,"sd","14:20:03",5129700
16800,800,10000,"sd","14:19:55",5124700
16800,800,29900,"sd","14:19:38",5114700
16900,900,32000,"bu","14:19:27",5084800
16800,800,200,"sd","14:19:08",5052800
16800,800,1000,"sd","14:18:54",5052600
16800,800,100,"sd","14:18:53",5051600
16800,800,1000,"sd","14:18:40",5051500
16800,800,200,"sd","14:18:19",5050500
16800,800,200,"sd","14:18:15",5050300
16800,800,1000,"sd","14:17:50",5050100
16800,800,500,"sd","14:17:29",5049100
16800,800,100,"sd","14:17:19",5048600
16800,800,500,"sd","14:17:09",5048500
16800,800,4000,"sd","14:17:04",5048000
16800,800,1000,"sd","14:16:56",5044000
16800,800,100,"sd","14:16:29",5043000
16900,900,500,"bu","14:15:20",5042900
16900,900,100,"bu","14:15:12",5042400
16900,900,700,"bu","14:15:06",5042300
16900,900,3000,"bu","14:14:46",5041600
16800,800,100,"sd","14:14:42",5038600
16800,800,5000,"sd","14:14:39",5038500
16800,800,5000,"sd","14:13:37",5033500
16800,800,1000,"sd","14:13:25",5028500
16800,800,4400,"sd","14:12:56",5027500
16800,800,2000,"sd","14:12:43",5023100
16900,900,300,"bu","14:12:42",5021100
16900,900,200,"bu","14:12:32",5020800
16800,800,100,"sd","14:12:30",5020600
16800,800,18400,"bu","14:12:21",5020500
16800,800,500,"bu","14:12:20",5002100
16800,800,500,"bu","14:12:07",5001600
16800,800,100,"bu","14:11:59",5001100
16800,800,2000,"bu","14:11:52",5001000
16800,800,1000,"bu","14:11:51",4999000
16800,800,2000,"bu","14:11:48",4998000
16800,800,10500,"bu","14:11:41",4996000
16700,700,2000,"sd","14:11:30",4985500
16800,800,1000,"bu","14:11:13",4983500
16800,800,1200,"bu","14:11:11",4982500
16800,800,5000,"bu","14:11:07",4981300
16800,800,1700,"bu","14:11:04",4976300
16800,800,300,"bu","14:11:02",4974600
16800,800,2000,"bu","14:10:46",4974300
16800,800,1000,"bu","14:10:45",4972300
16800,800,1000,"bu","14:10:35",4971300
16800,800,300,"bu","14:10:24",4970300
16800,800,15700,"bu","14:10:23",4970000
16800,800,10000,"sd","14:10:17",4954300
16800,800,100,"sd","14:10:03",4944300
16800,800,20000,"sd","14:09:55",4944200
16800,800,1500,"sd","14:09:52",4924200
16800,800,200,"sd","14:09:49",4922700
16800,800,1000,"sd","14:09:29",4922500
16800,800,23600,"bu","14:09:00",4921500
16800,800,500,"bu","14:08:59",4897900
16800,800,28400,"bu","14:08:58",4897400
16800,800,9800,"bu","14:08:56",4869000
16800,800,5000,"bu","14:08:52",4859200
16800,800,2000,"bu","14:08:49",4854200
16800,800,300,"bu","14:08:39",4852200
16800,800,10000,"bu","14:08:31",4851900
16800,800,200,"bu","14:08:26",4841900
16700,700,100,"sd","14:07:55",4841700
16700,700,1000,"sd","14:07:45",4841600
16700,700,6700,"bu","14:06:58",4840600
16700,700,100,"bu","14:06:57",4833900
16700,700,2000,"bu","14:06:49",4833800
16700,700,100,"bu","14:06:46",4831800
16700,700,5000,"bu","14:06:44",4831700
16700,700,500,"bu","14:06:41",4826700
16700,700,19200,"sd","14:06:33",4826200
16700,700,1000,"sd","14:06:31",4807000
16700,700,600,"bu","14:06:15",4806000
16700,700,5000,"bu","14:06:08",4805400
16700,700,5000,"bu","14:06:02",4800400
16700,700,1000,"bu","14:06:01",4795400
16600,600,100,"sd","14:05:58",4794400
16700,700,4700,"bu","14:05:57",4794300
16700,700,10000,"bu","14:05:54",4789600
16700,700,2000,"bu","14:05:46",4779600
16700,700,100,"bu","14:05:34",4777600
16700,700,25300,"bu","14:05:31",4777500
16800,800,8000,"bu","14:05:30",4752200
16800,800,200,"bu","14:05:23",4744200
16800,800,500,"bu","14:05:21",4744000
16800,800,20000,"bu","14:05:12",4743500
16700,700,500,"sd","14:05:08",4723500
16800,800,400,"bu","14:05:04",4723000
16800,800,1000,"bu","14:05:00",4722600
16800,800,1000,"bu","14:04:49",4721600
16800,800,3000,"bu","14:04:41",4720600
16700,700,1000,"sd","14:04:40",4717600
16800,800,3000,"bu","14:04:38",4716600
16800,800,4000,"bu","14:04:21",4713600
16800,800,400,"bu","14:03:57",4709600
16800,800,300,"bu","14:03:50",4709200
16800,800,100,"bu","14:03:48",4708900
16800,800,1200,"bu","14:03:43",4708800
16800,800,300,"sd","14:03:40",4707600
16800,800,1700,"sd","14:03:34",4707300
16800,800,300,"bu","14:03:27",4705600
16800,800,100,"bu","14:03:24",4705300
16800,800,500,"bu","14:03:16",4705200
16800,800,200,"bu","14:03:02",4704700
16800,800,4800,"sd","14:02:54",4704500
16800,800,8700,"bu","14:02:41",4699700
16800,800,100,"bu","14:02:40",4691000
16800,800,9000,"bu","14:02:31",4690900
16800,800,1000,"bu","14:02:16",4681900
16800,800,3200,"bu","14:02:11",4680900
16800,800,3000,"bu","14:01:53",4677700
16800,800,25800,"sd","14:01:45",4674700
16800,800,2000,"sd","14:01:38",4648900
16800,800,14500,"sd","14:01:09",4646900
16800,800,2900,"bu","14:00:55",4632400
16800,800,37300,"sd","14:00:51",4629500
16800,800,2000,"sd","14:00:49",4592200
16800,800,1000,"sd","14:00:45",4590200
16900,900,3000,"bu","14:00:43",4589200
16800,800,9000,"sd","13:59:54",4586200
16800,800,35000,"sd","13:59:28",4577200
16800,800,700,"bu","13:59:26",4542200
16800,800,500,"bu","13:59:24",4541500
16800,800,400,"bu","13:59:21",4541000
16800,800,25000,"bu","13:59:16",4540600
16800,800,2000,"bu","13:59:15",4515600
16800,800,1000,"bu","13:59:03",4513600
16800,800,1900,"bu","13:59:02",4512600
16800,800,400,"bu","13:58:57",4510700
16800,800,5400,"bu","13:58:56",4510300
16800,800,400,"bu","13:58:53",4504900
16800,800,39000,"bu","13:58:45",4504500
16800,800,3000,"bu","13:58:33",4465500
16700,700,42000,"sd","13:58:27",4462500
16800,800,300,"bu","13:58:22",4420500
16800,800,15000,"bu","13:58:13",4420200
16700,700,200,"sd","13:58:10",4405200
16800,800,5000,"bu","13:58:07",4405000
16800,800,4000,"bu","13:57:51",4400000
16700,700,100,"sd","13:57:39",4396000
16700,700,2400,"sd","13:57:12",4395900
16700,700,101200,"bu","13:57:09",4393500
16700,700,300,"bu","13:57:08",4292300
16700,700,100,"bu","13:57:02",4292000
16700,700,300,"bu","13:56:44",4291900
16600,600,200,"sd","13:56:29",4291600
16600,600,8900,"bu","13:56:24",4291400
16600,600,100,"bu","13:56:23",4282500
16600,600,1000,"bu","13:56:22",4282400
16600,600,45000,"bu","13:56:21",4281400
16600,600,4000,"bu","13:56:17",4236400
16600,600,14800,"bu","13:56:16",4232400
16500,500,200,"sd","13:56:15",4217600
16600,600,13000,"bu","13:56:12",4217400
16600,600,3000,"bu","13:56:09",4204400
16600,600,500,"bu","13:56:08",4201400
16600,600,500,"bu","13:56:05",4200900
16500,500,200,"sd","13:56:02",4200400
16600,600,1000,"bu","13:56:01",4200200
16600,600,100,"bu","13:55:59",4199200
16600,600,3100,"bu","13:55:56",4199100
16600,600,500,"bu","13:55:52",4196000
16600,600,700,"bu","13:55:51",4195500
16500,500,200,"sd","13:55:50",4194800
16600,600,600,"bu","13:55:49",4194600
16600,600,4000,"bu","13:55:42",4194000
16600,600,5000,"bu","13:55:34",4190000
16500,500,500,"sd","13:55:17",4185000
16500,500,500,"sd","13:55:00",4184500
16500,500,100,"bu","13:54:27",4184000
16500,500,3900,"sd","13:54:24",4183900
16500,500,12200,"bu","13:54:18",4180000
16500,500,1000,"bu","13:54:16",4167800
16500,500,5000,"bu","13:54:13",4166800
16500,500,500,"bu","13:54:11",4161800
16500,500,3500,"bu","13:53:59",4161300
16500,500,200,"bu","13:53:42",4157800
16500,500,200,"bu","13:53:38",4157600
16500,500,500,"bu","13:53:33",4157400
16500,500,500,"bu","13:53:30",4156900
16500,500,500,"bu","13:53:29",4156400
16500,500,300,"bu","13:53:19",4155900
16500,500,2500,"bu","13:53:12",4155600
16500,500,700,"bu","13:52:33",4153100
16500,500,5000,"bu","13:52:06",4152400
16500,500,2600,"bu","13:51:59",4147400
16500,500,2400,"sd","13:51:41",4144800
16500,500,1000,"bu","13:51:24",4142400
16500,500,1100,"bu","13:51:22",4141400
16500,500,1100,"sd","13:51:08",4140300
16400,400,100,"sd","13:50:53",4139200
16500,500,200,"bu","13:50:51",4139100
16500,500,3000,"bu","13:50:41",4138900
16500,500,3000,"bu","13:50:35",4135900
16500,500,600,"bu","13:50:32",4132900
16500,500,2000,"sd","13:50:17",4132300
16500,500,3800,"sd","13:50:10",4130300
16500,500,2000,"sd","13:50:00",4126500
16500,500,2000,"sd","13:49:48",4124500
16500,500,500,"sd","13:49:46",4122500
16500,500,2400,"sd","13:49:40",4122000
16500,500,2500,"sd","13:49:10",4119600
16500,500,7000,"sd","13:49:03",4117100
16500,500,4000,"sd","13:49:02",4110100
16500,500,100,"sd","13:47:33",4106100
16500,500,4000,"sd","13:47:23",4106000
16500,500,500,"sd","13:46:56",4102000
16500,500,200,"sd","13:46:45",4101500
16500,500,2000,"sd","13:46:39",4101300
16500,500,500,"sd","13:46:37",4099300
16500,500,2100,"sd","13:46:31",4098800
16500,500,2000,"sd","13:46:25",4096700
16600,600,100,"bu","13:46:20",4094700
16500,500,4500,"bu","13:46:00",4094600
16500,500,100,"bu","13:45:52",4090100
16500,500,5400,"bu","13:45:42",4090000
16500,500,1300,"sd","13:45:07",4084600
16500,500,1000,"sd","13:44:44",4083300
16500,500,500,"sd","13:43:49",4082300
16500,500,15500,"sd","13:43:33",4081800
16500,500,4000,"bu","13:43:27",4066300
16500,500,3000,"bu","13:43:19",4062300
16500,500,1700,"bu","13:43:16",4059300
16500,500,1300,"bu","13:43:06",4057600
16500,500,1000,"bu","13:42:44",4056300
16500,500,2000,"bu","13:42:31",4055300
16500,500,1300,"bu","13:42:27",4053300
16500,500,1000,"bu","13:42:17",4052000
16500,500,5000,"bu","13:42:14",4051000
16500,500,900,"bu","13:41:58",4046000
16500,500,5000,"bu","13:41:55",4045100
16500,500,17400,"sd","13:41:45",4040100
16500,500,500,"sd","13:41:37",4022700
16500,500,4400,"sd","13:41:36",4022200
16500,500,1500,"sd","13:41:29",4017800
16500,500,1000,"sd","13:41:15",4016300
16500,500,5000,"sd","13:41:09",4015300
16500,500,300,"sd","13:41:01",4010300
16500,500,8000,"sd","13:40:45",4010000
16500,500,200,"sd","13:40:31",4002000
16500,500,1000,"sd","13:40:11",4001800
16500,500,1000,"sd","13:39:37",4000800
16500,500,100,"sd","13:39:28",3999800
16500,500,5000,"sd","13:39:25",3999700
16500,500,5000,"sd","13:39:10",3994700
16500,500,100,"sd","13:39:01",3989700
16500,500,12000,"sd","13:38:50",3989600
16500,500,2000,"sd","13:38:16",3977600
16500,500,4000,"sd","13:37:59",3975600
16600,600,2000,"bu","13:37:05",3971600
16600,600,300,"bu","13:36:44",3969600
16600,600,2000,"bu","13:36:25",3969300
16500,500,100,"sd","13:36:18",3967300
16600,600,5000,"bu","13:35:44",3967200
16600,600,1200,"bu","13:35:42",3962200
16600,600,400,"bu","13:35:22",3961000
16600,600,1000,"bu","13:34:09",3960600
16600,600,2000,"bu","13:33:59",3959600
16600,600,8500,"sd","13:33:06",3957600
16600,600,10000,"sd","13:33:01",3949100
16600,600,50000,"sd","13:32:56",3939100
16600,600,1400,"sd","13:32:53",3889100
16600,600,3500,"sd","13:32:49",3887700
16600,600,2300,"sd","13:32:29",3884200
16700,700,100,"bu","13:32:12",3881900
16700,700,1000,"bu","13:30:49",3881800
16700,700,1000,"bu","13:30:36",3880800
16700,700,5000,"bu","13:30:33",3879800
16700,700,1000,"bu","13:30:04",3874800
16700,700,1200,"bu","13:29:51",3873800
16700,700,2000,"bu","13:29:33",3872600
16700,700,1000,"bu","13:29:26",3870600
16700,700,5500,"bu","13:29:18",3869600
16700,700,2000,"bu","13:29:14",3864100
16700,700,2700,"bu","13:29:13",3862100
16700,700,500,"bu","13:29:10",3859400
16700,700,10000,"bu","13:28:43",3858900
16700,700,500,"bu","13:28:18",3848900
16700,700,3900,"bu","13:27:58",3848400
16700,700,3000,"bu","13:27:53",3844500
16700,700,1000,"bu","13:27:47",3841500
16700,700,2000,"bu","13:27:30",3840500
16700,700,800,"bu","13:27:15",3838500
16700,700,500,"bu","13:27:07",3837700
16600,600,100,"sd","13:25:10",3837200
16700,700,5000,"bu","13:24:49",3837100
16700,700,18800,"bu","13:24:27",3832100
16700,700,100,"sd","13:24:24",3813300
16700,700,3000,"sd","13:23:31",3813200
16700,700,1500,"sd","13:23:11",3810200
16700,700,1000,"sd","13:23:00",3808700
16700,700,1500,"bu","13:22:58",3807700
16700,700,500,"bu","13:22:53",3806200
16700,700,1200,"bu","13:22:52",3805700
16700,700,500,"bu","13:22:51",3804500
16700,700,3000,"bu","13:22:50",3804000
16700,700,10000,"bu","13:22:45",3801000
16700,700,300,"bu","13:22:37",3791000
16700,700,100,"bu","13:22:31",3790700
16700,700,100,"bu","13:22:26",3790600
16700,700,100,"bu","13:22:21",3790500
16700,700,6000,"bu","13:22:19",3790400
16700,700,1000,"bu","13:22:16",3784400
16700,700,1000,"bu","13:22:13",3783400
16700,700,5000,"bu","13:22:10",3782400
16700,700,1000,"bu","13:22:08",3777400
16700,700,4000,"bu","13:22:04",3776400
16700,700,300,"bu","13:22:01",3772400
16700,700,400,"bu","13:21:37",3772100
16700,700,2600,"bu","13:21:17",3771700
16700,700,4000,"bu","13:21:15",3769100
16700,700,1800,"bu","13:21:05",3765100
16700,700,20000,"bu","13:21:04",3763300
16700,700,400,"bu","13:20:39",3743300
16700,700,100,"bu","13:20:14",3742900
16700,700,7800,"bu","13:20:10",3742800
16700,700,200,"bu","13:20:03",3735000
16700,700,2000,"bu","13:19:55",3734800
16700,700,200,"bu","13:19:52",3732800
16700,700,100,"bu","13:19:49",3732600
16700,700,500,"bu","13:19:40",3732500
16700,700,5000,"bu","13:19:04",3732000
16600,600,700,"sd","13:18:58",3727000
16600,600,500,"sd","13:18:44",3726300
16600,600,100,"sd","13:18:38",3725800
16600,600,300,"sd","13:18:12",3725700
16600,600,28300,"sd","13:18:05",3725400
16700,700,100,"bu","13:18:03",3697100
16700,700,1000,"bu","13:18:02",3697000
16700,700,19000,"bu","13:17:31",3696000
16700,700,2000,"bu","13:17:09",3677000
16700,700,500,"bu","13:16:55",3675000
16700,700,1000,"bu","13:16:41",3674500
16700,700,5000,"bu","13:16:20",3673500
16700,700,16000,"bu","13:16:16",3668500
16700,700,100,"bu","13:16:03",3652500
16700,700,1500,"bu","13:15:38",3652400
16700,700,28300,"bu","13:15:25",3650900
16700,700,1000,"bu","13:13:59",3622600
16700,700,500,"bu","13:13:54",3621600
16700,700,500,"bu","13:13:20",3621100
16600,600,3600,"sd","13:13:19",3620600
16600,600,1400,"sd","13:13:13",3617000
16600,600,5000,"sd","13:13:06",3615600
16600,600,2100,"sd","13:13:01",3610600
16700,700,5300,"bu","13:12:33",3608500
16600,600,1000,"sd","13:12:27",3603200
16700,700,3000,"bu","13:12:21",3602200
16600,600,100,"sd","13:12:20",3599200
16600,600,4100,"sd","13:12:12",3599100
16600,600,3000,"sd","13:11:59",3595000
16600,600,200,"sd","13:11:41",3592000
16600,600,38600,"bu","13:11:32",3591800
16600,600,100,"bu","13:11:11",3553200
16600,600,10000,"bu","13:10:46",3553100
16500,500,6000,"sd","13:10:24",3543100
16600,600,500,"bu","13:10:16",3537100
16600,600,200,"bu","13:10:05",3536600
16600,600,2000,"bu","13:10:04",3536400
16600,600,500,"bu","13:10:01",3534400
16600,600,2000,"bu","13:09:47",3533900
16600,600,1400,"bu","13:09:38",3531900
16600,600,300,"bu","13:09:37",3530500
16600,600,200,"bu","13:09:33",3530200
16600,600,100,"bu","13:09:15",3530000
16600,600,200,"bu","13:08:51",3529900
16600,600,200,"bu","13:08:25",3529700
16600,600,1000,"bu","13:08:24",3529500
16600,600,100,"bu","13:08:04",3528500
16600,600,3700,"bu","13:08:03",3528400
16600,600,300,"bu","13:08:02",3524700
16600,600,1000,"bu","13:07:57",3524400
16600,600,200,"sd","13:07:56",3523400
16600,600,8000,"sd","13:07:53",3523200
16600,600,100,"sd","13:07:48",3515200
16600,600,2000,"sd","13:07:43",3515100
16600,600,1000,"sd","13:07:39",3513100
16600,600,900,"sd","13:07:37",3512100
16600,600,100,"sd","13:07:33",3511200
16600,600,1000,"sd","13:07:25",3511100
16600,600,1500,"sd","13:07:20",3510100
16700,700,1000,"bu","13:07:15",3508600
16600,600,1000,"sd","13:07:12",3507600
16600,600,1000,"sd","13:07:02",3506600
16600,600,30000,"sd","13:06:48",3505600
16600,600,1000,"sd","13:06:46",3475600
16600,600,200,"sd","13:06:39",3474600
16600,600,600,"sd","13:06:35",3474400
16600,600,2000,"sd","13:06:25",3473800
16600,600,1000,"sd","13:06:22",3471800
16600,600,9000,"sd","13:06:10",3470800
16600,600,5000,"sd","13:05:52",3461800
16600,600,5100,"sd","13:05:22",3456800
16600,600,100,"sd","13:05:10",3451700
16700,700,1000,"bu","13:05:08",3451600
16700,700,1000,"bu","13:04:37",3450600
16600,600,100,"sd","13:04:28",3449600
16600,600,15300,"bu","13:04:27",3449500
16600,600,500,"bu","13:04:25",3434200
16600,600,2000,"bu","13:04:17",3433700
16600,600,7500,"bu","13:04:16",3431700
16600,600,1000,"bu","13:04:13",3424200
16600,600,800,"bu","13:04:09",3423200
16600,600,200,"bu","13:04:08",3422400
16600,600,1000,"bu","13:04:07",3422200
16600,600,21100,"bu","13:04:03",3421200
16600,600,1000,"bu","13:04:02",3400100
16600,600,5000,"bu","13:03:57",3399100
16600,600,10000,"bu","13:03:53",3394100
16600,600,1000,"bu","13:03:48",3384100
16600,600,1000,"bu","13:03:46",3383100
16600,600,20000,"bu","13:03:37",3382100
16600,600,1300,"bu","13:02:34",3362100
16500,500,10000,"sd","13:02:32",3360800
16500,500,100,"sd","13:02:31",3350800
16500,500,400,"sd","13:01:54",3350700
16500,500,100,"sd","13:01:48",3350300
16500,500,1000,"sd","13:01:23",3350200
16500,500,700,"sd","13:00:26",3349200
16500,500,5000,"sd","13:00:20",3348500
16600,600,52000,"bu","13:00:09",3343500
16600,600,300,"bu","13:00:07",3291500
16600,600,400,"bu","13:00:05",3291200
16500,500,1600,"sd","13:00:04",3290800
16600,600,1000,"bu","11:30:00",3289200
16500,500,200,"sd","11:29:50",3288200
16500,500,200,"sd","11:29:47",3288000
16500,500,2000,"sd","11:29:42",3287800
16500,500,200,"sd","11:29:16",3285800
16500,500,1000,"sd","11:28:48",3285600
16500,500,15000,"sd","11:28:46",3284600
16500,500,1000,"sd","11:28:21",3269600
16500,500,2000,"sd","11:28:12",3268600
16500,500,300,"sd","11:27:51",3266600
16600,600,1700,"bu","11:27:40",3266300
16500,500,1000,"sd","11:27:34",3264600
16500,500,1000,"sd","11:27:24",3263600
16500,500,1000,"sd","11:27:15",3262600
16500,500,1000,"sd","11:27:13",3261600
16500,500,900,"sd","11:27:12",3260600
16500,500,100,"sd","11:27:03",3259700
16500,500,40000,"sd","11:26:54",3259600
16500,500,100,"sd","11:26:50",3219600
16500,500,500,"sd","11:26:44",3219500
16500,500,1000,"sd","11:26:40",3219000
16500,500,14500,"sd","11:26:38",3218000
16500,500,15000,"sd","11:26:33",3203500
16500,500,4600,"sd","11:26:32",3188500
16500,500,400,"sd","11:26:13",3183900
16500,500,1000,"sd","11:25:53",3183500
16500,500,1000,"sd","11:25:50",3182500
16500,500,1300,"sd","11:25:35",3181500
16500,500,1400,"sd","11:25:19",3180200
16500,500,1000,"sd","11:25:11",3178800
16500,500,500,"sd","11:24:31",3177800
16600,600,1500,"bu","11:23:08",3177300
16700,700,100,"bu","11:22:55",3175800
16600,600,1900,"sd","11:22:32",3175700
16600,600,500,"sd","11:22:30",3173800
16600,600,500,"sd","11:22:06",3173300
16700,700,500,"bu","11:22:05",3172800
16600,600,100,"sd","11:21:51",3172300
16600,600,6000,"sd","11:21:41",3172200
16600,600,9700,"bu","11:21:01",3166200
16600,600,100,"sd","11:20:58",3156500
16600,600,800,"sd","11:20:55",3156400
16600,600,4000,"sd","11:20:54",3155600
16600,600,1000,"sd","11:20:48",3151600
16600,600,1200,"sd","11:20:47",3150600
16600,600,2000,"sd","11:20:46",3149400
16600,600,7500,"sd","11:20:41",3147400
16600,600,1000,"sd","11:20:06",3139900
16600,600,1000,"sd","11:20:00",3138900
16600,600,1000,"sd","11:19:44",3137900
16600,600,300,"sd","11:19:40",3136900
16600,600,500,"sd","11:19:29",3136600
16600,600,900,"sd","11:19:23",3136100
16600,600,200,"bu","11:19:15",3135200
16600,600,500,"bu","11:19:13",3135000
16600,600,16100,"bu","11:18:34",3134500
16600,600,10000,"sd","11:18:26",3118400
16600,600,10000,"sd","11:18:19",3108400
16600,600,4100,"sd","11:18:16",3098400
16600,600,43300,"sd","11:18:06",3094300
16600,600,9000,"sd","11:17:53",3051000
16600,600,2000,"sd","11:17:35",3042000
16600,600,100,"sd","11:17:31",3040000
16600,600,100,"sd","11:16:57",3039900
16600,600,300,"sd","11:16:44",3039800
16600,600,600,"sd","11:15:17",3039500
16700,700,100,"bu","11:14:48",3038900
16700,700,400,"bu","11:13:31",3038800
16700,700,100,"bu","11:12:16",3038400
16700,700,100,"bu","11:12:11",3038300
16700,700,500,"bu","11:11:47",3038200
16700,700,400,"bu","11:11:15",3037700
16600,600,200,"sd","11:10:39",3037300
16600,600,1500,"sd","11:10:36",3037100
16600,600,300,"sd","11:09:47",3035600
16600,600,200,"sd","11:09:32",3035300
16600,600,1000,"sd","11:09:16",3035100
16600,600,1000,"sd","11:08:33",3034100
16600,600,1500,"sd","11:08:26",3033100
16600,600,1000,"sd","11:08:03",3031600
16700,700,100,"bu","11:06:36",3030600
16700,700,200,"bu","11:06:04",3030500
16700,700,200,"bu","11:05:59",3030300
16700,700,5000,"bu","11:05:56",3030100
16600,600,1300,"sd","11:05:54",3025100
16600,600,500,"sd","11:05:44",3023800
16600,600,1000,"sd","11:05:18",3023300
16600,600,3000,"sd","11:04:47",3022300
16600,600,5000,"sd","11:04:31",3019300
16600,600,100,"sd","11:04:29",3014300
16600,600,5000,"sd","11:04:15",3014200
16600,600,1000,"sd","11:03:52",3009200
16600,600,1100,"sd","11:02:45",3008200
16600,600,2700,"sd","11:02:36",3007100
16600,600,1000,"sd","11:02:14",3004400
16600,600,2200,"sd","11:02:07",3003400
16600,600,5000,"sd","11:02:01",3001200
16600,600,400,"sd","11:01:31",2996200
16600,600,1000,"sd","11:01:07",2995800
16700,700,100,"bu","11:01:04",2994800
16700,700,100,"bu","10:59:01",2994700
16700,700,3000,"bu","10:58:46",2994600
16700,700,100,"bu","10:58:18",2991600
16700,700,1000,"bu","10:58:06",2991500
16700,700,3000,"bu","10:57:51",2990500
16700,700,100,"bu","10:57:38",2987500
16700,700,100,"bu","10:57:21",2987400
16700,700,6600,"bu","10:57:18",2987300
16700,700,6900,"sd","10:57:08",2980700
16700,700,10000,"sd","10:56:48",2973800
16700,700,30000,"sd","10:56:41",2963800
16800,800,1700,"bu","10:56:39",2933800
16700,700,17700,"sd","10:56:24",2932100
16700,700,100,"sd","10:55:59",2914400
16700,700,700,"sd","10:55:50",2914300
16700,700,1000,"sd","10:54:53",2913600
16700,700,1500,"sd","10:54:47",2912600
16700,700,200,"sd","10:53:01",2911100
16700,700,1200,"sd","10:52:50",2910900
16800,800,500,"bu","10:52:20",2909700
16800,800,400,"bu","10:51:42",2909200
16800,800,2000,"bu","10:51:36",2908800
16800,800,11400,"bu","10:51:07",2906800
16800,800,1500,"sd","10:51:06",2895400
16800,800,15900,"sd","10:51:05",2893900
16800,800,25000,"sd","10:51:02",2878000
16800,800,2000,"sd","10:50:53",2853000
16800,800,100,"sd","10:50:39",2851000
16800,800,2000,"sd","10:50:31",2850900
16800,800,1000,"sd","10:50:13",2848900
16800,800,1000,"sd","10:50:12",2847900
16800,800,100,"sd","10:49:51",2846900
16800,800,500,"sd","10:49:29",2846800
16800,800,3000,"sd","10:48:45",2846300
16800,800,200,"sd","10:48:37",2843300
16800,800,1000,"sd","10:48:26",2843100
16800,800,1000,"sd","10:47:54",2842100
16800,800,1000,"sd","10:47:25",2841100
16900,900,100,"bu","10:47:17",2840100
16900,900,1000,"bu","10:46:56",2840000
16900,900,600,"bu","10:46:44",2839000
16900,900,1300,"bu","10:46:40",2838400
16900,900,600,"bu","10:46:37",2837100
16900,900,100,"bu","10:46:33",2836500
16900,900,300,"bu","10:46:15",2836400
16900,900,100,"bu","10:45:48",2836100
16800,800,1000,"sd","10:45:43",2836000
16800,800,1000,"sd","10:45:31",2835000
16800,800,7000,"sd","10:45:30",2834000
16800,800,3500,"sd","10:45:13",2827000
16800,800,2000,"sd","10:45:04",2823500
16800,800,100,"sd","10:44:49",2821500
16900,900,23000,"bu","10:44:44",2821400
16800,800,50800,"bu","10:44:21",2798400
16800,800,300,"bu","10:44:18",2747600
16800,800,300,"bu","10:44:08",2747300
16800,800,2500,"bu","10:43:45",2747000
16800,800,3000,"bu","10:43:44",2744500
16800,800,500,"bu","10:43:33",2741500
16700,700,300,"sd","10:43:30",2741000
16700,700,1000,"sd","10:43:05",2740700
16700,700,5000,"sd","10:42:59",2739700
16700,700,100,"sd","10:42:18",2734700
16700,700,200,"sd","10:42:01",2734600
16700,700,1100,"sd","10:41:48",2734400
16700,700,500,"sd","10:41:05",2733300
16700,700,500,"sd","10:40:41",2732800
16700,700,10000,"sd","10:40:33",2732300
16700,700,500,"sd","10:39:40",2722300
16700,700,400,"sd","10:39:29",2721800
16700,700,5000,"sd","10:39:16",2721400
16700,700,1000,"sd","10:38:59",2716400
16800,800,600,"bu","10:38:58",2715400
16700,700,100,"sd","10:38:57",2714800
16700,700,2600,"sd","10:38:51",2714700
16700,700,3000,"bu","10:38:48",2712100
16700,700,2100,"bu","10:38:45",2709100
16700,700,2000,"bu","10:38:36",2707000
16600,600,100,"sd","10:38:23",2705000
16600,600,100,"sd","10:38:01",2704900
16700,700,6200,"bu","10:37:59",2704800
16600,600,200,"sd","10:36:43",2698600
16600,600,100,"sd","10:36:31",2698400
16600,600,10000,"sd","10:36:17",2698300
16600,600,200,"sd","10:35:59",2688300
16600,600,400,"sd","10:35:49",2688100
16700,700,300,"sd","10:35:32",2687700
16700,700,5000,"sd","10:35:22",2687400
16700,700,400,"sd","10:35:13",2682400
16700,700,10000,"sd","10:35:07",2682000
16700,700,1500,"sd","10:35:04",2672000
16700,700,100,"sd","10:34:52",2670500
16700,700,300,"sd","10:34:40",2670400
16700,700,300,"sd","10:34:36",2670100
16700,700,1000,"sd","10:34:34",2669800
16700,700,200,"sd","10:34:30",2668800
16700,700,300,"sd","10:34:11",2668600
16700,700,2000,"sd","10:33:55",2668300
16800,800,500,"bu","10:33:39",2666300
16700,700,10000,"sd","10:33:37",2665800
16700,700,10000,"sd","10:33:19",2655800
16700,700,100,"sd","10:33:05",2645800
16700,700,10000,"sd","10:33:02",2645700
16700,700,1000,"sd","10:32:57",2635700
16700,700,1000,"sd","10:32:43",2634700
16700,700,1000,"sd","10:32:32",2633700
16800,800,400,"bu","10:32:30",2632700
16700,700,1000,"sd","10:32:28",2632300
16700,700,100,"sd","10:32:19",2631300
16800,800,100,"bu","10:32:03",2631200
16700,700,500,"sd","10:32:00",2631100
16700,700,600,"sd","10:31:50",2630600
16800,800,200,"bu","10:31:31",2630000
16800,800,1000,"bu","10:30:55",2629800
16800,800,5300,"bu","10:30:40",2628800
16800,800,100,"sd","10:30:32",2623500
16800,800,300,"sd","10:30:26",2623400
16800,800,5000,"sd","10:30:20",2623100
16800,800,14000,"sd","10:30:18",2618100
16800,800,500,"sd","10:30:17",2604100
16800,800,5300,"sd","10:30:15",2603600
16800,800,200,"sd","10:30:14",2598300
16800,800,5000,"sd","10:30:04",2598100
16800,800,300,"sd","10:30:02",2593100
16800,800,500,"sd","10:30:01",2592800
16800,800,500,"sd","10:29:55",2592300
16900,900,16000,"sd","10:29:14",2591800
17000,1000,300,"bu","10:29:09",2575800
17000,1000,500,"bu","10:29:05",2575500
17000,1000,600,"bu","10:29:04",2575000
17000,1000,3200,"sd","10:28:43",2574400
17000,1000,1500,"sd","10:28:42",2571200
17000,1000,12000,"sd","10:28:40",2569700
17000,1000,11000,"sd","10:28:38",2557700
17000,1000,1000,"sd","10:28:37",2546700
17000,1000,10000,"sd","10:28:33",2545700
17000,1000,1500,"sd","10:28:32",2535700
17000,1000,100,"sd","10:28:27",2534200
17000,1000,10000,"sd","10:28:26",2534100
17000,1000,10000,"sd","10:28:18",2524100
17000,1000,2000,"sd","10:28:12",2514100
17100,1100,5000,"bu","10:28:09",2512100
17000,1000,100,"sd","10:28:06",2507100
17100,1100,2400,"bu","10:27:57",2507000
17100,1100,500,"bu","10:27:55",2504600
17100,1100,100,"bu","10:27:50",2504100
17100,1100,900,"bu","10:27:44",2504000
17100,1100,800,"bu","10:27:37",2503100
17000,1000,200,"sd","10:27:31",2502300
17000,1000,500,"sd","10:27:28",2502100
17000,1000,1000,"sd","10:27:27",2501600
17000,1000,1000,"sd","10:27:23",2500600
17000,1000,2100,"sd","10:27:17",2499600
17000,1000,2100,"sd","10:27:07",2497500
17000,1000,3000,"sd","10:27:06",2495400
17000,1000,23300,"bu","10:26:54",2492400
17000,1000,2200,"bu","10:26:50",2469100
17000,1000,5000,"bu","10:26:49",2466900
17000,1000,1500,"bu","10:26:48",2461900
17000,1000,13000,"bu","10:26:47",2460400
17000,1000,1100,"bu","10:26:44",2447400
17000,1000,1000,"bu","10:26:43",2446300
17000,1000,3000,"bu","10:26:42",2445300
17000,1000,11000,"bu","10:26:41",2442300
17000,1000,14100,"bu","10:26:38",2431300
17000,1000,5000,"bu","10:26:35",2417200
17000,1000,200,"bu","10:26:33",2412200
17000,1000,900,"bu","10:26:32",2412000
17000,1000,100,"bu","10:26:30",2411100
17000,1000,50000,"bu","10:26:28",2411000
16900,900,400,"sd","10:26:25",2361000
17000,1000,100,"bu","10:26:24",2360600
16900,900,2000,"sd","10:26:18",2360500
16900,900,1000,"sd","10:26:08",2358500
16900,900,800,"sd","10:26:04",2357500
16900,900,400,"bu","10:26:03",2356700
16900,900,3000,"bu","10:26:02",2356300
16900,900,500,"bu","10:26:01",2353300
16900,900,1200,"bu","10:26:00",2352800
16900,900,700,"bu","10:25:58",2351600
16900,900,5400,"sd","10:25:52",2350900
16900,900,20000,"sd","10:25:46",2345500
16900,900,10000,"sd","10:25:44",2325500
16900,900,1000,"sd","10:25:39",2315500
16900,900,28900,"bu","10:25:25",2314500
16900,900,200,"bu","10:25:23",2285600
16800,800,500,"sd","10:25:19",2285400
16900,900,1500,"bu","10:25:15",2284900
16800,800,1200,"sd","10:25:12",2283400
16900,900,2000,"bu","10:25:08",2282200
16900,900,15000,"bu","10:25:06",2280200
16900,900,5500,"bu","10:25:00",2265200
16800,800,600,"sd","10:24:45",2259700
16800,800,15900,"sd","10:24:44",2259100
16800,800,100000,"bu","10:24:42",2243200
16800,800,10000,"bu","10:24:31",2143200
16700,700,41800,"bu","10:24:06",2133200
16700,700,3000,"bu","10:24:01",2091400
16700,700,1000,"bu","10:24:00",2088400
16700,700,62700,"bu","10:23:48",2087400
16700,700,4000,"bu","10:23:34",2024700
16700,700,500,"bu","10:23:17",2020700
16700,700,200,"bu","10:23:11",2020200
16700,700,100,"bu","10:23:02",2020000
16600,600,2500,"sd","10:22:55",2019900
16700,700,500,"bu","10:22:44",2017400
16700,700,3000,"bu","10:22:42",2016900
16700,700,1000,"bu","10:22:40",2013900
16700,700,100,"bu","10:22:38",2012900
16700,700,20000,"bu","10:22:37",2012800
16700,700,3000,"bu","10:22:29",1992800
16700,700,200,"bu","10:22:27",1989800
16700,700,100,"bu","10:22:26",1989600
16700,700,800,"bu","10:22:24",1989500
16700,700,1000,"bu","10:22:23",1988700
16700,700,900,"bu","10:22:16",1987700
16600,600,1000,"sd","10:22:15",1986800
16700,700,200,"bu","10:22:13",1985800
16600,600,300,"sd","10:22:04",1985600
16600,600,100,"sd","10:22:00",1985300
16600,600,7900,"bu","10:21:59",1985200
16600,600,1500,"bu","10:21:58",1977300
16600,600,2000,"bu","10:21:57",1975800
16600,600,1800,"bu","10:21:56",1973800
16600,600,14000,"bu","10:21:55",1972000
16600,600,35000,"bu","10:21:53",1958000
16600,600,7500,"bu","10:21:52",1923000
16600,600,5000,"bu","10:21:51",1915500
16600,600,1500,"bu","10:21:48",1910500
16600,600,10000,"bu","10:21:46",1909000
16600,600,1800,"bu","10:21:44",1899000
16600,600,2000,"bu","10:21:41",1897200
16600,600,41000,"bu","10:21:39",1895200
16600,600,7300,"bu","10:21:38",1854200
16600,600,2000,"bu","10:21:36",1846900
16600,600,2000,"bu","10:21:29",1844900
16600,600,500,"bu","10:21:27",1842900
16600,600,500,"bu","10:21:24",1842400
16600,600,100,"bu","10:21:22",1841900
16500,500,500,"sd","10:21:21",1841800
16500,500,1400,"bu","10:21:02",1841300
16500,500,2000,"bu","10:21:01",1839900
16500,500,100000,"bu","10:20:59",1837900
16500,500,1000,"bu","10:20:56",1737900
16500,500,2000,"bu","10:20:50",1736900
16500,500,50000,"bu","10:20:47",1734900
16500,500,2000,"bu","10:20:46",1684900
16500,500,18000,"bu","10:20:44",1682900
16500,500,200,"bu","10:20:29",1664900
16500,500,100,"bu","10:20:16",1664700
16400,400,100,"sd","10:19:58",1664600
16400,400,100,"sd","10:19:55",1664500
16500,500,200,"bu","10:19:51",1664400
16500,500,500,"bu","10:19:46",1664200
16500,500,600,"bu","10:19:33",1663700
16500,500,5000,"bu","10:19:30",1663100
16500,500,5000,"bu","10:19:26",1658100
16500,500,3300,"bu","10:19:11",1653100
16500,500,500,"bu","10:19:08",1649800
16500,500,5000,"bu","10:18:56",1649300
16500,500,600,"bu","10:18:55",1644300
16500,500,4200,"bu","10:18:51",1643700
16500,500,4000,"bu","10:18:40",1639500
16500,500,1000,"bu","10:18:01",1635500
16500,500,1400,"bu","10:17:36",1634500
16500,500,700,"bu","10:17:11",1633100
16500,500,100,"bu","10:17:07",1632400
16500,500,400,"bu","10:16:57",1632300
16500,500,300,"bu","10:16:56",1631900
16500,500,200,"bu","10:16:48",1631600
16500,500,3000,"bu","10:16:40",1631400
16500,500,2000,"bu","10:16:20",1628400
16400,400,500,"sd","10:16:07",1626400
16400,400,150000,"sd","10:15:57",1625900
16400,400,400,"bu","10:14:52",1475900
16400,400,3000,"bu","10:14:35",1475500
16400,400,500,"bu","10:14:29",1472500
16400,400,100,"bu","10:14:28",1472000
16400,400,300,"bu","10:14:23",1471900
16400,400,700,"bu","10:14:11",1471600
16400,400,500,"bu","10:14:10",1470900
16400,400,200,"bu","03:13:44",1470400
16400,400,500,"bu","10:13:13",1470200
16400,400,2700,"bu","10:13:05",1469700
16400,400,1000,"bu","10:13:03",1467000
16400,400,100,"bu","10:12:47",1466000
16300,300,2200,"unknown","10:12:02",1465900
16300,300,2000,"bu","10:11:21",1463700
16300,300,1000,"bu","10:11:18",1461700
16300,300,500,"bu","10:11:09",1460700
16300,300,300,"bu","10:10:57",1460200
16300,300,5000,"bu","10:10:55",1459900
16300,300,400,"bu","10:10:46",1454900
16300,300,1000,"bu","10:10:44",1454500
16300,300,1000,"bu","10:10:39",1453500
16300,300,1000,"bu","10:10:38",1452500
16300,300,2000,"bu","10:10:37",1451500
16300,300,600,"bu","10:10:36",1449500
16300,300,200,"bu","10:10:27",1448900
16300,300,3900,"bu","10:10:21",1448700
16300,300,1000,"bu","10:10:19",1444800
16300,300,500,"bu","10:10:17",1443800
16300,300,1000,"bu","10:10:10",1443300
16300,300,2000,"bu","10:10:07",1442300
16300,300,2100,"bu","10:10:01",1440300
16300,300,300,"bu","10:09:51",1438200
16300,300,100,"bu","10:09:46",1437900
16300,300,200,"bu","10:09:41",1437800
16300,300,100,"bu","10:09:33",1437600
16300,300,600,"bu","10:09:32",1437500
16300,300,900,"bu","10:09:31",1436900
16300,300,1400,"sd","10:09:27",1436000
16300,300,700,"sd","10:09:15",1434600
16300,300,500,"sd","10:09:02",1433900
16300,300,600,"bu","10:08:54",1433400
16300,300,2000,"bu","10:08:51",1432800
16300,300,200,"bu","10:08:33",1430800
16300,300,500,"bu","10:08:18",1430600
16200,200,1000,"sd","10:08:04",1430100
16300,300,200,"bu","10:08:02",1429100
16300,300,100,"bu","10:07:54",1428900
16300,300,1000,"bu","10:07:50",1428800
16300,300,100,"bu","10:07:19",1427800
16300,300,1800,"sd","10:06:57",1427700
16300,300,10200,"sd","10:06:49",1425900
16300,300,200,"bu","10:06:48",1415700
16300,300,4700,"sd","10:06:35",1415500
16300,300,200,"sd","10:06:30",1410800
16300,300,5000,"sd","10:06:21",1410600
16300,300,1000,"sd","10:06:13",1405600
16300,300,20000,"sd","10:06:02",1404600
16300,300,500,"sd","10:06:01",1384600
16300,300,2000,"sd","10:05:54",1384100
16300,300,500,"sd","10:05:43",1382100
16400,400,2200,"bu","10:05:22",1381600
16300,300,31000,"sd","10:05:21",1379400
16300,300,10000,"sd","10:05:20",1348400
16300,300,10000,"sd","10:04:45",1338400
16300,300,10000,"sd","10:04:39",1328400
16300,300,2000,"sd","10:04:11",1318400
16300,300,900,"sd","10:03:05",1316400
16300,300,500,"sd","10:02:57",1315500
16300,300,1000,"sd","10:02:23",1315000
16400,400,1000,"bu","10:02:22",1314000
16300,300,100,"sd","10:01:53",1313000
16300,300,10000,"sd","10:01:50",1312900
16300,300,13800,"sd","10:01:37",1302900
16400,400,500,"bu","10:01:17",1289100
16400,400,2000,"bu","10:01:06",1288600
16400,400,50000,"bu","09:59:13",1286600
16300,300,1000,"sd","09:58:51",1236600
16300,300,1000,"sd","09:58:36",1235600
16300,300,500,"sd","09:58:35",1234600
16300,300,3000,"sd","09:58:34",1234100
16300,300,1000,"sd","09:58:28",1231100
16300,300,1000,"sd","09:58:18",1230100
16400,400,2000,"bu","09:56:20",1229100
16400,400,1500,"bu","09:55:50",1227100
16300,300,30000,"sd","09:55:30",1225600
16400,400,1000,"bu","09:54:32",1195600
16300,300,40000,"sd","09:54:23",1194600
16400,400,200,"bu","09:54:19",1154600
16300,300,500,"sd","09:54:14",1154400
16300,300,100,"sd","09:54:07",1153900
16300,300,100,"sd","09:53:22",1153800
16300,300,5000,"sd","09:53:14",1153700
16300,300,2000,"sd","09:53:13",1148700
16300,300,3600,"sd","09:52:54",1146700
16300,300,3000,"sd","09:52:31",1143100
16300,300,1500,"sd","09:52:30",1140100
16300,300,5000,"sd","09:52:09",1138600
16300,300,9000,"sd","09:51:15",1133600
16300,300,15000,"sd","09:50:49",1124600
16400,400,100,"bu","09:50:27",1109600
16300,300,10000,"sd","09:50:24",1109500
16400,400,700,"bu","09:50:21",1099500
16400,400,5000,"bu","09:50:10",1098800
16400,400,1000,"bu","09:49:50",1093800
16400,400,1000,"bu","09:49:45",1092800
16400,400,2000,"bu","09:49:34",1091800
16400,400,30000,"bu","09:49:21",1089800
16400,400,12000,"bu","09:48:35",1059800
16400,400,1000,"bu","09:48:33",1047800
16400,400,100,"bu","09:48:28",1046800
16400,400,1000,"bu","09:48:25",1046700
16400,400,5100,"bu","09:48:17",1045700
16400,400,10000,"bu","09:47:30",1040600
16300,300,400,"sd","09:47:17",1030600
16400,400,15900,"bu","09:46:50",1030200
16500,500,14000,"bu","09:46:35",1014300
16500,500,500,"bu","09:45:59",1000300
16500,500,500,"bu","09:45:56",999800
16500,500,100,"bu","09:45:54",999300
16500,500,5000,"bu","09:45:38",999200
16500,500,1000,"bu","09:45:34",994200
16500,500,200,"bu","09:45:07",993200
16400,400,10000,"sd","09:44:44",993000
16400,400,2000,"sd","09:44:31",983000
16400,400,1000,"sd","09:44:10",981000
16500,500,1000,"bu","09:44:06",980000
16400,400,11400,"sd","09:43:20",979000
16400,400,3000,"sd","09:43:15",967600
16500,500,100,"bu","09:42:40",964600
16400,400,500,"sd","09:42:23",964500
16400,400,12200,"sd","09:42:01",964000
16400,400,300,"bu","09:41:59",951800
16400,400,5100,"bu","09:41:58",951500
16400,400,1900,"bu","09:41:57",946400
16400,400,1400,"bu","09:41:54",944500
16400,400,30000,"bu","09:41:53",943100
16400,400,5000,"bu","09:41:42",913100
16400,400,1000,"bu","09:41:38",908100
16400,400,500,"bu","09:41:37",907100
16400,400,2000,"bu","09:41:36",906600
16400,400,1000,"bu","09:41:32",904600
16400,400,200,"bu","09:41:30",903600
16400,400,500,"bu","09:41:29",903400
16400,400,3000,"bu","09:41:23",902900
16400,400,300,"bu","09:41:19",899900
16400,400,400,"bu","09:41:18",899600
16400,400,10000,"bu","09:41:17",899200
16400,400,200,"bu","09:41:11",889200
16400,400,1000,"bu","09:41:10",889000
16400,400,5000,"bu","09:40:39",888000
16400,400,300,"bu","09:40:27",883000
16400,400,100,"bu","09:40:02",882700
16300,300,100,"sd","09:39:58",882600
16400,400,22000,"bu","09:39:52",882500
16400,400,21000,"bu","09:39:50",860500
16400,400,10000,"bu","09:39:22",839500
16300,300,13500,"sd","09:39:20",829500
16300,300,30000,"bu","09:39:19",816000
16300,300,14000,"bu","09:39:18",786000
16300,300,10000,"bu","09:39:10",772000
16300,300,4000,"bu","09:39:09",762000
16300,300,10000,"bu","09:38:59",758000
16300,300,5000,"bu","09:38:55",748000
16300,300,3000,"bu","09:38:48",743000
16200,200,200,"sd","09:38:47",740000
16200,200,800,"sd","09:38:19",739800
16300,300,800,"bu","09:38:07",739000
16200,200,1900,"sd","09:37:58",738200
16200,200,11000,"sd","09:37:54",736300
16300,300,100,"bu","09:37:50",725300
16300,300,500,"bu","09:37:44",725200
16300,300,3000,"bu","09:37:33",724700
16200,200,100,"sd","09:36:53",721700
16200,200,800,"sd","09:36:46",721600
16200,200,18900,"sd","09:36:42",720800
16200,200,5000,"bu","09:36:39",701900
16200,200,4500,"bu","09:36:37",696900
16200,200,50000,"bu","09:36:36",692400
16200,200,15000,"bu","09:36:17",642400
16200,200,15000,"bu","09:35:50",627400
16200,200,5000,"bu","09:35:26",612400
16200,200,1900,"bu","09:34:13",607400
16100,100,100,"sd","09:34:12",605500
16100,100,3000,"sd","09:33:52",605400
16100,100,200,"sd","09:33:47",602400
16100,100,200,"sd","09:33:00",602200
16100,100,200,"sd","09:32:54",602000
16200,200,500,"bu","09:32:41",601800
16200,200,1000,"bu","09:32:38",601300
16200,200,700,"bu","09:32:17",600300
16100,100,7000,"sd","09:32:07",599600
16100,100,500,"sd","09:31:45",592600
16200,200,500,"bu","09:31:11",592100
16100,100,200,"sd","09:31:03",591600
16100,100,100,"sd","09:30:56",591400
16100,100,2000,"sd","09:30:50",591300
16100,100,100,"sd","09:30:24",589300
16100,100,2000,"sd","09:30:13",589200
16100,100,100,"sd","09:30:07",587200
16100,100,100,"sd","09:29:56",587100
16200,200,200,"bu","09:29:52",587000
16100,100,100,"sd","09:29:36",586800
16200,200,9500,"bu","09:29:32",586700
16200,200,1000,"bu","09:28:39",577200
16100,100,1000,"sd","09:28:32",576200
16100,100,1000,"sd","09:28:31",575200
16200,200,500,"bu","09:28:16",574200
16200,200,1000,"bu","09:27:50",573700
16200,200,1000,"bu","09:27:46",572700
16200,200,1000,"bu","09:27:43",571700
16200,200,100,"sd","09:27:40",570700
16200,200,7300,"sd","09:27:21",570600
16200,200,10000,"sd","09:27:18",563300
16200,200,5000,"sd","09:27:16",553300
16200,200,4600,"sd","09:27:15",548300
16200,200,2000,"sd","09:27:12",543700
16200,200,20000,"sd","09:27:09",541700
16200,200,500,"sd","09:27:00",521700
16200,200,2400,"sd","09:26:54",521200
16200,200,2000,"sd","09:26:50",518800
16200,200,2300,"sd","09:26:45",516800
16200,200,100,"sd","09:26:23",514500
16200,200,800,"sd","09:26:21",514400
16200,200,100,"sd","09:26:17",513600
16200,200,100,"sd","09:26:11",513500
16200,200,200,"sd","09:26:10",513400
16200,200,500,"sd","09:26:07",513200
16200,200,4000,"sd","09:25:49",512700
16200,200,8500,"sd","09:25:41",508700
16200,200,100,"sd","09:25:38",500200
16200,200,100,"sd","09:25:36",500100
16200,200,3000,"sd","09:25:33",500000
16200,200,900,"sd","09:25:26",497000
16200,200,17100,"sd","09:25:21",496100
16200,200,4000,"bu","09:25:09",479000
16200,200,30300,"sd","09:25:02",475000
16200,200,1000,"sd","09:25:00",444700
16200,200,5000,"sd","09:24:53",443700
16200,200,2500,"sd","09:24:52",438700
16200,200,100,"sd","09:24:48",436200
16200,200,3900,"sd","09:24:42",436100
16200,200,20000,"sd","09:24:39",432200
16200,200,1000,"sd","09:24:38",412200
16200,200,1000,"sd","09:24:37",411200
16200,200,2700,"sd","09:24:19",410200
16200,200,1000,"sd","09:23:54",407500
16200,200,100,"sd","09:23:47",406500
16200,200,10000,"sd","09:23:40",406400
16200,200,500,"sd","09:23:24",396400
16200,200,2000,"sd","09:23:10",395900
16200,200,200,"sd","09:22:49",393900
16200,200,1000,"sd","09:22:34",393700
16300,300,400,"bu","09:22:31",392700
16200,200,400,"sd","09:22:30",392300
16300,300,500,"bu","09:22:22",391900
16300,300,20000,"bu","09:22:13",391400
16300,300,8100,"bu","09:22:12",371400
16300,300,1000,"bu","09:22:11",363300
16300,300,5000,"bu","09:21:30",362300
16200,200,500,"sd","09:21:04",357300
16300,300,35000,"bu","09:20:57",356800
16200,200,1000,"sd","09:20:44",321800
16200,200,300,"sd","09:20:42",320800
16300,300,300,"bu","09:20:35",320500
16300,300,1000,"bu","09:20:22",320200
16300,300,10100,"bu","09:20:21",319200
16300,300,500,"bu","09:20:17",309100
16300,300,500,"bu","09:20:11",308600
16300,300,5000,"bu","09:20:10",308100
16200,200,5000,"sd","09:20:08",303100
16200,200,1000,"sd","09:20:07",298100
16300,300,100,"bu","09:20:03",297100
16300,300,500,"bu","09:19:53",297000
16300,300,6200,"bu","09:19:47",296500
16300,300,4000,"bu","09:19:33",290300
16200,200,1800,"sd","09:19:31",286300
16300,300,3000,"bu","09:19:30",284500
16300,300,300,"bu","09:19:27",281500
16300,300,2200,"bu","09:19:26",281200
16300,300,2000,"bu","09:19:19",279000
16300,300,200,"bu","09:19:18",277000
16300,300,1100,"bu","09:19:02",276800
16300,300,1000,"bu","09:18:58",275700
16200,200,100,"sd","09:18:46",274700
16200,200,1000,"sd","09:18:31",274600
16200,200,500,"sd","09:17:45",273600
16200,200,2000,"sd","09:17:38",273100
16200,200,200,"sd","09:17:36",271100
16200,200,100,"sd","09:17:19",270900
16200,200,500,"sd","09:17:05",270800
16200,200,500,"sd","09:16:43",270300
16200,200,100,"sd","09:16:36",269800
16200,200,10000,"sd","09:16:19",269700
16200,200,200,"sd","09:15:32",259700
16200,200,500,"sd","09:15:22",259500
16200,200,2000,"sd","09:14:51",259000
16200,200,7400,"bu","09:14:50",257000
16200,200,1700,"bu","09:14:49",249600
16200,200,900,"bu","09:14:42",247900
16200,200,22000,"sd","09:14:36",247000
16200,200,10000,"sd","09:14:21",225000
16200,200,19800,"bu","09:14:03",215000
16100,100,5000,"sd","09:13:57",195200
16200,200,700,"bu","09:13:53",190200
16200,200,200,"bu","09:13:50",189500
16200,200,6000,"bu","09:13:44",189300
16200,200,100,"bu","09:13:43",183300
16200,200,10000,"bu","09:13:42",183200
16200,200,10000,"bu","09:13:39",173200
16200,200,1000,"bu","09:13:24",163200
16200,200,300,"bu","09:13:20",162200
16200,200,1900,"bu","09:13:11",161900
16200,200,8100,"sd","09:13:08",160000
16200,200,5000,"bu","09:13:04",151900
16200,200,23000,"bu","09:12:57",146900
16200,200,100,"bu","09:12:51",123900
16200,200,100,"bu","09:12:49",123800
16200,200,5000,"bu","09:12:44",123700
16200,200,2000,"bu","09:12:39",118700
16200,200,1000,"bu","09:12:09",116700
16100,100,4700,"sd","09:12:08",115700
16200,200,1000,"bu","09:11:30",111000
16100,100,5000,"sd","09:10:57",110000
16200,200,3000,"bu","09:10:43",105000
16200,200,3000,"bu","09:10:17",102000
16100,100,5000,"sd","09:09:58",99000
16200,200,1000,"bu","09:09:54",94000
16200,200,200,"bu","09:09:52",93000
16100,100,1000,"sd","09:09:14",92800
16100,100,3300,"sd","09:09:00",91800
16100,100,200,"sd","09:08:39",88500
16200,200,3100,"bu","09:08:05",88300
16200,200,300,"bu","09:07:56",85200
16200,200,300,"bu","09:07:21",84900
16200,200,100,"bu","09:07:18",84600
16200,200,6000,"bu","09:07:15",84500
16200,200,100,"bu","09:07:08",78500
16200,200,100,"bu","09:07:03",78400
16200,200,200,"bu","09:06:35",78300
16200,200,2000,"bu","09:06:34",78100
16200,200,300,"bu","09:06:05",76100
16200,200,1000,"bu","09:06:03",75800
16200,200,3000,"bu","09:05:25",74800
16200,200,400,"bu","09:05:16",71800
16200,200,4000,"bu","09:04:58",71400
16100,100,20000,"sd","09:04:23",67400
16200,200,4000,"sd","09:04:05",47400
16300,300,9200,"bu","09:03:55",43400
16300,300,1000,"sd","09:03:52",34200
16300,300,9800,"sd","09:03:45",33200
16300,300,2000,"sd","09:03:30",23400
16300,300,100,"sd","09:03:15",21400
16400,400,100,"bu","09:03:04",21300
16400,400,2000,"bu","09:02:42",21200
16300,300,3900,"bu","09:02:39",19200
16200,200,2700,"sd","09:02:25",15300
16100,100,500,"sd","09:01:54",12600
16100,100,100,"sd","09:01:33",12100
16200,200,5000,"bu","09:01:19",12000
16000,0,300,"sd","09:00:28",7000
16000,0,2000,"sd","09:00:24",6700
16000,0,800,"sd","09:00:16",4700
16000,0,2200,"sd","09:00:14",3900
16000,0,700,"sd","09:00:10",1700
16000,0,400,"sd","09:00:08",1000
16000,0,200,"bu","09:00:05",600
16000,0,200,"sd","09:00:04",400
16000,0,200,"sd","09:00:03",200
