"price","change","match_qtty","side","time","total_vol"
2600,100,2000,"bu","14:58:53",3426200
2600,100,4000,"bu","14:58:52",3424200
2600,100,500,"bu","14:58:21",3420200
2600,100,9000,"bu","14:57:41",3419700
2500,0,100,"sd","14:56:52",3410700
2600,100,158400,"bu","14:56:00",3410600
2500,0,100,"sd","14:54:37",3252200
2600,100,500,"bu","14:54:29",3252100
2600,100,500,"bu","14:54:15",3251600
2600,100,100,"bu","14:53:20",3251100
2500,0,3000,"sd","14:50:59",3251000
2500,0,4000,"sd","14:49:21",3248000
2500,0,100,"sd","14:48:08",3244000
2600,100,20000,"bu","14:46:30",3243900
2500,0,5000,"sd","14:45:31",3223900
2500,0,10000,"sd","14:40:24",3218900
2500,0,2000,"sd","14:32:49",3208900
2500,0,8000,"sd","14:32:33",3206900
2500,0,1000,"sd","14:28:54",3198900
2500,0,1000,"sd","14:28:40",3197900
2500,0,2000,"sd","14:27:42",3196900
2500,0,5000,"sd","14:27:12",3194900
2500,0,1700,"sd","14:26:52",3189900
2500,0,5000,"sd","14:25:34",3188200
2500,0,5000,"sd","14:22:10",3183200
2500,0,129000,"sd","14:20:22",3178200
2500,0,20000,"sd","14:20:12",3049200
2500,0,200000,"sd","14:16:55",3029200
2500,0,100,"sd","14:14:30",2829200
2600,100,500,"bu","14:11:03",2829100
2600,100,10000,"bu","14:08:53",2828600
2600,100,50000,"bu","14:06:45",2818600
2500,0,100,"sd","14:05:17",2768600
2600,100,10100,"bu","14:04:20",2768500
2500,0,100,"sd","14:04:15",2758400
2600,100,100,"bu","14:04:05",2758300
2600,100,100,"bu","14:02:56",2758200
2500,0,100000,"sd","14:00:57",2758100
2600,100,100,"bu","14:00:40",2658100
2600,100,100,"bu","14:00:31",2658000
2600,100,400,"bu","13:59:15",2657900
2600,100,1000,"bu","13:56:15",2657500
2600,100,4500,"bu","13:56:03",2656500
2500,0,600,"sd","13:53:54",2652000
2600,100,200,"bu","13:53:45",2651400
2500,0,100,"sd","13:44:30",2651200
2600,100,10000,"bu","13:41:26",2651100
2600,100,1000,"bu","13:38:20",2641100
2600,100,2000,"bu","13:37:43",2640100
2600,100,100,"bu","13:35:14",2638100
2500,0,160000,"sd","13:25:13",2638000
2600,100,1000,"bu","13:21:40",2478000
2600,100,100,"bu","13:21:24",2477000
2600,100,100,"bu","13:21:05",2476900
2600,100,3000,"bu","13:18:13",2476800
2600,100,500,"bu","13:16:54",2473800
2600,100,5000,"bu","13:16:23",2473300
2600,100,1000,"bu","13:15:21",2468300
2600,100,200,"bu","13:14:49",2467300
2600,100,100,"bu","13:14:46",2467100
2500,0,100,"sd","13:07:53",2467000
2500,0,100,"sd","13:07:20",2466900
2600,100,2000,"bu","13:06:35",2466800
2600,100,100,"bu","13:01:06",2464800
2500,0,100,"sd","13:00:02",2464700
2500,0,100,"sd","11:29:42",2464600
2600,100,100,"bu","11:28:19",2464500
2500,0,100,"sd","11:27:58",2464400
2500,0,100,"sd","11:27:34",2464300
2500,0,200,"sd","11:25:36",2464200
2500,0,5000,"sd","11:22:05",2464000
2600,100,5000,"bu","11:17:57",2459000
2600,100,1000,"bu","11:12:08",2454000
2600,100,600,"bu","11:05:35",2453000
2600,100,1000,"bu","11:04:19",2452400
2600,100,1800,"bu","11:00:15",2451400
2600,100,400,"bu","10:56:52",2449600
2600,100,100,"sd","10:43:18",2449200
2600,100,900,"sd","10:42:39",2449100
2600,100,30000,"bu","10:42:32",2448200
2600,100,1600,"bu","10:42:24",2418200
2600,100,5000,"bu","10:41:31",2416600
2500,0,200,"sd","10:41:26",2411600
2600,100,300,"bu","10:39:54",2411400
2600,100,5000,"bu","10:39:32",2411100
2600,100,200,"bu","10:38:30",2406100
2600,100,1600,"bu","10:37:31",2405900
2600,100,400,"bu","10:35:53",2404300
2600,100,3000,"bu","10:35:40",2403900
2600,100,200,"bu","10:34:30",2400900
2600,100,1900,"bu","10:34:13",2400700
2600,100,100,"bu","10:33:53",2398800
2600,100,1100,"bu","10:33:29",2398700
2600,100,1200,"unknown","10:33:09",2397600
2600,100,28000,"bu","10:32:38",2396400
2600,100,1800,"bu","10:32:18",2368400
2600,100,32600,"bu","10:32:12",2366600
2600,100,400,"bu","10:31:29",2334000
2600,100,1000,"bu","10:28:33",2333600
2600,100,1100,"bu","10:28:29",2332600
2600,100,10000,"bu","10:28:06",2331500
2600,100,500,"bu","10:26:16",2321500
2600,100,5000,"bu","10:26:07",2321000
2600,100,10000,"bu","10:25:56",2316000
2600,100,1000,"bu","10:25:44",2306000
2600,100,500,"bu","10:21:55",2305000
2600,100,7600,"bu","10:18:54",2304500
2600,100,5000,"bu","10:13:54",2296900
2500,0,100,"sd","10:13:42",2291900
2600,100,76800,"sd","10:11:44",2291800
2600,100,500,"sd","10:10:52",2215000
2600,100,500,"sd","10:10:36",2214500
2600,100,13700,"sd","10:10:17",2214000
2600,100,1000,"sd","10:09:03",2200300
2700,200,1000,"bu","10:05:48",2199300
2700,200,300,"bu","10:05:11",2198300
2600,100,21700,"sd","10:03:12",2198000
2600,100,1000,"sd","10:03:05",2176300
2600,100,4000,"sd","09:59:38",2175300
2700,200,5000,"bu","09:59:18",2171300
2700,200,8800,"bu","09:58:33",2166300
2700,200,1500,"bu","09:57:25",2157500
2700,200,2000,"bu","09:56:02",2156000
2700,200,20000,"bu","09:50:27",2154000
2700,200,1000,"bu","09:49:09",2134000
2700,200,1000,"bu","09:48:53",2133000
2700,200,100,"bu","09:48:35",2132000
2600,100,1000,"sd","09:48:15",2131900
2600,100,2000,"sd","09:45:52",2130900
2700,200,5000,"bu","09:45:32",2128900
2600,100,400,"sd","09:44:34",2123900
2600,100,4400,"bu","09:40:22",2123500
2600,100,5600,"sd","09:39:48",2119100
2600,100,1000,"sd","09:39:36",2113500
2600,100,3400,"bu","09:39:25",2112500
2600,100,11600,"sd","09:39:12",2109100
2600,100,5000,"sd","09:38:57",2097500
2600,100,3000,"bu","09:37:51",2092500
2600,100,5000,"sd","09:36:29",2089500
2600,100,2000,"sd","09:36:23",2084500
2600,100,1400,"bu","09:35:35",2082500
2600,100,100,"bu","09:35:31",2081100
2600,100,10000,"bu","09:35:08",2081000
2600,100,700,"bu","09:35:04",2071000
2600,100,9600,"bu","09:33:31",2070300
2600,100,3000,"sd","09:33:20",2060700
2600,100,500,"sd","09:32:32",2057700
2600,100,500,"sd","09:32:14",2057200
2600,100,3000,"sd","09:32:01",2056700
2600,100,5500,"bu","09:31:14",2053700
2600,100,500,"bu","09:31:08",2048200
2600,100,2000,"bu","09:31:06",2047700
2600,100,5300,"bu","09:30:49",2045700
2600,100,65000,"bu","09:30:37",2040400
2600,100,1000,"bu","09:30:25",1975400
2600,100,10000,"bu","09:30:14",1974400
2600,100,2000,"bu","09:29:45",1964400
2600,100,200,"bu","09:29:25",1962400
2600,100,100,"bu","09:29:15",1962200
2600,100,100,"bu","09:29:05",1962100
2500,0,3000,"sd","09:27:56",1962000
2600,100,112200,"bu","09:26:55",1959000
2600,100,700,"sd","09:26:52",1846800
2600,100,10000,"sd","09:26:34",1846100
2600,100,1000,"sd","09:26:28",1836100
2600,100,38800,"sd","09:26:14",1835100
2700,200,200,"bu","09:25:24",1796300
2600,100,10000,"sd","09:23:52",1796100
2600,100,10000,"sd","09:23:21",1786100
2700,200,400,"bu","09:21:26",1776100
2700,200,200,"bu","09:20:37",1775700
2700,200,1000,"bu","09:20:19",1775500
2700,200,3000,"bu","09:20:08",1774500
2700,200,1000,"bu","09:19:32",1771500
2700,200,10000,"bu","09:18:57",1770500
2700,200,50000,"bu","09:18:50",1760500
2700,200,300,"bu","09:18:44",1710500
2700,200,1000,"bu","09:18:37",1710200
2700,200,1000,"bu","09:18:27",1709200
2700,200,1000,"bu","09:18:25",1708200
2700,200,1000,"bu","09:18:23",1707200
2700,200,5000,"bu","09:18:09",1706200
2700,200,25000,"bu","09:18:07",1701200
2700,200,5000,"bu","09:17:53",1676200
2700,200,9000,"sd","09:17:47",1671200
2700,200,2000,"sd","09:17:46",1662200
2700,200,10000,"sd","09:17:43",1660200
2700,200,4000,"sd","09:17:41",1650200
2700,200,100,"sd","09:17:35",1646200
2700,200,400,"sd","09:17:25",1646100
2700,200,1000,"bu","09:17:23",1645700
2700,200,35000,"bu","09:17:17",1644700
2700,200,1500,"bu","09:17:09",1609700
2700,200,10000,"bu","09:17:08",1608200
2700,200,20000,"bu","09:17:06",1598200
2700,200,10000,"bu","09:17:01",1578200
2700,200,21200,"bu","09:17:00",1568200
2700,200,10000,"bu","09:16:55",1547000
2700,200,5000,"bu","09:16:54",1537000
2700,200,20000,"bu","09:16:53",1532000
2700,200,22000,"bu","09:16:52",1512000
2700,200,10000,"bu","09:16:51",1490000
2700,200,500,"bu","09:16:48",1480000
2700,200,13700,"bu","09:16:46",1479500
2700,200,40300,"bu","09:16:45",1465800
2700,200,3000,"bu","09:16:39",1425500
2700,200,10000,"bu","09:16:38",1422500
2700,200,40000,"bu","09:16:35",1412500
2700,200,10000,"bu","09:16:33",1372500
2700,200,60000,"bu","09:16:32",1362500
2700,200,10000,"bu","09:16:31",1302500
2700,200,23000,"bu","09:16:28",1292500
2700,200,3000,"bu","09:16:23",1269500
2700,200,40000,"bu","09:16:18",1266500
2700,200,42000,"bu","09:16:17",1226500
2700,200,900,"bu","09:16:15",1184500
2700,200,1300,"bu","09:16:13",1183600
2700,200,16000,"bu","09:16:11",1182300
2700,200,2000,"bu","09:16:08",1166300
2700,200,10000,"bu","09:16:07",1164300
2700,200,29200,"bu","09:16:04",1154300
2700,200,20000,"bu","09:16:02",1125100
2700,200,5000,"bu","09:16:01",1105100
2700,200,8000,"bu","09:15:59",1100100
2700,200,14000,"bu","09:15:58",1092100
2700,200,22700,"bu","09:15:53",1078100
2700,200,10000,"bu","09:15:46",1055400
2700,200,1800,"bu","09:15:43",1045400
2700,200,50000,"bu","09:15:42",1043600
2700,200,50000,"bu","09:15:33",993600
2700,200,9000,"bu","09:15:24",943600
2700,200,500,"bu","09:15:15",934600
2700,200,10000,"bu","09:15:06",934100
2600,100,600,"sd","09:15:04",924100
2700,200,4500,"bu","09:15:00",923500
2700,200,2800,"bu","09:14:57",919000
2700,200,4000,"bu","09:14:54",916200
2700,200,1000,"bu","09:14:49",912200
2700,200,5000,"bu","09:14:38",911200
2700,200,50000,"bu","09:14:36",906200
2700,200,500,"bu","09:14:31",856200
2700,200,800,"bu","09:14:24",855700
2700,200,8000,"bu","09:14:20",854900
2700,200,2000,"bu","09:14:17",846900
2700,200,4000,"bu","09:14:14",844900
2700,200,4000,"bu","09:13:44",840900
2700,200,12000,"bu","09:13:39",836900
2700,200,100,"bu","09:12:50",824900
2600,100,1000,"sd","09:12:45",824800
2600,100,1200,"bu","09:12:42",823800
2600,100,9000,"bu","09:12:41",822600
2600,100,20000,"bu","09:12:40",813600
2600,100,502000,"bu","09:12:37",793600
2600,100,3000,"bu","09:12:35",291600
2600,100,20000,"bu","09:12:34",288600
2600,100,15000,"bu","09:12:29",268600
2600,100,6000,"bu","09:12:07",253600
2600,100,15000,"bu","09:11:23",247600
2600,100,100,"bu","09:11:15",232600
2600,100,10000,"bu","09:10:56",232500
2600,100,5000,"bu","09:10:53",222500
2600,100,5500,"bu","09:10:41",217500
2600,100,2000,"bu","09:10:35",212000
2600,100,10000,"bu","09:10:33",210000
2600,100,27000,"bu","09:10:19",200000
2600,100,6200,"bu","09:10:13",173000
2600,100,300,"bu","09:10:09",166800
2600,100,82700,"bu","09:10:02",166500
2600,100,10000,"bu","09:09:51",83800
2600,100,20000,"bu","09:09:41",73800
2600,100,100,"bu","09:09:34",53800
2600,100,3100,"bu","09:09:33",53700
2500,0,1000,"sd","09:07:35",50600
2500,0,8500,"sd","09:07:17",49600
2500,0,10000,"sd","09:06:36",41100
2500,0,4000,"sd","09:03:28",31100
2500,0,8000,"sd","09:02:03",27100
2600,100,100,"bu","09:01:29",19100
2600,100,2000,"bu","09:00:21",19000
2500,0,17000,"sd","09:00:03",17000
