"price","change","match_qtty","side","time","total_vol"
3950,0,96000,"unknown","14:45:00",2193500
3940,-10,2000,"bu","14:29:50",2097500
3930,-20,10000,"sd","14:29:48",2095500
3940,-10,200,"bu","14:29:44",2085500
3930,-20,400,"sd","14:29:05",2085300
3940,-10,600,"bu","14:28:53",2084900
3940,-10,300,"bu","14:28:53",2084300
3940,-10,2000,"bu","14:28:53",2084000
3940,-10,900,"bu","14:28:53",2082000
3930,-20,1100,"sd","14:28:53",2081100
3940,-10,300,"bu","14:28:41",2080000
3930,-20,10000,"sd","14:28:35",2079700
3940,-10,1000,"bu","14:28:34",2069700
3940,-10,2000,"bu","14:27:43",2068700
3940,-10,100,"bu","14:27:25",2066700
3940,-10,100,"bu","14:27:16",2066600
3940,-10,1000,"bu","14:27:04",2066500
3940,-10,100,"bu","14:26:55",2065500
3940,-10,1000,"bu","14:26:05",2065400
3940,-10,500,"bu","14:25:59",2064400
3930,-20,3000,"sd","14:25:49",2063900
3930,-20,500,"sd","14:25:49",2060900
3930,-20,10000,"sd","14:25:49",2060400
3930,-20,3000,"sd","14:25:49",2050400
3930,-20,2000,"sd","14:25:49",2047400
3930,-20,1500,"sd","14:25:49",2045400
3930,-20,1400,"sd","14:25:28",2043900
3940,-10,1000,"bu","14:25:19",2042500
3930,-20,700,"sd","14:24:57",2041500
3930,-20,300,"sd","14:24:57",2040800
3940,-10,4100,"bu","14:24:32",2040500
3940,-10,1000,"bu","14:24:30",2036400
3940,-10,1000,"bu","14:24:30",2035400
3940,-10,200,"bu","14:24:07",2034400
3940,-10,500,"bu","14:24:04",2034200
3940,-10,1000,"bu","14:23:50",2033700
3930,-20,300,"sd","14:23:19",2032700
3930,-20,400,"sd","14:23:19",2032400
3930,-20,5000,"sd","14:23:19",2032000
3930,-20,100,"sd","14:23:19",2027000
3930,-20,5000,"sd","14:23:19",2026900
3930,-20,2500,"sd","14:23:19",2021900
3940,-10,500,"bu","14:23:18",2019400
3940,-10,100,"bu","14:22:54",2018900
3940,-10,100,"sd","14:22:49",2018800
3940,-10,2000,"sd","14:22:49",2018700
3940,-10,1500,"sd","14:22:49",2016700
3940,-10,2000,"sd","14:22:27",2015200
3940,-10,10000,"sd","14:22:27",2013200
3940,-10,500,"sd","14:22:27",2003200
3940,-10,100,"sd","14:22:27",2002700
3940,-10,200,"sd","14:22:27",2002600
3940,-10,200,"sd","14:22:27",2002400
3940,-10,1000,"sd","14:22:27",2002200
3940,-10,3000,"sd","14:22:27",2001200
3940,-10,1000,"sd","14:22:27",1998200
3940,-10,500,"sd","14:22:27",1997200
3940,-10,1000,"sd","14:22:27",1996700
3940,-10,200,"sd","14:22:27",1995700
3940,-10,100,"sd","14:22:27",1995500
3940,-10,1000,"sd","14:22:27",1995400
3940,-10,17000,"sd","14:22:27",1994400
3940,-10,1500,"sd","14:22:27",1977400
3940,-10,200,"sd","14:22:27",1975900
3940,-10,200,"sd","14:22:27",1975700
3940,-10,300,"sd","14:22:27",1975500
3940,-10,2400,"sd","14:22:23",1975200
3950,0,1000,"bu","14:22:15",1972800
3950,0,1000,"bu","14:21:51",1971800
3950,0,1200,"sd","14:21:46",1970800
3950,0,200,"sd","14:21:46",1969600
3950,0,200,"sd","14:21:46",1969400
3950,0,3000,"sd","14:21:30",1969200
3950,0,1800,"bu","14:21:14",1966200
3950,0,1800,"sd","14:21:08",1964400
3950,0,1400,"sd","14:21:08",1962600
3950,0,2800,"bu","14:20:45",1961200
3950,0,800,"bu","14:20:45",1958400
3950,0,1000,"bu","14:20:25",1957600
3950,0,100,"bu","14:20:23",1956600
3940,-10,1000,"sd","14:20:14",1956500
3950,0,1000,"bu","14:20:04",1955500
3950,0,500,"bu","14:19:53",1954500
3950,0,400,"bu","14:19:34",1954000
3950,0,200,"bu","14:19:28",1953600
3940,-10,1000,"sd","14:19:26",1953400
3950,0,1000,"bu","14:19:07",1952400
3950,0,1000,"bu","14:19:07",1951400
3950,0,1000,"bu","14:18:53",1950400
3950,0,1000,"bu","14:18:46",1949400
3950,0,200,"sd","14:18:45",1948400
3950,0,100,"sd","14:18:45",1948200
3950,0,1700,"sd","14:18:45",1948100
3950,0,1100,"sd","14:18:36",1946400
3950,0,800,"sd","14:18:36",1945300
3950,0,2000,"sd","14:18:36",1944500
3950,0,1000,"sd","14:18:36",1942500
3950,0,100,"sd","14:18:36",1941500
3950,0,100,"sd","14:18:34",1941400
3950,0,400,"sd","14:18:34",1941300
3950,0,1000,"sd","14:18:34",1940900
3950,0,800,"sd","14:18:34",1939900
3950,0,900,"sd","14:18:34",1939100
3950,0,1000,"sd","14:18:34",1938200
3950,0,800,"sd","14:18:34",1937200
3950,0,700,"sd","14:17:58",1936400
3960,10,100,"bu","14:17:09",1935700
3960,10,100,"bu","14:16:26",1935600
3950,0,500,"sd","14:15:40",1935500
3950,0,1500,"sd","14:15:40",1935000
3960,10,100,"bu","14:15:13",1933500
3960,10,1000,"bu","14:14:46",1933400
3950,0,1000,"sd","14:14:21",1932400
3960,10,100,"bu","14:13:53",1931400
3960,10,100,"bu","14:13:14",1931300
3950,0,17500,"sd","14:13:09",1931200
3950,0,2000,"sd","14:13:09",1913700
3950,0,200,"sd","14:13:09",1911700
3950,0,300,"sd","14:13:09",1911500
3950,0,700,"sd","14:13:07",1911200
3950,0,100,"sd","14:13:07",1910500
3950,0,500,"sd","14:13:07",1910400
3960,10,100,"bu","14:12:49",1909900
3960,10,100,"bu","14:12:41",1909800
3960,10,7000,"bu","14:12:21",1909700
3960,10,100,"bu","14:12:21",1902700
3960,10,400,"bu","14:12:21",1902600
3960,10,100,"bu","14:12:21",1902200
3960,10,500,"bu","14:12:21",1902100
3960,10,1900,"bu","14:12:21",1901600
3960,10,3000,"bu","14:11:57",1899700
3960,10,100,"bu","14:11:42",1896700
3960,10,100,"bu","14:11:42",1896600
3960,10,5000,"bu","14:11:42",1896500
3960,10,3000,"bu","14:11:42",1891500
3960,10,1500,"bu","14:11:42",1888500
3960,10,300,"bu","14:11:42",1887000
3960,10,1000,"bu","14:11:02",1886700
3950,0,500,"sd","14:11:02",1885700
3950,0,1700,"sd","14:11:02",1885200
3950,0,100,"sd","14:11:02",1883500
3950,0,700,"sd","14:11:02",1883400
3950,0,200,"sd","14:10:51",1882700
3950,0,10000,"sd","14:10:37",1882500
3950,0,3700,"sd","14:10:26",1872500
3950,0,2000,"sd","14:10:16",1868800
3950,0,200,"sd","14:09:46",1866800
3950,0,100,"sd","14:09:46",1866600
3950,0,800,"sd","14:09:30",1866500
3950,0,100,"sd","14:09:30",1865700
3950,0,300,"sd","14:09:30",1865600
3950,0,1400,"sd","14:09:30",1865300
3950,0,1000,"sd","14:09:07",1863900
3950,0,2600,"sd","14:08:58",1862900
3950,0,5000,"sd","14:08:58",1860300
3950,0,100,"sd","14:08:58",1855300
3950,0,100,"sd","14:08:58",1855200
3950,0,1700,"sd","14:08:58",1855100
3950,0,500,"sd","14:08:58",1853400
3950,0,10000,"sd","14:08:58",1852900
3960,10,2000,"bu","14:08:57",1842900
3960,10,700,"bu","14:06:36",1840900
3960,10,300,"bu","14:06:36",1840200
3950,0,1000,"sd","14:05:17",1839900
3960,10,100,"bu","14:04:47",1838900
3960,10,100,"bu","14:04:07",1838800
3960,10,100,"bu","14:02:33",1838700
3940,-10,1000,"sd","14:01:13",1838600
3960,10,4400,"bu","14:00:56",1837600
3950,0,300,"bu","14:00:56",1833200
3950,0,800,"bu","14:00:52",1832900
3950,0,300,"bu","14:00:49",1832100
3950,0,700,"bu","14:00:49",1831800
3950,0,500,"bu","14:00:32",1831100
3950,0,5000,"bu","14:00:26",1830600
3950,0,200,"bu","14:00:22",1825600
3950,0,1100,"sd","13:59:56",1825400
3950,0,1900,"bu","13:59:39",1824300
3950,0,100,"sd","13:59:25",1822400
3950,0,200,"bu","13:59:10",1822300
3950,0,3000,"bu","13:59:03",1822100
3950,0,100,"bu","13:58:59",1819100
3950,0,800,"bu","13:58:50",1819000
3950,0,900,"bu","13:58:44",1818200
3950,0,100,"bu","13:58:44",1817300
3950,0,300,"sd","13:58:41",1817200
3950,0,2000,"sd","13:58:41",1816900
3950,0,2500,"sd","13:58:41",1814900
3950,0,2600,"sd","13:58:41",1812400
3950,0,2000,"sd","13:58:41",1809800
3950,0,500,"sd","13:58:41",1807800
3950,0,500,"sd","13:58:35",1807300
3950,0,1900,"sd","13:58:35",1806800
3950,0,100,"sd","13:58:35",1804900
3950,0,1100,"sd","13:58:35",1804800
3950,0,500,"sd","13:58:35",1803700
3950,0,900,"sd","13:58:35",1803200
3950,0,100,"sd","13:58:10",1802300
3950,0,3000,"sd","13:58:10",1802200
3950,0,800,"sd","13:58:10",1799200
3950,0,800,"sd","13:57:56",1798400
3950,0,5000,"sd","13:57:54",1797600
3950,0,200,"sd","13:56:53",1792600
3960,10,2000,"bu","13:56:33",1792400
3950,0,3000,"sd","13:56:29",1790400
3950,0,200,"sd","13:56:22",1787400
3950,0,400,"sd","13:56:22",1787200
3960,10,1000,"bu","13:55:49",1786800
3960,10,500,"sd","13:55:27",1785800
3960,10,2000,"sd","13:55:27",1785300
3960,10,9500,"sd","13:55:27",1783300
3960,10,5000,"sd","13:55:23",1773800
3960,10,200,"bu","13:54:38",1768800
3960,10,5000,"bu","13:54:38",1768600
3960,10,1900,"bu","13:54:38",1763600
3960,10,100,"bu","13:53:59",1761700
3960,10,100,"bu","13:52:19",1761600
3960,10,5000,"bu","13:52:12",1761500
3960,10,100,"bu","13:51:48",1756500
3960,10,700,"bu","13:51:46",1756400
3960,10,1000,"sd","13:50:58",1755700
3960,10,500,"sd","13:50:58",1754700
3960,10,600,"sd","13:50:58",1754200
3970,20,100,"bu","13:50:43",1753600
3970,20,1000,"bu","13:50:06",1753500
3960,10,1000,"sd","13:49:41",1752500
3970,20,500,"bu","13:48:51",1751500
3960,10,3400,"bu","13:48:41",1751000
3960,10,300,"sd","13:48:33",1747600
3960,10,300,"sd","13:48:33",1747300
3960,10,200,"bu","13:48:11",1747000
3960,10,3000,"bu","13:48:11",1746800
3960,10,400,"bu","13:48:11",1743800
3960,10,1000,"bu","13:48:11",1743400
3960,10,1000,"bu","13:48:11",1742400
3960,10,7500,"bu","13:48:11",1741400
3960,10,300,"bu","13:48:11",1733900
3960,10,5000,"bu","13:48:11",1733600
3960,10,81300,"bu","13:48:11",1728600
3960,10,5000,"bu","13:47:48",1647300
3950,0,5000,"sd","13:47:46",1642300
3950,0,500,"sd","13:47:31",1637300
3950,0,20200,"sd","13:47:29",1636800
3950,0,500,"sd","13:47:08",1616600
3950,0,500,"sd","13:46:46",1616100
3950,0,200,"sd","13:46:37",1615600
3950,0,500,"sd","13:46:14",1615400
3950,0,1000,"bu","13:46:11",1614900
3950,0,6000,"sd","13:46:08",1613900
3950,0,4000,"bu","13:45:54",1607900
3940,-10,5300,"sd","13:45:36",1603900
3950,0,9700,"sd","13:45:36",1598600
3950,0,300,"bu","13:45:26",1588900
3950,0,300,"bu","13:45:22",1588600
3950,0,2000,"bu","13:45:22",1588300
3950,0,300,"bu","13:45:22",1586300
3950,0,1500,"bu","13:45:22",1586000
3950,0,15900,"bu","13:45:22",1584500
3940,-10,1400,"sd","13:45:10",1568600
3940,-10,1400,"bu","13:44:56",1567200
3940,-10,19500,"bu","13:44:56",1565800
3940,-10,3000,"bu","13:44:53",1546300
3940,-10,500,"bu","13:44:29",1543300
3940,-10,1000,"bu","13:44:20",1542800
3940,-10,300,"bu","13:44:18",1541800
3940,-10,5000,"bu","13:44:08",1541500
3940,-10,100,"bu","13:44:07",1536500
3930,-20,700,"sd","13:44:04",1536400
3940,-10,5000,"bu","13:43:31",1535700
3930,-20,1000,"sd","13:43:07",1530700
3940,-10,300,"bu","13:43:03",1529700
3940,-10,300,"bu","13:42:52",1529400
3930,-20,1000,"sd","13:41:54",1529100
3930,-20,4800,"sd","13:41:30",1528100
3930,-20,300,"sd","13:41:30",1523300
3930,-20,4900,"sd","13:41:30",1523000
3930,-20,5100,"sd","13:40:57",1518100
3930,-20,20000,"sd","13:40:57",1513000
3930,-20,600,"sd","13:40:57",1493000
3930,-20,300,"sd","13:40:57",1492400
3930,-20,100,"sd","13:40:57",1492100
3930,-20,500,"sd","13:40:57",1492000
3930,-20,13400,"sd","13:40:57",1491500
3940,-10,3000,"bu","13:40:48",1478100
3940,-10,2000,"sd","13:40:39",1475100
3940,-10,300,"bu","13:40:36",1473100
3940,-10,100,"bu","13:40:27",1472800
3940,-10,9000,"bu","13:40:04",1472700
3940,-10,600,"bu","13:39:53",1463700
3940,-10,2400,"bu","13:39:53",1463100
3940,-10,100,"bu","13:39:47",1460700
3940,-10,300,"bu","13:39:47",1460600
3940,-10,500,"bu","13:39:47",1460300
3940,-10,9100,"bu","13:39:47",1459800
3930,-20,3000,"sd","13:39:15",1450700
3930,-20,300,"sd","13:39:13",1447700
3930,-20,3000,"sd","13:38:43",1447400
3930,-20,300,"sd","13:37:42",1444400
3930,-20,100,"sd","13:37:42",1444100
3940,-10,1000,"bu","13:37:39",1444000
3930,-20,100,"sd","13:37:16",1443000
3930,-20,100,"sd","13:36:37",1442900
3930,-20,100,"sd","13:36:37",1442800
3920,-30,2400,"sd","13:34:58",1442700
3920,-30,1000,"sd","13:34:58",1440300
3920,-30,1000,"sd","13:34:58",1439300
3920,-30,100,"sd","13:34:58",1438300
3920,-30,400,"sd","13:34:58",1438200
3920,-30,1000,"sd","13:34:58",1437800
3920,-30,5000,"sd","13:34:58",1436800
3920,-30,5000,"sd","13:34:58",1431800
3920,-30,200,"sd","13:34:58",1426800
3920,-30,500,"sd","13:34:58",1426600
3920,-30,1100,"sd","13:34:58",1426100
3920,-30,300,"sd","13:34:58",1425000
3920,-30,1000,"sd","13:34:58",1424700
3920,-30,2300,"sd","13:34:58",1423700
3930,-20,300,"sd","13:34:58",1421400
3930,-20,1000,"sd","13:34:58",1421100
3930,-20,400,"sd","13:34:58",1420100
3930,-20,600,"bu","13:34:31",1419700
3930,-20,400,"bu","13:34:29",1419100
3930,-20,300,"bu","13:34:29",1418700
3930,-20,100,"bu","13:34:04",1418400
3930,-20,100,"bu","13:33:55",1418300
3930,-20,400,"bu","13:33:42",1418200
3930,-20,7600,"bu","13:33:42",1417800
3920,-30,2700,"sd","13:33:37",1410200
3920,-30,1000,"sd","13:33:37",1407500
3920,-30,6300,"sd","13:33:37",1406500
3930,-20,100,"bu","13:33:10",1400200
3920,-30,5000,"sd","13:33:08",1400100
3930,-20,100,"bu","13:32:51",1395100
3930,-20,100,"bu","13:32:01",1395000
3930,-20,800,"bu","13:31:57",1394900
3930,-20,100,"bu","13:31:28",1394100
3930,-20,5000,"sd","13:31:25",1394000
3930,-20,200,"sd","13:31:25",1389000
3930,-20,1000,"sd","13:31:25",1388800
3940,-10,9900,"bu","13:31:01",1387800
3940,-10,100,"bu","13:31:01",1377900
3940,-10,19900,"bu","13:29:49",1377800
3940,-10,200,"bu","13:29:49",1357900
3940,-10,8900,"bu","13:29:49",1357700
3930,-20,14000,"bu","13:29:27",1348800
3920,-30,200,"sd","13:29:21",1334800
3930,-20,1000,"bu","13:29:19",1334600
3930,-20,3400,"bu","13:29:18",1333600
3930,-20,20000,"sd","13:28:59",1330200
3930,-20,500,"sd","13:28:59",1310200
3930,-20,600,"sd","13:28:59",1309700
3930,-20,1000,"sd","13:28:59",1309100
3930,-20,1000,"sd","13:28:59",1308100
3930,-20,400,"sd","13:28:59",1307100
3930,-20,400,"sd","13:28:59",1306700
3930,-20,100,"sd","13:28:59",1306300
3930,-20,2600,"sd","13:28:59",1306200
3940,-10,200,"bu","13:28:40",1303600
3940,-10,100,"bu","13:28:38",1303400
3940,-10,100,"sd","13:28:18",1303300
3940,-10,5200,"sd","13:28:18",1303200
3940,-10,8900,"sd","13:28:10",1298000
3940,-10,500,"sd","13:28:10",1289100
3940,-10,10000,"sd","13:28:10",1288600
3940,-10,500,"sd","13:28:10",1278600
3940,-10,4600,"sd","13:28:10",1278100
3940,-10,5400,"sd","13:27:16",1273500
3940,-10,500,"sd","13:27:16",1268100
3940,-10,500,"sd","13:27:16",1267600
3940,-10,700,"sd","13:27:16",1267100
3940,-10,100,"sd","13:27:16",1266400
3940,-10,5000,"sd","13:27:16",1266300
3940,-10,500,"sd","13:27:16",1261300
3940,-10,1000,"sd","13:27:16",1260800
3940,-10,400,"sd","13:27:16",1259800
3940,-10,200,"sd","13:25:37",1259400
3940,-10,100,"sd","13:25:26",1259200
3940,-10,2000,"sd","13:25:26",1259100
3940,-10,500,"sd","13:25:26",1257100
3940,-10,1300,"sd","13:25:26",1256600
3940,-10,200,"sd","13:25:26",1255300
3940,-10,100,"sd","13:25:26",1255100
3940,-10,100,"sd","13:25:26",1255000
3940,-10,300,"sd","13:25:26",1254900
3940,-10,100,"sd","13:25:26",1254600
3940,-10,300,"sd","13:25:26",1254500
3940,-10,100,"sd","13:24:56",1254200
3950,0,20000,"bu","13:24:55",1254100
3940,-10,1300,"sd","13:24:46",1234100
3950,0,1000,"sd","13:24:23",1232800
3950,0,1000,"sd","13:24:23",1231800
3950,0,5000,"sd","13:24:23",1230800
3950,0,1800,"sd","13:24:23",1225800
3950,0,1000,"sd","13:24:23",1224000
3950,0,300,"sd","13:24:23",1223000
3960,10,500,"bu","13:23:23",1222700
3960,10,10000,"bu","13:23:13",1222200
3950,0,10000,"sd","13:23:06",1212200
3950,0,10000,"bu","13:22:53",1202200
3940,-10,100,"sd","13:22:51",1192200
3950,0,500,"bu","13:22:42",1192100
3950,0,300,"bu","13:22:30",1191600
3950,0,700,"bu","13:22:22",1191300
3950,0,4300,"bu","13:22:22",1190600
3950,0,1600,"bu","13:22:14",1186300
3950,0,200,"bu","13:22:06",1184700
3950,0,2000,"bu","13:21:56",1184500
3950,0,500,"sd","13:21:36",1182500
3950,0,200,"sd","13:21:36",1182000
3950,0,800,"sd","13:21:36",1181800
3950,0,400,"sd","13:21:36",1181000
3950,0,300,"sd","13:21:09",1180600
3950,0,100,"bu","13:20:35",1180300
3950,0,9900,"bu","13:20:34",1180200
3950,0,5100,"bu","13:20:34",1170300
3950,0,200,"bu","13:20:28",1165200
3950,0,500,"bu","13:20:16",1165000
3940,-10,300,"sd","13:20:00",1164500
3940,-10,400,"sd","13:19:48",1164200
3950,0,100,"bu","13:19:47",1163800
3940,-10,2000,"sd","13:19:34",1163700
3950,0,300,"bu","13:19:32",1161700
3940,-10,400,"sd","13:19:18",1161400
3940,-10,200,"sd","13:18:54",1161000
3950,0,500,"sd","13:18:08",1160800
3950,0,100,"sd","13:18:08",1160300
3950,0,3200,"sd","13:18:08",1160200
3950,0,100,"sd","13:18:06",1157000
3950,0,5000,"bu","13:17:36",1156900
3950,0,300,"bu","13:17:36",1151900
3950,0,400,"bu","13:17:36",1151600
3950,0,100,"bu","13:17:31",1151200
3950,0,3500,"bu","13:17:30",1151100
3950,0,800,"bu","13:17:26",1147600
3950,0,4600,"bu","13:17:24",1146800
3950,0,5000,"bu","13:17:14",1142200
3950,0,5000,"bu","13:16:33",1137200
3940,-10,1500,"bu","13:14:58",1132200
3940,-10,13700,"bu","13:14:58",1130700
3930,-20,1000,"sd","13:14:35",1117000
3930,-20,1000,"sd","13:14:35",1116000
3930,-20,500,"sd","13:14:35",1115000
3930,-20,100,"sd","13:14:35",1114500
3930,-20,2000,"sd","13:14:35",1114400
3940,-10,500,"bu","13:14:12",1112400
3930,-20,100,"bu","13:13:31",1111900
3930,-20,100,"bu","13:13:11",1111800
3930,-20,100,"bu","13:12:55",1111700
3920,-30,4600,"sd","13:12:51",1111600
3930,-20,1000,"sd","13:12:51",1107000
3930,-20,100,"sd","13:12:51",1106000
3930,-20,5800,"sd","13:12:51",1105900
3930,-20,5000,"sd","13:12:48",1100100
3930,-20,5000,"sd","13:12:34",1095100
3930,-20,200,"sd","13:12:14",1090100
3940,-10,5000,"bu","13:12:03",1089900
3940,-10,2900,"bu","13:11:49",1084900
3920,-30,100,"sd","13:11:45",1082000
3920,-30,200,"sd","13:11:28",1081900
3920,-30,2500,"sd","13:11:18",1081700
3920,-30,100,"sd","13:11:16",1079200
3920,-30,300,"sd","13:11:16",1079100
3920,-30,1100,"sd","13:11:16",1078800
3910,-40,100,"sd","13:10:41",1077700
3910,-40,1000,"sd","13:10:30",1077600
3910,-40,1000,"sd","13:10:30",1076600
3910,-40,200,"sd","13:10:30",1075600
3910,-40,3500,"sd","13:10:30",1075400
3920,-30,200,"unknown","13:10:30",1071900
3920,-30,1000,"unknown","13:10:30",1071700
3920,-30,1500,"sd","13:09:59",1070700
3910,-40,1500,"sd","13:09:59",1069200
3920,-30,2100,"sd","13:09:59",1067700
3920,-30,500,"sd","13:09:59",1065600
3920,-30,200,"sd","13:09:59",1065100
3920,-30,3100,"sd","13:09:59",1064900
3930,-20,1000,"sd","13:09:59",1061800
3920,-30,400,"sd","13:09:59",1060800
3930,-20,1000,"sd","13:09:59",1060400
3920,-30,500,"sd","13:09:59",1059400
3930,-20,2000,"sd","13:09:59",1058900
3920,-30,200,"sd","13:09:59",1056900
3930,-20,500,"sd","13:09:59",1056700
3920,-30,5000,"sd","13:09:59",1056200
3920,-30,500,"sd","13:09:59",1051200
3940,-10,100,"bu","13:09:46",1050700
3940,-10,2000,"sd","13:09:41",1050600
3940,-10,1500,"sd","13:09:41",1048600
3940,-10,100,"sd","13:09:41",1047100
3940,-10,100,"sd","13:09:41",1047000
3940,-10,200,"sd","13:09:37",1046900
3940,-10,100,"sd","13:09:36",1046700
3940,-10,100,"sd","13:09:32",1046600
3950,0,100,"bu","13:09:27",1046500
3950,0,5600,"bu","13:09:01",1046400
3950,0,200,"bu","13:08:56",1040800
3950,0,1000,"bu","13:07:15",1040600
3950,0,4700,"bu","13:06:44",1039600
3950,0,400,"bu","13:06:44",1034900
3950,0,400,"bu","13:06:44",1034500
3950,0,500,"bu","13:06:44",1034100
3950,0,500,"bu","13:06:44",1033600
3950,0,1000,"bu","13:06:44",1033100
3950,0,300,"bu","13:06:44",1032100
3950,0,1000,"bu","13:06:44",1031800
3950,0,200,"bu","13:06:44",1030800
3950,0,600,"bu","13:06:18",1030600
3950,0,100,"bu","13:06:18",1030000
3950,0,1300,"bu","13:06:18",1029900
3950,0,100,"bu","13:06:08",1028600
3950,0,100,"bu","13:05:30",1028500
3950,0,1100,"bu","13:05:26",1028400
3950,0,100,"bu","13:05:25",1027300
3950,0,1300,"bu","13:03:39",1027200
3920,-30,3900,"sd","13:03:22",1025900
3920,-30,100,"sd","13:03:22",1022000
3920,-30,100,"sd","13:03:10",1021900
3920,-30,1000,"sd","13:03:10",1021800
3920,-30,2900,"sd","13:03:10",1020800
3920,-30,100,"sd","13:02:57",1017900
3920,-30,100,"sd","13:01:22",1017800
3920,-30,100,"sd","13:01:14",1017700
3920,-30,700,"bu","13:00:59",1017600
3920,-30,100,"bu","13:00:54",1016900
3920,-30,200,"sd","13:00:52",1016800
3920,-30,300,"sd","13:00:36",1016600
3920,-30,1000,"sd","13:00:36",1016300
3920,-30,800,"sd","13:00:36",1015300
3920,-30,10000,"sd","13:00:36",1014500
3920,-30,500,"sd","13:00:36",1004500
3920,-30,200,"sd","13:00:36",1004000
3920,-30,5000,"sd","13:00:36",1003800
3920,-30,100,"sd","13:00:36",998800
3920,-30,500,"sd","13:00:36",998700
3920,-30,100,"sd","13:00:36",998200
3920,-30,1500,"sd","13:00:36",998100
3920,-30,8500,"sd","13:00:25",996600
3930,-20,800,"sd","13:00:25",988100
3930,-20,1000,"sd","13:00:25",987300
3930,-20,1000,"sd","13:00:25",986300
3930,-20,1000,"sd","13:00:25",985300
3930,-20,600,"sd","13:00:25",984300
3930,-20,1000,"sd","13:00:25",983700
3930,-20,1000,"sd","13:00:25",982700
3930,-20,700,"sd","13:00:25",981700
3930,-20,200,"sd","13:00:25",981000
3930,-20,1000,"sd","13:00:25",980800
3930,-20,300,"sd","13:00:25",979800
3930,-20,16000,"sd","13:00:25",979500
3930,-20,500,"sd","13:00:25",963500
3930,-20,5100,"sd","13:00:25",963000
3930,-20,400,"sd","13:00:25",957900
3930,-20,2000,"sd","13:00:25",957500
3930,-20,3500,"sd","13:00:25",955500
3930,-20,200,"sd","13:00:25",952000
3930,-20,100,"sd","13:00:25",951800
3930,-20,100,"sd","13:00:25",951700
3940,-10,5000,"sd","13:00:25",951600
3940,-10,300,"sd","13:00:25",946600
3940,-10,700,"sd","13:00:25",946300
3940,-10,500,"sd","13:00:25",945600
3940,-10,700,"sd","13:00:25",945100
3950,0,200,"bu","13:00:10",944400
3940,-10,800,"sd","13:00:08",944200
3940,-10,400,"sd","13:00:08",943400
3940,-10,300,"sd","13:00:08",943000
3940,-10,200,"sd","13:00:02",942700
3950,0,100,"bu","13:00:01",942500
3950,0,100,"bu","13:00:01",942400
3950,0,500,"bu","13:00:00",942300
3950,0,100,"bu","13:00:00",941800
3950,0,300,"bu","13:00:00",941700
3950,0,600,"bu","13:00:00",941400
3950,0,700,"bu","13:00:00",940800
3940,-10,100,"sd","13:00:00",940100
3950,0,200,"bu","13:00:00",940000
3950,0,1000,"bu","11:29:09",939800
3940,-10,200,"sd","11:28:19",938800
3940,-10,5000,"sd","11:27:19",938600
3940,-10,1000,"sd","11:27:19",933600
3940,-10,4000,"sd","11:27:19",932600
3940,-10,1000,"sd","11:26:52",928600
3940,-10,700,"sd","11:26:52",927600
3940,-10,300,"sd","11:26:52",926900
3940,-10,200,"sd","11:24:40",926600
3940,-10,4500,"sd","11:24:31",926400
3940,-10,1500,"sd","11:24:31",921900
3940,-10,2000,"sd","11:24:10",920400
3940,-10,6500,"sd","11:23:54",918400
3940,-10,100,"sd","11:23:54",911900
3940,-10,1000,"sd","11:23:54",911800
3940,-10,1000,"sd","11:23:54",910800
3940,-10,100,"sd","11:23:54",909800
3940,-10,1000,"sd","11:23:54",909700
3940,-10,1400,"sd","11:23:54",908700
3940,-10,1900,"sd","11:23:54",907300
3940,-10,1100,"sd","11:23:54",905400
3940,-10,900,"sd","11:23:54",904300
3950,0,2000,"bu","11:23:44",903400
3950,0,200,"bu","11:23:30",901400
3950,0,1000,"bu","11:22:51",901200
3950,0,10000,"bu","11:22:33",900200
3950,0,200,"bu","11:21:40",890200
3950,0,100,"sd","11:21:00",890000
3960,10,1000,"bu","11:20:55",889900
3950,0,700,"sd","11:18:27",888900
3950,0,1000,"sd","11:17:23",888200
3950,0,3300,"sd","11:16:49",887200
3950,0,1000,"sd","11:16:49",883900
3950,0,100,"sd","11:16:49",882900
3950,0,2000,"sd","11:16:49",882800
3950,0,1500,"sd","11:16:49",880800
3950,0,1000,"sd","11:16:49",879300
3950,0,6100,"sd","11:16:49",878300
3960,10,100,"bu","11:16:12",872200
3960,10,100,"sd","11:15:57",872100
3960,10,1000,"sd","11:15:57",872000
3960,10,100,"sd","11:15:57",871000
3960,10,100,"sd","11:15:57",870900
3960,10,800,"sd","11:15:57",870800
3960,10,1000,"sd","11:15:33",870000
3960,10,1000,"sd","11:15:33",869000
3970,20,200,"bu","11:15:22",868000
3960,10,1000,"sd","11:14:54",867800
3970,20,100,"bu","11:11:04",866800
3970,20,900,"bu","11:11:04",866700
3970,20,6100,"sd","11:10:49",865800
3970,20,100,"bu","11:10:14",859700
3970,20,700,"bu","11:10:14",859600
3960,10,300,"sd","11:09:38",858900
3970,20,5000,"bu","11:09:32",858600
3960,10,900,"sd","11:09:24",853600
3960,10,1000,"sd","11:09:24",852700
3960,10,1200,"sd","11:09:24",851700
3960,10,10000,"sd","11:09:24",850500
3960,10,4000,"sd","11:09:24",840500
3960,10,2900,"sd","11:09:24",836500
3960,10,800,"sd","11:08:53",833600
3970,20,100,"sd","11:08:35",832800
3970,20,4900,"sd","11:08:35",832700
3970,20,2400,"sd","11:08:35",827800
3970,20,1000,"sd","11:07:27",825400
3980,30,3000,"bu","11:05:57",824400
3970,20,1600,"sd","11:05:40",821400
3970,20,400,"sd","11:05:40",819800
3980,30,2500,"sd","11:04:01",819400
3980,30,500,"sd","11:03:43",816900
3980,30,500,"sd","11:02:53",816400
3980,30,1000,"sd","11:02:51",815900
3980,30,300,"sd","11:02:41",814900
3980,30,100,"bu","11:02:12",814600
3980,30,100,"bu","11:02:12",814500
3980,30,300,"sd","11:01:56",814400
3980,30,1000,"sd","11:01:56",814100
3990,40,100,"bu","11:01:54",813100
3980,30,1000,"bu","11:01:23",813000
3980,30,500,"bu","11:01:23",812000
3980,30,100,"bu","11:01:23",811500
3980,30,1000,"bu","11:01:23",811400
3980,30,400,"bu","11:01:23",810400
3980,30,700,"bu","11:01:23",810000
3970,20,200,"sd","11:00:22",809300
3970,20,4400,"sd","11:00:19",809100
3970,20,500,"sd","11:00:19",804700
3970,20,500,"sd","11:00:19",804200
3970,20,4600,"sd","11:00:19",803700
3980,30,1100,"bu","11:00:17",799100
3980,30,3900,"bu","11:00:17",798000
3980,30,100,"bu","10:59:58",794100
3980,30,200,"sd","10:56:44",794000
3980,30,100,"sd","10:56:44",793800
3980,30,1700,"sd","10:56:44",793700
3980,30,1500,"sd","10:56:40",792000
3980,30,700,"sd","10:56:36",790500
3980,30,5000,"sd","10:56:27",789800
3980,30,500,"sd","10:56:14",784800
3980,30,200,"sd","10:56:13",784300
3980,30,400,"sd","10:56:11",784100
3980,30,100,"sd","10:56:11",783700
3980,30,100,"sd","10:56:10",783600
3980,30,1400,"sd","10:55:57",783500
3990,40,200,"bu","10:55:57",782100
3990,40,400,"bu","10:55:57",781900
3990,40,200,"bu","10:55:57",781500
3990,40,1000,"bu","10:55:15",781300
3990,40,800,"bu","10:55:00",780300
3990,40,700,"bu","10:55:00",779500
3990,40,4300,"bu","10:53:18",778800
3990,40,200,"bu","10:53:18",774500
3990,40,100,"bu","10:53:18",774300
3980,30,800,"bu","10:53:01",774200
3980,30,200,"bu","10:53:01",773400
3980,30,1000,"bu","10:53:01",773200
3980,30,3000,"bu","10:53:01",772200
3980,30,5000,"bu","10:53:01",769200
3980,30,300,"bu","10:53:01",764200
3980,30,1000,"bu","10:53:01",763900
3980,30,100,"bu","10:53:01",762900
3980,30,2000,"bu","10:53:01",762800
3970,20,400,"sd","10:52:40",760800
3970,20,100,"sd","10:52:40",760400
3970,20,300,"bu","10:52:07",760300
3970,20,200,"bu","10:52:07",760000
3970,20,1400,"bu","10:52:03",759800
3970,20,200,"bu","10:52:03",758400
3970,20,400,"bu","10:52:03",758200
3970,20,100,"bu","10:51:56",757800
3970,20,100,"bu","10:51:52",757700
3970,20,400,"bu","10:51:44",757600
3970,20,200,"bu","10:51:44",757200
3970,20,100,"bu","10:51:44",757000
3970,20,100,"bu","10:51:44",756900
3970,20,5200,"bu","10:51:44",756800
3970,20,2000,"bu","10:51:35",751600
3960,10,200,"sd","10:51:31",749600
3970,20,14000,"bu","10:51:11",749400
3970,20,10000,"bu","10:50:56",735400
3970,20,3000,"bu","10:50:27",725400
3970,20,200,"bu","10:50:16",722400
3970,20,100,"bu","10:50:03",722200
3970,20,200,"bu","10:49:51",722100
3970,20,3000,"bu","10:49:35",721900
3970,20,1200,"bu","10:49:32",718900
3970,20,8800,"bu","10:49:32",717700
3960,10,6000,"bu","10:48:21",708900
3960,10,2000,"bu","10:48:21",702900
3960,10,5000,"bu","10:48:21",700900
3960,10,200,"bu","10:48:21",695900
3960,10,200,"bu","10:48:21",695700
3960,10,30000,"bu","10:48:21",695500
3960,10,500,"bu","10:48:21",665500
3960,10,88900,"bu","10:48:21",665000
3950,0,1600,"bu","10:47:49",576100
3950,0,2100,"bu","10:47:49",574500
3950,0,100,"bu","10:47:49",572400
3950,0,100,"bu","10:47:49",572300
3950,0,700,"bu","10:47:49",572200
3950,0,900,"bu","10:47:49",571500
3950,0,1000,"bu","10:47:49",570600
3950,0,200000,"bu","10:47:49",569600
3950,0,5000,"bu","10:47:49",369600
3950,0,300,"bu","10:47:49",364600
3950,0,5000,"bu","10:47:49",364300
3950,0,500,"bu","10:47:49",359300
3950,0,500,"bu","10:47:49",358800
3950,0,6100,"bu","10:47:49",358300
3950,0,300,"bu","10:45:12",352200
3940,-10,100,"sd","10:45:11",351900
3940,-10,100,"sd","10:45:11",351800
3950,0,100,"bu","10:44:14",351700
3940,-10,100,"bu","10:43:47",351600
3940,-10,100,"bu","10:43:44",351500
3940,-10,200,"sd","10:43:08",351400
3940,-10,200,"sd","10:43:08",351200
3940,-10,200,"sd","10:43:08",351000
3940,-10,300,"sd","10:43:08",350800
3940,-10,200,"bu","10:41:52",350500
3940,-10,500,"sd","10:41:07",350300
3940,-10,4200,"sd","10:41:07",349800
3940,-10,1000,"sd","10:41:07",345600
3940,-10,2100,"sd","10:41:07",344600
3940,-10,500,"sd","10:41:07",342500
3940,-10,1000,"sd","10:41:07",342000
3940,-10,500,"sd","10:41:07",341000
3950,0,100,"bu","10:36:57",340500
3940,-10,300,"sd","10:34:21",340400
3940,-10,100,"sd","10:33:51",340100
3940,-10,100,"sd","10:33:51",340000
3940,-10,300,"sd","10:33:51",339900
3940,-10,1900,"sd","10:33:51",339600
3940,-10,2600,"sd","10:33:51",337700
3950,0,1000,"bu","10:33:45",335100
3940,-10,3000,"sd","10:33:32",334100
3940,-10,20000,"sd","10:33:13",331100
3950,0,100,"bu","10:32:55",311100
3940,-10,1000,"sd","10:32:20",311000
3940,-10,100,"sd","10:32:16",310000
3940,-10,2300,"sd","10:30:53",309900
3940,-10,200,"sd","10:30:53",307600
3940,-10,500,"sd","10:30:53",307400
3940,-10,1500,"sd","10:30:38",306900
3940,-10,3500,"sd","10:30:38",305400
3940,-10,1100,"sd","10:30:38",301900
3940,-10,1500,"sd","10:30:38",300800
3940,-10,200,"sd","10:30:18",299300
3940,-10,100,"sd","10:28:12",299100
3940,-10,3600,"bu","10:27:12",299000
3940,-10,200,"bu","10:26:51",295400
3940,-10,200,"bu","10:25:14",295200
3940,-10,100,"bu","10:24:57",295000
3940,-10,300,"bu","10:24:55",294900
3940,-10,3000,"bu","10:24:43",294600
3940,-10,900,"sd","10:24:42",291600
3940,-10,4100,"sd","10:24:40",290700
3940,-10,100,"sd","10:24:40",286600
3940,-10,300,"sd","10:24:40",286500
3940,-10,200,"sd","10:24:40",286200
3940,-10,200,"sd","10:24:40",286000
3940,-10,1400,"sd","10:24:40",285800
3940,-10,8700,"sd","10:24:40",284400
3940,-10,100,"sd","10:24:25",275700
3950,0,14300,"bu","10:24:24",275600
3950,0,200,"bu","10:24:24",261300
3950,0,500,"bu","10:24:24",261100
3950,0,5600,"bu","10:24:09",260600
3950,0,500,"bu","10:23:05",255000
3950,0,100,"bu","10:21:14",254500
3940,-10,1000,"sd","10:20:35",254400
3940,-10,20000,"sd","10:20:11",253400
3950,0,5000,"bu","10:16:33",233400
3950,0,1000,"bu","10:15:30",228400
3940,-10,100,"sd","10:13:11",227400
3950,0,300,"bu","10:12:17",227300
3950,0,100,"bu","10:12:17",227000
3950,0,100,"bu","10:12:17",226900
3950,0,5000,"bu","10:12:17",226800
3950,0,100,"bu","10:12:17",221800
3950,0,1100,"bu","10:12:17",221700
3950,0,3000,"bu","10:12:17",220600
3950,0,300,"bu","10:12:17",217600
3940,-10,100,"sd","10:12:10",217300
3940,-10,200,"sd","10:12:10",217200
3940,-10,400,"sd","10:12:10",217000
3950,0,300,"bu","10:11:18",216600
3940,-10,4600,"sd","10:11:07",216300
3940,-10,2100,"sd","10:11:07",211700
3940,-10,300,"sd","10:11:07",209600
3940,-10,3000,"sd","10:11:07",209300
3940,-10,1000,"sd","10:10:49",206300
3950,0,100,"bu","10:09:23",205300
3950,0,300,"bu","10:05:53",205200
3950,0,700,"bu","10:05:53",204900
3950,0,300,"bu","10:02:15",204200
3950,0,200,"bu","10:02:15",203900
3950,0,400,"bu","10:01:27",203700
3940,-10,300,"sd","10:01:27",203300
3940,-10,300,"sd","10:00:49",203000
3950,0,1200,"bu","10:00:09",202700
3950,0,100,"bu","10:00:04",201500
3950,0,100,"bu","10:00:02",201400
3950,0,100,"bu","09:59:29",201300
3950,0,100,"bu","09:59:27",201200
3950,0,3600,"bu","09:57:46",201100
3950,0,6200,"bu","09:57:29",197500
3950,0,2000,"bu","09:57:29",191300
3950,0,2000,"bu","09:57:29",189300
3950,0,6800,"bu","09:57:29",187300
3950,0,500,"bu","09:57:11",180500
3950,0,2000,"bu","09:56:12",180000
3950,0,1000,"bu","09:56:12",178000
3940,-10,400,"sd","09:56:05",177000
3940,-10,8100,"sd","09:56:05",176600
3950,0,100,"bu","09:55:44",168500
3950,0,700,"bu","09:55:32",168400
3940,-10,100,"sd","09:53:59",167700
3940,-10,200,"sd","09:53:58",167600
3940,-10,1600,"sd","09:52:53",167400
3940,-10,1500,"sd","09:52:53",165800
3940,-10,300,"sd","09:51:31",164300
3950,0,600,"bu","09:51:28",164000
3940,-10,400,"sd","09:51:23",163400
3950,0,2000,"bu","09:51:17",163000
3950,0,100,"bu","09:51:14",161000
3950,0,400,"bu","09:51:07",160900
3950,0,400,"bu","09:51:00",160500
3950,0,100,"bu","09:50:09",160100
3950,0,100,"bu","09:50:01",160000
3950,0,200,"bu","09:49:48",159900
3950,0,2500,"sd","09:49:31",159700
3950,0,1800,"sd","09:49:31",157200
3960,10,100,"bu","09:48:56",155400
3960,10,100,"bu","09:47:56",155300
3960,10,100,"bu","09:47:41",155200
3960,10,100,"bu","09:47:05",155100
3960,10,100,"bu","09:46:42",155000
3950,0,1000,"bu","09:46:00",154900
3950,0,2200,"bu","09:46:00",153900
3950,0,200,"bu","09:45:32",151700
3950,0,1000,"sd","09:45:24",151500
3950,0,600,"sd","09:45:23",150500
3950,0,300,"sd","09:45:23",149900
3950,0,9200,"sd","09:45:23",149600
3950,0,6000,"sd","09:44:06",140400
3950,0,200,"sd","09:42:40",134400
3950,0,2600,"bu","09:41:11",134200
3950,0,100,"bu","09:40:38",131600
3950,0,2300,"sd","09:40:18",131500
3950,0,1200,"bu","09:40:10",129200
3950,0,1500,"bu","09:40:10",128000
3950,0,100,"bu","09:40:10",126500
3950,0,1900,"bu","09:40:10",126400
3940,-10,4000,"sd","09:40:09",124500
3940,-10,2000,"sd","09:39:52",120500
3940,-10,3800,"sd","09:39:49",118500
3940,-10,100,"sd","09:39:49",114700
3940,-10,2700,"sd","09:39:49",114600
3940,-10,100,"sd","09:39:49",111900
3940,-10,200,"sd","09:38:38",111800
3940,-10,800,"sd","09:38:38",111600
3950,0,100,"bu","09:38:27",110800
3950,0,1000,"bu","09:37:56",110700
3940,-10,500,"sd","09:37:12",109700
3950,0,100,"bu","09:37:10",109200
3940,-10,500,"sd","09:37:03",109100
3950,0,100,"bu","09:36:21",108600
3950,0,400,"bu","09:36:06",108500
3950,0,100,"bu","09:36:02",108100
3950,0,200,"bu","09:36:01",108000
3950,0,200,"sd","09:36:00",107800
3950,0,100,"sd","09:36:00",107600
3950,0,300,"sd","09:36:00",107500
3950,0,1000,"sd","09:36:00",107200
3950,0,300,"sd","09:36:00",106200
3950,0,1000,"sd","09:36:00",105900
3950,0,1400,"sd","09:36:00",104900
3950,0,200,"sd","09:36:00",103500
3950,0,1600,"sd","09:36:00",103300
3950,0,500,"sd","09:35:53",101700
3950,0,3000,"sd","09:35:49",101200
3950,0,500,"sd","09:35:02",98200
3960,10,100,"bu","09:34:53",97700
3960,10,100,"bu","09:34:16",97600
3960,10,100,"sd","09:34:12",97500
3960,10,100,"sd","09:34:12",97400
3960,10,1000,"sd","09:34:12",97300
3960,10,3000,"sd","09:34:12",96300
3960,10,100,"sd","09:34:12",93300
3960,10,1600,"sd","09:34:12",93200
3960,10,3600,"sd","09:34:12",91600
3960,10,900,"sd","09:34:12",88000
3960,10,1000,"sd","09:33:35",87100
3960,10,4000,"sd","09:33:35",86100
3960,10,11600,"sd","09:32:56",82100
3960,10,1500,"sd","09:32:56",70500
3960,10,1000,"sd","09:32:56",69000
3960,10,2100,"sd","09:32:56",68000
3960,10,2900,"sd","09:32:11",65900
3960,10,2100,"sd","09:32:11",63000
3960,10,1000,"sd","09:31:02",60900
3960,10,400,"sd","09:29:56",59900
3970,20,1000,"bu","09:29:44",59500
3970,20,100,"sd","09:29:38",58500
3970,20,300,"sd","09:29:38",58400
3970,20,700,"sd","09:28:52",58100
3970,20,300,"sd","09:28:52",57400
3980,30,2000,"bu","09:28:17",57100
3980,30,2000,"bu","09:27:33",55100
3980,30,1000,"bu","09:26:42",53100
3980,30,100,"bu","09:26:39",52100
3980,30,1800,"bu","09:26:37",52000
3980,30,200,"sd","09:26:00",50200
3990,40,200,"bu","09:25:56",50000
3990,40,1000,"bu","09:25:49",49800
3990,40,100,"bu","09:25:47",48800
3990,40,100,"bu","09:25:44",48700
3990,40,100,"bu","09:25:15",48600
3990,40,400,"bu","09:25:09",48500
3990,40,200,"bu","09:25:04",48100
3960,10,500,"sd","09:25:03",47900
3980,30,1000,"sd","09:25:03",47400
3990,40,200,"bu","09:24:46",46400
3990,40,100,"bu","09:23:15",46200
3990,40,100,"bu","09:22:33",46100
3990,40,1900,"bu","09:22:33",46000
3960,10,100,"sd","09:20:50",44100
3960,10,500,"sd","09:20:28",44000
3990,40,100,"bu","09:20:25",43500
3960,10,100,"bu","09:19:17",43400
3960,10,300,"bu","09:19:17",43300
3960,10,100,"bu","09:19:10",43000
3960,10,19000,"bu","09:19:01",42900
3960,10,600,"bu","09:18:46",23900
3960,10,2000,"bu","09:18:42",23300
3950,0,1400,"bu","09:18:08",21300
3950,0,100,"bu","09:18:05",19900
3950,0,100,"unknown","09:18:05",19800
3950,0,2400,"sd","09:18:05",19700
3960,10,5000,"bu","09:17:44",17300
3950,0,100,"sd","09:15:54",12300
3950,0,1200,"bu","09:15:24",12200
3950,0,3000,"bu","09:15:24",11000
3950,0,1000,"bu","09:15:24",8000
3950,0,100,"bu","09:15:24",7000
3950,0,2200,"bu","09:15:24",6900
3950,0,200,"bu","09:15:19",4700
3950,0,100,"bu","09:15:01",4500
3950,0,4400,"bu","09:15:00",4400
