"price","change","match_qtty","side","time","total_vol"
12050,-50,291600,"sd","14:45:02",9610100
12150,50,200,"bu","14:29:47",9318500
12150,50,100,"bu","14:29:46",9318300
12150,50,2300,"bu","14:29:40",9318200
12150,50,10000,"bu","14:29:40",9315900
12150,50,100,"bu","14:29:40",9305900
12150,50,1900,"bu","14:29:40",9305800
12150,50,1000,"bu","14:29:40",9303900
12150,50,600,"bu","14:29:40",9302900
12100,0,2000,"sd","14:29:26",9302300
12100,0,1000,"sd","14:29:26",9300300
12100,0,1000,"sd","14:29:26",9299300
12100,0,1000,"sd","14:29:26",9298300
12100,0,500,"sd","14:29:14",9297300
12100,0,900,"sd","14:29:14",9296800
12100,0,500,"sd","14:29:14",9295900
12100,0,100,"sd","14:29:14",9295400
12150,50,200,"bu","14:29:12",9295300
12150,50,200,"bu","14:29:10",9295100
12150,50,100,"bu","14:29:00",9294900
12150,50,10000,"bu","14:28:54",9294800
12150,50,1000,"bu","14:28:49",9284800
12100,0,1000,"sd","14:28:47",9283800
12150,50,100,"bu","14:28:46",9282800
12150,50,2000,"bu","14:28:44",9282700
12150,50,200,"sd","14:28:37",9280700
12150,50,100,"sd","14:28:37",9280500
12150,50,200,"sd","14:28:37",9280400
12150,50,200,"sd","14:28:37",9280200
12150,50,1200,"sd","14:28:37",9280000
12150,50,15000,"sd","14:28:37",9278800
12150,50,2000,"sd","14:28:37",9263800
12150,50,7000,"sd","14:28:37",9261800
12150,50,5000,"sd","14:28:37",9254800
12150,50,1000,"sd","14:28:37",9249800
12150,50,400,"sd","14:28:37",9248800
12150,50,2000,"sd","14:28:37",9248400
12150,50,1500,"sd","14:28:37",9246400
12150,50,100,"sd","14:28:34",9244900
12150,50,1000,"sd","14:28:34",9244800
12150,50,300,"sd","14:28:34",9243800
12150,50,600,"sd","14:28:34",9243500
12200,100,600,"bu","14:28:28",9242900
12150,50,700,"sd","14:28:16",9242300
12200,100,500,"bu","14:28:08",9241600
12200,100,500,"bu","14:28:08",9241100
12150,50,1000,"sd","14:28:08",9240600
12200,100,2000,"sd","14:28:02",9239600
12200,100,1000,"sd","14:28:02",9237600
12200,100,1500,"sd","14:28:02",9236600
12250,150,3500,"bu","14:27:54",9235100
12250,150,1500,"bu","14:27:54",9231600
12250,150,100,"bu","14:27:53",9230100
12200,100,3500,"sd","14:27:53",9230000
12200,100,100,"sd","14:27:53",9226500
12200,100,400,"sd","14:27:53",9226400
12200,100,1000,"sd","14:27:53",9226000
12200,100,100,"sd","14:27:52",9225000
12200,100,3900,"sd","14:27:49",9224900
12200,100,1000,"sd","14:27:49",9221000
12200,100,100,"sd","14:27:49",9220000
12250,150,300,"sd","14:27:41",9219900
12250,150,200,"bu","14:27:40",9219600
12250,150,200,"bu","14:27:39",9219400
12250,150,600,"bu","14:27:39",9219200
12250,150,500,"sd","14:27:26",9218600
12250,150,2000,"sd","14:27:26",9218100
12250,150,200,"sd","14:27:26",9216100
12250,150,2700,"sd","14:27:26",9215900
12300,200,2300,"bu","14:27:23",9213200
12300,200,4400,"bu","14:27:23",9210900
12250,150,1000,"sd","14:27:20",9206500
12250,150,100,"sd","14:27:20",9205500
12250,150,1500,"sd","14:27:19",9205400
12250,150,1000,"sd","14:27:19",9203900
12250,150,200,"sd","14:27:19",9202900
12250,150,500,"sd","14:27:19",9202700
12250,150,800,"sd","14:27:19",9202200
12250,150,100,"sd","14:27:14",9201400
12300,200,600,"bu","14:27:13",9201300
12300,200,1400,"bu","14:27:13",9200700
12250,150,500,"sd","14:27:11",9199300
12250,150,5000,"sd","14:27:11",9198800
12250,150,900,"sd","14:27:11",9193800
12250,150,100,"sd","14:27:11",9192900
12250,150,500,"sd","14:27:11",9192800
12250,150,3000,"sd","14:27:11",9192300
12250,150,100,"sd","14:27:07",9189300
12250,150,100,"sd","14:27:07",9189200
12300,200,8600,"bu","14:27:02",9189100
12300,200,1000,"bu","14:27:02",9180500
12300,200,400,"bu","14:27:02",9179500
12300,200,3000,"bu","14:26:59",9179100
12300,200,1600,"bu","14:26:55",9176100
12300,200,3400,"bu","14:26:55",9174500
12250,150,300,"sd","14:26:54",9171100
12300,200,500,"bu","14:26:48",9170800
12300,200,700,"bu","14:26:46",9170300
12300,200,4300,"bu","14:26:46",9169600
12300,200,5000,"sd","14:26:39",9165300
12300,200,1400,"sd","14:26:39",9160300
12300,200,2000,"bu","14:26:31",9158900
12300,200,4600,"bu","14:26:31",9156900
12300,200,500,"bu","14:26:30",9152300
12300,200,700,"bu","14:26:22",9151800
12300,200,100,"bu","14:26:22",9151100
12300,200,14100,"bu","14:26:21",9151000
12300,200,100,"bu","14:26:18",9136900
12300,200,800,"bu","14:26:18",9136800
12300,200,500,"sd","14:26:12",9136000
12300,200,500,"sd","14:26:12",9135500
12300,200,1200,"sd","14:26:12",9135000
12350,250,100,"bu","14:26:05",9133800
12300,200,3800,"sd","14:26:03",9133700
12300,200,100,"sd","14:26:03",9129900
12300,200,1100,"sd","14:26:03",9129800
12300,200,900,"bu","14:25:57",9128700
12300,200,100,"bu","14:25:57",9127800
12300,200,100,"bu","14:25:57",9127700
12300,200,2800,"bu","14:25:57",9127600
12300,200,300,"bu","14:25:52",9124800
12300,200,11900,"bu","14:25:49",9124500
12300,200,1000,"bu","14:25:49",9112600
12300,200,500,"bu","14:25:49",9111600
12300,200,10000,"bu","14:25:49",9111100
12300,200,400,"bu","14:25:49",9101100
12300,200,100,"bu","14:25:49",9100700
12300,200,1000,"bu","14:25:49",9100600
12300,200,1400,"bu","14:25:49",9099600
12300,200,3700,"bu","14:25:49",9098200
12300,200,300,"bu","14:25:48",9094500
12300,200,100,"bu","14:25:45",9094200
12300,200,500,"bu","14:25:44",9094100
12300,200,400,"bu","14:25:43",9093600
12300,200,500,"bu","14:25:43",9093200
12300,200,100,"bu","14:25:43",9092700
12300,200,5000,"bu","14:25:43",9092600
12300,200,10000,"bu","14:25:43",9087600
12300,200,3600,"bu","14:25:43",9077600
12300,200,1800,"bu","14:25:43",9074000
12300,200,1000,"bu","14:25:43",9072200
12300,200,300,"bu","14:25:43",9071200
12300,200,300,"bu","14:25:43",9070900
12300,200,1000,"bu","14:25:43",9070600
12300,200,100,"bu","14:25:43",9069600
12300,200,900,"bu","14:25:43",9069500
12300,200,200,"bu","14:25:43",9068600
12300,200,900,"bu","14:25:43",9068400
12300,200,3000,"bu","14:25:43",9067500
12300,200,100,"bu","14:25:43",9064500
12300,200,300,"bu","14:25:43",9064400
12300,200,100,"bu","14:25:43",9064100
12300,200,400,"bu","14:25:43",9064000
12300,200,600,"bu","14:25:37",9063600
12300,200,100,"bu","14:25:37",9063000
12300,200,500,"bu","14:25:37",9062900
12300,200,100,"bu","14:25:37",9062400
12300,200,7700,"bu","14:25:37",9062300
12300,200,200,"bu","14:25:37",9054600
12300,200,5000,"bu","14:25:37",9054400
12300,200,2000,"bu","14:25:37",9049400
12300,200,500,"bu","14:25:37",9047400
12300,200,1600,"bu","14:25:37",9046900
12300,200,500,"bu","14:25:37",9045300
12300,200,100,"bu","14:25:36",9044800
12300,200,300,"bu","14:25:36",9044700
12300,200,800,"bu","14:25:36",9044400
12250,150,1600,"sd","14:25:31",9043600
12300,200,200,"bu","14:25:23",9042000
12300,200,100,"bu","14:25:23",9041800
12300,200,300,"bu","14:25:11",9041700
12300,200,100,"bu","14:25:11",9041400
12300,200,100,"bu","14:25:11",9041300
12250,150,1000,"sd","14:25:04",9041200
12250,150,1000,"sd","14:25:04",9040200
12250,150,100,"bu","14:24:59",9039200
12250,150,1000,"bu","14:24:59",9039100
12250,150,2900,"bu","14:24:59",9038100
12250,150,3000,"bu","14:24:58",9035200
12250,150,400,"bu","14:24:47",9032200
12250,150,500,"bu","14:24:46",9031800
12250,150,1800,"bu","14:24:46",9031300
12250,150,300,"bu","14:24:46",9029500
12250,150,500,"bu","14:24:46",9029200
12250,150,100,"bu","14:24:46",9028700
12250,150,6000,"bu","14:24:43",9028600
12250,150,700,"bu","14:24:43",9022600
12250,150,1000,"bu","14:24:43",9021900
12250,150,1500,"bu","14:24:43",9020900
12250,150,500,"bu","14:24:43",9019400
12250,150,100,"bu","14:24:43",9018900
12250,150,300,"bu","14:24:43",9018800
12250,150,8600,"bu","14:24:43",9018500
12250,150,200,"bu","14:24:43",9009900
12250,150,1000,"bu","14:24:43",9009700
12250,150,1400,"bu","14:24:39",9008700
12250,150,500,"bu","14:24:39",9007300
12250,150,3100,"bu","14:24:39",9006800
12250,150,100,"bu","14:24:24",9003700
12250,150,300,"bu","14:24:18",9003600
12250,150,100,"bu","14:24:18",9003300
12250,150,400,"bu","14:24:18",9003200
12250,150,100,"bu","14:24:14",9002800
12250,150,300,"bu","14:24:14",9002700
12250,150,1000,"bu","14:24:14",9002400
12250,150,300,"bu","14:24:13",9001400
12250,150,100,"bu","14:24:13",9001100
12250,150,300,"bu","14:24:13",9001000
12250,150,100,"bu","14:24:13",9000700
12250,150,400,"bu","14:24:13",9000600
12250,150,2400,"bu","14:24:13",9000200
12250,150,2600,"bu","14:24:02",8997800
12250,150,100,"bu","14:24:02",8995200
12250,150,1000,"bu","14:24:02",8995100
12250,150,4000,"bu","14:24:02",8994100
12250,150,2000,"bu","14:24:02",8990100
12250,150,300,"bu","14:24:02",8988100
12250,150,100,"bu","14:23:44",8987800
12250,150,100,"bu","14:23:27",8987700
12200,100,200,"bu","14:23:20",8987600
12200,100,100,"bu","14:23:11",8987400
12200,100,100,"sd","14:23:02",8987300
12200,100,100,"sd","14:23:02",8987200
12200,100,100,"sd","14:23:00",8987100
12200,100,100,"bu","14:22:52",8987000
12200,100,200,"bu","14:22:52",8986900
12200,100,9800,"bu","14:22:51",8986700
12200,100,100,"bu","14:22:51",8976900
12200,100,100,"bu","14:22:51",8976800
12200,100,100,"bu","14:22:50",8976700
12200,100,200,"bu","14:22:48",8976600
12200,100,100,"bu","14:22:48",8976400
12200,100,700,"bu","14:22:48",8976300
12200,100,300,"bu","14:22:48",8975600
12200,100,300,"bu","14:22:48",8975300
12200,100,100,"bu","14:22:39",8975000
12150,50,500,"sd","14:22:37",8974900
12200,100,100,"bu","14:22:37",8974400
12200,100,400,"bu","14:22:37",8974300
12200,100,5200,"bu","14:22:36",8973900
12200,100,2000,"bu","14:22:36",8968700
12200,100,2000,"bu","14:22:36",8966700
12200,100,400,"bu","14:22:36",8964700
12200,100,100,"bu","14:22:34",8964300
12200,100,2900,"bu","14:22:31",8964200
12200,100,2000,"bu","14:22:31",8961300
12200,100,10000,"bu","14:22:31",8959300
12200,100,100,"bu","14:22:31",8949300
12200,100,5000,"bu","14:22:31",8949200
12200,100,5000,"bu","14:22:31",8944200
12200,100,5000,"bu","14:22:31",8939200
12200,100,4000,"bu","14:22:31",8934200
12200,100,100,"bu","14:22:31",8930200
12200,100,800,"bu","14:22:31",8930100
12200,100,1000,"bu","14:22:31",8929300
12200,100,200,"bu","14:22:31",8928300
12200,100,1200,"bu","14:22:31",8928100
12200,100,300,"bu","14:22:31",8926900
12200,100,10000,"bu","14:22:31",8926600
12200,100,1700,"bu","14:22:31",8916600
12200,100,500,"bu","14:22:31",8914900
12200,100,200,"bu","14:22:31",8914400
12200,100,400,"bu","14:22:31",8914200
12200,100,3000,"bu","14:22:31",8913800
12200,100,100,"bu","14:22:31",8910800
12200,100,500,"bu","14:22:31",8910700
12200,100,2000,"bu","14:22:31",8910200
12200,100,1500,"bu","14:22:31",8908200
12200,100,200,"bu","14:22:31",8906700
12200,100,100,"bu","14:22:31",8906500
12200,100,3000,"bu","14:22:31",8906400
12200,100,3100,"bu","14:22:31",8903400
12200,100,1100,"bu","14:22:31",8900300
12200,100,1000,"bu","14:22:31",8899200
12200,100,1900,"bu","14:22:30",8898200
12200,100,1000,"bu","14:22:30",8896300
12200,100,100,"bu","14:22:30",8895300
12200,100,2000,"bu","14:22:30",8895200
12200,100,700,"bu","14:22:17",8893200
12200,100,900,"bu","14:22:07",8892500
12200,100,3000,"bu","14:21:49",8891600
12200,100,1400,"bu","14:21:28",8888600
12200,100,500,"bu","14:21:28",8887200
12200,100,300,"bu","14:21:28",8886700
12200,100,800,"bu","14:21:28",8886400
12200,100,1000,"bu","14:21:28",8885600
12200,100,200,"bu","14:21:28",8884600
12200,100,500,"bu","14:21:28",8884400
12200,100,1500,"bu","14:21:28",8883900
12200,100,2000,"bu","14:21:28",8882400
12200,100,4300,"bu","14:21:28",8880400
12200,100,500,"bu","14:21:28",8876100
12200,100,2300,"bu","14:21:28",8875600
12150,50,1000,"sd","14:21:06",8873300
12150,50,200,"sd","14:20:58",8872300
12150,50,1000,"bu","14:20:57",8872100
12150,50,100,"bu","14:20:56",8871100
12150,50,1900,"bu","14:20:46",8871000
12150,50,2000,"bu","14:20:46",8869100
12150,50,2500,"bu","14:20:46",8867100
12150,50,500,"bu","14:20:46",8864600
12150,50,2000,"bu","14:20:46",8864100
12150,50,200,"bu","14:20:46",8862100
12150,50,900,"bu","14:20:46",8861900
12150,50,100,"bu","14:20:45",8861000
12150,50,900,"bu","14:20:45",8860900
12150,50,200,"bu","14:20:44",8860000
12150,50,800,"bu","14:20:44",8859800
12150,50,400,"bu","14:20:40",8859000
12150,50,3600,"bu","14:20:31",8858600
12150,50,4400,"bu","14:20:31",8855000
12150,50,600,"bu","14:20:16",8850600
12150,50,100,"bu","14:20:16",8850000
12150,50,300,"bu","14:20:16",8849900
12100,0,200,"sd","14:19:50",8849600
12100,0,2000,"sd","14:19:33",8849400
12100,0,100,"sd","14:19:26",8847400
12100,0,100,"sd","14:19:11",8847300
12150,50,100,"bu","14:19:05",8847200
12100,0,2300,"sd","14:19:01",8847100
12100,0,100,"sd","14:19:01",8844800
12100,0,100,"sd","14:19:01",8844700
12100,0,500,"sd","14:18:47",8844600
12050,-50,100,"sd","14:18:31",8844100
12100,0,1000,"sd","14:18:26",8844000
12100,0,500,"sd","14:18:26",8843000
12100,0,800,"sd","14:18:26",8842500
12100,0,2000,"sd","14:18:26",8841700
12100,0,100,"sd","14:18:26",8839700
12100,0,700,"sd","14:18:26",8839600
12100,0,300,"sd","14:18:26",8838900
12100,0,2000,"sd","14:18:26",8838600
12100,0,300,"sd","14:18:26",8836600
12100,0,1000,"sd","14:18:26",8836300
12100,0,500,"sd","14:18:26",8835300
12100,0,5000,"sd","14:18:26",8834800
12100,0,700,"sd","14:18:26",8829800
12100,0,300,"sd","14:18:26",8829100
12100,0,200,"sd","14:18:26",8828800
12100,0,400,"sd","14:18:26",8828600
12100,0,5000,"sd","14:18:26",8828200
12100,0,2000,"sd","14:18:26",8823200
12100,0,7200,"sd","14:18:26",8821200
12100,0,2800,"sd","14:18:14",8814000
12100,0,5000,"sd","14:18:14",8811200
12100,0,2200,"sd","14:18:14",8806200
12100,0,100,"sd","14:18:13",8804000
12100,0,200,"sd","14:18:07",8803900
12100,0,2200,"sd","14:17:36",8803700
12100,0,100,"sd","14:17:36",8801500
12150,50,100,"bu","14:17:34",8801400
12100,0,1300,"bu","14:17:18",8801300
12100,0,1600,"bu","14:17:17",8800000
12100,0,400,"bu","14:17:17",8798400
12100,0,1900,"bu","14:17:15",8798000
12100,0,3100,"bu","14:17:15",8796100
12100,0,2000,"bu","14:17:04",8793000
12100,0,2000,"bu","14:17:03",8791000
12100,0,500,"bu","14:16:55",8789000
12100,0,600,"bu","14:16:52",8788500
12100,0,1000,"bu","14:16:52",8787900
12100,0,700,"bu","14:16:51",8786900
12100,0,100,"bu","14:16:48",8786200
12100,0,100,"bu","14:16:48",8786100
12100,0,17000,"bu","14:16:48",8786000
12100,0,1000,"bu","14:16:46",8769000
12100,0,6000,"bu","14:16:43",8768000
12100,0,100,"bu","14:16:38",8762000
12100,0,200,"bu","14:16:36",8761900
12100,0,1000,"bu","14:16:29",8761700
12100,0,5000,"bu","14:16:25",8760700
12100,0,10000,"sd","14:16:24",8755700
12100,0,5000,"sd","14:16:24",8745700
12100,0,7000,"sd","14:16:24",8740700
12100,0,2500,"bu","14:16:18",8733700
12100,0,500,"bu","14:16:18",8731200
12100,0,2600,"bu","14:16:15",8730700
12100,0,2000,"sd","14:16:04",8728100
12100,0,100,"sd","14:16:04",8726100
12100,0,5000,"sd","14:16:04",8726000
12100,0,300,"sd","14:16:04",8721000
12100,0,1700,"bu","14:16:00",8720700
12100,0,100,"bu","14:15:58",8719000
12100,0,1400,"bu","14:15:58",8718900
12100,0,100,"bu","14:15:43",8717500
12100,0,100,"bu","14:15:36",8717400
12100,0,1000,"bu","14:15:33",8717300
12100,0,200,"bu","14:15:32",8716300
12100,0,300,"bu","14:15:18",8716100
12100,0,100,"unknown","14:15:16",8715800
12100,0,3300,"sd","14:15:16",8715700
12100,0,300,"bu","14:15:10",8712400
12100,0,1400,"bu","14:15:10",8712100
12100,0,100,"bu","14:15:05",8710700
12100,0,100,"bu","14:15:04",8710600
12100,0,200,"bu","14:15:02",8710500
12100,0,2100,"bu","14:14:57",8710300
12100,0,100,"bu","14:14:57",8708200
12100,0,900,"bu","14:14:57",8708100
12100,0,1000,"bu","14:14:57",8707200
12100,0,200,"bu","14:14:57",8706200
12100,0,600,"bu","14:14:57",8706000
12100,0,100,"bu","14:14:57",8705400
12100,0,4900,"bu","14:14:57",8705300
12100,0,100,"bu","14:14:57",8700400
12100,0,900,"bu","14:14:57",8700300
12100,0,100,"bu","14:14:48",8699400
12100,0,100,"bu","14:14:47",8699300
12100,0,400,"bu","14:13:58",8699200
12100,0,100,"bu","14:13:58",8698800
12100,0,300,"bu","14:13:58",8698700
12100,0,500,"bu","14:13:58",8698400
12100,0,5000,"bu","14:13:57",8697900
12100,0,200,"bu","14:13:47",8692900
12100,0,5000,"bu","14:13:30",8692700
12100,0,100,"bu","14:13:22",8687700
12100,0,4200,"bu","14:13:16",8687600
12050,-50,1600,"sd","14:13:02",8683400
12050,-50,1400,"sd","14:13:02",8681800
12100,0,3600,"sd","14:13:02",8680400
12100,0,3400,"sd","14:13:02",8676800
12100,0,100,"sd","14:13:00",8673400
12100,0,1500,"sd","14:13:00",8673300
12100,0,6700,"sd","14:13:00",8671800
12100,0,1300,"bu","14:12:52",8665100
12100,0,1000,"bu","14:12:52",8663800
12100,0,1000,"bu","14:12:52",8662800
12100,0,2000,"bu","14:12:40",8661800
12100,0,700,"bu","14:12:31",8659800
12100,0,300,"bu","14:12:31",8659100
12100,0,1000,"bu","14:12:28",8658800
12100,0,100,"sd","14:12:21",8657800
12100,0,100,"sd","14:12:21",8657700
12100,0,900,"sd","14:12:21",8657600
12100,0,1000,"sd","14:12:21",8656700
12100,0,100,"sd","14:12:03",8655700
12100,0,100,"sd","14:12:03",8655600
12100,0,2800,"sd","14:12:03",8655500
12100,0,200,"sd","14:12:03",8652700
12100,0,900,"sd","14:12:03",8652500
12100,0,100,"sd","14:11:58",8651600
12100,0,1000,"sd","14:11:52",8651500
12100,0,500,"sd","14:11:52",8650500
12100,0,1500,"sd","14:11:52",8650000
12100,0,700,"sd","14:11:44",8648500
12100,0,2000,"sd","14:11:39",8647800
12100,0,200,"sd","14:11:34",8645800
12100,0,100,"sd","14:11:28",8645600
12100,0,500,"sd","14:11:25",8645500
12100,0,500,"sd","14:11:14",8645000
12100,0,100,"sd","14:11:10",8644500
12100,0,300,"sd","14:11:08",8644400
12100,0,4100,"sd","14:11:06",8644100
12100,0,500,"sd","14:11:06",8640000
12100,0,100,"sd","14:11:06",8639500
12100,0,300,"sd","14:11:06",8639400
12100,0,500,"sd","14:11:02",8639100
12100,0,1200,"sd","14:10:57",8638600
12100,0,500,"sd","14:10:57",8637400
12100,0,1000,"sd","14:10:57",8636900
12100,0,300,"sd","14:10:57",8635900
12100,0,1500,"sd","14:10:57",8635600
12100,0,2000,"sd","14:10:57",8634100
12100,0,5000,"sd","14:10:57",8632100
12100,0,500,"sd","14:10:57",8627100
12100,0,1000,"sd","14:10:57",8626600
12100,0,1000,"sd","14:10:57",8625600
12100,0,1000,"sd","14:10:56",8624600
12100,0,10000,"sd","14:10:56",8623600
12100,0,300,"sd","14:10:56",8613600
12100,0,300,"sd","14:10:56",8613300
12100,0,22400,"sd","14:10:56",8613000
12100,0,2600,"sd","14:10:37",8590600
12150,50,1000,"sd","14:10:36",8588000
12150,50,400,"sd","14:10:36",8587000
12150,50,200,"sd","14:10:36",8586600
12150,50,1000,"sd","14:10:36",8586400
12150,50,1000,"sd","14:10:36",8585400
12150,50,500,"sd","14:10:36",8584400
12150,50,5000,"sd","14:10:36",8583900
12150,50,3600,"sd","14:10:36",8578900
12150,50,6400,"sd","14:10:34",8575300
12150,50,600,"sd","14:10:34",8568900
12150,50,400,"sd","14:10:31",8568300
12150,50,300,"sd","14:10:31",8567900
12150,50,100,"sd","14:10:25",8567600
12150,50,4600,"sd","14:10:23",8567500
12150,50,400,"sd","14:10:23",8562900
12150,50,600,"sd","14:10:19",8562500
12150,50,1000,"sd","14:10:19",8561900
12150,50,2000,"sd","14:10:19",8560900
12150,50,100,"sd","14:10:19",8558900
12150,50,6300,"sd","14:10:19",8558800
12150,50,2500,"sd","14:10:14",8552500
12150,50,2000,"sd","14:10:14",8550000
12150,50,500,"sd","14:10:14",8548000
12150,50,500,"sd","14:10:11",8547500
12150,50,400,"sd","14:09:50",8547000
12150,50,300,"sd","14:09:48",8546600
12200,100,500,"bu","14:09:34",8546300
12200,100,200,"bu","14:09:24",8545800
12200,100,2000,"bu","14:09:22",8545600
12200,100,100,"bu","14:09:22",8543600
12200,100,200,"bu","14:09:22",8543500
12200,100,500,"bu","14:09:22",8543300
12200,100,1000,"bu","14:09:22",8542800
12200,100,300,"bu","14:09:22",8541800
12200,100,900,"bu","14:09:22",8541500
12200,100,4100,"bu","14:09:21",8540600
12200,100,900,"bu","14:09:21",8536500
12200,100,100,"bu","14:08:05",8535600
12150,50,200,"sd","14:08:03",8535500
12150,50,5000,"bu","14:07:32",8535300
12150,50,200,"bu","14:07:32",8530300
12150,50,100,"bu","14:07:32",8530100
12150,50,100,"bu","14:07:32",8530000
12150,50,2700,"bu","14:07:32",8529900
12150,50,5000,"bu","14:07:30",8527200
12150,50,200,"bu","14:07:29",8522200
12150,50,600,"bu","14:07:29",8522000
12150,50,3200,"bu","14:07:26",8521400
12150,50,1000,"bu","14:07:25",8518200
12150,50,2700,"bu","14:07:21",8517200
12150,50,4500,"bu","14:07:17",8514500
12150,50,500,"bu","14:07:17",8510000
12150,50,100,"bu","14:07:17",8509500
12150,50,600,"bu","14:07:17",8509400
12150,50,4300,"bu","14:07:17",8508800
12150,50,900,"bu","14:07:17",8504500
12150,50,600,"bu","14:07:17",8503600
12150,50,500,"bu","14:07:17",8503000
12150,50,1000,"bu","14:07:17",8502500
12150,50,500,"bu","14:07:12",8501500
12150,50,400,"bu","14:07:12",8501000
12150,50,100,"bu","14:07:12",8500600
12150,50,900,"bu","14:07:11",8500500
12150,50,500,"bu","14:07:11",8499600
12150,50,300,"bu","14:07:11",8499100
12150,50,900,"bu","14:07:11",8498800
12150,50,200,"bu","14:07:11",8497900
12150,50,1000,"bu","14:07:11",8497700
12150,50,200,"bu","14:07:11",8496700
12150,50,1800,"bu","14:06:54",8496500
12150,50,200,"bu","14:06:54",8494700
12150,50,300,"bu","14:06:47",8494500
12150,50,9700,"bu","14:06:47",8494200
12150,50,100,"bu","14:06:29",8484500
12100,0,500,"sd","14:05:50",8484400
12100,0,9000,"sd","14:05:36",8483900
12100,0,500,"sd","14:05:30",8474900
12100,0,500,"bu","14:05:28",8474400
12100,0,100,"bu","14:05:28",8473900
12100,0,600,"bu","14:05:28",8473800
12100,0,31800,"bu","14:05:28",8473200
12100,0,1000,"bu","14:05:23",8441400
12100,0,500,"bu","14:05:23",8440400
12100,0,1700,"bu","14:05:23",8439900
12100,0,1000,"bu","14:05:23",8438200
12100,0,800,"bu","14:05:23",8437200
12100,0,1000,"bu","14:05:23",8436400
12100,0,500,"bu","14:05:23",8435400
12100,0,100,"bu","14:05:16",8434900
12100,0,1000,"bu","14:05:09",8434800
12100,0,300,"bu","14:05:08",8433800
12100,0,500,"bu","14:05:08",8433500
12100,0,900,"bu","14:05:08",8433000
12100,0,1000,"bu","14:05:08",8432100
12100,0,400,"bu","14:05:08",8431100
12100,0,1900,"bu","14:05:08",8430700
12100,0,300,"bu","14:05:08",8428800
12100,0,1100,"bu","14:05:08",8428500
12100,0,200,"bu","14:05:08",8427400
12100,0,500,"bu","14:05:08",8427200
12100,0,600,"bu","14:05:08",8426700
12100,0,2000,"bu","14:05:08",8426100
12100,0,5000,"bu","14:05:08",8424100
12100,0,1000,"bu","14:05:08",8419100
12100,0,1500,"bu","14:05:08",8418100
12100,0,100,"bu","14:05:08",8416600
12100,0,100,"bu","14:05:08",8416500
12100,0,100,"bu","14:05:08",8416400
12100,0,4000,"bu","14:05:08",8416300
12100,0,700,"bu","14:05:08",8412300
12100,0,1000,"bu","14:05:08",8411600
12100,0,6800,"bu","14:05:08",8410600
12100,0,1000,"bu","14:05:04",8403800
12050,-50,1000,"sd","14:05:02",8402800
12100,0,1000,"bu","14:04:52",8401800
12050,-50,8600,"sd","14:04:48",8400800
12050,-50,500,"sd","14:04:48",8392200
12050,-50,900,"sd","14:04:48",8391700
12100,0,1200,"bu","14:04:42",8390800
12100,0,800,"bu","14:04:42",8389600
12100,0,100,"bu","14:04:39",8388800
12100,0,500,"bu","14:04:37",8388700
12050,-50,100,"sd","14:04:36",8388200
12100,0,600,"bu","14:04:29",8388100
12100,0,700,"bu","14:04:29",8387500
12100,0,700,"bu","14:04:29",8386800
12100,0,9300,"bu","14:04:25",8386100
12100,0,700,"bu","14:04:25",8376800
12100,0,5000,"bu","14:04:25",8376100
12100,0,7000,"bu","14:04:25",8371100
12100,0,4800,"bu","14:04:20",8364100
12050,-50,5400,"sd","14:04:19",8359300
12050,-50,100,"sd","14:04:19",8353900
12050,-50,200,"sd","14:04:19",8353800
12050,-50,300,"sd","14:04:19",8353600
12050,-50,5500,"sd","14:04:19",8353300
12050,-50,500,"sd","14:04:19",8347800
12050,-50,5000,"sd","14:04:19",8347300
12050,-50,300,"sd","14:04:19",8342300
12050,-50,600,"sd","14:04:16",8342000
12050,-50,400,"sd","14:04:09",8341400
12050,-50,600,"sd","14:04:09",8341000
12050,-50,400,"sd","14:04:05",8340400
12050,-50,200,"sd","14:04:05",8340000
12050,-50,500,"sd","14:04:01",8339800
12100,0,200,"bu","14:03:56",8339300
12100,0,400,"bu","14:03:56",8339100
12100,0,600,"bu","14:03:39",8338700
12050,-50,100,"sd","14:03:30",8338100
12050,-50,200,"sd","14:03:30",8338000
12050,-50,3300,"sd","14:03:30",8337800
12050,-50,1000,"sd","14:03:29",8334500
12100,0,2000,"bu","14:03:27",8333500
12050,-50,200,"sd","14:03:26",8331500
12050,-50,500,"sd","14:03:26",8331300
12050,-50,1000,"sd","14:03:26",8330800
12050,-50,300,"sd","14:03:18",8329800
12050,-50,700,"sd","14:02:55",8329500
12100,0,2000,"sd","14:02:05",8328800
12100,0,1000,"sd","14:01:56",8326800
12100,0,100,"sd","14:01:56",8325800
12100,0,400,"sd","14:01:56",8325700
12100,0,200,"sd","14:01:56",8325300
12100,0,300,"sd","14:01:56",8325100
12100,0,13000,"sd","14:01:56",8324800
12100,0,10000,"sd","14:01:54",8311800
12100,0,2000,"sd","14:01:46",8301800
12100,0,400,"sd","14:01:27",8299800
12100,0,1500,"sd","14:01:19",8299400
12100,0,1000,"sd","14:01:11",8297900
12100,0,300,"sd","14:01:04",8296900
12100,0,1800,"sd","14:01:03",8296600
12100,0,1000,"sd","14:01:02",8294800
12100,0,200,"sd","14:01:02",8293800
12100,0,3000,"sd","14:00:50",8293600
12100,0,1000,"sd","14:00:42",8290600
12100,0,1000,"sd","14:00:38",8289600
12100,0,1000,"sd","14:00:38",8288600
12100,0,3800,"sd","14:00:31",8287600
12100,0,1000,"sd","14:00:31",8283800
12100,0,1000,"sd","14:00:31",8282800
12100,0,500,"sd","14:00:31",8281800
12100,0,1000,"sd","14:00:31",8281300
12100,0,3000,"sd","14:00:31",8280300
12100,0,3000,"sd","14:00:31",8277300
12100,0,1000,"sd","14:00:31",8274300
12100,0,200,"sd","14:00:31",8273300
12100,0,500,"sd","14:00:31",8273100
12100,0,1000,"sd","14:00:29",8272600
12100,0,200,"sd","14:00:29",8271600
12100,0,300,"sd","14:00:29",8271400
12100,0,100,"sd","14:00:29",8271100
12100,0,3400,"sd","14:00:29",8271000
12100,0,1000,"sd","14:00:29",8267600
12100,0,15000,"sd","14:00:21",8266600
12100,0,600,"sd","14:00:20",8251600
12100,0,500,"sd","14:00:20",8251000
12100,0,7800,"sd","14:00:20",8250500
12100,0,500,"sd","14:00:20",8242700
12150,50,2000,"bu","14:00:19",8242200
12100,0,1300,"sd","14:00:11",8240200
12100,0,500,"sd","13:59:57",8238900
12150,50,100,"bu","13:59:52",8238400
12150,50,500,"bu","13:59:44",8238300
12150,50,7600,"bu","13:59:13",8237800
12150,50,22400,"bu","13:59:13",8230200
12150,50,700,"bu","13:59:10",8207800
12150,50,100,"bu","13:58:56",8207100
12100,0,2000,"sd","13:58:43",8207000
12150,50,500,"bu","13:58:37",8205000
12100,0,100,"sd","13:58:33",8204500
12150,50,100,"bu","13:58:25",8204400
12150,50,100,"bu","13:58:25",8204300
12150,50,300,"bu","13:58:25",8204200
12150,50,500,"bu","13:58:25",8203900
12150,50,2000,"bu","13:58:25",8203400
12150,50,100,"unknown","13:58:25",8201400
12150,50,1800,"sd","13:58:25",8201300
12150,50,200,"sd","13:58:20",8199500
12150,50,100,"sd","13:58:20",8199300
12150,50,800,"sd","13:58:08",8199200
12150,50,4200,"sd","13:58:08",8198400
12150,50,200,"sd","13:58:04",8194200
12200,100,100,"bu","13:57:59",8194000
12150,50,3800,"sd","13:57:58",8193900
12150,50,1200,"sd","13:57:58",8190100
12150,50,800,"sd","13:57:48",8188900
12150,50,400,"sd","13:57:48",8188100
12150,50,200,"sd","13:57:48",8187700
12150,50,1200,"sd","13:57:48",8187500
12200,100,300,"bu","13:57:43",8186300
12150,50,300,"sd","13:57:31",8186000
12150,50,500,"sd","13:57:20",8185700
12150,50,100,"sd","13:57:20",8185200
12150,50,200,"sd","13:57:20",8185100
12200,100,200,"bu","13:57:04",8184900
12200,100,300,"bu","13:57:00",8184700
12200,100,500,"bu","13:56:55",8184400
12150,50,100,"sd","13:56:55",8183900
12200,100,2000,"bu","13:56:51",8183800
12150,50,700,"sd","13:56:50",8181800
12150,50,1000,"sd","13:56:50",8181100
12150,50,1200,"sd","13:56:50",8180100
12150,50,100,"sd","13:56:50",8178900
12150,50,400,"sd","13:56:50",8178800
12150,50,1200,"sd","13:56:50",8178400
12200,100,400,"bu","13:56:50",8177200
12150,50,8800,"sd","13:56:48",8176800
12200,100,400,"bu","13:56:34",8168000
12150,50,200,"sd","13:55:53",8167600
12150,50,100,"bu","13:55:53",8167400
12150,50,500,"bu","13:55:53",8167300
12150,50,500,"bu","13:55:53",8166800
12150,50,400,"bu","13:55:53",8166300
12150,50,5000,"bu","13:55:53",8165900
12150,50,500,"bu","13:55:53",8160900
12150,50,100,"bu","13:55:53",8160400
12150,50,600,"bu","13:55:53",8160300
12150,50,300,"bu","13:55:52",8159700
12100,0,200,"sd","13:55:46",8159400
12150,50,100,"bu","13:55:35",8159200
12150,50,100,"bu","13:55:35",8159100
12100,0,3100,"sd","13:55:26",8159000
12100,0,400,"sd","13:55:26",8155900
12100,0,300,"sd","13:55:26",8155500
12100,0,3800,"sd","13:55:26",8155200
12100,0,200,"bu","13:55:25",8151400
12100,0,200,"bu","13:55:24",8151200
12100,0,100,"bu","13:55:24",8151000
12100,0,100,"bu","13:55:24",8150900
12100,0,400,"bu","13:55:24",8150800
12100,0,200,"bu","13:55:24",8150400
12100,0,400,"bu","13:55:24",8150200
12100,0,400,"bu","13:55:23",8149800
12100,0,600,"bu","13:55:23",8149400
12100,0,600,"bu","13:55:21",8148800
12100,0,5000,"bu","13:55:18",8148200
12100,0,1000,"bu","13:55:17",8143200
12100,0,1000,"bu","13:55:09",8142200
12100,0,500,"bu","13:55:09",8141200
12100,0,5000,"bu","13:55:06",8140700
12100,0,6300,"bu","13:54:57",8135700
12100,0,3000,"bu","13:54:57",8129400
12100,0,700,"bu","13:54:57",8126400
12100,0,1300,"bu","13:54:50",8125700
12100,0,500,"bu","13:54:50",8124400
12100,0,200,"bu","13:54:50",8123900
12050,-50,500,"bu","13:54:47",8123700
12050,-50,400,"bu","13:54:47",8123200
12050,-50,100,"bu","13:54:46",8122800
12050,-50,400,"bu","13:54:46",8122700
12050,-50,1000,"bu","13:54:46",8122300
12050,-50,1000,"bu","13:54:45",8121300
12050,-50,500,"bu","13:54:45",8120300
12050,-50,100,"bu","13:54:43",8119800
12050,-50,200,"bu","13:54:43",8119700
12050,-50,5100,"bu","13:54:43",8119500
12050,-50,1700,"bu","13:54:41",8114400
12050,-50,1300,"bu","13:54:41",8112700
12050,-50,5000,"bu","13:54:39",8111400
12050,-50,500,"bu","13:54:39",8106400
12050,-50,100,"bu","13:54:39",8105900
12050,-50,3100,"bu","13:54:38",8105800
12050,-50,500,"bu","13:54:38",8102700
12050,-50,1400,"bu","13:54:38",8102200
12050,-50,2600,"bu","13:54:38",8100800
12050,-50,500,"bu","13:54:38",8098200
12050,-50,100,"bu","13:54:38",8097700
12050,-50,1800,"bu","13:54:38",8097600
12050,-50,7200,"bu","13:54:36",8095800
12050,-50,1000,"bu","13:54:30",8088600
12050,-50,300,"bu","13:54:30",8087600
12050,-50,500,"bu","13:54:28",8087300
12050,-50,3000,"bu","13:54:24",8086800
12050,-50,3100,"bu","13:54:24",8083800
12050,-50,100,"bu","13:54:24",8080700
12050,-50,100,"bu","13:54:24",8080600
12050,-50,1700,"bu","13:54:24",8080500
12050,-50,3300,"bu","13:54:07",8078800
12050,-50,6700,"bu","13:54:07",8075500
12050,-50,1100,"bu","13:54:06",8068800
12050,-50,3900,"bu","13:54:06",8067700
12000,-100,300,"sd","13:54:05",8063800
12000,-100,1500,"sd","13:54:02",8063500
12050,-50,300,"bu","13:54:01",8062000
12000,-100,1000,"sd","13:53:59",8061700
12000,-100,100,"sd","13:53:58",8060700
12000,-100,10000,"sd","13:53:54",8060600
12000,-100,2000,"sd","13:53:51",8050600
12000,-100,3000,"sd","13:53:49",8048600
12000,-100,2000,"sd","13:53:47",8045600
12000,-100,12000,"sd","13:53:46",8043600
12000,-100,4400,"sd","13:53:46",8031600
12000,-100,2000,"sd","13:53:44",8027200
12000,-100,3000,"sd","13:53:40",8025200
12000,-100,1000,"sd","13:53:38",8022200
12000,-100,600,"sd","13:53:37",8021200
12000,-100,300,"sd","13:53:37",8020600
12000,-100,1000,"sd","13:53:37",8020300
12050,-50,100,"bu","13:53:36",8019300
12000,-100,800,"sd","13:53:35",8019200
12000,-100,200,"sd","13:53:35",8018400
12000,-100,1200,"sd","13:53:35",8018200
12000,-100,8400,"sd","13:53:32",8017000
12000,-100,2000,"sd","13:53:28",8008600
12000,-100,3700,"sd","13:53:27",8006600
12000,-100,300,"sd","13:53:27",8002900
12000,-100,400,"sd","13:53:25",8002600
12000,-100,100000,"sd","13:53:24",8002200
12000,-100,200,"sd","13:53:23",7902200
12000,-100,20000,"sd","13:53:14",7902000
12000,-100,100,"sd","13:53:14",7882000
12000,-100,2500,"sd","13:53:12",7881900
12000,-100,5000,"sd","13:53:11",7879400
12000,-100,500,"sd","13:53:10",7874400
12000,-100,500,"sd","13:53:08",7873900
12050,-50,1300,"bu","13:53:06",7873400
12050,-50,2000,"bu","13:53:05",7872100
12050,-50,200,"bu","13:53:04",7870100
12000,-100,20000,"sd","13:53:01",7869900
12000,-100,100,"sd","13:53:01",7849900
12000,-100,300,"sd","13:53:01",7849800
12000,-100,1000,"sd","13:53:01",7849500
12000,-100,200,"sd","13:53:01",7848500
12000,-100,600,"sd","13:53:01",7848300
12000,-100,100,"sd","13:53:01",7847700
12000,-100,10000,"sd","13:53:01",7847600
12000,-100,100,"sd","13:53:01",7837600
12000,-100,500,"sd","13:53:01",7837500
12000,-100,100,"sd","13:53:01",7837000
12000,-100,1000,"sd","13:53:01",7836900
12000,-100,1000,"sd","13:53:01",7835900
12000,-100,1200,"sd","13:53:01",7834900
12000,-100,1900,"sd","13:53:01",7833700
12000,-100,1000,"sd","13:53:01",7831800
12000,-100,285900,"sd","13:53:01",7830800
12000,-100,1500,"sd","13:53:01",7544900
12000,-100,200,"sd","13:53:01",7543400
12000,-100,5000,"sd","13:53:01",7543200
12000,-100,3000,"sd","13:53:01",7538200
12000,-100,200,"sd","13:53:01",7535200
12000,-100,200,"sd","13:53:01",7535000
12000,-100,300,"sd","13:53:01",7534800
12000,-100,2000,"sd","13:53:01",7534500
12000,-100,500,"sd","13:53:01",7532500
12000,-100,7500,"sd","13:53:01",7532000
12000,-100,100,"sd","13:53:01",7524500
12000,-100,200,"sd","13:53:01",7524400
12000,-100,200,"sd","13:53:01",7524200
12000,-100,1500,"sd","13:53:01",7524000
12000,-100,1000,"sd","13:53:01",7522500
12000,-100,5000,"sd","13:53:01",7521500
12000,-100,1000,"sd","13:53:01",7516500
12000,-100,600,"sd","13:53:01",7515500
12000,-100,5000,"sd","13:53:01",7514900
12000,-100,100,"sd","13:53:01",7509900
12050,-50,1700,"bu","13:52:59",7509800
12050,-50,1000,"bu","13:52:51",7508100
12050,-50,300,"bu","13:52:51",7507100
12000,-100,1000,"sd","13:52:48",7506800
12000,-100,500,"sd","13:52:47",7505800
12050,-50,1000,"bu","13:52:47",7505300
12000,-100,1000,"sd","13:52:47",7504300
12000,-100,5000,"sd","13:52:46",7503300
12050,-50,2000,"bu","13:52:45",7498300
12050,-50,2000,"bu","13:52:37",7496300
12000,-100,400,"sd","13:52:36",7494300
12050,-50,4200,"bu","13:52:35",7493900
12050,-50,500,"bu","13:52:35",7489700
12050,-50,1000,"bu","13:52:35",7489200
12050,-50,500,"bu","13:52:35",7488200
12050,-50,12200,"bu","13:52:35",7487700
12050,-50,600,"bu","13:52:34",7475500
12050,-50,1000,"bu","13:52:34",7474900
12000,-100,500,"sd","13:52:30",7473900
12000,-100,1000,"sd","13:52:30",7473400
12000,-100,2500,"sd","13:52:30",7472400
12050,-50,1000,"bu","13:52:24",7469900
12050,-50,1000,"bu","13:52:23",7468900
12050,-50,1000,"bu","13:52:20",7467900
12050,-50,500,"bu","13:52:18",7466900
12000,-100,300,"sd","13:52:17",7466400
12000,-100,1000,"sd","13:52:17",7466100
12000,-100,1000,"sd","13:52:15",7465100
12000,-100,4800,"sd","13:52:09",7464100
12000,-100,200,"sd","13:52:09",7459300
12000,-100,1000,"sd","13:52:06",7459100
12000,-100,2200,"sd","13:52:01",7458100
12000,-100,1000,"sd","13:52:01",7455900
12000,-100,10000,"sd","13:52:01",7454900
12000,-100,6800,"sd","13:52:01",7444900
12000,-100,1000,"sd","13:52:01",7438100
12000,-100,100,"sd","13:52:01",7437100
12000,-100,1000,"sd","13:51:58",7437000
12000,-100,1000,"sd","13:51:56",7436000
12000,-100,900,"sd","13:51:52",7435000
12000,-100,100,"sd","13:51:50",7434100
12000,-100,5700,"sd","13:51:40",7434000
12000,-100,1500,"sd","13:51:36",7428300
12000,-100,1900,"sd","13:51:33",7426800
12000,-100,500,"sd","13:51:33",7424900
12000,-100,5000,"sd","13:51:33",7424400
12000,-100,2600,"sd","13:51:33",7419400
12000,-100,300,"sd","13:51:33",7416800
12000,-100,100,"sd","13:51:26",7416500
12000,-100,400,"sd","13:51:26",7416400
12000,-100,1000,"sd","13:51:26",7416000
12000,-100,500,"sd","13:51:24",7415000
12000,-100,300,"sd","13:51:22",7414500
12000,-100,1100,"sd","13:51:20",7414200
12000,-100,10000,"sd","13:51:09",7413100
12050,-50,2000,"bu","13:51:07",7403100
12000,-100,6700,"sd","13:51:06",7401100
12000,-100,1000,"sd","13:51:06",7394400
12000,-100,1700,"sd","13:51:06",7393400
12000,-100,300,"sd","13:51:06",7391700
12000,-100,100,"sd","13:51:06",7391400
12000,-100,500,"sd","13:51:06",7391300
12000,-100,3000,"sd","13:51:06",7390800
12000,-100,1000,"sd","13:51:06",7387800
12000,-100,500,"sd","13:51:06",7386800
12000,-100,300,"sd","13:51:06",7386300
12000,-100,3000,"sd","13:51:06",7386000
12000,-100,1000,"sd","13:51:06",7383000
12000,-100,900,"sd","13:51:06",7382000
12000,-100,100,"sd","13:51:05",7381100
12000,-100,500,"sd","13:51:05",7381000
12000,-100,100,"sd","13:51:05",7380500
12000,-100,300,"sd","13:51:05",7380400
12000,-100,700,"sd","13:51:03",7380100
12000,-100,300,"sd","13:51:03",7379400
12000,-100,700,"sd","13:51:03",7379100
12000,-100,100,"sd","13:51:03",7378400
12000,-100,5000,"sd","13:51:03",7378300
12000,-100,5000,"sd","13:51:03",7373300
12000,-100,1000,"sd","13:51:03",7368300
12000,-100,100,"sd","13:51:03",7367300
12000,-100,1000,"sd","13:51:03",7367200
12000,-100,7100,"sd","13:51:03",7366200
12000,-100,100,"sd","13:51:02",7359100
12000,-100,1000,"sd","13:50:57",7359000
12050,-50,3500,"bu","13:50:56",7358000
12050,-50,1500,"bu","13:50:56",7354500
12000,-100,1800,"sd","13:50:47",7353000
12000,-100,200,"sd","13:50:47",7351200
12000,-100,1000,"sd","13:50:47",7351000
12000,-100,1000,"sd","13:50:47",7350000
12000,-100,3000,"sd","13:50:46",7349000
12000,-100,100,"sd","13:50:45",7346000
12050,-50,200,"bu","13:50:45",7345900
12000,-100,900,"sd","13:50:38",7345700
12000,-100,100,"sd","13:50:38",7344800
12000,-100,100,"sd","13:50:35",7344700
12050,-50,400,"bu","13:50:31",7344600
12050,-50,2900,"bu","13:50:30",7344200
12050,-50,900,"bu","13:50:30",7341300
12050,-50,2000,"bu","13:50:30",7340400
12050,-50,3700,"bu","13:50:30",7338400
12050,-50,500,"bu","13:50:28",7334700
12050,-50,100,"bu","13:50:22",7334200
12000,-100,500,"sd","13:50:20",7334100
12000,-100,200,"sd","13:50:20",7333600
12000,-100,100,"sd","13:50:20",7333400
12050,-50,1200,"sd","13:50:20",7333300
12050,-50,1500,"sd","13:50:19",7332100
12050,-50,300,"sd","13:50:18",7330600
12050,-50,1700,"sd","13:50:18",7330300
12050,-50,2800,"sd","13:50:17",7328600
12050,-50,3000,"sd","13:50:16",7325800
12050,-50,2500,"sd","13:50:15",7322800
12050,-50,10000,"sd","13:50:15",7320300
12050,-50,1000,"sd","13:50:15",7310300
12050,-50,200,"sd","13:50:15",7309300
12050,-50,200,"sd","13:50:15",7309100
12050,-50,1100,"sd","13:50:15",7308900
12050,-50,300,"sd","13:50:14",7307800
12050,-50,400,"sd","13:50:09",7307500
12050,-50,1500,"sd","13:50:09",7307100
12050,-50,900,"sd","13:50:05",7305600
12050,-50,1000,"sd","13:50:01",7304700
12050,-50,5000,"sd","13:50:01",7303700
12050,-50,8000,"sd","13:50:01",7298700
12050,-50,20000,"sd","13:50:01",7290700
12050,-50,5000,"sd","13:50:01",7270700
12050,-50,5000,"sd","13:50:01",7265700
12050,-50,1000,"sd","13:50:01",7260700
12050,-50,2500,"sd","13:50:01",7259700
12050,-50,1000,"sd","13:50:01",7257200
12050,-50,5800,"sd","13:50:01",7256200
12050,-50,10000,"sd","13:50:01",7250400
12050,-50,1000,"sd","13:50:01",7240400
12050,-50,200,"sd","13:50:01",7239400
12050,-50,100,"sd","13:50:01",7239200
12050,-50,1000,"sd","13:50:01",7239100
12050,-50,1000,"sd","13:50:01",7238100
12050,-50,500,"sd","13:50:01",7237100
12050,-50,500,"sd","13:50:01",7236600
12050,-50,5000,"sd","13:50:01",7236100
12050,-50,500,"sd","13:50:01",7231100
12050,-50,1000,"sd","13:50:01",7230600
12050,-50,5000,"sd","13:50:01",7229600
12050,-50,1000,"sd","13:50:01",7224600
12050,-50,5000,"sd","13:50:01",7223600
12050,-50,5000,"sd","13:50:01",7218600
12050,-50,1000,"sd","13:50:01",7213600
12050,-50,100,"sd","13:50:01",7212600
12050,-50,2000,"sd","13:50:01",7212500
12050,-50,500,"sd","13:50:01",7210500
12050,-50,300,"sd","13:50:01",7210000
12050,-50,5000,"sd","13:50:01",7209700
12050,-50,3000,"sd","13:49:59",7204700
12050,-50,2000,"sd","13:49:55",7201700
12050,-50,700,"sd","13:49:55",7199700
12050,-50,1300,"sd","13:49:55",7199000
12050,-50,8900,"sd","13:49:53",7197700
12050,-50,3000,"sd","13:49:51",7188800
12050,-50,1800,"sd","13:49:50",7185800
12050,-50,400,"sd","13:49:50",7184000
12050,-50,600,"sd","13:49:47",7183600
12050,-50,1000,"sd","13:49:47",7183000
12050,-50,100,"sd","13:49:47",7182000
12050,-50,3300,"sd","13:49:47",7181900
12050,-50,1000,"sd","13:49:43",7178600
12050,-50,700,"sd","13:49:41",7177600
12050,-50,200,"sd","13:49:41",7176900
12050,-50,500,"sd","13:49:41",7176700
12050,-50,100,"sd","13:49:41",7176200
12050,-50,1000,"sd","13:49:34",7176100
12050,-50,3000,"sd","13:49:33",7175100
12050,-50,3000,"sd","13:49:27",7172100
12050,-50,1000,"sd","13:49:25",7169100
12050,-50,900,"sd","13:49:18",7168100
12100,0,100,"bu","13:49:18",7167200
12100,0,100,"bu","13:49:18",7167100
12050,-50,500,"sd","13:49:13",7167000
12050,-50,100,"sd","13:49:13",7166500
12050,-50,1500,"sd","13:49:13",7166400
12050,-50,500,"sd","13:49:13",7164900
12050,-50,500,"sd","13:49:13",7164400
12050,-50,900,"sd","13:49:13",7163900
12050,-50,200,"sd","13:49:13",7163000
12050,-50,5000,"sd","13:49:13",7162800
12050,-50,100,"sd","13:49:13",7157800
12100,0,200,"bu","13:49:10",7157700
12100,0,700,"bu","13:49:08",7157500
12100,0,1300,"bu","13:49:08",7156800
12100,0,1000,"bu","13:49:08",7155500
12100,0,500,"bu","13:49:03",7154500
12100,0,3700,"sd","13:48:52",7154000
12100,0,1300,"sd","13:48:48",7150300
12100,0,200,"sd","13:48:48",7149000
12100,0,100,"sd","13:48:31",7148800
12100,0,100,"sd","13:48:31",7148700
12100,0,5000,"sd","13:48:29",7148600
12100,0,1000,"sd","13:48:28",7143600
12100,0,3800,"sd","13:48:27",7142600
12100,0,500,"sd","13:48:27",7138800
12100,0,700,"sd","13:48:27",7138300
12100,0,300,"sd","13:48:24",7137600
12100,0,2600,"sd","13:48:24",7137300
12100,0,100,"sd","13:48:24",7134700
12100,0,2700,"sd","13:48:23",7134600
12100,0,1500,"sd","13:48:23",7131900
12100,0,5700,"sd","13:48:20",7130400
12100,0,100,"sd","13:48:20",7124700
12100,0,300,"sd","13:48:20",7124600
12100,0,20000,"sd","13:48:20",7124300
12100,0,100,"sd","13:48:20",7104300
12100,0,7500,"sd","13:48:20",7104200
12100,0,100,"sd","13:48:17",7096700
12100,0,200,"sd","13:48:15",7096600
12100,0,2200,"sd","13:48:14",7096400
12100,0,800,"sd","13:48:14",7094200
12100,0,200,"sd","13:48:08",7093400
12100,0,1000,"sd","13:48:08",7093200
12100,0,8800,"sd","13:48:08",7092200
12100,0,1200,"sd","13:48:06",7083400
12100,0,100,"sd","13:48:06",7082200
12100,0,3000,"sd","13:48:06",7082100
12100,0,5500,"sd","13:48:06",7079100
12100,0,200,"sd","13:48:06",7073600
12100,0,800,"sd","13:48:05",7073400
12100,0,500,"sd","13:48:05",7072600
12100,0,700,"sd","13:48:05",7072100
12100,0,1200,"sd","13:48:04",7071400
12100,0,200,"sd","13:48:04",7070200
12100,0,100,"sd","13:48:04",7070000
12100,0,300,"sd","13:48:04",7069900
12100,0,200,"sd","13:48:04",7069600
12100,0,100,"sd","13:48:04",7069400
12100,0,1000,"sd","13:48:04",7069300
12100,0,2000,"sd","13:48:04",7068300
12100,0,5000,"sd","13:48:04",7066300
12100,0,200,"sd","13:48:04",7061300
12100,0,100,"sd","13:48:04",7061100
12100,0,3000,"sd","13:48:04",7061000
12100,0,12000,"sd","13:48:04",7058000
12100,0,5000,"sd","13:48:04",7046000
12100,0,1600,"sd","13:48:04",7041000
12100,0,1000,"sd","13:48:01",7039400
12100,0,7400,"sd","13:47:53",7038400
12100,0,2000,"sd","13:47:52",7031000
12100,0,4000,"sd","13:47:52",7029000
12100,0,1000,"sd","13:47:48",7025000
12100,0,1000,"sd","13:47:44",7024000
12100,0,4000,"sd","13:47:43",7023000
12100,0,4000,"sd","13:47:43",7019000
12100,0,500,"sd","13:47:32",7015000
12100,0,500,"sd","13:47:31",7014500
12100,0,1000,"sd","13:47:31",7014000
12100,0,800,"sd","13:47:31",7013000
12100,0,7700,"sd","13:47:31",7012200
12100,0,500,"sd","13:47:31",7004500
12100,0,200,"sd","13:47:31",7004000
12100,0,500,"sd","13:47:31",7003800
12100,0,1000,"sd","13:47:31",7003300
12100,0,2300,"sd","13:47:31",7002300
12100,0,100,"sd","13:47:31",7000000
12100,0,16000,"sd","13:47:31",6999900
12100,0,500,"sd","13:47:31",6983900
12100,0,5000,"sd","13:47:31",6983400
12100,0,500,"sd","13:47:31",6978400
12100,0,2000,"sd","13:47:31",6977900
12100,0,3000,"sd","13:47:31",6975900
12100,0,6300,"sd","13:47:31",6972900
12100,0,2000,"sd","13:47:31",6966600
12100,0,100,"sd","13:47:31",6964600
12100,0,300,"sd","13:47:26",6964500
12100,0,200,"sd","13:47:19",6964200
12100,0,500,"sd","13:47:19",6964000
12100,0,100,"sd","13:47:19",6963500
12100,0,3700,"sd","13:47:19",6963400
12100,0,500,"sd","13:47:19",6959700
12100,0,200,"sd","13:47:11",6959200
12100,0,800,"sd","13:47:11",6959000
12150,50,900,"sd","13:46:36",6958200
12150,50,100,"sd","13:46:36",6957300
12150,50,5000,"bu","13:46:34",6957200
12150,50,500,"bu","13:46:34",6952200
12150,50,1500,"bu","13:46:34",6951700
12150,50,500,"bu","13:46:29",6950200
12150,50,500,"bu","13:46:29",6949700
12100,0,1000,"sd","13:46:16",6949200
12150,50,300,"sd","13:46:16",6948200
12150,50,1000,"sd","13:46:16",6947900
12150,50,700,"sd","13:46:16",6946900
12150,50,1000,"sd","13:46:15",6946200
12150,50,500,"sd","13:46:05",6945200
12150,50,200,"sd","13:46:05",6944700
12150,50,100,"bu","13:45:52",6944500
12100,0,1000,"sd","13:45:48",6944400
12150,50,100,"bu","13:45:37",6943400
12150,50,900,"bu","13:45:37",6943300
12150,50,1100,"bu","13:45:27",6942400
12150,50,900,"bu","13:45:27",6941300
12150,50,100,"sd","13:45:19",6940400
12150,50,900,"bu","13:45:17",6940300
12150,50,100,"sd","13:45:16",6939400
12150,50,1900,"sd","13:45:14",6939300
12150,50,600,"sd","13:45:14",6937400
12150,50,500,"sd","13:45:14",6936800
12150,50,200,"sd","13:45:14",6936300
12150,50,1300,"sd","13:45:14",6936100
12150,50,500,"sd","13:45:04",6934800
12150,50,1100,"sd","13:44:52",6934300
12150,50,500,"sd","13:44:49",6933200
12150,50,2000,"bu","13:44:27",6932700
12150,50,100,"bu","13:44:27",6930700
12150,50,100,"bu","13:44:27",6930600
12150,50,500,"bu","13:44:27",6930500
12150,50,500,"bu","13:44:27",6930000
12150,50,500,"bu","13:44:27",6929500
12150,50,100,"bu","13:44:27",6929000
12150,50,100,"bu","13:44:23",6928900
12150,50,800,"bu","13:44:20",6928800
12150,50,1200,"bu","13:44:20",6928000
12150,50,700,"bu","13:44:12",6926800
12150,50,300,"bu","13:44:11",6926100
12150,50,200,"bu","13:44:11",6925800
12150,50,500,"bu","13:44:11",6925600
12150,50,1000,"bu","13:44:11",6925100
12150,50,500,"bu","13:44:11",6924100
12100,0,300,"sd","13:44:06",6923600
12150,50,1000,"bu","13:44:03",6923300
12150,50,4000,"bu","13:44:01",6922300
12150,50,1500,"bu","13:44:00",6918300
12150,50,500,"bu","13:44:00",6916800
12150,50,100,"bu","13:43:59",6916300
12150,50,400,"bu","13:43:59",6916200
12150,50,1600,"bu","13:43:59",6915800
12150,50,1000,"bu","13:43:50",6914200
12150,50,7400,"bu","13:43:43",6913200
12150,50,1600,"bu","13:43:43",6905800
12150,50,400,"bu","13:43:42",6904200
12150,50,2000,"bu","13:43:38",6903800
12150,50,500,"bu","13:43:38",6901800
12150,50,4000,"bu","13:43:38",6901300
12150,50,400,"bu","13:43:38",6897300
12150,50,5000,"bu","13:43:38",6896900
12150,50,8100,"bu","13:43:38",6891900
12150,50,100,"bu","13:43:11",6883800
12150,50,100,"bu","13:43:02",6883700
12150,50,15000,"bu","13:43:02",6883600
12150,50,1000,"bu","13:43:02",6868600
12150,50,200,"bu","13:42:59",6867600
12150,50,400,"bu","13:42:43",6867400
12150,50,200,"bu","13:42:40",6867000
12150,50,300,"bu","13:42:40",6866800
12150,50,100,"bu","13:42:09",6866500
12150,50,100,"sd","13:42:06",6866400
12150,50,5000,"sd","13:42:06",6866300
12150,50,300,"sd","13:42:06",6861300
12150,50,2000,"sd","13:42:06",6861000
12150,50,2000,"sd","13:42:06",6859000
12150,50,4500,"sd","13:42:06",6857000
12150,50,8500,"sd","13:42:06",6852500
12150,50,2000,"sd","13:42:06",6844000
12150,50,100,"sd","13:42:06",6842000
12200,100,2000,"bu","13:42:04",6841900
12150,50,4100,"sd","13:41:58",6839900
12150,50,15000,"sd","13:41:56",6835800
12150,50,2400,"sd","13:41:50",6820800
12150,50,1000,"sd","13:41:30",6818400
12150,50,400,"sd","13:41:13",6817400
12150,50,4700,"sd","13:41:12",6817000
12150,50,3300,"sd","13:41:12",6812300
12150,50,1000,"sd","13:41:12",6809000
12150,50,1000,"sd","13:41:12",6808000
12150,50,6000,"sd","13:41:11",6807000
12150,50,2000,"sd","13:40:59",6801000
12150,50,5000,"sd","13:40:56",6799000
12150,50,500,"sd","13:40:31",6794000
12150,50,3500,"sd","13:40:26",6793500
12150,50,1200,"sd","13:40:22",6790000
12150,50,400,"sd","13:40:14",6788800
12150,50,600,"sd","13:40:11",6788400
12150,50,1000,"bu","13:40:10",6787800
12150,50,4000,"bu","13:40:10",6786800
12150,50,100,"bu","13:40:10",6782800
12150,50,5800,"bu","13:40:10",6782700
12100,0,800,"sd","13:39:56",6776900
12100,0,600,"sd","13:39:52",6776100
12150,50,1900,"bu","13:39:51",6775500
12150,50,5000,"bu","13:39:51",6773600
12150,50,500,"bu","13:39:51",6768600
12150,50,6600,"bu","13:39:51",6768100
12150,50,400,"bu","13:39:50",6761500
12150,50,100,"bu","13:39:50",6761100
12100,0,2100,"sd","13:39:48",6761000
12150,50,1500,"bu","13:39:45",6758900
12100,0,1400,"sd","13:39:37",6757400
12100,0,1000,"sd","13:39:37",6756000
12100,0,400,"sd","13:39:37",6755000
12100,0,300,"sd","13:39:37",6754600
12150,50,600,"sd","13:39:04",6754300
12150,50,500,"sd","13:39:04",6753700
12150,50,500,"sd","13:39:04",6753200
12150,50,100,"sd","13:39:04",6752700
12150,50,200,"sd","13:39:04",6752600
12150,50,100,"sd","13:39:04",6752400
12150,50,200,"sd","13:39:04",6752300
12150,50,2000,"sd","13:39:04",6752100
12150,50,1700,"sd","13:39:04",6750100
12150,50,12500,"sd","13:39:04",6748400
12150,50,2500,"sd","13:38:59",6735900
12150,50,500,"sd","13:38:59",6733400
12150,50,1000,"sd","13:38:59",6732900
12150,50,800,"sd","13:38:59",6731900
12150,50,100,"sd","13:38:59",6731100
12150,50,1200,"sd","13:38:59",6731000
12150,50,1000,"sd","13:38:59",6729800
12150,50,300,"sd","13:38:59",6728800
12150,50,7600,"sd","13:38:59",6728500
12150,50,10000,"sd","13:38:52",6720900
12150,50,200,"sd","13:38:45",6710900
12150,50,2000,"sd","13:38:41",6710700
12150,50,2000,"sd","13:38:39",6708700
12150,50,8200,"sd","13:38:38",6706700
12150,50,1800,"sd","13:38:38",6698500
12200,100,3800,"bu","13:38:37",6696700
12200,100,1000,"bu","13:38:37",6692900
12200,100,5200,"bu","13:38:37",6691900
12150,50,10000,"sd","13:38:34",6686700
12150,50,4000,"sd","13:38:32",6676700
12150,50,1500,"sd","13:38:17",6672700
12150,50,2700,"sd","13:38:02",6671200
12150,50,2300,"sd","13:38:02",6668500
12150,50,5000,"sd","13:37:53",6666200
12150,50,200,"sd","13:37:51",6661200
12150,50,1000,"sd","13:37:49",6661000
12150,50,1500,"sd","13:37:48",6660000
12150,50,1000,"sd","13:37:48",6658500
12150,50,6900,"sd","13:37:48",6657500
12150,50,8200,"sd","13:37:44",6650600
12150,50,1800,"sd","13:37:44",6642400
12200,100,100,"bu","13:37:40",6640600
12200,100,1000,"bu","13:37:13",6640500
12200,100,700,"bu","13:36:58",6639500
12200,100,2300,"bu","13:36:58",6638800
12150,50,300,"sd","13:36:55",6636500
12150,50,1500,"sd","13:36:27",6636200
12150,50,500,"sd","13:36:24",6634700
12150,50,1000,"sd","13:36:19",6634200
12150,50,1000,"sd","13:36:16",6633200
12150,50,17900,"sd","13:36:04",6632200
12150,50,1000,"sd","13:36:04",6614300
12150,50,100,"sd","13:36:04",6613300
12150,50,1900,"sd","13:35:51",6613200
12150,50,1000,"sd","13:35:51",6611300
12150,50,200,"sd","13:35:51",6610300
12150,50,2000,"sd","13:35:51",6610100
12150,50,1000,"sd","13:35:51",6608100
12150,50,1000,"sd","13:35:51",6607100
12150,50,1000,"sd","13:35:51",6606100
12150,50,1100,"sd","13:35:51",6605100
12150,50,1000,"sd","13:35:51",6604000
12150,50,16000,"sd","13:35:51",6603000
12150,50,800,"sd","13:35:51",6587000
12150,50,1500,"sd","13:35:51",6586200
12150,50,1500,"sd","13:35:51",6584700
12200,100,100,"bu","13:35:47",6583200
12200,100,2000,"bu","13:35:36",6583100
12200,100,500,"bu","13:35:35",6581100
12200,100,1000,"bu","13:35:35",6580600
12200,100,2000,"bu","13:35:35",6579600
12200,100,1000,"bu","13:35:35",6577600
12200,100,100,"bu","13:35:35",6576600
12200,100,100,"sd","13:35:34",6576500
12200,100,2900,"sd","13:35:34",6576400
12200,100,500,"sd","13:35:31",6573500
12200,100,1600,"sd","13:35:28",6573000
12200,100,500,"sd","13:35:28",6571400
12200,100,100,"sd","13:35:28",6570900
12200,100,100,"sd","13:35:28",6570800
12200,100,100,"sd","13:35:28",6570700
12200,100,100,"sd","13:35:28",6570600
12200,100,100,"sd","13:35:28",6570500
12200,100,500,"sd","13:35:28",6570400
12200,100,16900,"sd","13:35:28",6569900
12200,100,100,"sd","13:35:25",6553000
12200,100,4900,"sd","13:35:25",6552900
12200,100,3000,"sd","13:35:24",6548000
12200,100,11500,"sd","13:35:23",6545000
12200,100,3000,"sd","13:35:18",6533500
12200,100,17800,"sd","13:35:17",6530500
12200,100,1000,"sd","13:35:16",6512700
12250,150,100,"bu","13:35:15",6511700
12200,100,200,"sd","13:35:14",6511600
12200,100,3000,"sd","13:35:12",6511400
12200,100,20000,"sd","13:35:03",6508400
12200,100,200,"sd","13:34:58",6488400
12200,100,500,"sd","13:34:51",6488200
12200,100,1000,"sd","13:34:49",6487700
12250,150,900,"bu","13:34:47",6486700
12250,150,1000,"bu","13:34:47",6485800
12250,150,3000,"bu","13:34:47",6484800
12250,150,1000,"bu","13:34:47",6481800
12250,150,100,"bu","13:34:47",6480800
12250,150,100,"bu","13:34:47",6480700
12200,100,5000,"sd","13:34:46",6480600
12250,150,4900,"bu","13:34:43",6475600
12250,150,100,"bu","13:34:43",6470700
12200,100,15000,"sd","13:34:38",6470600
12200,100,500,"sd","13:34:17",6455600
12200,100,1000,"sd","13:34:14",6455100
12200,100,3000,"sd","13:34:01",6454100
12200,100,900,"sd","13:34:01",6451100
12200,100,1900,"sd","13:33:52",6450200
12200,100,400,"sd","13:33:51",6448300
12200,100,400,"sd","13:33:49",6447900
12200,100,2000,"sd","13:33:40",6447500
12200,100,200,"sd","13:33:34",6445500
12200,100,2000,"sd","13:33:30",6445300
12250,150,100,"bu","13:33:29",6443300
12250,150,2800,"bu","13:33:28",6443200
12250,150,2200,"bu","13:33:28",6440400
12250,150,800,"bu","13:33:17",6438200
12250,150,500,"bu","13:32:37",6437400
12250,150,400,"bu","13:32:28",6436900
12200,100,400,"sd","13:32:24",6436500
12250,150,100,"bu","13:32:16",6436100
12250,150,2000,"bu","13:32:02",6436000
12250,150,1000,"bu","13:32:00",6434000
12250,150,300,"sd","13:31:53",6433000
12250,150,7000,"sd","13:31:53",6432700
12250,150,300,"sd","13:31:53",6425700
12250,150,5400,"sd","13:31:53",6425400
12250,150,18000,"sd","13:31:53",6420000
12250,150,19200,"sd","13:31:53",6402000
12250,150,200,"sd","13:31:49",6382800
12250,150,1000,"sd","13:31:46",6382600
12250,150,100,"sd","13:31:43",6381600
12250,150,1200,"sd","13:31:33",6381500
12250,150,500,"sd","13:31:26",6380300
12250,150,100,"sd","13:31:00",6379800
12300,200,100,"bu","13:30:54",6379700
12300,200,4000,"bu","13:30:40",6379600
12250,150,500,"sd","13:30:34",6375600
12250,150,100,"bu","13:30:14",6375100
12250,150,100,"bu","13:30:14",6375000
12250,150,200,"bu","13:30:14",6374900
12250,150,5000,"bu","13:30:14",6374700
12250,150,100,"bu","13:30:14",6369700
12250,150,100,"bu","13:30:14",6369600
12250,150,3500,"bu","13:30:14",6369500
12250,150,3000,"bu","13:30:14",6366000
12250,150,100,"bu","13:30:14",6363000
12250,150,3000,"bu","13:30:14",6362900
12250,150,12000,"bu","13:30:14",6359900
12250,150,500,"bu","13:30:12",6347900
12250,150,2300,"bu","13:30:05",6347400
12250,150,5200,"bu","13:30:03",6345100
12250,150,34800,"bu","13:30:03",6339900
12200,100,200,"sd","13:30:02",6305100
12250,150,1200,"bu","13:29:54",6304900
12250,150,500,"bu","13:29:54",6303700
12250,150,300,"bu","13:29:54",6303200
12200,100,1000,"sd","13:29:46",6302900
12200,100,5000,"sd","13:29:22",6301900
12200,100,400,"bu","13:29:19",6296900
12200,100,200,"bu","13:29:19",6296500
12200,100,1000,"bu","13:29:19",6296300
12200,100,300,"bu","13:29:19",6295300
12200,100,26000,"bu","13:29:19",6295000
12200,100,1000,"bu","13:29:19",6269000
12200,100,500,"bu","13:29:19",6268000
12200,100,100,"bu","13:29:19",6267500
12200,100,500,"bu","13:29:19",6267400
12200,100,5000,"bu","13:29:19",6266900
12200,100,2000,"bu","13:29:19",6261900
12200,100,6100,"bu","13:29:19",6259900
12200,100,4600,"bu","13:29:18",6253800
12200,100,900,"bu","13:29:15",6249200
12200,100,1000,"bu","13:29:10",6248300
12200,100,2000,"bu","13:29:09",6247300
12200,100,2000,"bu","13:29:09",6245300
12200,100,400,"bu","13:29:09",6243300
12200,100,5000,"bu","13:29:07",6242900
12200,100,100,"bu","13:29:07",6237900
12200,100,500,"bu","13:29:07",6237800
12200,100,500,"bu","13:29:07",6237300
12200,100,1000,"bu","13:29:07",6236800
12200,100,100,"bu","13:29:07",6235800
12200,100,1000,"bu","13:29:07",6235700
12200,100,1800,"bu","13:29:07",6234700
12200,100,100,"bu","13:29:00",6232900
12200,100,1000,"bu","13:28:53",6232800
12150,50,1000,"sd","13:28:53",6231800
12200,100,100,"bu","13:28:50",6230800
12150,50,5000,"sd","13:28:50",6230700
12150,50,300,"sd","13:28:45",6225700
12150,50,2200,"sd","13:28:28",6225400
12150,50,100,"sd","13:28:28",6223200
12150,50,3700,"sd","13:28:28",6223100
12200,100,1000,"bu","13:28:26",6219400
12200,100,1000,"bu","13:28:23",6218400
12150,50,5000,"bu","13:28:07",6217400
12150,50,1000,"bu","13:28:07",6212400
12150,50,2000,"bu","13:28:07",6211400
12150,50,1000,"bu","13:28:07",6209400
12150,50,5000,"bu","13:28:07",6208400
12150,50,700,"bu","13:28:07",6203400
12150,50,300,"bu","13:28:07",6202700
12150,50,1000,"bu","13:28:07",6202400
12150,50,100,"bu","13:28:07",6201400
12150,50,200,"bu","13:28:07",6201300
12150,50,100,"bu","13:28:05",6201100
12150,50,200,"bu","13:28:01",6201000
12150,50,300,"bu","13:28:01",6200800
12150,50,400,"bu","13:28:01",6200500
12150,50,300,"bu","13:28:01",6200100
12150,50,200,"bu","13:27:58",6199800
12150,50,400,"bu","13:27:58",6199600
12150,50,200,"bu","13:27:58",6199200
12150,50,300,"bu","13:27:58",6199000
12150,50,8900,"bu","13:27:58",6198700
12100,0,7500,"sd","13:27:55",6189800
12150,50,1000,"bu","13:27:51",6182300
12150,50,1000,"bu","13:27:45",6181300
12150,50,5000,"bu","13:27:44",6180300
12100,0,500,"sd","13:27:42",6175300
12150,50,5000,"bu","13:27:41",6174800
12150,50,1000,"bu","13:27:40",6169800
12150,50,500,"bu","13:27:40",6168800
12150,50,1000,"bu","13:27:39",6168300
12150,50,200,"bu","13:27:36",6167300
12150,50,100,"bu","13:27:36",6167100
12100,0,1900,"sd","13:27:30",6167000
12100,0,400,"sd","13:27:30",6165100
12100,0,1500,"sd","13:27:30",6164700
12100,0,500,"sd","13:27:30",6163200
12100,0,200,"sd","13:27:30",6162700
12100,0,1000,"sd","13:27:30",6162500
12100,0,300,"sd","13:27:30",6161500
12100,0,200,"sd","13:27:30",6161200
12100,0,100,"sd","13:27:29",6161000
12100,0,1000,"sd","13:27:29",6160900
12100,0,1000,"sd","13:27:29",6159900
12100,0,500,"sd","13:27:29",6158900
12100,0,1400,"sd","13:27:29",6158400
12150,50,1000,"bu","13:27:26",6157000
12100,0,500,"sd","13:27:23",6156000
12150,50,1000,"bu","13:27:23",6155500
12100,0,500,"sd","13:27:21",6154500
12150,50,900,"bu","13:27:20",6154000
12150,50,100,"bu","13:27:20",6153100
12100,0,1200,"sd","13:27:06",6153000
12150,50,2900,"bu","13:27:01",6151800
12150,50,100,"bu","13:27:01",6148900
12150,50,2000,"bu","13:27:01",6148800
12150,50,1000,"bu","13:27:01",6146800
12150,50,2000,"bu","13:27:01",6145800
12150,50,1000,"bu","13:26:55",6143800
12150,50,3000,"bu","13:26:55",6142800
12150,50,1000,"bu","13:26:55",6139800
12100,0,500,"sd","13:26:54",6138800
12100,0,300,"sd","13:26:53",6138300
12100,0,200,"sd","13:26:52",6138000
12100,0,5400,"sd","13:26:49",6137800
12100,0,100,"sd","13:26:49",6132400
12100,0,2200,"sd","13:26:49",6132300
12100,0,2800,"sd","13:26:42",6130100
12100,0,500,"sd","13:26:42",6127300
12100,0,2000,"sd","13:26:42",6126800
12100,0,800,"sd","13:26:42",6124800
12100,0,100,"sd","13:26:42",6124000
12100,0,1000,"sd","13:26:42",6123900
12100,0,500,"sd","13:26:42",6122900
12100,0,300,"sd","13:26:42",6122400
12100,0,100,"sd","13:26:40",6122100
12150,50,500,"bu","13:26:39",6122000
12150,50,5000,"bu","13:26:39",6121500
12150,50,400,"bu","13:26:39",6116500
12150,50,700,"bu","13:26:39",6116100
12150,50,3000,"bu","13:26:39",6115400
12150,50,400,"bu","13:26:39",6112400
12100,0,1000,"sd","13:26:38",6112000
12100,0,600,"sd","13:26:28",6111000
12100,0,2400,"sd","13:26:28",6110400
12150,50,1000,"bu","13:26:26",6108000
12100,0,7600,"sd","13:26:21",6107000
12100,0,100,"sd","13:26:21",6099400
12100,0,1000,"sd","13:26:21",6099300
12100,0,100,"sd","13:26:21",6098300
12100,0,400,"sd","13:26:21",6098200
12100,0,2000,"sd","13:26:21",6097800
12100,0,100,"sd","13:26:21",6095800
12100,0,10000,"sd","13:26:21",6095700
12100,0,200,"sd","13:26:21",6085700
12100,0,100,"sd","13:26:21",6085500
12100,0,1000,"sd","13:26:21",6085400
12100,0,5000,"sd","13:26:21",6084400
12100,0,1000,"sd","13:26:21",6079400
12100,0,5000,"sd","13:26:21",6078400
12100,0,100,"sd","13:26:21",6073400
12100,0,2000,"sd","13:26:21",6073300
12100,0,1000,"sd","13:26:21",6071300
12100,0,100,"sd","13:26:21",6070300
12100,0,200,"sd","13:26:21",6070200
12100,0,10000,"sd","13:26:21",6070000
12100,0,100,"sd","13:26:21",6060000
12100,0,200,"sd","13:26:21",6059900
12100,0,1400,"sd","13:26:21",6059700
12100,0,100,"sd","13:26:21",6058300
12100,0,1000,"sd","13:26:21",6058200
12100,0,200,"sd","13:26:21",6057200
12100,0,800,"sd","13:26:19",6057000
12100,0,200,"sd","13:26:19",6056200
12100,0,500,"sd","13:26:19",6056000
12100,0,1400,"sd","13:26:19",6055500
12100,0,100,"sd","13:26:19",6054100
12100,0,900,"sd","13:26:17",6054000
12100,0,2000,"sd","13:26:17",6053100
12100,0,100,"sd","13:26:17",6051100
12100,0,100,"sd","13:26:11",6051000
12150,50,200,"bu","13:25:47",6050900
12150,50,600,"bu","13:25:47",6050700
12150,50,200,"bu","13:25:47",6050100
12150,50,500,"bu","13:25:35",6049900
12100,0,100,"sd","13:25:34",6049400
12150,50,2300,"bu","13:25:30",6049300
12150,50,1500,"bu","13:25:30",6047000
12150,50,1200,"bu","13:25:30",6045500
12150,50,3800,"bu","13:25:28",6044300
12150,50,1200,"bu","13:25:28",6040500
12150,50,700,"sd","13:25:18",6039300
12150,50,300,"sd","13:25:18",6038600
12150,50,200,"sd","13:25:18",6038300
12150,50,500,"sd","13:25:18",6038100
12150,50,5000,"sd","13:25:13",6037600
12150,50,200,"sd","13:25:13",6032600
12150,50,1000,"sd","13:25:13",6032400
12150,50,100,"sd","13:25:13",6031400
12150,50,800,"sd","13:25:13",6031300
12150,50,500,"sd","13:25:13",6030500
12150,50,1000,"sd","13:25:13",6030000
12150,50,1000,"sd","13:25:13",6029000
12150,50,400,"sd","13:25:13",6028000
12150,50,100,"sd","13:25:09",6027600
12150,50,1000,"sd","13:25:07",6027500
12150,50,1600,"sd","13:25:06",6026500
12150,50,300,"sd","13:25:06",6024900
12150,50,1600,"sd","13:25:02",6024600
12150,50,500,"sd","13:25:02",6023000
12150,50,2900,"sd","13:25:02",6022500
12150,50,1000,"sd","13:25:01",6019600
12150,50,1100,"sd","13:25:01",6018600
12150,50,3000,"sd","13:25:01",6017500
12150,50,600,"sd","13:25:01",6014500
12150,50,500,"sd","13:25:01",6013900
12150,50,800,"sd","13:25:01",6013400
12150,50,2200,"sd","13:24:59",6012600
12150,50,3800,"sd","13:24:59",6010400
12150,50,2900,"sd","13:24:57",6006600
12150,50,500,"sd","13:24:55",6003700
12150,50,2800,"sd","13:24:54",6003200
12150,50,1000,"sd","13:24:54",6000400
12150,50,2000,"sd","13:24:54",5999400
12150,50,2200,"sd","13:24:54",5997400
12150,50,800,"sd","13:24:53",5995200
12150,50,1200,"sd","13:24:53",5994400
12150,50,2000,"sd","13:24:52",5993200
12150,50,200,"sd","13:24:52",5991200
12150,50,6600,"sd","13:24:51",5991000
12150,50,3400,"sd","13:24:51",5984400
12150,50,1600,"sd","13:24:46",5981000
12150,50,100,"sd","13:24:46",5979400
12150,50,100,"sd","13:24:46",5979300
12150,50,1000,"sd","13:24:46",5979200
12150,50,300,"sd","13:24:46",5978200
12150,50,500,"sd","13:24:46",5977900
12150,50,300,"sd","13:24:46",5977400
12150,50,500,"sd","13:24:46",5977100
12150,50,5000,"sd","13:24:46",5976600
12150,50,100,"sd","13:24:46",5971600
12150,50,5000,"sd","13:24:46",5971500
12150,50,6000,"sd","13:24:46",5966500
12150,50,100,"sd","13:24:46",5960500
12200,100,500,"bu","13:24:45",5960400
12200,100,500,"bu","13:24:45",5959900
12150,50,6000,"sd","13:24:42",5959400
12150,50,500,"sd","13:24:37",5953400
12150,50,100,"sd","13:24:37",5952900
12150,50,900,"sd","13:24:34",5952800
12200,100,1000,"bu","13:24:31",5951900
12150,50,5100,"sd","13:24:30",5950900
12150,50,100,"sd","13:24:24",5945800
12150,50,1000,"sd","13:24:24",5945700
12150,50,3800,"sd","13:24:23",5944700
12150,50,3000,"sd","13:24:22",5940900
12150,50,1000,"sd","13:24:21",5937900
12150,50,12600,"sd","13:24:17",5936900
12150,50,4000,"sd","13:24:15",5924300
12150,50,1000,"sd","13:23:59",5920300
12150,50,1000,"sd","13:23:54",5919300
12150,50,800,"sd","13:23:37",5918300
12150,50,1000,"sd","13:23:20",5917500
12150,50,300,"sd","13:23:19",5916500
12200,100,300,"sd","13:23:14",5916200
12200,100,2000,"sd","13:23:14",5915900
12200,100,4600,"sd","13:23:14",5913900
12200,100,100,"sd","13:23:14",5909300
12200,100,200,"sd","13:23:14",5909200
12200,100,9900,"sd","13:23:14",5909000
12200,100,400,"sd","13:23:14",5899100
12200,100,100,"sd","13:23:14",5898700
12200,100,1000,"sd","13:23:14",5898600
12200,100,500,"sd","13:23:14",5897600
12200,100,2000,"sd","13:23:14",5897100
12200,100,200,"sd","13:23:14",5895100
12200,100,500,"sd","13:23:14",5894900
12200,100,500,"sd","13:23:14",5894400
12200,100,30000,"sd","13:23:13",5893900
12200,100,5000,"sd","13:23:13",5863900
12200,100,100,"sd","13:23:13",5858900
12200,100,1500,"sd","13:23:13",5858800
12200,100,15000,"sd","13:23:11",5857300
12200,100,500,"sd","13:23:10",5842300
12200,100,1800,"sd","13:23:09",5841800
12200,100,1000,"sd","13:23:09",5840000
12200,100,5000,"sd","13:23:08",5839000
12200,100,300,"sd","13:23:06",5834000
12200,100,4500,"sd","13:23:06",5833700
12200,100,10000,"sd","13:23:06",5829200
12200,100,500,"sd","13:23:06",5819200
12200,100,1000,"sd","13:23:05",5818700
12200,100,800,"sd","13:23:05",5817700
12200,100,1200,"sd","13:23:05",5816900
12200,100,1000,"sd","13:23:03",5815700
12200,100,500,"sd","13:22:54",5814700
12200,100,300,"sd","13:22:49",5814200
12200,100,9700,"sd","13:22:49",5813900
12200,100,200,"sd","13:22:46",5804200
12200,100,3000,"sd","13:22:45",5804000
12200,100,500,"sd","13:22:32",5801000
12200,100,1600,"sd","13:22:28",5800500
12200,100,3000,"sd","13:22:19",5798900
12200,100,400,"sd","13:22:10",5795900
12200,100,1600,"sd","13:22:08",5795500
12200,100,2000,"sd","13:22:07",5793900
12200,100,8000,"sd","13:22:07",5791900
12200,100,2000,"sd","13:22:04",5783900
12250,150,1400,"bu","13:21:55",5781900
12250,150,300,"bu","13:21:55",5780500
12250,150,500,"bu","13:21:54",5780200
12250,150,9800,"bu","13:21:54",5779700
12200,100,200,"sd","13:21:49",5769900
12250,150,200,"bu","13:21:48",5769700
12200,100,300,"sd","13:21:42",5769500
12200,100,5000,"sd","13:21:40",5769200
12200,100,7300,"sd","13:21:36",5764200
12200,100,2700,"sd","13:21:36",5756900
12200,100,500,"sd","13:21:36",5754200
12200,100,200,"sd","13:21:34",5753700
12200,100,200,"sd","13:21:34",5753500
12200,100,200,"sd","13:21:31",5753300
12200,100,100,"sd","13:21:20",5753100
12200,100,6100,"sd","13:21:20",5753000
12200,100,5900,"sd","13:21:20",5746900
12200,100,1800,"sd","13:21:10",5741000
12200,100,400,"sd","13:21:08",5739200
12200,100,7000,"sd","13:21:07",5738800
12200,100,500,"sd","13:20:49",5731800
12200,100,4400,"sd","13:20:32",5731300
12200,100,10000,"sd","13:20:32",5726900
12200,100,500,"sd","13:20:32",5716900
12200,100,100,"sd","13:20:32",5716400
12200,100,2000,"sd","13:20:32",5716300
12200,100,3000,"sd","13:20:32",5714300
12200,100,500,"sd","13:20:31",5711300
12200,100,500,"sd","13:20:08",5710800
12250,150,100,"bu","13:20:08",5710300
12200,100,2000,"sd","13:19:58",5710200
12250,150,1000,"bu","13:19:37",5708200
12200,100,2000,"sd","13:19:35",5707200
12250,150,2000,"bu","13:19:33",5705200
12250,150,900,"bu","13:19:10",5703200
12250,150,16000,"bu","13:18:43",5702300
12250,150,5000,"bu","13:18:43",5686300
12250,150,1000,"bu","13:18:43",5681300
12250,150,500,"bu","13:18:43",5680300
12250,150,5000,"bu","13:18:43",5679800
12250,150,200,"bu","13:18:43",5674800
12250,150,800,"bu","13:18:43",5674600
12250,150,5000,"bu","13:18:43",5673800
12250,150,100,"bu","13:18:43",5668800
12200,100,100,"sd","13:18:42",5668700
12250,150,1700,"bu","13:18:36",5668600
12250,150,300,"bu","13:18:36",5666900
12250,150,200,"bu","13:18:02",5666600
12250,150,500,"sd","13:17:40",5666400
12300,200,100,"bu","13:17:40",5665900
12250,150,500,"bu","13:17:13",5665800
12250,150,1000,"bu","13:17:08",5665300
12250,150,500,"sd","13:17:07",5664300
12250,150,100,"sd","13:16:58",5663800
12250,150,900,"sd","13:16:58",5663700
12250,150,100,"sd","13:16:58",5662800
12250,150,100,"sd","13:16:43",5662700
12250,150,200,"sd","13:16:43",5662600
12250,150,200,"sd","13:16:32",5662400
12250,150,200,"sd","13:16:31",5662200
12250,150,400,"sd","13:16:23",5662000
12250,150,500,"sd","13:16:23",5661600
12250,150,4100,"sd","13:16:23",5661100
12250,150,900,"sd","13:16:09",5657000
12250,150,100,"sd","13:16:09",5656100
12250,150,600,"bu","13:15:53",5656000
12300,200,6500,"bu","13:15:50",5655400
12300,200,500,"bu","13:15:50",5648900
12300,200,4000,"bu","13:15:50",5648400
12300,200,2000,"bu","13:15:50",5644400
12300,200,16000,"bu","13:15:50",5642400
12300,200,100,"bu","13:15:50",5626400
12300,200,100,"bu","13:15:50",5626300
12300,200,1000,"bu","13:15:50",5626200
12300,200,1000,"bu","13:15:50",5625200
12300,200,7700,"bu","13:15:50",5624200
12250,150,2100,"bu","13:15:50",5616500
12250,150,7000,"bu","13:15:50",5614400
12250,150,2000,"bu","13:15:33",5607400
12300,200,1500,"bu","13:15:18",5605400
12250,150,3500,"bu","13:15:18",5603900
12250,150,1500,"bu","13:15:07",5600400
12250,150,10000,"bu","13:15:07",5598900
12250,150,6000,"bu","13:15:07",5588900
12250,150,300,"bu","13:15:07",5582900
12250,150,2000,"bu","13:15:07",5582600
12250,150,200,"bu","13:15:07",5580600
12250,150,2800,"bu","13:15:04",5580400
12250,150,200,"bu","13:15:04",5577600
12250,150,2000,"bu","13:15:04",5577400
12250,150,7900,"bu","13:15:00",5575400
12250,150,200,"bu","13:15:00",5567500
12250,150,10000,"bu","13:15:00",5567300
12250,150,100,"bu","13:15:00",5557300
12250,150,1800,"bu","13:15:00",5557200
12250,150,2000,"bu","13:14:53",5555400
12250,150,5000,"bu","13:14:48",5553400
12250,150,28000,"bu","13:14:48",5548400
12250,150,1000,"bu","13:14:48",5520400
12250,150,500,"bu","13:14:48",5519400
12250,150,2000,"bu","13:14:48",5518900
12250,150,2000,"bu","13:14:48",5516900
12250,150,4300,"bu","13:14:48",5514900
12250,150,5200,"bu","13:14:48",5510600
12250,150,1000,"bu","13:14:48",5505400
12250,150,1000,"bu","13:14:48",5504400
12250,150,2000,"bu","13:14:27",5503400
12250,150,300,"bu","13:14:10",5501400
12250,150,2000,"bu","13:13:40",5501100
12200,100,400,"sd","13:13:36",5499100
12200,100,200,"sd","13:13:25",5498700
12250,150,1000,"bu","13:13:21",5498500
12250,150,2000,"bu","13:13:21",5497500
12250,150,3000,"bu","13:13:21",5495500
12250,150,500,"bu","13:13:11",5492500
12250,150,1000,"bu","13:12:54",5492000
12250,150,1000,"bu","13:12:52",5491000
12200,100,500,"sd","13:12:48",5490000
12200,100,5000,"sd","13:12:33",5489500
12200,100,4100,"sd","13:12:33",5484500
12200,100,10800,"sd","13:12:33",5480400
12200,100,100,"sd","13:12:33",5469600
12200,100,100,"sd","13:12:31",5469500
12200,100,100,"sd","13:12:16",5469400
12200,100,200,"bu","13:11:43",5469300
12200,100,5500,"bu","13:11:43",5469100
12200,100,2700,"bu","13:11:40",5463600
12200,100,1800,"bu","13:11:39",5460900
12200,100,300,"bu","13:11:39",5459100
12200,100,7900,"bu","13:11:39",5458800
12150,50,1700,"sd","13:11:31",5450900
12150,50,600,"sd","13:11:31",5449200
12200,100,100,"bu","13:11:29",5448600
12200,100,10000,"bu","13:11:25",5448500
12200,100,500,"bu","13:11:18",5438500
12200,100,1500,"bu","13:11:14",5438000
12200,100,100,"bu","13:11:14",5436500
12200,100,800,"bu","13:11:14",5436400
12200,100,200,"bu","13:11:11",5435600
12200,100,500,"bu","13:11:07",5435400
12200,100,3000,"bu","13:11:06",5434900
12200,100,300,"bu","13:11:03",5431900
12200,100,200,"bu","13:11:02",5431600
12200,100,3500,"bu","13:11:02",5431400
12200,100,2000,"bu","13:10:59",5427900
12200,100,84700,"bu","13:10:56",5425900
12200,100,15300,"bu","13:10:56",5341200
12200,100,2000,"bu","13:10:56",5325900
12200,100,4000,"bu","13:10:54",5323900
12200,100,5000,"bu","13:10:52",5319900
12200,100,500,"bu","13:10:52",5314900
12200,100,1000,"bu","13:10:42",5314400
12150,50,1000,"sd","13:10:13",5313400
12150,50,100,"sd","13:09:57",5312400
12200,100,500,"bu","13:09:38",5312300
12200,100,2000,"bu","13:09:37",5311800
12200,100,6600,"bu","13:09:26",5309800
12200,100,200,"bu","13:09:16",5303200
12200,100,5000,"bu","13:09:09",5303000
12200,100,100,"bu","13:09:09",5298000
12200,100,1000,"sd","13:09:08",5297900
12200,100,1000,"sd","13:09:08",5296900
12200,100,1000,"sd","13:09:08",5295900
12200,100,3000,"sd","13:09:08",5294900
12200,100,100,"sd","13:09:08",5291900
12200,100,20000,"sd","13:09:08",5291800
12200,100,300,"sd","13:09:08",5271800
12200,100,400,"sd","13:09:08",5271500
12200,100,5000,"sd","13:09:08",5271100
12200,100,2000,"sd","13:09:08",5266100
12200,100,5000,"sd","13:09:08",5264100
12200,100,500,"sd","13:09:08",5259100
12200,100,2000,"sd","13:09:08",5258600
12200,100,4000,"sd","13:09:08",5256600
12200,100,10000,"sd","13:09:08",5252600
12200,100,200,"sd","13:09:08",5242600
12200,100,200,"sd","13:09:08",5242400
12200,100,2100,"sd","13:09:08",5242200
12200,100,1000,"sd","13:08:30",5240100
12250,150,1000,"bu","13:08:28",5239100
12200,100,500,"sd","13:08:25",5238100
12200,100,700,"sd","13:08:11",5237600
12200,100,700,"sd","13:08:08",5236900
12200,100,300,"sd","13:08:08",5236200
12200,100,10000,"sd","13:08:05",5235900
12200,100,200,"sd","13:07:57",5225900
12200,100,1000,"sd","13:07:44",5225700
12200,100,200,"sd","13:07:40",5224700
12200,100,300,"sd","13:07:18",5224500
12200,100,500,"sd","13:07:14",5224200
12200,100,300,"sd","13:07:06",5223700
12200,100,2200,"bu","13:06:59",5223400
12200,100,1000,"bu","13:06:58",5221200
12200,100,6400,"sd","13:06:56",5220200
12200,100,400,"sd","13:06:54",5213800
12200,100,100,"bu","13:06:53",5213400
12200,100,500,"bu","13:06:53",5213300
12200,100,300,"bu","13:06:53",5212800
12200,100,100,"bu","13:06:53",5212500
12200,100,500,"bu","13:06:53",5212400
12200,100,1700,"bu","13:06:53",5211900
12200,100,100,"bu","13:06:53",5210200
12200,100,100,"bu","13:06:46",5210100
12200,100,1000,"bu","13:06:35",5210000
12200,100,200,"bu","13:06:35",5209000
12200,100,6900,"bu","13:06:35",5208800
12200,100,5000,"sd","13:06:29",5201900
12200,100,1000,"sd","13:06:29",5196900
12200,100,3000,"sd","13:06:27",5195900
12200,100,4200,"sd","13:06:24",5192900
12200,100,1900,"sd","13:06:22",5188700
12200,100,1000,"sd","13:06:22",5186800
12200,100,5100,"sd","13:06:22",5185800
12200,100,5000,"sd","13:06:18",5180700
12200,100,2500,"sd","13:06:16",5175700
12200,100,100,"sd","13:06:15",5173200
12200,100,200,"sd","13:06:15",5173100
12200,100,1500,"sd","13:05:52",5172900
12200,100,200,"sd","13:05:51",5171400
12200,100,2500,"bu","13:05:51",5171200
12200,100,100,"bu","13:05:50",5168700
12200,100,500,"bu","13:05:47",5168600
12200,100,500,"bu","13:05:45",5168100
12200,100,5000,"sd","13:05:44",5167600
12200,100,2000,"sd","13:05:44",5162600
12200,100,4400,"sd","13:05:44",5160600
12200,100,5600,"sd","13:05:41",5156200
12200,100,500,"sd","13:05:41",5150600
12200,100,100,"sd","13:05:41",5150100
12200,100,1000,"sd","13:05:41",5150000
12200,100,2800,"sd","13:05:41",5149000
12250,150,100,"bu","13:05:40",5146200
12200,100,100,"sd","13:05:36",5146100
12200,100,1000,"sd","13:05:31",5146000
12200,100,1100,"bu","13:05:19",5145000
12200,100,2900,"bu","13:05:18",5143900
12200,100,100,"bu","13:05:18",5141000
12200,100,1000,"bu","13:05:18",5140900
12200,100,4000,"bu","13:05:18",5139900
12200,100,500,"bu","13:05:15",5135900
12200,100,2500,"bu","13:05:13",5135400
12150,50,1000,"sd","13:05:11",5132900
12200,100,3000,"bu","13:05:08",5131900
12200,100,2700,"bu","13:05:08",5128900
12200,100,100,"bu","13:05:08",5126200
12200,100,16000,"bu","13:05:08",5126100
12200,100,6300,"bu","13:05:08",5110100
12200,100,1900,"bu","13:05:08",5103800
12150,50,3300,"sd","13:05:07",5101900
12150,50,1000,"sd","13:05:07",5098600
12150,50,700,"sd","13:05:07",5097600
12200,100,1000,"bu","13:05:05",5096900
12200,100,100,"bu","13:05:04",5095900
12200,100,100,"bu","13:05:04",5095800
12200,100,700,"bu","13:05:04",5095700
12200,100,100,"bu","13:05:04",5095000
12200,100,9000,"bu","13:05:04",5094900
12200,100,500,"bu","13:05:00",5085900
12150,50,1300,"sd","13:04:58",5085400
12150,50,1500,"sd","13:04:58",5084100
12150,50,1000,"sd","13:04:58",5082600
12150,50,200,"sd","13:04:58",5081600
12150,50,2900,"sd","13:04:42",5081400
12150,50,300,"sd","13:04:42",5078500
12150,50,500,"sd","13:04:42",5078200
12150,50,300,"sd","13:04:42",5077700
12150,50,100,"sd","13:04:42",5077400
12150,50,400,"sd","13:04:42",5077300
12150,50,600,"sd","13:04:40",5076900
12150,50,1000,"sd","13:04:40",5076300
12150,50,1000,"sd","13:04:40",5075300
12150,50,500,"sd","13:04:40",5074300
12150,50,1000,"sd","13:04:40",5073800
12150,50,1000,"sd","13:04:40",5072800
12150,50,700,"sd","13:04:40",5071800
12150,50,200,"sd","13:04:40",5071100
12150,50,300,"sd","13:04:32",5070900
12150,50,300,"sd","13:04:10",5070600
12150,50,100,"sd","13:04:10",5070300
12150,50,600,"sd","13:04:10",5070200
12200,100,300,"bu","13:04:09",5069600
12150,50,500,"sd","13:04:08",5069300
12150,50,1900,"sd","13:04:07",5068800
12150,50,2000,"sd","13:04:07",5066900
12150,50,300,"sd","13:04:07",5064900
12150,50,800,"sd","13:04:07",5064600
12200,100,200,"bu","13:03:52",5063800
12200,100,2800,"bu","13:03:52",5063600
12200,100,10000,"bu","13:03:49",5060800
12200,100,1000,"bu","13:03:45",5050800
12150,50,900,"sd","13:03:42",5049800
12150,50,300,"sd","13:03:42",5048900
12150,50,1000,"sd","13:03:42",5048600
12150,50,500,"sd","13:03:42",5047600
12150,50,6300,"sd","13:03:42",5047100
12150,50,3700,"sd","13:03:41",5040800
12150,50,200,"sd","13:03:41",5037100
12150,50,100,"sd","13:03:41",5036900
12150,50,100,"sd","13:03:41",5036800
12150,50,500,"sd","13:03:41",5036700
12150,50,100,"sd","13:03:41",5036200
12150,50,300,"sd","13:03:41",5036100
12150,50,1000,"sd","13:03:28",5035800
12200,100,1000,"bu","13:03:21",5034800
12200,100,400,"sd","13:03:07",5033800
12200,100,1600,"sd","13:03:05",5033400
12200,100,400,"sd","13:03:05",5031800
12200,100,100,"sd","13:03:05",5031400
12200,100,3000,"sd","13:03:05",5031300
12200,100,1700,"sd","13:03:05",5028300
12200,100,2200,"sd","13:03:05",5026600
12200,100,600,"sd","13:03:05",5024400
12200,100,2000,"sd","13:03:05",5023800
12200,100,400,"sd","13:03:05",5021800
12200,100,400,"sd","13:03:04",5021400
12200,100,1000,"sd","13:03:04",5021000
12200,100,1000,"sd","13:03:04",5020000
12200,100,1000,"sd","13:03:04",5019000
12200,100,14000,"sd","13:03:04",5018000
12200,100,30000,"sd","13:03:04",5004000
12200,100,1000,"sd","13:03:04",4974000
12200,100,15000,"sd","13:03:04",4973000
12200,100,1000,"sd","13:03:04",4958000
12200,100,2000,"sd","13:03:04",4957000
12200,100,1000,"sd","13:03:04",4955000
12200,100,1000,"sd","13:03:04",4954000
12200,100,500,"sd","13:03:04",4953000
12200,100,500,"sd","13:03:04",4952500
12200,100,1300,"sd","13:03:04",4952000
12200,100,200,"sd","13:03:04",4950700
12200,100,2000,"sd","13:03:04",4950500
12200,100,100,"sd","13:03:04",4948500
12200,100,500,"sd","13:03:04",4948400
12200,100,500,"sd","13:03:04",4947900
12200,100,500,"sd","13:03:04",4947400
12200,100,500,"sd","13:03:04",4946900
12200,100,4000,"sd","13:03:04",4946400
12200,100,4000,"sd","13:03:04",4942400
12200,100,500,"sd","13:03:04",4938400
12200,100,5000,"sd","13:03:01",4937900
12200,100,200,"sd","13:03:00",4932900
12200,100,20300,"sd","13:02:57",4932700
12200,100,500,"sd","13:02:57",4912400
12200,100,100,"sd","13:02:57",4911900
12200,100,100,"sd","13:02:57",4911800
12200,100,1000,"sd","13:02:57",4911700
12200,100,57000,"sd","13:02:57",4910700
12200,100,6000,"sd","13:02:55",4853700
12200,100,6000,"sd","13:02:54",4847700
12200,100,6000,"sd","13:02:54",4841700
12200,100,6000,"sd","13:02:54",4835700
12200,100,6000,"sd","13:02:54",4829700
12200,100,6000,"sd","13:02:53",4823700
12200,100,6000,"sd","13:02:53",4817700
12200,100,600,"sd","13:02:52",4811700
12200,100,10000,"sd","13:02:51",4811100
12200,100,800,"sd","13:02:51",4801100
12200,100,500,"sd","13:02:51",4800300
12200,100,1000,"sd","13:02:51",4799800
12200,100,500,"sd","13:02:51",4798800
12200,100,500,"sd","13:02:51",4798300
12200,100,3000,"sd","13:02:51",4797800
12200,100,10000,"sd","13:02:51",4794800
12200,100,1000,"sd","13:02:51",4784800
12200,100,100,"sd","13:02:51",4783800
12200,100,1000,"sd","13:02:51",4783700
12200,100,300,"sd","13:02:51",4782700
12200,100,10000,"sd","13:02:51",4782400
12200,100,20000,"sd","13:02:51",4772400
12200,100,2000,"sd","13:02:51",4752400
12200,100,8900,"sd","13:02:51",4750400
12200,100,10400,"sd","13:02:51",4741500
12200,100,20000,"sd","13:02:50",4731100
12200,100,2700,"sd","13:02:49",4711100
12200,100,100,"sd","13:02:48",4708400
12200,100,500,"sd","13:02:39",4708300
12200,100,1000,"sd","13:02:34",4707800
12200,100,300,"sd","13:02:21",4706800
12200,100,100,"sd","13:02:19",4706500
12200,100,100,"sd","13:02:17",4706400
12200,100,1800,"sd","13:02:08",4706300
12250,150,1000,"bu","13:01:55",4704500
12250,150,100,"bu","13:01:45",4703500
12250,150,700,"sd","13:01:43",4703400
12250,150,200,"sd","13:01:41",4702700
12250,150,1000,"sd","13:01:39",4702500
12250,150,5100,"sd","13:01:38",4701500
12250,150,1400,"sd","13:01:38",4696400
12250,150,2000,"sd","13:01:37",4695000
12250,150,6000,"sd","13:01:32",4693000
12250,150,6000,"sd","13:01:31",4687000
12250,150,6000,"sd","13:01:31",4681000
12250,150,13800,"sd","13:01:29",4675000
12250,150,9100,"sd","13:01:19",4661200
12250,150,10000,"sd","13:01:12",4652100
12250,150,3000,"sd","13:01:10",4642100
12250,150,1000,"sd","13:01:05",4639100
12250,150,2200,"sd","13:01:02",4638100
12250,150,4500,"sd","13:00:47",4635900
12250,150,2500,"sd","13:00:47",4631400
12250,150,300,"sd","13:00:47",4628900
12250,150,600,"sd","13:00:47",4628600
12250,150,100,"sd","13:00:47",4628000
12250,150,3500,"sd","13:00:47",4627900
12250,150,2000,"sd","13:00:45",4624400
12250,150,500,"sd","13:00:42",4622400
12250,150,100,"sd","13:00:42",4621900
12250,150,400,"sd","13:00:41",4621800
12250,150,200,"sd","13:00:41",4621400
12250,150,2800,"sd","13:00:41",4621200
12250,150,200,"sd","13:00:41",4618400
12250,150,300,"sd","13:00:41",4618200
12250,150,100,"sd","13:00:37",4617900
12250,150,600,"sd","13:00:36",4617800
12250,150,600,"sd","13:00:36",4617200
12250,150,800,"sd","13:00:36",4616600
12250,150,1000,"sd","13:00:35",4615800
12250,150,100,"sd","13:00:35",4614800
12250,150,3000,"sd","13:00:34",4614700
12250,150,100,"sd","13:00:34",4611700
12250,150,1000,"sd","13:00:34",4611600
12250,150,2000,"sd","13:00:34",4610600
12250,150,1500,"sd","13:00:34",4608600
12250,150,200,"sd","13:00:34",4607100
12250,150,1000,"sd","13:00:34",4606900
12250,150,100,"sd","13:00:34",4605900
12250,150,3000,"sd","13:00:34",4605800
12250,150,100,"sd","13:00:34",4602800
12250,150,1000,"sd","13:00:34",4602700
12250,150,2000,"sd","13:00:34",4601700
12250,150,1000,"sd","13:00:33",4599700
12250,150,100,"sd","13:00:33",4598700
12250,150,300,"sd","13:00:33",4598600
12250,150,3000,"sd","13:00:32",4598300
12250,150,500,"sd","13:00:32",4595300
12250,150,1500,"sd","13:00:32",4594800
12250,150,200,"sd","13:00:32",4593300
12250,150,10000,"sd","13:00:28",4593100
12250,150,500,"sd","13:00:25",4583100
12250,150,100,"sd","13:00:21",4582600
12250,150,500,"sd","13:00:20",4582500
12250,150,3300,"sd","13:00:19",4582000
12250,150,1000,"sd","13:00:19",4578700
12250,150,300,"sd","13:00:19",4577700
12250,150,700,"sd","13:00:19",4577400
12250,150,4700,"sd","13:00:19",4576700
12250,150,5000,"sd","13:00:18",4572000
12250,150,300,"sd","13:00:17",4567000
12250,150,200,"sd","13:00:17",4566700
12250,150,1500,"sd","13:00:17",4566500
12250,150,300,"sd","13:00:14",4565000
12250,150,1000,"sd","13:00:13",4564700
12250,150,3900,"sd","13:00:13",4563700
12250,150,5000,"sd","13:00:13",4559800
12250,150,100,"sd","13:00:12",4554800
12250,150,100,"sd","13:00:12",4554700
12250,150,200,"sd","13:00:11",4554600
12250,150,7400,"sd","13:00:11",4554400
12250,150,1000,"sd","13:00:09",4547000
12250,150,6300,"sd","13:00:07",4546000
12250,150,400,"sd","13:00:07",4539700
12250,150,1000,"sd","13:00:06",4539300
12250,150,200,"sd","13:00:02",4538300
12250,150,500,"sd","13:00:01",4538100
12250,150,1500,"sd","13:00:01",4537600
12250,150,500,"sd","11:29:57",4536100
12250,150,100,"sd","11:29:53",4535600
12300,200,100,"bu","11:29:44",4535500
12300,200,1700,"bu","11:29:40",4535400
12300,200,10000,"bu","11:29:37",4533700
12250,150,2000,"sd","11:29:24",4523700
12250,150,1000,"sd","11:29:23",4521700
12250,150,1000,"sd","11:29:23",4520700
12250,150,500,"sd","11:29:23",4519700
12250,150,800,"sd","11:29:23",4519200
12250,150,12600,"sd","11:29:23",4518400
12250,150,1000,"sd","11:29:23",4505800
12300,200,2600,"bu","11:29:08",4504800
12300,200,3000,"bu","11:28:36",4502200
12300,200,1000,"bu","11:28:09",4499200
12300,200,50000,"sd","11:27:44",4498200
12300,200,1000,"sd","11:27:44",4448200
12300,200,1000,"sd","11:27:44",4447200
12300,200,1000,"sd","11:27:44",4446200
12300,200,1000,"sd","11:27:44",4445200
12300,200,100,"sd","11:27:44",4444200
12300,200,2000,"sd","11:27:44",4444100
12300,200,100,"sd","11:27:44",4442100
12300,200,100,"sd","11:27:44",4442000
12300,200,1000,"sd","11:27:44",4441900
12300,200,25000,"sd","11:27:44",4440900
12300,200,300,"sd","11:27:44",4415900
12300,200,200,"sd","11:27:44",4415600
12300,200,5000,"sd","11:27:44",4415400
12300,200,1500,"sd","11:27:44",4410400
12300,200,300,"sd","11:27:44",4408900
12300,200,5000,"sd","11:27:44",4408600
12300,200,500,"sd","11:27:44",4403600
12300,200,100,"sd","11:27:44",4403100
12300,200,1000,"sd","11:27:44",4403000
12300,200,1000,"sd","11:27:44",4402000
12300,200,20000,"sd","11:27:44",4401000
12300,200,100,"sd","11:27:44",4381000
12300,200,5000,"sd","11:27:44",4380900
12300,200,100,"sd","11:27:44",4375900
12300,200,500,"sd","11:27:43",4375800
12300,200,400,"sd","11:27:18",4375300
12300,200,200,"sd","11:27:18",4374900
12300,200,1000,"sd","11:27:18",4374700
12300,200,1400,"sd","11:27:18",4373700
12300,200,3000,"sd","11:27:14",4372300
12300,200,1000,"sd","11:27:13",4369300
12300,200,100,"sd","11:27:02",4368300
12300,200,4500,"sd","11:27:01",4368200
12300,200,1000,"sd","11:27:01",4363700
12300,200,5000,"sd","11:27:01",4362700
12300,200,3000,"sd","11:27:01",4357700
12300,200,1000,"sd","11:27:01",4354700
12300,200,100,"sd","11:26:42",4353700
12350,250,300,"bu","11:26:31",4353600
12350,250,100,"bu","11:25:28",4353300
12350,250,100,"sd","11:24:09",4353200
12350,250,2600,"sd","11:24:09",4353100
12350,250,2000,"sd","11:24:01",4350500
12350,250,5000,"sd","11:23:55",4348500
12350,250,400,"bu","11:23:40",4343500
12300,200,900,"sd","11:23:38",4343100
12300,200,1100,"sd","11:23:38",4342200
12350,250,1000,"bu","11:23:05",4341100
12350,250,4000,"bu","11:22:50",4340100
12350,250,500,"bu","11:22:39",4336100
12300,200,300,"sd","11:22:30",4335600
12300,200,7100,"sd","11:22:20",4335300
12350,250,32900,"sd","11:22:20",4328200
12350,250,10000,"bu","11:22:17",4295300
12350,250,100,"bu","11:22:17",4285300
12350,250,800,"bu","11:22:17",4285200
12350,250,300,"bu","11:22:17",4284400
12350,250,100,"bu","11:22:17",4284100
12350,250,600,"bu","11:22:17",4284000
12350,250,1300,"bu","11:21:15",4283400
12350,250,500,"bu","11:21:09",4282100
12300,200,100,"sd","11:21:03",4281600
12300,200,2000,"sd","11:21:02",4281500
12350,250,600,"bu","11:20:55",4279500
12350,250,1000,"bu","11:20:28",4278900
12350,250,100,"bu","11:20:22",4277900
12350,250,100,"sd","11:20:13",4277800
12350,250,2500,"sd","11:20:13",4277700
12350,250,500,"sd","11:20:13",4275200
12350,250,1000,"sd","11:20:13",4274700
12350,250,200,"sd","11:20:13",4273700
12350,250,1000,"sd","11:20:13",4273500
12350,250,1000,"sd","11:20:13",4272500
12350,250,500,"sd","11:20:13",4271500
12350,250,100,"sd","11:20:13",4271000
12350,250,1000,"sd","11:20:13",4270900
12350,250,3000,"sd","11:20:13",4269900
12350,250,10000,"sd","11:20:13",4266900
12350,250,200,"sd","11:20:13",4256900
12350,250,200,"sd","11:20:13",4256700
12350,250,92900,"sd","11:20:13",4256500
12350,250,100,"sd","11:20:13",4163600
12350,250,4600,"sd","11:20:13",4163500
12350,250,100,"sd","11:20:12",4158900
12350,250,800,"sd","11:20:04",4158800
12350,250,6200,"sd","11:19:33",4158000
12350,250,1000,"sd","11:19:33",4151800
12350,250,200,"sd","11:19:33",4150800
12350,250,2000,"sd","11:19:33",4150600
12350,250,1000,"sd","11:19:33",4148600
12350,250,2000,"sd","11:19:33",4147600
12350,250,2600,"sd","11:19:33",4145600
12350,250,500,"sd","11:18:36",4143000
12400,300,100,"bu","11:18:26",4142500
12400,300,100,"bu","11:18:00",4142400
12400,300,500,"bu","11:18:00",4142300
12400,300,100,"bu","11:18:00",4141800
12400,300,100,"bu","11:18:00",4141700
12350,250,1100,"sd","11:17:06",4141600
12350,250,300,"sd","11:16:58",4140500
12350,250,500,"sd","11:16:57",4140200
12350,250,700,"sd","11:16:57",4139700
12350,250,100,"sd","11:16:38",4139000
12400,300,100,"bu","11:15:17",4138900
12400,300,100,"bu","11:15:17",4138800
12400,300,1000,"bu","11:14:35",4138700
12400,300,600,"bu","11:14:35",4137700
12400,300,400,"bu","11:14:35",4137100
12400,300,100,"bu","11:14:20",4136700
12400,300,900,"bu","11:14:20",4136600
12400,300,1000,"bu","11:13:17",4135700
12400,300,100,"sd","11:11:52",4134700
12400,300,100,"sd","11:11:42",4134600
12400,300,200,"sd","11:11:42",4134500
12400,300,1700,"sd","11:11:42",4134300
12400,300,500,"sd","11:11:32",4132600
12400,300,100,"sd","11:11:27",4132100
12400,300,200,"bu","11:11:09",4132000
12400,300,6000,"sd","11:11:00",4131800
12400,300,200,"sd","11:10:55",4125800
12400,300,3800,"sd","11:10:41",4125600
12400,300,1000,"sd","11:10:41",4121800
12400,300,5200,"sd","11:10:41",4120800
12400,300,200,"sd","11:10:29",4115600
12400,300,1500,"bu","11:10:11",4115400
12400,300,2100,"bu","11:10:11",4113900
12400,300,2900,"bu","11:09:46",4111800
12400,300,9100,"bu","11:09:46",4108900
12400,300,200,"bu","11:09:24",4099800
12400,300,300,"bu","11:09:19",4099600
12400,300,100,"bu","11:09:03",4099300
12400,300,100,"bu","11:08:29",4099200
12400,300,200,"bu","11:08:11",4099100
12450,350,500,"bu","11:07:27",4098900
12400,300,1000,"sd","11:07:24",4098400
12400,300,3000,"sd","11:07:24",4097400
12400,300,1000,"sd","11:07:24",4094400
12400,300,1100,"sd","11:07:24",4093400
12400,300,1000,"sd","11:07:13",4092300
12400,300,200,"sd","11:07:09",4091300
12400,300,8000,"sd","11:07:03",4091100
12400,300,2100,"sd","11:06:59",4083100
12400,300,100,"sd","11:06:49",4081000
12400,300,5000,"sd","11:06:43",4080900
12400,300,600,"sd","11:06:37",4075900
12400,300,100,"sd","11:06:35",4075300
12400,300,11800,"sd","11:06:33",4075200
12400,300,3200,"sd","11:06:33",4063400
12400,300,1500,"sd","11:06:17",4060200
12400,300,1500,"sd","11:06:17",4058700
12400,300,500,"sd","11:06:01",4057200
12400,300,1500,"sd","11:06:01",4056700
12400,300,5000,"sd","11:05:46",4055200
12400,300,100,"sd","11:05:44",4050200
12450,350,3000,"bu","11:05:43",4050100
12400,300,1000,"sd","11:05:37",4047100
12400,300,300,"sd","11:05:34",4046100
12450,350,1000,"bu","11:05:04",4045800
12400,300,100,"sd","11:04:43",4044800
12400,300,700,"sd","11:04:05",4044700
12450,350,200,"bu","11:03:53",4044000
12450,350,1000,"bu","11:03:53",4043800
12450,350,300,"bu","11:03:53",4042800
12400,300,200,"bu","11:03:41",4042500
12400,300,100,"bu","11:03:41",4042300
12400,300,1000,"bu","11:03:41",4042200
12400,300,100,"bu","11:03:41",4041200
12400,300,500,"bu","11:03:41",4041100
12400,300,3000,"bu","11:03:41",4040600
12400,300,400,"bu","11:03:41",4037600
12400,300,3000,"bu","11:03:41",4037200
12400,300,5000,"bu","11:03:41",4034200
12400,300,100,"bu","11:03:16",4029200
12400,300,200,"bu","11:01:59",4029100
12400,300,500,"bu","11:01:50",4028900
12400,300,2200,"bu","11:01:42",4028400
12400,300,10000,"bu","11:01:42",4026200
12400,300,1000,"bu","11:01:42",4016200
12400,300,100,"bu","11:01:42",4015200
12400,300,4700,"bu","11:01:42",4015100
12400,300,300,"sd","11:01:17",4010400
12400,300,700,"sd","11:01:17",4010100
12400,300,200,"sd","11:01:17",4009400
12400,300,100,"sd","11:01:17",4009200
12450,350,200,"bu","11:01:15",4009100
12400,300,900,"sd","11:01:14",4008900
12400,300,500,"sd","11:01:14",4008000
12400,300,800,"sd","11:01:14",4007500
12400,300,7800,"sd","11:01:14",4006700
12400,300,3000,"sd","11:01:13",3998900
12400,300,500,"sd","11:01:12",3995900
12400,300,300,"sd","11:01:12",3995400
12400,300,5000,"sd","11:01:11",3995100
12400,300,3000,"sd","11:00:58",3990100
12400,300,400,"sd","11:00:50",3987100
12400,300,2000,"sd","11:00:50",3986700
12400,300,2000,"sd","11:00:50",3984700
12400,300,500,"sd","11:00:50",3982700
12400,300,100,"sd","11:00:50",3982200
12400,300,1000,"sd","11:00:49",3982100
12400,300,100,"sd","11:00:38",3981100
12400,300,500,"sd","11:00:33",3981000
12400,300,100,"sd","11:00:21",3980500
12400,300,200,"sd","11:00:19",3980400
12400,300,100,"sd","11:00:18",3980200
12400,300,2000,"sd","11:00:16",3980100
12400,300,1000,"sd","11:00:16",3978100
12400,300,1000,"sd","11:00:16",3977100
12400,300,1000,"sd","11:00:16",3976100
12400,300,100,"sd","10:59:52",3975100
12400,300,5000,"sd","10:59:35",3975000
12450,350,100,"bu","10:59:24",3970000
12450,350,100,"sd","10:58:54",3969900
12450,350,200,"sd","10:58:54",3969800
12450,350,200,"sd","10:58:54",3969600
12450,350,100,"sd","10:58:54",3969400
12450,350,100,"sd","10:58:54",3969300
12450,350,1000,"sd","10:58:54",3969200
12450,350,2700,"sd","10:58:54",3968200
12450,350,1000,"sd","10:58:52",3965500
12450,350,300,"sd","10:58:42",3964500
12450,350,1500,"sd","10:58:25",3964200
12450,350,500,"sd","10:58:18",3962700
12450,350,3000,"bu","10:58:16",3962200
12450,350,5000,"bu","10:58:16",3959200
12450,350,500,"bu","10:58:16",3954200
12450,350,1000,"bu","10:58:16",3953700
12450,350,1000,"bu","10:58:16",3952700
12450,350,1000,"bu","10:58:16",3951700
12450,350,2000,"bu","10:58:16",3950700
12450,350,500,"bu","10:58:16",3948700
12450,350,300,"bu","10:58:16",3948200
12450,350,100,"bu","10:58:16",3947900
12450,350,1000,"bu","10:58:16",3947800
12450,350,5000,"bu","10:58:16",3946800
12450,350,200,"bu","10:58:16",3941800
12450,350,200,"bu","10:58:16",3941600
12450,350,1200,"bu","10:58:16",3941400
12400,300,1000,"sd","10:58:10",3940200
12450,350,2000,"bu","10:58:04",3939200
12450,350,100,"bu","10:58:02",3937200
12450,350,200,"bu","10:57:54",3937100
12450,350,5000,"bu","10:57:54",3936900
12450,350,4800,"bu","10:57:54",3931900
12450,350,1000,"bu","10:57:44",3927100
12450,350,500,"bu","10:57:44",3926100
12450,350,200,"bu","10:57:44",3925600
12450,350,1600,"bu","10:57:44",3925400
12450,350,3000,"bu","10:57:44",3923800
12450,350,5000,"bu","10:57:44",3920800
12450,350,8500,"bu","10:57:44",3915800
12450,350,200,"bu","10:57:44",3907300
12400,300,200,"sd","10:57:42",3907100
12400,300,5000,"sd","10:56:54",3906900
12400,300,300,"sd","10:56:46",3901900
12400,300,3000,"sd","10:56:32",3901600
12400,300,1000,"sd","10:56:31",3898600
12450,350,1500,"bu","10:56:23",3897600
12450,350,100,"bu","10:56:23",3896100
12450,350,400,"bu","10:56:23",3896000
12400,300,5500,"bu","10:55:28",3895600
12400,300,400,"bu","10:55:24",3890100
12400,300,1000,"bu","10:55:18",3889700
12400,300,5600,"bu","10:55:14",3888700
12400,300,100,"bu","10:55:14",3883100
12400,300,1400,"bu","10:55:14",3883000
12400,300,2900,"bu","10:55:14",3881600
12400,300,500,"bu","10:55:13",3878700
12400,300,3000,"bu","10:54:57",3878200
12400,300,2600,"sd","10:54:50",3875200
12400,300,1000,"sd","10:54:50",3872600
12400,300,300,"bu","10:54:27",3871600
12400,300,500,"bu","10:54:27",3871300
12400,300,1000,"bu","10:54:27",3870800
12400,300,1500,"bu","10:54:27",3869800
12400,300,14100,"bu","10:54:27",3868300
12400,300,100,"bu","10:54:23",3854200
12400,300,700,"bu","10:54:19",3854100
12400,300,800,"bu","10:54:18",3853400
12400,300,500,"bu","10:54:09",3852600
12400,300,100,"bu","10:54:01",3852100
12400,300,200,"sd","10:53:53",3852000
12400,300,100,"sd","10:53:53",3851800
12400,300,600,"sd","10:53:53",3851700
12400,300,200,"sd","10:53:53",3851100
12400,300,1000,"sd","10:53:53",3850900
12400,300,100,"sd","10:53:53",3849900
12400,300,200,"sd","10:53:52",3849800
12400,300,100,"sd","10:53:52",3849600
12400,300,1000,"sd","10:53:52",3849500
12400,300,200,"sd","10:53:52",3848500
12400,300,1000,"sd","10:53:52",3848300
12400,300,1000,"sd","10:53:52",3847300
12450,350,1000,"bu","10:53:45",3846300
12400,300,300,"sd","10:53:24",3845300
12450,350,5600,"bu","10:53:00",3845000
12450,350,500,"bu","10:53:00",3839400
12450,350,200,"bu","10:53:00",3838900
12450,350,500,"bu","10:53:00",3838700
12450,350,4500,"bu","10:53:00",3838200
12450,350,200,"bu","10:52:34",3833700
12450,350,5000,"bu","10:52:22",3833500
12450,350,100,"sd","10:52:17",3828500
12450,350,200,"sd","10:52:17",3828400
12450,350,800,"bu","10:52:12",3828200
12400,300,200,"sd","10:52:11",3827400
12400,300,1000,"sd","10:52:11",3827200
12400,300,1000,"sd","10:52:11",3826200
12400,300,1000,"sd","10:52:11",3825200
12400,300,1500,"sd","10:52:11",3824200
12400,300,11000,"sd","10:52:11",3822700
12400,300,10000,"sd","10:52:11",3811700
12400,300,100,"sd","10:52:11",3801700
12400,300,3000,"sd","10:52:11",3801600
12400,300,200,"sd","10:52:11",3798600
12400,300,1000,"sd","10:52:11",3798400
12400,300,1000,"sd","10:52:11",3797400
12400,300,3000,"sd","10:52:11",3796400
12400,300,3000,"sd","10:52:11",3793400
12400,300,2000,"sd","10:52:11",3790400
12400,300,1000,"sd","10:52:11",3788400
12450,350,1100,"bu","10:52:10",3787400
12450,350,300,"bu","10:52:10",3786300
12450,350,200,"bu","10:52:10",3786000
12450,350,2000,"bu","10:52:10",3785800
12450,350,2400,"bu","10:52:10",3783800
12450,350,2000,"bu","10:51:57",3781400
12450,350,100,"bu","10:51:55",3779400
12450,350,1000,"bu","10:51:40",3779300
12450,350,100,"bu","10:51:20",3778300
12450,350,5000,"bu","10:51:19",3778200
12450,350,4800,"bu","10:51:17",3773200
12450,350,10000,"sd","10:51:15",3768400
12450,350,1400,"sd","10:51:15",3758400
12450,350,2500,"sd","10:51:15",3757000
12450,350,200,"sd","10:51:15",3754500
12450,350,5000,"sd","10:51:15",3754300
12450,350,200,"sd","10:51:15",3749300
12450,350,300,"sd","10:51:15",3749100
12500,400,10000,"bu","10:51:11",3748800
12450,350,300,"sd","10:50:57",3738800
12500,400,500,"bu","10:50:54",3738500
12500,400,10000,"bu","10:50:44",3738000
12450,350,500,"sd","10:50:39",3728000
12500,400,20000,"bu","10:50:33",3727500
12450,350,100,"sd","10:50:33",3707500
12450,350,1000,"sd","10:50:28",3707400
12450,350,500,"sd","10:50:25",3706400
12450,350,500,"sd","10:50:13",3705900
12450,350,100,"sd","10:50:09",3705400
12450,350,3000,"sd","10:50:09",3705300
12450,350,500,"sd","10:50:09",3702300
12450,350,1000,"sd","10:50:09",3701800
12450,350,1400,"sd","10:50:09",3700800
12450,350,2000,"sd","10:50:03",3699400
12450,350,300,"sd","10:50:00",3697400
12450,350,10000,"sd","10:50:00",3697100
12450,350,5000,"sd","10:49:48",3687100
12450,350,1300,"sd","10:49:48",3682100
12450,350,100,"sd","10:49:48",3680800
12450,350,1000,"sd","10:49:48",3680700
12450,350,1600,"sd","10:49:48",3679700
12500,400,10000,"bu","10:49:47",3678100
12450,350,500,"sd","10:49:41",3668100
12450,350,1000,"sd","10:49:39",3667600
12450,350,10000,"sd","10:49:35",3666600
12450,350,9000,"sd","10:49:32",3656600
12450,350,5000,"sd","10:49:28",3647600
12500,400,500,"bu","10:49:01",3642600
12450,350,400,"sd","10:49:00",3642100
12450,350,500,"bu","10:48:59",3641700
12450,350,2000,"bu","10:48:59",3641200
12450,350,100,"bu","10:48:48",3639200
12450,350,10000,"bu","10:48:47",3639100
12450,350,500,"bu","10:48:44",3629100
12450,350,1400,"sd","10:48:44",3628600
12450,350,3600,"sd","10:48:42",3627200
12450,350,2000,"sd","10:48:42",3623600
12450,350,4000,"sd","10:48:42",3621600
12450,350,400,"sd","10:48:42",3617600
12500,400,20000,"bu","10:48:39",3617200
12450,350,600,"sd","10:48:36",3597200
12450,350,1000,"sd","10:48:36",3596600
12450,350,900,"sd","10:48:36",3595600
12450,350,1000,"sd","10:48:36",3594700
12450,350,3500,"sd","10:48:36",3593700
12500,400,100,"bu","10:48:34",3590200
12500,400,100,"bu","10:48:29",3590100
12500,400,5000,"bu","10:48:27",3590000
12500,400,700,"bu","10:48:27",3585000
12500,400,2000,"sd","10:48:27",3584300
12500,400,800,"sd","10:48:27",3582300
12500,400,1000,"sd","10:48:27",3581500
12500,400,40000,"sd","10:48:27",3580500
12500,400,900,"sd","10:48:27",3540500
12500,400,3000,"sd","10:48:27",3539600
12500,400,500,"sd","10:48:27",3536600
12500,400,12400,"sd","10:48:27",3536100
12550,450,1000,"bu","10:48:22",3523700
12550,450,600,"sd","10:48:19",3522700
12550,450,400,"sd","10:48:17",3522100
12550,450,1600,"sd","10:48:17",3521700
12550,450,800,"sd","10:48:16",3520100
12550,450,4200,"sd","10:48:16",3519300
12550,450,10000,"sd","10:48:13",3515100
12550,450,12900,"bu","10:48:11",3505100
12550,450,22900,"bu","10:48:11",3492200
12550,450,1000,"sd","10:48:09",3469300
12550,450,600,"sd","10:48:09",3468300
12550,450,5000,"sd","10:48:09",3467700
12550,450,4000,"sd","10:48:09",3462700
12550,450,2000,"sd","10:48:09",3458700
12550,450,18200,"sd","10:48:09",3456700
12550,450,10000,"sd","10:48:09",3438500
12550,450,1800,"sd","10:48:06",3428500
12550,450,1000,"sd","10:48:06",3426700
12550,450,200,"sd","10:48:06",3425700
12550,450,4500,"sd","10:48:06",3425500
12550,450,2200,"sd","10:48:05",3421000
12550,450,500,"sd","10:48:04",3418800
12550,450,100,"sd","10:48:02",3418300
12550,450,1000,"sd","10:48:01",3418200
12550,450,2500,"sd","10:48:00",3417200
12550,450,1000,"sd","10:47:55",3414700
12600,500,3400,"bu","10:47:54",3413700
12600,500,500,"bu","10:47:54",3410300
12600,500,2000,"bu","10:47:54",3409800
12600,500,300,"bu","10:47:54",3407800
12600,500,500,"bu","10:47:54",3407500
12600,500,200,"bu","10:47:54",3407000
