"price","change","match_qtty","side","time","total_vol"
16100,-650,1414400,"unknown","14:45:01",35806100
16250,-500,100,"sd","14:29:58",34391700
16250,-500,3100,"sd","14:29:58",34391600
16250,-500,900,"sd","14:29:58",34388500
16300,-450,2000,"bu","14:29:57",34387600
16300,-450,1000,"bu","14:29:56",34385600
16250,-500,1100,"sd","14:29:54",34384600
16250,-500,2000,"sd","14:29:54",34383500
16250,-500,100,"sd","14:29:54",34381500
16250,-500,2000,"sd","14:29:54",34381400
16250,-500,1000,"sd","14:29:54",34379400
16250,-500,1000,"sd","14:29:54",34378400
16250,-500,500,"sd","14:29:54",34377400
16250,-500,1000,"sd","14:29:54",34376900
16250,-500,1000,"sd","14:29:54",34375900
16250,-500,2500,"sd","14:29:54",34374900
16250,-500,200,"sd","14:29:54",34372400
16250,-500,1000,"sd","14:29:54",34372200
16250,-500,200,"sd","14:29:54",34371200
16250,-500,1000,"sd","14:29:54",34371000
16250,-500,500,"sd","14:29:54",34370000
16250,-500,100,"sd","14:29:54",34369500
16250,-500,1000,"sd","14:29:54",34369400
16250,-500,100,"sd","14:29:54",34368400
16250,-500,200,"sd","14:29:54",34368300
16250,-500,3000,"sd","14:29:54",34368100
16250,-500,10000,"sd","14:29:54",34365100
16250,-500,10000,"sd","14:29:54",34355100
16250,-500,2000,"sd","14:29:54",34345100
16250,-500,500,"sd","14:29:54",34343100
16250,-500,1000,"sd","14:29:54",34342600
16250,-500,7000,"sd","14:29:54",34341600
16250,-500,700,"sd","14:29:54",34334600
16300,-450,900,"bu","14:29:52",34333900
16300,-450,600,"bu","14:29:52",34333000
16300,-450,7000,"bu","14:29:52",34332400
16300,-450,100,"bu","14:29:52",34325400
16300,-450,1500,"bu","14:29:52",34325300
16300,-450,500,"bu","14:29:52",34323800
16300,-450,1000,"bu","14:29:52",34323300
16300,-450,1000,"bu","14:29:52",34322300
16300,-450,5000,"bu","14:29:52",34321300
16300,-450,4000,"bu","14:29:52",34316300
16250,-500,1000,"sd","14:29:51",34312300
16250,-500,1200,"sd","14:29:50",34311300
16250,-500,1800,"sd","14:29:50",34310100
16250,-500,400,"sd","14:29:50",34308300
16250,-500,200,"sd","14:29:50",34307900
16250,-500,1100,"sd","14:29:50",34307700
16250,-500,800,"sd","14:29:50",34306600
16250,-500,100,"sd","14:29:50",34305800
16250,-500,6800,"sd","14:29:50",34305700
16250,-500,500,"sd","14:29:49",34298900
16250,-500,2000,"sd","14:29:48",34298400
16250,-500,700,"sd","14:29:46",34296400
16250,-500,1000,"sd","14:29:46",34295700
16250,-500,5000,"sd","14:29:46",34294700
16250,-500,900,"sd","14:29:46",34289700
16250,-500,1000,"sd","14:29:46",34288800
16250,-500,100,"sd","14:29:46",34287800
16250,-500,1800,"sd","14:29:46",34287700
16300,-450,200,"bu","14:29:46",34285900
16250,-500,1300,"sd","14:29:43",34285700
16300,-450,900,"bu","14:29:38",34284400
16250,-500,900,"sd","14:29:34",34283500
16250,-500,100,"sd","14:29:34",34282600
16250,-500,1000,"sd","14:29:34",34282500
16300,-450,400,"bu","14:29:33",34281500
16300,-450,100,"bu","14:29:32",34281100
16250,-500,1000,"sd","14:29:31",34281000
16300,-450,200,"bu","14:29:29",34280000
16250,-500,300,"sd","14:29:29",34279800
16250,-500,500,"sd","14:29:28",34279500
16250,-500,200,"sd","14:29:28",34279000
16250,-500,300,"sd","14:29:28",34278800
16250,-500,2000,"sd","14:29:28",34278500
16300,-450,4200,"bu","14:29:26",34276500
16300,-450,800,"bu","14:29:26",34272300
16300,-450,200,"bu","14:29:23",34271500
16300,-450,200,"bu","14:29:23",34271300
16300,-450,300,"bu","14:29:21",34271100
16300,-450,1500,"bu","14:29:21",34270800
16300,-450,300,"bu","14:29:21",34269300
16250,-500,3700,"sd","14:29:21",34269000
16300,-450,2900,"bu","14:29:21",34265300
16250,-500,3300,"sd","14:29:21",34262400
16300,-450,200,"bu","14:29:20",34259100
16250,-500,300,"sd","14:29:18",34258900
16300,-450,200,"bu","14:29:12",34258600
16250,-500,500,"sd","14:29:09",34258400
16250,-500,400,"sd","14:29:08",34257900
16250,-500,200,"sd","14:29:08",34257500
16250,-500,2000,"sd","14:29:06",34257300
16300,-450,200,"bu","14:29:01",34255300
16250,-500,1000,"sd","14:29:01",34255100
16250,-500,300,"sd","14:28:58",34254100
16250,-500,500,"sd","14:28:58",34253800
16250,-500,200,"sd","14:28:57",34253300
16250,-500,1300,"bu","14:28:57",34253100
16250,-500,10000,"bu","14:28:57",34251800
16200,-550,300,"sd","14:28:56",34241800
16300,-450,1000,"bu","14:28:55",34241500
16200,-550,16300,"sd","14:28:54",34240500
16250,-500,900,"sd","14:28:54",34224200
16250,-500,300,"sd","14:28:54",34223300
16250,-500,200,"sd","14:28:54",34223000
16250,-500,100,"sd","14:28:54",34222800
16250,-500,2900,"sd","14:28:54",34222700
16250,-500,400,"sd","14:28:53",34219800
16300,-450,500,"bu","14:28:53",34219400
16300,-450,2500,"bu","14:28:53",34218900
16250,-500,1000,"sd","14:28:52",34216400
16250,-500,3600,"sd","14:28:51",34215400
16300,-450,100,"bu","14:28:51",34211800
16250,-500,500,"sd","14:28:50",34211700
16250,-500,5000,"sd","14:28:49",34211200
16300,-450,1000,"bu","14:28:49",34206200
16250,-500,200,"sd","14:28:49",34205200
16300,-450,4900,"bu","14:28:46",34205000
16300,-450,1000,"bu","14:28:46",34200100
16300,-450,500,"bu","14:28:46",34199100
16300,-450,5600,"bu","14:28:46",34198600
16250,-500,6400,"sd","14:28:46",34193000
16250,-500,900,"sd","14:28:46",34186600
16250,-500,200,"sd","14:28:46",34185700
16250,-500,1000,"sd","14:28:46",34185500
16250,-500,500,"sd","14:28:46",34184500
16250,-500,700,"sd","14:28:45",34184000
16250,-500,1000,"sd","14:28:45",34183300
16300,-450,2000,"bu","14:28:44",34182300
16250,-500,2800,"sd","14:28:43",34180300
16250,-500,27000,"sd","14:28:43",34177500
16300,-450,2400,"bu","14:28:42",34150500
16300,-450,2000,"bu","14:28:42",34148100
16300,-450,1000,"bu","14:28:42",34146100
16300,-450,100,"bu","14:28:42",34145100
16300,-450,200,"bu","14:28:42",34145000
16250,-500,700,"sd","14:28:40",34144800
16250,-500,400,"sd","14:28:38",34144100
16300,-450,1500,"bu","14:28:36",34143700
16250,-500,100,"sd","14:28:36",34142200
16250,-500,300,"sd","14:28:34",34142100
16250,-500,1500,"sd","14:28:34",34141800
16300,-450,8200,"bu","14:28:31",34140300
16300,-450,1000,"bu","14:28:31",34132100
16300,-450,800,"bu","14:28:31",34131100
16200,-550,1000,"sd","14:28:31",34130300
16300,-450,500,"bu","14:28:31",34129300
16200,-550,700,"sd","14:28:31",34128800
16200,-550,200,"sd","14:28:31",34128100
16250,-500,100,"sd","14:28:31",34127900
16300,-450,1000,"bu","14:28:28",34127800
16200,-550,2000,"sd","14:28:28",34126800
16200,-550,2400,"sd","14:28:28",34124800
16250,-500,500,"unknown","14:28:28",34122400
16250,-500,300,"unknown","14:28:28",34121900
16250,-500,500,"unknown","14:28:28",34121600
16250,-500,1000,"unknown","14:28:28",34121100
16250,-500,300,"sd","14:28:28",34120100
16250,-500,100,"sd","14:28:28",34119800
16250,-500,100,"sd","14:28:28",34119700
16250,-500,10000,"sd","14:28:28",34119600
16250,-500,2000,"sd","14:28:28",34109600
16250,-500,100,"sd","14:28:28",34107600
16250,-500,5000,"sd","14:28:28",34107500
16200,-550,300,"sd","14:28:28",34102500
16250,-500,10000,"sd","14:28:28",34102200
16250,-500,100,"sd","14:28:28",34092200
16250,-500,100,"sd","14:28:28",34092100
16250,-500,200,"sd","14:28:28",34092000
16250,-500,500,"sd","14:28:28",34091800
16250,-500,300,"sd","14:28:28",34091300
16250,-500,500,"sd","14:28:28",34091000
16250,-500,500,"sd","14:28:27",34090500
16250,-500,200,"sd","14:28:27",34090000
16250,-500,3000,"sd","14:28:27",34089800
16250,-500,700,"sd","14:28:27",34086800
16250,-500,4000,"sd","14:28:27",34086100
16250,-500,200,"sd","14:28:27",34082100
16250,-500,100,"sd","14:28:27",34081900
16250,-500,500,"sd","14:28:27",34081800
16250,-500,4500,"sd","14:28:27",34081300
16300,-450,2400,"bu","14:28:25",34076800
16300,-450,100,"sd","14:28:25",34074400
16300,-450,500,"sd","14:28:24",34074300
16300,-450,100,"sd","14:28:24",34073800
16300,-450,100,"sd","14:28:24",34073700
16300,-450,300,"sd","14:28:24",34073600
16300,-450,2200,"sd","14:28:24",34073300
16300,-450,500,"sd","14:28:22",34071100
16350,-400,1000,"bu","14:28:20",34070600
16350,-400,100,"bu","14:28:19",34069600
16350,-400,200,"bu","14:28:19",34069500
16300,-450,2000,"sd","14:28:16",34069300
16300,-450,300,"sd","14:28:16",34067300
16300,-450,3000,"sd","14:28:16",34067000
16300,-450,1000,"sd","14:28:16",34064000
16300,-450,500,"sd","14:28:16",34063000
16300,-450,1300,"sd","14:28:16",34062500
16300,-450,5000,"sd","14:28:16",34061200
16300,-450,100,"sd","14:28:16",34056200
16300,-450,300,"sd","14:28:16",34056100
16300,-450,1000,"sd","14:28:16",34055800
16300,-450,200,"sd","14:28:16",34054800
16300,-450,1000,"sd","14:28:16",34054600
16300,-450,4000,"sd","14:28:16",34053600
16300,-450,500,"sd","14:28:16",34049600
16300,-450,1000,"sd","14:28:16",34049100
16300,-450,5000,"sd","14:28:16",34048100
16300,-450,600,"sd","14:28:16",34043100
16300,-450,4500,"sd","14:28:16",34042500
16300,-450,100,"sd","14:28:16",34038000
16300,-450,1000,"sd","14:28:16",34037900
16300,-450,200,"sd","14:28:16",34036900
16300,-450,1000,"sd","14:28:16",34036700
16300,-450,36700,"sd","14:28:16",34035700
16300,-450,600,"sd","14:28:16",33999000
16300,-450,500,"sd","14:28:16",33998400
16300,-450,100,"sd","14:28:16",33997900
16300,-450,100,"sd","14:28:16",33997800
16300,-450,5000,"sd","14:28:16",33997700
16300,-450,200,"sd","14:28:16",33992700
16300,-450,2000,"sd","14:28:16",33992500
16300,-450,200,"sd","14:28:16",33990500
16300,-450,21000,"sd","14:28:16",33990300
16350,-400,20000,"sd","14:28:15",33969300
16350,-400,300,"sd","14:28:15",33949300
16350,-400,300,"sd","14:28:15",33949000
16350,-400,8700,"sd","14:28:15",33948700
16350,-400,10000,"sd","14:28:14",33940000
16350,-400,1300,"sd","14:28:11",33930000
16350,-400,1000,"sd","14:28:11",33928700
16350,-400,1000,"sd","14:28:11",33927700
16350,-400,100,"sd","14:28:11",33926700
16350,-400,1500,"sd","14:28:11",33926600
16350,-400,100,"sd","14:28:11",33925100
16350,-400,900,"sd","14:28:11",33925000
16350,-400,100,"sd","14:28:11",33924100
16350,-400,300,"sd","14:28:11",33924000
16350,-400,100,"sd","14:28:11",33923700
16350,-400,8600,"sd","14:28:11",33923600
16350,-400,1400,"sd","14:28:07",33915000
16350,-400,1800,"sd","14:28:07",33913600
16350,-400,1000,"sd","14:28:07",33911800
16350,-400,100,"sd","14:28:07",33910800
16350,-400,200,"sd","14:28:07",33910700
16350,-400,100,"sd","14:28:07",33910500
16350,-400,2400,"sd","14:28:07",33910400
16350,-400,100,"sd","14:28:05",33908000
16350,-400,2500,"sd","14:28:02",33907900
16350,-400,300,"sd","14:28:02",33905400
16350,-400,400,"sd","14:28:02",33905100
16350,-400,300,"sd","14:28:02",33904700
16350,-400,8200,"sd","14:28:01",33904400
16350,-400,300,"sd","14:28:01",33896200
16350,-400,1000,"sd","14:28:01",33895900
16350,-400,500,"sd","14:28:01",33894900
16350,-400,500,"sd","14:28:01",33894400
16400,-350,20000,"sd","14:28:01",33893900
16400,-350,100,"sd","14:28:01",33873900
16400,-350,2000,"sd","14:28:01",33873800
16400,-350,300,"sd","14:28:01",33871800
16400,-350,5000,"sd","14:28:01",33871500
16400,-350,6700,"sd","14:28:01",33866500
16400,-350,2500,"sd","14:28:01",33859800
16400,-350,100,"sd","14:28:01",33857300
16400,-350,1000,"sd","14:28:01",33857200
16400,-350,1000,"sd","14:28:01",33856200
16400,-350,800,"sd","14:28:01",33855200
16450,-300,1000,"bu","14:28:01",33854400
16400,-350,200,"sd","14:27:59",33853400
16400,-350,800,"sd","14:27:59",33853200
16400,-350,1000,"sd","14:27:56",33852400
16400,-350,200,"sd","14:27:55",33851400
16400,-350,100,"sd","14:27:55",33851200
16400,-350,1000,"sd","14:27:55",33851100
16400,-350,1000,"sd","14:27:55",33850100
16400,-350,1700,"sd","14:27:55",33849100
16400,-350,8300,"sd","14:27:54",33847400
16400,-350,1500,"sd","14:27:54",33839100
16400,-350,500,"sd","14:27:54",33837600
16400,-350,300,"sd","14:27:54",33837100
16400,-350,100,"sd","14:27:54",33836800
16400,-350,1000,"sd","14:27:54",33836700
16400,-350,2600,"sd","14:27:54",33835700
16450,-300,1000,"sd","14:27:53",33833100
16400,-350,300,"sd","14:27:53",33832100
16450,-300,700,"sd","14:27:53",33831800
16450,-300,200,"unknown","14:27:53",33831100
16400,-350,1100,"sd","14:27:51",33830900
16400,-350,1000,"sd","14:27:50",33829800
16400,-350,3900,"sd","14:27:50",33828800
16450,-300,17600,"sd","14:27:50",33824900
16450,-300,200,"bu","14:27:49",33807300
16450,-300,700,"bu","14:27:49",33807100
16450,-300,1500,"bu","14:27:49",33806400
16450,-300,500,"bu","14:27:48",33804900
16450,-300,300,"bu","14:27:48",33804400
16450,-300,5000,"sd","14:27:47",33804100
16450,-300,2700,"sd","14:27:47",33799100
16450,-300,100,"sd","14:27:47",33796400
16450,-300,600,"sd","14:27:47",33796300
16500,-250,1000,"bu","14:27:47",33795700
16450,-300,800,"sd","14:27:47",33794700
16450,-300,15800,"sd","14:27:46",33793900
16450,-300,100,"sd","14:27:46",33778100
16450,-300,200,"sd","14:27:46",33778000
16450,-300,1000,"sd","14:27:46",33777800
16450,-300,1000,"sd","14:27:46",33776800
16450,-300,600,"sd","14:27:46",33775800
16450,-300,1000,"sd","14:27:46",33775200
16450,-300,700,"sd","14:27:46",33774200
16450,-300,100,"sd","14:27:46",33773500
16450,-300,1000,"sd","14:27:46",33773400
16450,-300,300,"sd","14:27:46",33772400
16450,-300,3000,"sd","14:27:46",33772100
16450,-300,500,"sd","14:27:46",33769100
16450,-300,1000,"sd","14:27:46",33768600
16450,-300,500,"sd","14:27:46",33767600
16450,-300,500,"sd","14:27:46",33767100
16450,-300,500,"sd","14:27:45",33766600
16500,-250,1000,"bu","14:27:45",33766100
16450,-300,600,"sd","14:27:45",33765100
16500,-250,1000,"bu","14:27:44",33764500
16450,-300,1900,"sd","14:27:43",33763500
16450,-300,100,"sd","14:27:43",33761600
16500,-250,100,"bu","14:27:43",33761500
16500,-250,400,"bu","14:27:42",33761400
16500,-250,900,"bu","14:27:42",33761000
16500,-250,1600,"bu","14:27:42",33760100
16500,-250,2000,"bu","14:27:41",33758500
16500,-250,500,"bu","14:27:39",33756500
16500,-250,300,"bu","14:27:36",33756000
16500,-250,12200,"bu","14:27:35",33755700
16500,-250,600,"bu","14:27:35",33743500
16500,-250,5500,"bu","14:27:35",33742900
16500,-250,500,"bu","14:27:35",33737400
16500,-250,300,"bu","14:27:35",33736900
16500,-250,900,"bu","14:27:35",33736600
16500,-250,100,"bu","14:27:33",33735700
16500,-250,3000,"bu","14:27:33",33735600
16500,-250,100,"sd","14:27:33",33732600
16500,-250,600,"sd","14:27:32",33732500
16500,-250,100,"sd","14:27:32",33731900
16500,-250,100,"sd","14:27:32",33731800
16500,-250,200,"sd","14:27:32",33731700
16500,-250,1000,"sd","14:27:32",33731500
16500,-250,6000,"sd","14:27:32",33730500
16500,-250,2000,"sd","14:27:32",33724500
16500,-250,2000,"sd","14:27:32",33722500
16500,-250,200,"sd","14:27:32",33720500
16500,-250,2400,"sd","14:27:32",33720300
16500,-250,3000,"sd","14:27:32",33717900
16500,-250,6800,"sd","14:27:32",33714900
16500,-250,1000,"sd","14:27:32",33708100
16500,-250,1900,"sd","14:27:32",33707100
16500,-250,8100,"sd","14:27:32",33705200
16500,-250,1900,"sd","14:27:31",33697100
16500,-250,100,"sd","14:27:31",33695200
16500,-250,2900,"sd","14:27:31",33695100
16500,-250,100,"sd","14:27:31",33692200
16500,-250,1000,"sd","14:27:31",33692100
16500,-250,1200,"sd","14:27:31",33691100
16500,-250,300,"sd","14:27:31",33689900
16500,-250,300,"sd","14:27:31",33689600
16500,-250,3000,"sd","14:27:31",33689300
16500,-250,1800,"sd","14:27:31",33686300
16500,-250,600,"sd","14:27:30",33684500
16500,-250,25600,"sd","14:27:30",33683900
16500,-250,100,"sd","14:27:30",33658300
16500,-250,10000,"sd","14:27:30",33658200
16500,-250,3000,"sd","14:27:30",33648200
16500,-250,2000,"sd","14:27:30",33645200
16500,-250,200,"sd","14:27:30",33643200
16500,-250,100,"sd","14:27:30",33643000
16550,-200,100,"bu","14:27:29",33642900
16500,-250,400,"sd","14:27:28",33642800
16500,-250,1000,"sd","14:27:28",33642400
16500,-250,1600,"sd","14:27:28",33641400
16500,-250,8400,"sd","14:27:28",33639800
16500,-250,11600,"sd","14:27:28",33631400
16500,-250,1800,"sd","14:27:27",33619800
16500,-250,2000,"sd","14:27:26",33618000
16500,-250,3000,"sd","14:27:26",33616000
16500,-250,1600,"sd","14:27:26",33613000
16500,-250,400,"sd","14:27:26",33611400
16500,-250,600,"sd","14:27:25",33611000
16500,-250,4400,"sd","14:27:25",33610400
16500,-250,200,"sd","14:27:24",33606000
16500,-250,1000,"sd","14:27:24",33605800
16500,-250,200,"sd","14:27:24",33604800
16550,-200,600,"bu","14:27:21",33604600
16550,-200,100,"bu","14:27:21",33604000
16550,-200,100,"bu","14:27:21",33603900
16550,-200,4700,"bu","14:27:21",33603800
16550,-200,100,"bu","14:27:21",33599100
16550,-200,1100,"bu","14:27:21",33599000
16550,-200,100,"bu","14:27:21",33597900
16550,-200,100,"bu","14:27:21",33597800
16550,-200,100,"bu","14:27:21",33597700
16550,-200,100,"bu","14:27:21",33597600
16550,-200,5000,"bu","14:27:21",33597500
16550,-200,2000,"bu","14:27:21",33592500
16550,-200,200,"bu","14:27:21",33590500
16550,-200,300,"bu","14:27:21",33590300
16550,-200,1400,"bu","14:27:21",33590000
16500,-250,2000,"sd","14:27:20",33588600
16500,-250,5000,"sd","14:27:20",33586600
16500,-250,2200,"sd","14:27:19",33581600
16500,-250,700,"sd","14:27:19",33579400
16500,-250,500,"sd","14:27:18",33578700
16500,-250,500,"sd","14:27:18",33578200
16500,-250,800,"sd","14:27:18",33577700
16500,-250,14400,"sd","14:27:18",33576900
16500,-250,2900,"sd","14:27:18",33562500
16500,-250,500,"sd","14:27:18",33559600
16500,-250,100,"sd","14:27:18",33559100
16500,-250,100,"sd","14:27:18",33559000
16500,-250,1300,"sd","14:27:18",33558900
16500,-250,1500,"sd","14:27:18",33557600
16500,-250,1500,"sd","14:27:18",33556100
16500,-250,200,"sd","14:27:18",33554600
16500,-250,100,"sd","14:27:18",33554400
16500,-250,200,"sd","14:27:18",33554300
16500,-250,1000,"sd","14:27:18",33554100
16500,-250,200,"sd","14:27:18",33553100
16500,-250,3800,"sd","14:27:17",33552900
16500,-250,5000,"sd","14:27:16",33549100
16550,-200,100,"bu","14:27:15",33544100
16550,-200,600,"bu","14:27:15",33544000
16550,-200,400,"bu","14:27:15",33543400
16550,-200,600,"bu","14:27:14",33543000
16550,-200,400,"bu","14:27:14",33542400
16550,-200,300,"bu","14:27:12",33542000
16550,-200,300,"bu","14:27:11",33541700
16550,-200,200,"bu","14:27:11",33541400
16550,-200,100,"bu","14:27:10",33541200
16550,-200,2000,"bu","14:27:09",33541100
16550,-200,2700,"bu","14:27:08",33539100
16550,-200,2900,"bu","14:27:08",33536400
16550,-200,3400,"bu","14:27:08",33533500
16550,-200,20000,"bu","14:27:08",33530100
16550,-200,100,"bu","14:27:06",33510100
16550,-200,200,"sd","14:27:05",33510000
16550,-200,100,"sd","14:27:05",33509800
16550,-200,500,"sd","14:27:05",33509700
16550,-200,1000,"sd","14:27:05",33509200
16550,-200,1000,"sd","14:27:05",33508200
16550,-200,3000,"sd","14:27:05",33507200
16550,-200,3000,"sd","14:27:05",33504200
16550,-200,2200,"sd","14:27:05",33501200
16550,-200,1000,"sd","14:27:05",33499000
16550,-200,100,"sd","14:27:05",33498000
16550,-200,1000,"sd","14:27:05",33497900
16550,-200,13400,"sd","14:27:05",33496900
16550,-200,1000,"sd","14:27:05",33483500
16550,-200,2100,"sd","14:27:03",33482500
16550,-200,2000,"sd","14:27:03",33480400
16600,-150,100,"bu","14:27:02",33478400
16550,-200,500,"sd","14:27:00",33478300
16550,-200,11900,"sd","14:26:58",33477800
16550,-200,5000,"sd","14:26:57",33465900
16550,-200,300,"sd","14:26:57",33460900
16550,-200,1000,"bu","14:26:55",33460600
16550,-200,1000,"bu","14:26:55",33459600
16550,-200,3000,"bu","14:26:55",33458600
16550,-200,1000,"bu","14:26:55",33455600
16550,-200,300,"bu","14:26:55",33454600
16550,-200,10000,"bu","14:26:55",33454300
16550,-200,2000,"bu","14:26:55",33444300
16550,-200,14000,"bu","14:26:55",33442300
16550,-200,12800,"bu","14:26:55",33428300
16550,-200,1000,"bu","14:26:52",33415500
16550,-200,10000,"bu","14:26:52",33414500
16550,-200,5000,"bu","14:26:52",33404500
16550,-200,1100,"bu","14:26:52",33399500
16550,-200,900,"bu","14:26:52",33398400
16550,-200,100,"bu","14:26:52",33397500
16550,-200,100,"bu","14:26:51",33397400
16550,-200,1000,"bu","14:26:51",33397300
16550,-200,5000,"bu","14:26:51",33396300
16550,-200,18000,"bu","14:26:50",33391300
16550,-200,2000,"bu","14:26:50",33373300
16550,-200,300,"bu","14:26:50",33371300
16550,-200,200,"sd","14:26:48",33371000
16600,-150,10000,"bu","14:26:47",33370800
16600,-150,1000,"bu","14:26:47",33360800
16600,-150,100,"bu","14:26:47",33359800
16600,-150,1000,"bu","14:26:47",33359700
16600,-150,32500,"bu","14:26:47",33358700
16600,-150,2000,"bu","14:26:47",33326200
16600,-150,500,"bu","14:26:47",33324200
16600,-150,1300,"bu","14:26:47",33323700
16600,-150,500,"bu","14:26:47",33322400
16600,-150,1000,"bu","14:26:47",33321900
16600,-150,500,"bu","14:26:47",33320900
16600,-150,5500,"bu","14:26:47",33320400
16600,-150,400,"bu","14:26:47",33314900
16600,-150,100,"bu","14:26:47",33314500
16600,-150,300,"bu","14:26:47",33314400
16600,-150,10000,"bu","14:26:47",33314100
16550,-200,10000,"bu","14:26:47",33304100
16600,-150,2500,"bu","14:26:47",33294100
16550,-200,5000,"bu","14:26:47",33291600
16600,-150,1000,"bu","14:26:47",33286600
16550,-200,600,"bu","14:26:47",33285600
16550,-200,200,"bu","14:26:47",33285000
16600,-150,1000,"bu","14:26:47",33284800
16600,-150,30000,"bu","14:26:47",33283800
16600,-150,1000,"bu","14:26:47",33253800
16600,-150,100,"bu","14:26:47",33252800
16600,-150,100,"bu","14:26:47",33252700
16600,-150,2000,"bu","14:26:47",33252600
16600,-150,3000,"bu","14:26:47",33250600
16550,-200,1500,"bu","14:26:47",33247600
16550,-200,5000,"sd","14:26:46",33246100
16550,-200,3300,"sd","14:26:46",33241100
16550,-200,10000,"sd","14:26:45",33237800
16550,-200,1000,"bu","14:26:45",33227800
16550,-200,100,"bu","14:26:45",33226800
16550,-200,100,"bu","14:26:45",33226700
16550,-200,100,"bu","14:26:45",33226600
16550,-200,1000,"bu","14:26:45",33226500
16550,-200,500,"bu","14:26:45",33225500
16550,-200,2000,"bu","14:26:45",33225000
16550,-200,1000,"bu","14:26:45",33223000
16550,-200,1000,"bu","14:26:45",33222000
16550,-200,4200,"bu","14:26:45",33221000
16550,-200,400,"bu","14:26:45",33216800
16550,-200,2000,"bu","14:26:44",33216400
16500,-250,1000,"sd","14:26:44",33214400
16550,-200,2000,"bu","14:26:42",33213400
16550,-200,1000,"bu","14:26:39",33211400
16550,-200,1000,"bu","14:26:39",33210400
16500,-250,6500,"sd","14:26:38",33209400
16550,-200,2000,"bu","14:26:38",33202900
16550,-200,300,"bu","14:26:38",33200900
16550,-200,200,"bu","14:26:37",33200600
16550,-200,8000,"bu","14:26:37",33200400
16550,-200,300,"bu","14:26:35",33192400
16550,-200,700,"bu","14:26:35",33192100
16550,-200,8900,"bu","14:26:35",33191400
16550,-200,500,"bu","14:26:35",33182500
16550,-200,10600,"bu","14:26:35",33182000
16550,-200,4100,"bu","14:26:34",33171400
16550,-200,900,"bu","14:26:34",33167300
16550,-200,5000,"bu","14:26:33",33166400
16550,-200,7200,"bu","14:26:32",33161400
16550,-200,100,"bu","14:26:32",33154200
16550,-200,900,"sd","14:26:28",33154100
16550,-200,3000,"sd","14:26:28",33153200
16550,-200,3000,"sd","14:26:28",33150200
16550,-200,100,"sd","14:26:28",33147200
16550,-200,500,"sd","14:26:28",33147100
16550,-200,200,"sd","14:26:28",33146600
16550,-200,1000,"sd","14:26:28",33146400
16550,-200,100,"sd","14:26:28",33145400
16550,-200,100,"sd","14:26:28",33145300
16550,-200,2500,"sd","14:26:28",33145200
16550,-200,500,"sd","14:26:28",33142700
16550,-200,900,"sd","14:26:28",33142200
16550,-200,100,"sd","14:26:28",33141300
16550,-200,500,"sd","14:26:28",33141200
16550,-200,3000,"sd","14:26:28",33140700
16550,-200,1600,"sd","14:26:28",33137700
16550,-200,5000,"sd","14:26:28",33136100
16550,-200,3000,"sd","14:26:28",33131100
16550,-200,600,"sd","14:26:28",33128100
16550,-200,400,"sd","14:26:28",33127500
16550,-200,100,"sd","14:26:28",33127100
16600,-150,500,"bu","14:26:28",33127000
16600,-150,200,"bu","14:26:28",33126500
16600,-150,1800,"bu","14:26:28",33126300
16550,-200,100,"sd","14:26:28",33124500
16600,-150,2000,"bu","14:26:27",33124400
16600,-150,1200,"bu","14:26:27",33122400
16600,-150,1200,"bu","14:26:27",33121200
16600,-150,3600,"bu","14:26:27",33120000
16600,-150,500,"bu","14:26:27",33116400
16600,-150,500,"bu","14:26:27",33115900
16600,-150,2000,"bu","14:26:27",33115400
16600,-150,1000,"bu","14:26:26",33113400
16600,-150,800,"bu","14:26:26",33112400
16600,-150,1000,"bu","14:26:26",33111600
16600,-150,1000,"bu","14:26:26",33110600
16600,-150,4600,"bu","14:26:26",33109600
16550,-200,100,"sd","14:26:26",33105000
16550,-200,1900,"sd","14:26:26",33104900
16600,-150,100,"bu","14:26:25",33103000
16550,-200,9000,"sd","14:26:25",33102900
16550,-200,200,"sd","14:26:25",33093900
16550,-200,2000,"sd","14:26:25",33093700
16550,-200,400,"sd","14:26:25",33091700
16550,-200,1000,"sd","14:26:25",33091300
16550,-200,8000,"sd","14:26:25",33090300
16550,-200,500,"sd","14:26:25",33082300
16550,-200,8500,"sd","14:26:25",33081800
16550,-200,200,"sd","14:26:25",33073300
16550,-200,100,"sd","14:26:25",33073100
16550,-200,1000,"sd","14:26:25",33073000
16550,-200,20000,"sd","14:26:25",33072000
16550,-200,500,"sd","14:26:25",33052000
16550,-200,1000,"sd","14:26:25",33051500
16550,-200,7600,"sd","14:26:25",33050500
16600,-150,100,"bu","14:26:25",33042900
16600,-150,500,"bu","14:26:24",33042800
16550,-200,3000,"sd","14:26:24",33042300
16600,-150,400,"bu","14:26:22",33039300
16600,-150,3000,"bu","14:26:21",33038900
16600,-150,5000,"bu","14:26:19",33035900
16550,-200,100,"sd","14:26:19",33030900
16550,-200,900,"sd","14:26:18",33030800
16600,-150,500,"bu","14:26:17",33029900
16600,-150,2000,"bu","14:26:15",33029400
16550,-200,1000,"sd","14:26:15",33027400
16600,-150,1000,"bu","14:26:14",33026400
16600,-150,1000,"bu","14:26:14",33025400
16550,-200,1000,"sd","14:26:13",33024400
16600,-150,1000,"bu","14:26:13",33023400
16550,-200,2000,"sd","14:26:13",33022400
16550,-200,500,"sd","14:26:12",33020400
16550,-200,100,"sd","14:26:07",33019900
16600,-150,100,"bu","14:26:07",33019800
16550,-200,1200,"sd","14:26:07",33019700
16600,-150,2000,"bu","14:26:07",33018500
16600,-150,100,"bu","14:26:07",33016500
16550,-200,2600,"sd","14:26:07",33016400
16550,-200,5000,"sd","14:26:07",33013800
16550,-200,2400,"sd","14:26:07",33008800
16550,-200,1000,"sd","14:26:06",33006400
16550,-200,300,"sd","14:26:06",33005400
16600,-150,100,"bu","14:26:05",33005100
16600,-150,2100,"bu","14:26:04",33005000
16550,-200,1300,"sd","14:26:03",33002900
16550,-200,1000,"sd","14:26:03",33001600
16550,-200,700,"sd","14:26:03",33000600
16550,-200,700,"sd","14:25:57",32999900
16600,-150,7600,"bu","14:25:57",32999200
16600,-150,200,"bu","14:25:55",32991600
16550,-200,100,"sd","14:25:54",32991400
16600,-150,100,"bu","14:25:53",32991300
16550,-200,100,"sd","14:25:52",32991200
16600,-150,700,"bu","14:25:52",32991100
16550,-200,200,"sd","14:25:50",32990400
16600,-150,3000,"bu","14:25:50",32990200
16550,-200,1000,"sd","14:25:49",32987200
16550,-200,2900,"sd","14:25:49",32986200
16550,-200,100,"sd","14:25:46",32983300
16600,-150,24800,"bu","14:25:45",32983200
16600,-150,500,"bu","14:25:45",32958400
16600,-150,800,"bu","14:25:45",32957900
16600,-150,500,"bu","14:25:45",32957100
16600,-150,2000,"bu","14:25:45",32956600
16600,-150,200,"bu","14:25:45",32954600
16600,-150,700,"bu","14:25:45",32954400
16600,-150,1000,"bu","14:25:45",32953700
16600,-150,2600,"bu","14:25:45",32952700
16600,-150,5000,"bu","14:25:45",32950100
16600,-150,300,"bu","14:25:45",32945100
16600,-150,1000,"bu","14:25:45",32944800
16600,-150,500,"bu","14:25:45",32943800
16600,-150,300,"bu","14:25:45",32943300
16600,-150,200,"bu","14:25:45",32943000
16600,-150,1000,"bu","14:25:45",32942800
16600,-150,5000,"bu","14:25:45",32941800
16600,-150,1200,"bu","14:25:45",32936800
16600,-150,400,"bu","14:25:45",32935600
16600,-150,1000,"bu","14:25:45",32935200
16600,-150,1000,"bu","14:25:45",32934200
16550,-200,200,"sd","14:25:44",32933200
16550,-200,2000,"sd","14:25:43",32933000
16550,-200,1000,"sd","14:25:43",32931000
16550,-200,600,"sd","14:25:42",32930000
16550,-200,400,"sd","14:25:42",32929400
16550,-200,5000,"sd","14:25:42",32929000
16550,-200,500,"sd","14:25:42",32924000
16550,-200,1200,"sd","14:25:42",32923500
16550,-200,300,"sd","14:25:42",32922300
16550,-200,5000,"sd","14:25:42",32922000
16550,-200,7600,"sd","14:25:42",32917000
16550,-200,100,"sd","14:25:38",32909400
16550,-200,10000,"sd","14:25:36",32909300
16550,-200,2000,"sd","14:25:33",32899300
16550,-200,40000,"bu","14:25:31",32897300
16550,-200,5000,"bu","14:25:31",32857300
16550,-200,300,"bu","14:25:31",32852300
16550,-200,100,"bu","14:25:31",32852000
16550,-200,100000,"bu","14:25:31",32851900
16550,-200,500,"bu","14:25:31",32751900
16550,-200,5000,"bu","14:25:31",32751400
16550,-200,1400,"bu","14:25:31",32746400
16550,-200,2200,"bu","14:25:30",32745000
16550,-200,500,"bu","14:25:30",32742800
16550,-200,2000,"bu","14:25:29",32742300
16550,-200,1000,"bu","14:25:29",32740300
16500,-250,200,"sd","14:25:29",32739300
16500,-250,4000,"sd","14:25:28",32739100
16550,-200,100,"bu","14:25:28",32735100
16550,-200,500,"bu","14:25:28",32735000
16550,-200,2300,"bu","14:25:26",32734500
16550,-200,400,"bu","14:25:26",32732200
16550,-200,1000,"bu","14:25:25",32731800
16550,-200,500,"bu","14:25:24",32730800
16550,-200,1100,"bu","14:25:24",32730300
16550,-200,100,"bu","14:25:24",32729200
16550,-200,600,"bu","14:25:24",32729100
16550,-200,200,"bu","14:25:24",32728500
16550,-200,1000,"bu","14:25:24",32728300
16550,-200,1000,"bu","14:25:24",32727300
16550,-200,5000,"bu","14:25:24",32726300
16550,-200,100,"bu","14:25:24",32721300
16550,-200,900,"bu","14:25:24",32721200
16500,-250,100,"sd","14:25:24",32720300
16550,-200,200,"bu","14:25:24",32720200
16550,-200,600,"bu","14:25:22",32720000
16550,-200,1000,"bu","14:25:21",32719400
16550,-200,1000,"bu","14:25:21",32718400
16550,-200,500,"bu","14:25:21",32717400
16550,-200,4000,"bu","14:25:21",32716900
16550,-200,1000,"bu","14:25:20",32712900
16500,-250,100,"sd","14:25:20",32711900
16550,-200,1000,"bu","14:25:19",32711800
16550,-200,1000,"bu","14:25:19",32710800
16550,-200,1600,"bu","14:25:18",32709800
16550,-200,7000,"bu","14:25:18",32708200
16500,-250,10000,"sd","14:25:18",32701200
16500,-250,700,"sd","14:25:17",32691200
16550,-200,5000,"bu","14:25:17",32690500
16550,-200,5200,"bu","14:25:17",32685500
16550,-200,1000,"bu","14:25:17",32680300
16550,-200,600,"bu","14:25:16",32679300
16550,-200,500,"bu","14:25:16",32678700
16550,-200,5400,"bu","14:25:15",32678200
16550,-200,10000,"bu","14:25:15",32672800
16550,-200,100,"bu","14:25:14",32662800
16550,-200,1000,"bu","14:25:14",32662700
16550,-200,1000,"bu","14:25:13",32661700
16550,-200,5000,"bu","14:25:13",32660700
16550,-200,500,"bu","14:25:13",32655700
16550,-200,500,"bu","14:25:12",32655200
16550,-200,4000,"bu","14:25:12",32654700
16550,-200,3000,"bu","14:25:12",32650700
16550,-200,100,"bu","14:25:11",32647700
16550,-200,2000,"bu","14:25:11",32647600
16550,-200,5000,"bu","14:25:10",32645600
16550,-200,500,"bu","14:25:10",32640600
16550,-200,2000,"bu","14:25:10",32640100
16550,-200,400,"bu","14:25:09",32638100
16550,-200,100,"bu","14:25:08",32637700
16550,-200,200,"bu","14:25:08",32637600
16550,-200,1000,"bu","14:25:08",32637400
16550,-200,10000,"bu","14:25:08",32636400
16500,-250,1000,"sd","14:25:08",32626400
16550,-200,1000,"bu","14:25:08",32625400
16550,-200,100,"bu","14:25:07",32624400
16550,-200,10000,"bu","14:25:06",32624300
16550,-200,5000,"bu","14:25:04",32614300
16550,-200,2000,"bu","14:25:04",32609300
16550,-200,1000,"bu","14:25:04",32607300
16550,-200,2000,"bu","14:25:04",32606300
16550,-200,200,"bu","14:25:03",32604300
16550,-200,200,"bu","14:25:01",32604100
16550,-200,600,"bu","14:24:59",32603900
16550,-200,2000,"bu","14:24:59",32603300
16550,-200,1000,"bu","14:24:59",32601300
16550,-200,2100,"bu","14:24:59",32600300
16550,-200,100,"bu","14:24:59",32598200
16550,-200,1000,"bu","14:24:59",32598100
16550,-200,4000,"bu","14:24:59",32597100
16550,-200,1100,"bu","14:24:59",32593100
16550,-200,2000,"bu","14:24:59",32592000
16550,-200,200,"bu","14:24:59",32590000
16550,-200,100,"bu","14:24:59",32589800
16550,-200,1000,"bu","14:24:59",32589700
16550,-200,100,"bu","14:24:59",32588700
16550,-200,800,"bu","14:24:59",32588600
16550,-200,1800,"bu","14:24:59",32587800
16550,-200,1000,"bu","14:24:59",32586000
16550,-200,1000,"bu","14:24:59",32585000
16550,-200,100,"bu","14:24:59",32584000
16550,-200,1000,"bu","14:24:55",32583900
16550,-200,200,"bu","14:24:55",32582900
16550,-200,300,"bu","14:24:55",32582700
16500,-250,500,"sd","14:24:52",32582400
16500,-250,200,"bu","14:24:46",32581900
16500,-250,300,"bu","14:24:46",32581700
16500,-250,1800,"bu","14:24:46",32581400
16500,-250,3000,"bu","14:24:46",32579600
16500,-250,200,"bu","14:24:46",32576600
16500,-250,5000,"bu","14:24:46",32576400
16500,-250,200,"bu","14:24:46",32571400
16500,-250,300,"bu","14:24:46",32571200
16500,-250,200,"bu","14:24:46",32570900
16500,-250,300,"bu","14:24:45",32570700
16500,-250,500,"bu","14:24:44",32570400
16500,-250,10000,"bu","14:24:44",32569900
16500,-250,1000,"bu","14:24:44",32559900
16500,-250,1500,"bu","14:24:44",32558900
16500,-250,2000,"bu","14:24:43",32557400
16500,-250,500,"bu","14:24:43",32555400
16500,-250,100,"bu","14:24:43",32554900
16500,-250,500,"bu","14:24:43",32554800
16500,-250,2500,"bu","14:24:42",32554300
16500,-250,3700,"bu","14:24:42",32551800
16500,-250,2000,"bu","14:24:42",32548100
16500,-250,2300,"bu","14:24:42",32546100
16500,-250,1000,"bu","14:24:42",32543800
16500,-250,1000,"bu","14:24:41",32542800
16500,-250,700,"bu","14:24:41",32541800
16500,-250,100,"bu","14:24:41",32541100
16500,-250,2600,"bu","14:24:41",32541000
16500,-250,1000,"bu","14:24:41",32538400
16500,-250,600,"bu","14:24:41",32537400
16500,-250,400,"bu","14:24:41",32536800
16500,-250,1600,"bu","14:24:41",32536400
16500,-250,400,"bu","14:24:40",32534800
16500,-250,100,"bu","14:24:40",32534400
16500,-250,900,"bu","14:24:40",32534300
16500,-250,1100,"bu","14:24:40",32533400
16500,-250,1000,"bu","14:24:39",32532300
16500,-250,200,"bu","14:24:38",32531300
16500,-250,800,"bu","14:24:37",32531100
16500,-250,1000,"bu","14:24:36",32530300
16500,-250,4900,"bu","14:24:36",32529300
16500,-250,100,"bu","14:24:36",32524400
16500,-250,2400,"bu","14:24:35",32524300
16500,-250,2700,"bu","14:24:35",32521900
16500,-250,5000,"bu","14:24:35",32519200
16500,-250,500,"bu","14:24:35",32514200
16500,-250,500,"bu","14:24:35",32513700
16500,-250,20000,"bu","14:24:35",32513200
16500,-250,100,"bu","14:24:35",32493200
16500,-250,5800,"bu","14:24:35",32493100
16500,-250,100,"bu","14:24:35",32487300
16500,-250,100,"bu","14:24:35",32487200
16500,-250,6000,"bu","14:24:35",32487100
16500,-250,3000,"bu","14:24:35",32481100
16500,-250,200,"bu","14:24:35",32478100
16500,-250,200,"bu","14:24:35",32477900
16500,-250,600,"bu","14:24:35",32477700
16500,-250,1000,"bu","14:24:35",32477100
16500,-250,500,"bu","14:24:35",32476100
16500,-250,1300,"bu","14:24:35",32475600
16500,-250,500,"bu","14:24:35",32474300
16500,-250,2000,"bu","14:24:35",32473800
16500,-250,200,"bu","14:24:35",32471800
16500,-250,500,"bu","14:24:35",32471600
16500,-250,500,"bu","14:24:35",32471100
16500,-250,600,"bu","14:24:34",32470600
16500,-250,100,"bu","14:24:34",32470000
16500,-250,1000,"bu","14:24:34",32469900
16500,-250,4200,"bu","14:24:33",32468900
16500,-250,3500,"bu","14:24:33",32464700
16500,-250,300,"bu","14:24:33",32461200
16500,-250,2000,"bu","14:24:33",32460900
16500,-250,1800,"bu","14:24:33",32458900
16500,-250,200,"bu","14:24:33",32457100
16500,-250,2000,"bu","14:24:33",32456900
16500,-250,700,"bu","14:24:33",32454900
16500,-250,200,"bu","14:24:33",32454200
16500,-250,100,"bu","14:24:33",32454000
16500,-250,100,"bu","14:24:33",32453900
16500,-250,200,"bu","14:24:33",32453800
16500,-250,200,"bu","14:24:31",32453600
16500,-250,400,"bu","14:24:31",32453400
16500,-250,2000,"bu","14:24:31",32453000
16500,-250,5000,"bu","14:24:31",32451000
16500,-250,200,"bu","14:24:31",32446000
16500,-250,16200,"bu","14:24:31",32445800
16500,-250,1000,"bu","14:24:31",32429600
16500,-250,500,"bu","14:24:31",32428600
16500,-250,500,"bu","14:24:31",32428100
16500,-250,500,"bu","14:24:31",32427600
16500,-250,3000,"bu","14:24:31",32427100
16500,-250,2000,"bu","14:24:31",32424100
16500,-250,1000,"bu","14:24:31",32422100
16500,-250,200,"bu","14:24:30",32421100
16500,-250,2000,"bu","14:24:30",32420900
16500,-250,4900,"bu","14:24:30",32418900
16500,-250,1000,"bu","14:24:30",32414000
16500,-250,3000,"bu","14:24:30",32413000
16500,-250,7900,"bu","14:24:30",32410000
16500,-250,100,"bu","14:24:30",32402100
16500,-250,500,"bu","14:24:30",32402000
16500,-250,500,"bu","14:24:30",32401500
16500,-250,400,"bu","14:24:30",32401000
16500,-250,500,"bu","14:24:30",32400600
16500,-250,1200,"bu","14:24:29",32400100
16500,-250,300,"bu","14:24:29",32398900
16500,-250,1500,"bu","14:24:29",32398600
16500,-250,500,"bu","14:24:29",32397100
16500,-250,200,"bu","14:24:29",32396600
16500,-250,300,"bu","14:24:28",32396400
16500,-250,1000,"bu","14:24:27",32396100
16500,-250,2000,"bu","14:24:27",32395100
16500,-250,2000,"bu","14:24:27",32393100
16500,-250,2000,"bu","14:24:27",32391100
16500,-250,300,"bu","14:24:27",32389100
16500,-250,100,"bu","14:24:27",32388800
16500,-250,500,"bu","14:24:27",32388700
16500,-250,2100,"bu","14:24:27",32388200
16500,-250,200,"bu","14:24:26",32386100
16500,-250,600,"bu","14:24:26",32385900
16500,-250,100,"bu","14:24:25",32385300
16500,-250,600,"bu","14:24:25",32385200
16500,-250,100,"bu","14:24:25",32384600
16500,-250,200,"bu","14:24:25",32384500
16500,-250,2800,"bu","14:24:24",32384300
16500,-250,2200,"bu","14:24:24",32381500
16500,-250,100,"bu","14:24:24",32379300
16500,-250,10000,"bu","14:24:24",32379200
16500,-250,1000,"bu","14:24:23",32369200
16500,-250,300,"bu","14:24:22",32368200
16500,-250,800,"bu","14:24:20",32367900
16500,-250,600,"bu","14:24:20",32367100
16500,-250,200,"bu","14:24:20",32366500
16500,-250,800,"bu","14:24:20",32366300
16500,-250,100,"bu","14:24:20",32365500
16500,-250,200,"bu","14:24:20",32365400
16500,-250,2700,"bu","14:24:19",32365200
16500,-250,300,"bu","14:24:19",32362500
16500,-250,6300,"bu","14:24:19",32362200
16500,-250,100,"bu","14:24:19",32355900
16500,-250,1000,"bu","14:24:19",32355800
16500,-250,1200,"bu","14:24:19",32354800
16500,-250,5300,"bu","14:24:19",32353600
16500,-250,600,"bu","14:24:19",32348300
16500,-250,500,"bu","14:24:19",32347700
16500,-250,100,"bu","14:24:19",32347200
16500,-250,100,"bu","14:24:19",32347100
16500,-250,7000,"bu","14:24:19",32347000
16500,-250,500,"bu","14:24:19",32340000
16500,-250,900,"bu","14:24:19",32339500
16500,-250,400,"bu","14:24:19",32338600
16500,-250,1600,"bu","14:24:19",32338200
16500,-250,6000,"bu","14:24:19",32336600
16500,-250,800,"bu","14:24:19",32330600
16500,-250,6000,"bu","14:24:19",32329800
16500,-250,400,"bu","14:24:19",32323800
16500,-250,6000,"bu","14:24:19",32323400
16500,-250,1000,"bu","14:24:19",32317400
16500,-250,10300,"bu","14:24:19",32316400
16500,-250,1300,"bu","14:24:19",32306100
16500,-250,500,"bu","14:24:19",32304800
16500,-250,400,"bu","14:24:19",32304300
16500,-250,200,"bu","14:24:19",32303900
16500,-250,4000,"bu","14:24:19",32303700
16500,-250,100,"bu","14:24:19",32299700
16500,-250,2000,"bu","14:24:19",32299600
16500,-250,200,"bu","14:24:19",32297600
16500,-250,7500,"bu","14:24:19",32297400
16500,-250,20000,"bu","14:24:19",32289900
16500,-250,3000,"bu","14:24:19",32269900
16500,-250,100,"bu","14:24:19",32266900
16500,-250,2000,"bu","14:24:19",32266800
16500,-250,500,"bu","14:24:18",32264800
16500,-250,100,"bu","14:24:18",32264300
16500,-250,1000,"bu","14:24:16",32264200
16500,-250,500,"bu","14:24:16",32263200
16500,-250,300,"bu","14:24:15",32262700
16500,-250,100,"bu","14:24:15",32262400
16500,-250,600,"bu","14:24:15",32262300
16500,-250,400,"bu","14:24:10",32261700
16500,-250,100,"bu","14:24:10",32261300
16450,-300,500,"bu","14:24:09",32261200
16450,-300,100,"bu","14:24:09",32260700
16450,-300,200,"bu","14:24:09",32260600
16450,-300,100,"bu","14:24:09",32260400
16450,-300,2000,"bu","14:24:09",32260300
16450,-300,8000,"bu","14:24:09",32258300
16450,-300,1000,"bu","14:24:09",32250300
16450,-300,2000,"bu","14:24:09",32249300
16450,-300,45400,"bu","14:24:09",32247300
16450,-300,50000,"bu","14:24:08",32201900
16450,-300,500,"bu","14:24:08",32151900
16450,-300,4100,"bu","14:24:07",32151400
16450,-300,500,"bu","14:24:07",32147300
16450,-300,200,"bu","14:24:07",32146800
16450,-300,2000,"bu","14:24:07",32146600
16450,-300,3200,"bu","14:24:07",32144600
16450,-300,300,"bu","14:24:07",32141400
16450,-300,2100,"bu","14:24:06",32141100
16450,-300,100,"bu","14:24:06",32139000
16450,-300,200,"bu","14:24:06",32138900
16450,-300,300,"bu","14:24:06",32138700
16450,-300,900,"bu","14:24:06",32138400
16450,-300,500,"bu","14:24:06",32137500
16450,-300,500,"bu","14:24:06",32137000
16450,-300,400,"bu","14:24:06",32136500
16450,-300,200,"bu","14:24:04",32136100
16450,-300,2000,"bu","14:24:04",32135900
16450,-300,2000,"bu","14:24:04",32133900
16450,-300,5000,"bu","14:24:04",32131900
16450,-300,1500,"bu","14:24:04",32126900
16450,-300,8000,"bu","14:24:04",32125400
16450,-300,10000,"bu","14:24:04",32117400
16450,-300,100,"bu","14:24:04",32107400
16450,-300,1000,"bu","14:24:04",32107300
16450,-300,15600,"bu","14:24:04",32106300
16450,-300,4600,"bu","14:24:04",32090700
16450,-300,100,"bu","14:24:03",32086100
16450,-300,500,"bu","14:24:02",32086000
16450,-300,5000,"bu","14:24:02",32085500
16450,-300,2000,"bu","14:24:02",32080500
16450,-300,500,"bu","14:24:01",32078500
16450,-300,1500,"bu","14:24:00",32078000
16400,-350,100,"sd","14:23:58",32076500
16450,-300,4800,"bu","14:23:56",32076400
16450,-300,200,"bu","14:23:56",32071600
16450,-300,300,"bu","14:23:56",32071400
16450,-300,300,"bu","14:23:56",32071100
16450,-300,1400,"bu","14:23:56",32070800
16450,-300,600,"bu","14:23:53",32069400
16450,-300,400,"bu","14:23:53",32068800
16450,-300,100,"bu","14:23:53",32068400
16450,-300,3800,"bu","14:23:51",32068300
16450,-300,300,"bu","14:23:51",32064500
16450,-300,900,"bu","14:23:51",32064200
16450,-300,2000,"bu","14:23:51",32063300
16400,-350,100,"sd","14:23:50",32061300
16400,-350,5000,"bu","14:23:46",32061200
16400,-350,500,"bu","14:23:46",32056200
16400,-350,400,"bu","14:23:46",32055700
16400,-350,1000,"bu","14:23:45",32055300
16400,-350,800,"bu","14:23:44",32054300
16400,-350,1000,"bu","14:23:44",32053500
16400,-350,500,"bu","14:23:42",32052500
16400,-350,1300,"bu","14:23:42",32052000
16400,-350,700,"bu","14:23:42",32050700
16400,-350,4300,"bu","14:23:41",32050000
16400,-350,100,"bu","14:23:41",32045700
16400,-350,600,"bu","14:23:41",32045600
16400,-350,500,"bu","14:23:40",32045000
16400,-350,1600,"bu","14:23:39",32044500
16400,-350,200,"bu","14:23:39",32042900
16400,-350,2000,"bu","14:23:37",32042700
16400,-350,1000,"sd","14:23:36",32040700
16400,-350,500,"sd","14:23:36",32039700
16400,-350,200,"sd","14:23:36",32039200
16400,-350,1000,"sd","14:23:36",32039000
16400,-350,200,"sd","14:23:36",32038000
16400,-350,400,"sd","14:23:36",32037800
16400,-350,4000,"sd","14:23:36",32037400
16400,-350,300,"sd","14:23:36",32033400
16400,-350,2000,"sd","14:23:36",32033100
16400,-350,100,"sd","14:23:36",32031100
16400,-350,10000,"sd","14:23:36",32031000
16400,-350,1000,"sd","14:23:36",32021000
16400,-350,4400,"sd","14:23:36",32020000
16400,-350,100,"sd","14:23:34",32015600
16400,-350,3500,"sd","14:23:32",32015500
16400,-350,2000,"bu","14:23:30",32012000
16400,-350,500,"bu","14:23:30",32010000
16400,-350,2500,"bu","14:23:28",32009500
16400,-350,500,"bu","14:23:28",32007000
16400,-350,500,"bu","14:23:28",32006500
16400,-350,400,"bu","14:23:28",32006000
16400,-350,100,"bu","14:23:28",32005600
16400,-350,100,"bu","14:23:28",32005500
16400,-350,1800,"bu","14:23:26",32005400
16400,-350,200,"bu","14:23:26",32003600
16400,-350,2800,"bu","14:23:26",32003400
16400,-350,200,"bu","14:23:26",32000600
16400,-350,800,"bu","14:23:25",32000400
16400,-350,200,"bu","14:23:25",31999600
16400,-350,1800,"bu","14:23:24",31999400
16400,-350,8200,"bu","14:23:24",31997600
16400,-350,100,"bu","14:23:24",31989400
16400,-350,1700,"bu","14:23:24",31989300
16400,-350,1000,"bu","14:23:24",31987600
16400,-350,100,"bu","14:23:24",31986600
16400,-350,3000,"bu","14:23:24",31986500
16400,-350,200,"bu","14:23:24",31983500
16400,-350,200,"bu","14:23:24",31983300
16400,-350,200,"bu","14:23:24",31983100
16400,-350,500,"bu","14:23:24",31982900
16400,-350,700,"bu","14:23:24",31982400
16400,-350,500,"bu","14:23:24",31981700
16400,-350,6900,"bu","14:23:24",31981200
16400,-350,200,"bu","14:23:24",31974300
16400,-350,14800,"bu","14:23:24",31974100
16400,-350,600,"bu","14:23:22",31959300
16400,-350,4600,"bu","14:23:22",31958700
16400,-350,400,"bu","14:23:22",31954100
16400,-350,100,"bu","14:23:21",31953700
16400,-350,1500,"bu","14:23:21",31953600
16400,-350,400,"bu","14:23:21",31952100
16400,-350,500,"bu","14:23:19",31951700
16400,-350,1700,"bu","14:23:19",31951200
16400,-350,200,"bu","14:23:19",31949500
16400,-350,200,"bu","14:23:19",31949300
16400,-350,100,"bu","14:23:19",31949100
16400,-350,100,"bu","14:23:19",31949000
16400,-350,4000,"bu","14:23:19",31948900
16400,-350,200,"bu","14:23:19",31944900
16400,-350,400,"bu","14:23:18",31944700
16400,-350,1500,"bu","14:23:17",31944300
16400,-350,200,"bu","14:23:17",31942800
16400,-350,5000,"bu","14:23:17",31942600
16400,-350,8100,"bu","14:23:17",31937600
16400,-350,4000,"bu","14:23:17",31929500
16400,-350,25000,"bu","14:23:17",31925500
16400,-350,400,"bu","14:23:17",31900500
16400,-350,5000,"bu","14:23:17",31900100
16400,-350,500,"bu","14:23:17",31895100
16400,-350,200,"bu","14:23:17",31894600
16400,-350,100,"bu","14:23:17",31894400
16350,-400,500,"sd","14:23:15",31894300
16350,-400,9400,"sd","14:23:15",31893800
16350,-400,300,"sd","14:23:15",31884400
16400,-350,1000,"bu","14:23:14",31884100
16400,-350,100,"bu","14:23:11",31883100
16350,-400,100,"sd","14:23:08",31883000
16350,-400,200,"sd","14:23:02",31882900
16350,-400,500,"sd","14:23:02",31882700
16350,-400,1000,"sd","14:23:02",31882200
16350,-400,100,"sd","14:23:02",31881200
16350,-400,200,"sd","14:23:02",31881100
16400,-350,100,"bu","14:22:59",31880900
16400,-350,66700,"bu","14:22:59",31880800
16400,-350,200,"bu","14:22:59",31814100
16400,-350,500,"bu","14:22:59",31813900
16400,-350,5000,"bu","14:22:59",31813400
16400,-350,100,"bu","14:22:59",31808400
16400,-350,1900,"bu","14:22:59",31808300
16400,-350,100,"bu","14:22:59",31806400
16400,-350,300,"bu","14:22:59",31806300
16400,-350,4000,"bu","14:22:59",31806000
16400,-350,300,"bu","14:22:59",31802000
16400,-350,100,"bu","14:22:59",31801700
16400,-350,1000,"bu","14:22:59",31801600
16400,-350,2000,"bu","14:22:59",31800600
16400,-350,1000,"bu","14:22:59",31798600
16400,-350,2000,"bu","14:22:59",31797600
16400,-350,1200,"bu","14:22:59",31795600
16400,-350,100,"bu","14:22:59",31794400
16400,-350,5000,"bu","14:22:59",31794300
16400,-350,6100,"bu","14:22:59",31789300
16400,-350,2000,"bu","14:22:59",31783200
16400,-350,100,"bu","14:22:59",31781200
16400,-350,200,"bu","14:22:59",31781100
16300,-450,19000,"sd","14:22:58",31780900
16300,-450,7000,"sd","14:22:58",31761900
16300,-450,500,"sd","14:22:58",31754900
16300,-450,100,"sd","14:22:58",31754400
16300,-450,5000,"sd","14:22:58",31754300
16300,-450,2000,"sd","14:22:58",31749300
16300,-450,100,"sd","14:22:58",31747300
16300,-450,5000,"sd","14:22:58",31747200
16300,-450,100,"sd","14:22:58",31742200
16300,-450,300,"sd","14:22:58",31742100
16300,-450,9700,"sd","14:22:58",31741800
16350,-400,100,"sd","14:22:58",31732100
16350,-400,1000,"sd","14:22:58",31732000
16350,-400,100,"sd","14:22:58",31731000
16350,-400,100,"bu","14:22:57",31730900
16350,-400,200,"bu","14:22:57",31730800
16350,-400,100,"bu","14:22:57",31730600
16350,-400,500,"bu","14:22:57",31730500
16350,-400,400,"bu","14:22:57",31730000
16350,-400,100,"bu","14:22:57",31729600
16350,-400,10000,"bu","14:22:57",31729500
16350,-400,4300,"bu","14:22:57",31719500
16350,-400,700,"bu","14:22:57",31715200
16350,-400,300,"bu","14:22:57",31714500
16350,-400,100,"bu","14:22:55",31714200
16350,-400,200,"bu","14:22:55",31714100
16350,-400,2200,"bu","14:22:55",31713900
16350,-400,2600,"bu","14:22:55",31711700
16350,-400,1000,"bu","14:22:55",31709100
16350,-400,2000,"bu","14:22:55",31708100
16350,-400,600,"bu","14:22:55",31706100
16350,-400,100,"bu","14:22:55",31705500
16350,-400,700,"bu","14:22:55",31705400
16350,-400,500,"bu","14:22:55",31704700
16350,-400,400,"bu","14:22:55",31704200
16350,-400,6200,"bu","14:22:55",31703800
16350,-400,2700,"bu","14:22:55",31697600
16350,-400,500,"bu","14:22:55",31694900
16350,-400,100,"bu","14:22:55",31694400
16350,-400,200,"bu","14:22:55",31694300
16350,-400,24800,"bu","14:22:55",31694100
16350,-400,3500,"bu","14:22:55",31669300
16350,-400,1000,"bu","14:22:55",31665800
16350,-400,200,"bu","14:22:55",31664800
16350,-400,1400,"bu","14:22:55",31664600
16350,-400,1000,"bu","14:22:55",31663200
16350,-400,700,"bu","14:22:55",31662200
16350,-400,300,"bu","14:22:55",31661500
16350,-400,1000,"bu","14:22:53",31661200
16350,-400,300,"bu","14:22:53",31660200
16350,-400,1100,"bu","14:22:53",31659900
16350,-400,200,"bu","14:22:50",31658800
16350,-400,300,"bu","14:22:50",31658600
16350,-400,1700,"bu","14:22:49",31658300
16350,-400,300,"bu","14:22:49",31656600
16300,-450,300,"sd","14:22:49",31656300
16300,-450,2700,"sd","14:22:49",31656000
16350,-400,300,"bu","14:22:48",31653300
16350,-400,300,"bu","14:22:47",31653000
16350,-400,500,"bu","14:22:47",31652700
16350,-400,100,"bu","14:22:47",31652200
16350,-400,100,"bu","14:22:47",31652100
16350,-400,1000,"bu","14:22:47",31652000
16350,-400,300,"bu","14:22:47",31651000
16350,-400,2000,"bu","14:22:43",31650700
16350,-400,700,"bu","14:22:43",31648700
16350,-400,500,"bu","14:22:43",31648000
16350,-400,300,"bu","14:22:43",31647500
16350,-400,500,"bu","14:22:43",31647200
16350,-400,200,"bu","14:22:43",31646700
16350,-400,200,"bu","14:22:43",31646500
16350,-400,2000,"bu","14:22:43",31646300
16350,-400,600,"bu","14:22:43",31644300
16350,-400,400,"bu","14:22:43",31643700
16350,-400,100,"bu","14:22:43",31643300
16350,-400,200,"bu","14:22:43",31643200
16350,-400,300,"bu","14:22:40",31643000
16350,-400,1700,"bu","14:22:40",31642700
16350,-400,2300,"bu","14:22:39",31641000
16300,-450,500,"sd","14:22:33",31638700
16350,-400,3200,"bu","14:22:30",31638200
16300,-450,1000,"sd","14:22:26",31635000
16300,-450,500,"sd","14:22:24",31634000
16300,-450,3000,"sd","14:22:24",31633500
16300,-450,1200,"sd","14:22:24",31630500
16300,-450,200,"sd","14:22:24",31629300
16300,-450,200,"bu","14:22:24",31629100
16300,-450,700,"bu","14:22:24",31628900
16300,-450,300,"bu","14:22:24",31628200
16300,-450,1000,"bu","14:22:24",31627900
16300,-450,1000,"bu","14:22:23",31626900
16300,-450,5000,"bu","14:22:23",31625900
16300,-450,3000,"bu","14:22:23",31620900
16300,-450,300,"bu","14:22:23",31617900
16300,-450,200,"bu","14:22:22",31617600
16300,-450,300,"bu","14:22:22",31617400
16300,-450,700,"bu","14:22:22",31617100
16300,-450,200,"bu","14:22:22",31616400
16300,-450,600,"bu","14:22:21",31616200
16300,-450,1000,"bu","14:22:21",31615600
16300,-450,700,"bu","14:22:21",31614600
16300,-450,400,"bu","14:22:21",31613900
16300,-450,2000,"bu","14:22:20",31613500
16300,-450,200,"bu","14:22:20",31611500
16300,-450,1100,"bu","14:22:20",31611300
16300,-450,300,"bu","14:22:20",31610200
16300,-450,4600,"bu","14:22:20",31609900
16300,-450,500,"bu","14:22:20",31605300
16300,-450,1100,"bu","14:22:20",31604800
16300,-450,1000,"bu","14:22:20",31603700
16300,-450,3600,"bu","14:22:20",31602700
16300,-450,1000,"bu","14:22:20",31599100
16300,-450,2900,"bu","14:22:20",31598100
16300,-450,700,"bu","14:22:20",31595200
16300,-450,1000,"bu","14:22:20",31594500
16300,-450,2000,"bu","14:22:20",31593500
16300,-450,300,"bu","14:22:20",31591500
16300,-450,100,"bu","14:22:20",31591200
16300,-450,200,"bu","14:22:20",31591100
16300,-450,100,"bu","14:22:19",31590900
16300,-450,1000,"bu","14:22:19",31590800
16300,-450,2100,"bu","14:22:19",31589800
16300,-450,2600,"bu","14:22:19",31587700
16300,-450,500,"bu","14:22:19",31585100
16300,-450,2000,"bu","14:22:19",31584600
16300,-450,1000,"bu","14:22:19",31582600
16300,-450,300,"bu","14:22:19",31581600
16300,-450,700,"bu","14:22:19",31581300
16300,-450,1000,"bu","14:22:19",31580600
16300,-450,3000,"bu","14:22:19",31579600
16300,-450,3000,"bu","14:22:19",31576600
16300,-450,5000,"bu","14:22:19",31573600
16300,-450,2000,"bu","14:22:19",31568600
16300,-450,7500,"bu","14:22:19",31566600
16300,-450,500,"bu","14:22:19",31559100
16300,-450,200,"bu","14:22:19",31558600
16300,-450,3000,"bu","14:22:19",31558400
16300,-450,1000,"bu","14:22:19",31555400
16300,-450,100,"bu","14:22:19",31554400
16300,-450,300,"bu","14:22:19",31554300
16300,-450,500,"bu","14:22:19",31554000
16300,-450,500,"bu","14:22:19",31553500
16300,-450,600,"bu","14:22:19",31553000
16300,-450,1000,"bu","14:22:19",31552400
16300,-450,500,"bu","14:22:19",31551400
16300,-450,200,"bu","14:22:19",31550900
16300,-450,3000,"bu","14:22:19",31550700
16300,-450,3000,"bu","14:22:19",31547700
16300,-450,1000,"bu","14:22:19",31544700
16300,-450,200,"bu","14:22:19",31543700
16300,-450,1500,"bu","14:22:19",31543500
16300,-450,1000,"bu","14:22:18",31542000
16300,-450,400,"bu","14:22:18",31541000
16300,-450,2000,"bu","14:22:18",31540600
16300,-450,200,"bu","14:22:18",31538600
16300,-450,400,"bu","14:22:18",31538400
16300,-450,500,"bu","14:22:18",31538000
16300,-450,300,"bu","14:22:18",31537500
16300,-450,2100,"bu","14:22:18",31537200
16300,-450,5000,"bu","14:22:18",31535100
16300,-450,200,"bu","14:22:18",31530100
16300,-450,1200,"bu","14:22:18",31529900
16300,-450,100,"bu","14:22:18",31528700
16300,-450,100,"bu","14:22:18",31528600
16300,-450,2000,"bu","14:22:18",31528500
16300,-450,1800,"bu","14:22:18",31526500
16300,-450,10000,"bu","14:22:18",31524700
16300,-450,200,"bu","14:22:18",31514700
16300,-450,700,"bu","14:22:18",31514500
16300,-450,200,"bu","14:22:18",31513800
16300,-450,1000,"bu","14:22:18",31513600
16300,-450,1000,"bu","14:22:18",31512600
16300,-450,200,"bu","14:22:16",31511600
16300,-450,100,"bu","14:22:16",31511400
16300,-450,2000,"bu","14:22:16",31511300
16300,-450,2000,"bu","14:22:16",31509300
16300,-450,500,"bu","14:22:15",31507300
16300,-450,200,"bu","14:22:15",31506800
16300,-450,300,"bu","14:22:15",31506600
16300,-450,300,"bu","14:22:14",31506300
16300,-450,400,"bu","14:22:14",31506000
16300,-450,1100,"bu","14:22:14",31505600
16300,-450,3900,"bu","14:22:14",31504500
16300,-450,16100,"bu","14:22:14",31500600
16300,-450,1000,"bu","14:22:14",31484500
16300,-450,10000,"bu","14:22:13",31483500
16300,-450,5000,"bu","14:22:13",31473500
16300,-450,2000,"bu","14:22:12",31468500
16300,-450,400,"bu","14:22:11",31466500
16300,-450,5000,"bu","14:22:11",31466100
16300,-450,5000,"bu","14:22:10",31461100
16300,-450,5000,"bu","14:22:08",31456100
16300,-450,500,"bu","14:22:08",31451100
16300,-450,5000,"bu","14:22:06",31450600
16300,-450,500,"bu","14:22:03",31445600
16300,-450,100,"bu","14:22:03",31445100
16300,-450,7300,"bu","14:22:02",31445000
16300,-450,1000,"bu","14:22:01",31437700
16300,-450,500,"bu","14:22:01",31436700
16300,-450,100,"bu","14:22:01",31436200
16300,-450,500,"bu","14:21:57",31436100
16300,-450,4000,"bu","14:21:55",31435600
16250,-500,400,"sd","14:21:53",31431600
16250,-500,900,"sd","14:21:53",31431200
16250,-500,200,"sd","14:21:53",31430300
16250,-500,500,"sd","14:21:53",31430100
16250,-500,100,"sd","14:21:53",31429600
16300,-450,3000,"bu","14:21:52",31429500
16300,-450,6900,"bu","14:21:47",31426500
16300,-450,800,"bu","14:21:44",31419600
16300,-450,300,"bu","14:21:42",31418800
16300,-450,200,"bu","14:21:42",31418500
16300,-450,500,"bu","14:21:42",31418300
16250,-500,600,"sd","14:21:41",31417800
16250,-500,100,"sd","14:21:41",31417200
16250,-500,300,"sd","14:21:41",31417100
16250,-500,1700,"sd","14:21:41",31416800
16250,-500,1300,"sd","14:21:41",31415100
16250,-500,500,"sd","14:21:37",31413800
16250,-500,1200,"sd","14:21:33",31413300
16250,-500,5000,"sd","14:21:33",31412100
16250,-500,500,"sd","14:21:33",31407100
16250,-500,500,"sd","14:21:33",31406600
16250,-500,2000,"sd","14:21:33",31406100
16250,-500,200,"sd","14:21:33",31404100
16250,-500,3000,"sd","14:21:33",31403900
16250,-500,400,"sd","14:21:33",31400900
16250,-500,100,"sd","14:21:33",31400500
16250,-500,1000,"sd","14:21:33",31400400
16250,-500,400,"sd","14:21:33",31399400
16250,-500,600,"sd","14:21:24",31399000
16250,-500,400,"sd","14:21:24",31398400
16250,-500,3500,"sd","14:21:24",31398000
16250,-500,4100,"sd","14:21:24",31394500
16250,-500,11000,"sd","14:21:24",31390400
16250,-500,1000,"sd","14:21:06",31379400
16250,-500,500,"sd","14:21:06",31378400
16250,-500,3000,"bu","14:21:05",31377900
16250,-500,800,"bu","14:21:05",31374900
16250,-500,500,"bu","14:21:05",31374100
16250,-500,500,"bu","14:21:05",31373600
16250,-500,1000,"bu","14:21:05",31373100
16250,-500,3000,"bu","14:21:05",31372100
16250,-500,5000,"bu","14:21:05",31369100
16250,-500,3100,"bu","14:21:05",31364100
16250,-500,600,"bu","14:21:05",31361000
16250,-500,3000,"bu","14:21:05",31360400
16250,-500,500,"bu","14:21:05",31357400
16250,-500,16000,"bu","14:21:05",31356900
16250,-500,1000,"bu","14:21:05",31340900
16250,-500,15000,"bu","14:21:05",31339900
16250,-500,400,"bu","14:21:05",31324900
16250,-500,300,"bu","14:21:05",31324500
16250,-500,2500,"bu","14:21:05",31324200
16250,-500,200,"bu","14:21:05",31321700
16250,-500,1000,"bu","14:21:05",31321500
16250,-500,3000,"bu","14:21:05",31320500
16250,-500,1000,"bu","14:21:04",31317500
16250,-500,100,"bu","14:21:04",31316500
16250,-500,500,"bu","14:21:04",31316400
16250,-500,500,"bu","14:21:03",31315900
16250,-500,5000,"bu","14:21:03",31315400
16250,-500,400,"bu","14:21:03",31310400
16250,-500,600,"bu","14:21:03",31310000
16250,-500,500,"bu","14:21:02",31309400
16250,-500,900,"bu","14:21:02",31308900
16250,-500,1100,"bu","14:21:02",31308000
16250,-500,1000,"bu","14:21:02",31306900
16250,-500,74000,"bu","14:21:01",31305900
16250,-500,2000,"bu","14:21:01",31231900
16250,-500,500,"bu","14:21:01",31229900
16250,-500,2000,"bu","14:21:01",31229400
16250,-500,9800,"bu","14:21:01",31227400
16250,-500,100,"bu","14:21:01",31217600
16250,-500,2000,"bu","14:21:01",31217500
16250,-500,4700,"bu","14:21:01",31215500
16250,-500,200,"bu","14:21:01",31210800
16250,-500,9700,"bu","14:21:01",31210600
16250,-500,300,"bu","14:21:01",31200900
16250,-500,100,"bu","14:21:00",31200600
16200,-550,6000,"sd","14:20:59",31200500
16250,-500,100,"bu","14:20:59",31194500
16250,-500,900,"bu","14:20:59",31194400
16250,-500,2000,"bu","14:20:59",31193500
16250,-500,17900,"bu","14:20:59",31191500
16250,-500,5000,"bu","14:20:59",31173600
16250,-500,900,"bu","14:20:59",31168600
16250,-500,400,"bu","14:20:59",31167700
16250,-500,30000,"bu","14:20:59",31167300
16250,-500,1000,"bu","14:20:59",31137300
16250,-500,2000,"bu","14:20:59",31136300
16250,-500,500,"bu","14:20:59",31134300
16250,-500,1700,"bu","14:20:59",31133800
16250,-500,200,"bu","14:20:59",31132100
16250,-500,400,"bu","14:20:59",31131900
16250,-500,100,"bu","14:20:59",31131500
16250,-500,10500,"bu","14:20:59",31131400
16250,-500,1000,"bu","14:20:59",31120900
16250,-500,600,"bu","14:20:59",31119900
16250,-500,1000,"bu","14:20:59",31119300
16250,-500,9500,"bu","14:20:59",31118300
16250,-500,1000,"bu","14:20:59",31108800
16250,-500,7200,"bu","14:20:59",31107800
16250,-500,200,"bu","14:20:59",31100600
16250,-500,5000,"bu","14:20:59",31100400
16250,-500,3900,"bu","14:20:59",31095400
16250,-500,2000,"bu","14:20:55",31091500
16200,-550,2000,"sd","14:20:54",31089500
16250,-500,1000,"bu","14:20:54",31087500
16200,-550,500,"sd","14:20:53",31086500
16250,-500,1000,"bu","14:20:52",31086000
16250,-500,200,"bu","14:20:49",31085000
16250,-500,700,"bu","14:20:47",31084800
16250,-500,1200,"bu","14:20:44",31084100
16250,-500,8800,"bu","14:20:44",31082900
16200,-550,2500,"sd","14:20:37",31074100
16250,-500,500,"bu","14:20:35",31071600
16250,-500,1500,"bu","14:20:32",31071100
16250,-500,500,"bu","14:20:32",31069600
16250,-500,2100,"bu","14:20:32",31069100
16250,-500,500,"bu","14:20:30",31067000
16250,-500,500,"bu","14:20:29",31066500
16250,-500,500,"bu","14:20:28",31066000
16250,-500,3000,"bu","14:20:28",31065500
16200,-550,500,"sd","14:20:27",31062500
16250,-500,200,"bu","14:20:25",31062000
16250,-500,800,"bu","14:20:21",31061800
16250,-500,200,"bu","14:20:19",31061000
16250,-500,400,"bu","14:20:17",31060800
16250,-500,500,"bu","14:20:11",31060400
16250,-500,4500,"bu","14:20:11",31059900
16250,-500,600,"bu","14:20:08",31055400
16250,-500,500,"bu","14:20:05",31054800
16250,-500,3000,"bu","14:20:03",31054300
16250,-500,100,"bu","14:20:02",31051300
16200,-550,1000,"sd","14:20:02",31051200
16250,-500,100,"bu","14:19:45",31050200
16250,-500,200,"bu","14:19:40",31050100
16250,-500,2000,"bu","14:19:40",31049900
16250,-500,1800,"bu","14:19:40",31047900
16200,-550,500,"sd","14:19:39",31046100
16200,-550,4000,"sd","14:19:32",31045600
16200,-550,200,"sd","14:19:23",31041600
16250,-500,200,"bu","14:19:22",31041400
16200,-550,100,"sd","14:19:10",31041200
16250,-500,200,"bu","14:19:06",31041100
16200,-550,3500,"sd","14:19:04",31040900
16250,-500,400,"bu","14:18:59",31037400
16250,-500,100,"bu","14:18:51",31037000
16250,-500,300,"bu","14:18:43",31036900
16250,-500,2000,"bu","14:18:43",31036600
16250,-500,300,"bu","14:18:43",31034600
16250,-500,2400,"bu","14:18:43",31034300
16250,-500,700,"bu","14:18:39",31031900
16250,-500,5300,"bu","14:18:39",31031200
16250,-500,4600,"bu","14:18:36",31025900
16250,-500,100,"bu","14:18:35",31021300
16250,-500,400,"bu","14:18:35",31021200
16200,-550,1000,"sd","14:18:35",31020800
16250,-500,1600,"bu","14:18:24",31019800
16250,-500,2200,"bu","14:18:24",31018200
16250,-500,100,"bu","14:18:24",31016000
16250,-500,1100,"bu","14:18:24",31015900
16250,-500,3900,"bu","14:18:21",31014800
16250,-500,1800,"bu","14:18:21",31010900
16250,-500,4300,"bu","14:18:21",31009100
16250,-500,100,"bu","14:18:20",31004800
16200,-550,400,"sd","14:18:13",31004700
16200,-550,300,"bu","14:18:10",31004300
16200,-550,100,"bu","14:18:10",31004000
16200,-550,500,"bu","14:18:10",31003900
16200,-550,500,"bu","14:18:10",31003400
16200,-550,2000,"bu","14:18:10",31002900
16200,-550,500,"bu","14:18:10",31000900
16200,-550,100,"bu","14:18:10",31000400
16200,-550,300,"bu","14:18:10",31000300
16200,-550,1000,"bu","14:18:10",31000000
16200,-550,100,"bu","14:18:10",30999000
16200,-550,900,"bu","14:18:09",30998900
16200,-550,100,"bu","14:18:09",30998000
16150,-600,4000,"sd","14:18:09",30997900
16200,-550,100,"bu","14:18:09",30993900
16200,-550,900,"bu","14:18:09",30993800
16200,-550,100,"bu","14:18:07",30992900
16200,-550,500,"bu","14:18:05",30992800
16200,-550,1500,"bu","14:18:01",30992300
16200,-550,200,"bu","14:18:01",30990800
16200,-550,8100,"bu","14:18:01",30990600
16200,-550,100,"bu","14:18:01",30982500
16200,-550,2000,"bu","14:18:01",30982400
16200,-550,8500,"bu","14:18:01",30980400
16200,-550,300,"bu","14:18:01",30971900
16200,-550,200,"bu","14:18:01",30971600
16200,-550,500,"bu","14:18:01",30971400
16200,-550,100,"bu","14:18:01",30970900
16200,-550,200,"bu","14:18:01",30970800
16200,-550,8300,"bu","14:18:01",30970600
16200,-550,100,"bu","14:18:01",30962300
16200,-550,300,"bu","14:17:57",30962200
16150,-600,2900,"sd","14:17:57",30961900
16200,-550,2300,"bu","14:17:56",30959000
16200,-550,100,"bu","14:17:55",30956700
16200,-550,5000,"bu","14:17:55",30956600
16200,-550,500,"bu","14:17:53",30951600
16200,-550,800,"bu","14:17:51",30951100
16200,-550,200,"bu","14:17:47",30950300
16200,-550,1400,"bu","14:17:45",30950100
16200,-550,200,"bu","14:17:45",30948700
16200,-550,300,"bu","14:17:43",30948500
16200,-550,200,"bu","14:17:43",30948200
16200,-550,5000,"bu","14:17:43",30948000
16200,-550,300,"bu","14:17:43",30943000
16200,-550,1600,"bu","14:17:43",30942700
16200,-550,100,"bu","14:17:43",30941100
16200,-550,2000,"bu","14:17:43",30941000
16200,-550,1000,"bu","14:17:43",30939000
16200,-550,200,"bu","14:17:39",30938000
16200,-550,200,"bu","14:17:32",30937800
16200,-550,100,"bu","14:17:32",30937600
16200,-550,200,"bu","14:17:32",30937500
16200,-550,100,"bu","14:17:32",30937300
16200,-550,500,"bu","14:17:32",30937200
16200,-550,400,"bu","14:17:32",30936700
16150,-600,1000,"sd","14:17:30",30936300
16200,-550,100,"bu","14:17:30",30935300
16200,-550,400,"bu","14:17:30",30935200
16200,-550,1000,"bu","14:17:28",30934800
16200,-550,300,"bu","14:17:25",30933800
16200,-550,500,"bu","14:17:23",30933500
16150,-600,2800,"sd","14:17:18",30933000
16150,-600,300,"sd","14:17:18",30930200
16150,-600,900,"sd","14:17:18",30929900
16150,-600,100,"sd","14:17:16",30929000
16150,-600,2900,"sd","14:17:16",30928900
16200,-550,400,"bu","14:17:16",30926000
16150,-600,100,"sd","14:17:16",30925600
16150,-600,300,"sd","14:17:16",30925500
16150,-600,3800,"sd","14:17:08",30925200
16150,-600,1000,"sd","14:17:06",30921400
16150,-600,500,"bu","14:16:57",30920400
16150,-600,100,"bu","14:16:57",30919900
16150,-600,200,"bu","14:16:57",30919800
16150,-600,2100,"bu","14:16:57",30919600
16100,-650,1900,"sd","14:16:57",30917500
16150,-600,100,"bu","14:16:57",30915600
16150,-600,800,"bu","14:16:54",30915500
16150,-600,200,"bu","14:16:54",30914700
16150,-600,2000,"bu","14:16:50",30914500
16100,-650,300,"sd","14:16:49",30912500
16150,-600,200,"bu","14:16:48",30912200
16150,-600,200,"bu","14:16:48",30912000
16150,-600,500,"bu","14:16:48",30911800
16150,-600,600,"bu","14:16:48",30911300
16150,-600,100,"bu","14:16:48",30910700
16150,-600,200,"bu","14:16:48",30910600
16150,-600,1700,"bu","14:16:48",30910400
16150,-600,300,"bu","14:16:47",30908700
16150,-600,5700,"bu","14:16:47",30908400
16150,-600,500,"bu","14:16:46",30902700
16150,-600,3000,"bu","14:16:43",30902200
16150,-600,100,"bu","14:16:41",30899200
16150,-600,700,"bu","14:16:39",30899100
16150,-600,200,"bu","14:16:39",30898400
16150,-600,1000,"bu","14:16:39",30898200
16150,-600,100,"bu","14:16:39",30897200
16100,-650,200,"sd","14:16:39",30897100
16150,-600,1000,"bu","14:16:38",30896900
16100,-650,500,"sd","14:16:34",30895900
16100,-650,400,"sd","14:16:31",30895400
16100,-650,5000,"sd","14:16:31",30895000
16100,-650,200,"sd","14:16:30",30890000
16100,-650,3000,"sd","14:16:27",30889800
16100,-650,100,"bu","14:16:24",30886800
16100,-650,17000,"bu","14:16:24",30886700
16100,-650,1000,"bu","14:16:24",30869700
16100,-650,55600,"bu","14:16:24",30868700
16100,-650,2000,"bu","14:16:23",30813100
16100,-650,300,"bu","14:16:22",30811100
16100,-650,100,"bu","14:16:22",30810800
16100,-650,600,"bu","14:16:22",30810700
16100,-650,1000,"bu","14:16:19",30810100
16100,-650,400,"bu","14:16:19",30809100
16100,-650,100,"bu","14:16:19",30808700
16100,-650,100,"bu","14:16:19",30808600
16100,-650,4400,"bu","14:16:19",30808500
16100,-650,200,"bu","14:16:18",30804100
16050,-700,100,"sd","14:16:16",30803900
16100,-650,2200,"bu","14:16:16",30803800
16100,-650,400,"bu","14:16:16",30801600
16100,-650,1700,"bu","14:16:16",30801200
16100,-650,1000,"bu","14:16:16",30799500
16100,-650,4300,"bu","14:16:15",30798500
16100,-650,700,"bu","14:16:15",30794200
16100,-650,2600,"bu","14:16:13",30793500
16100,-650,1000,"bu","14:16:13",30790900
16100,-650,100,"bu","14:16:11",30789900
16100,-650,600,"bu","14:16:10",30789800
16100,-650,400,"bu","14:16:10",30789200
16100,-650,1000,"bu","14:16:09",30788800
16050,-700,800,"sd","14:16:08",30787800
16050,-700,800,"sd","14:16:08",30787000
16050,-700,1000,"sd","14:16:08",30786200
16050,-700,12000,"sd","14:16:08",30785200
16050,-700,1000,"sd","14:16:08",30773200
16050,-700,3000,"sd","14:16:08",30772200
16050,-700,200,"sd","14:16:08",30769200
16050,-700,600,"sd","14:16:08",30769000
16050,-700,1200,"sd","14:16:08",30768400
16050,-700,500,"sd","14:16:08",30767200
16050,-700,200,"sd","14:16:08",30766700
16050,-700,12400,"sd","14:16:08",30766500
16050,-700,500,"sd","14:16:08",30754100
16050,-700,1500,"sd","14:16:08",30753600
16100,-650,400,"bu","14:16:07",30752100
16100,-650,500,"bu","14:16:06",30751700
16100,-650,100,"bu","14:16:06",30751200
16100,-650,7000,"bu","14:16:05",30751100
16100,-650,100,"bu","14:16:04",30744100
16100,-650,900,"bu","14:16:02",30744000
16100,-650,100,"bu","14:16:02",30743100
16100,-650,200,"bu","14:16:02",30743000
16100,-650,400,"bu","14:16:02",30742800
16100,-650,100,"bu","14:16:02",30742400
16100,-650,400,"bu","14:16:02",30742300
16100,-650,200,"bu","14:16:01",30741900
16100,-650,1400,"bu","14:16:00",30741700
16100,-650,1000,"bu","14:16:00",30740300
16100,-650,2000,"bu","14:16:00",30739300
16100,-650,2000,"bu","14:16:00",30737300
16100,-650,1000,"bu","14:16:00",30735300
16100,-650,500,"bu","14:16:00",30734300
16100,-650,2000,"bu","14:16:00",30733800
16100,-650,1100,"bu","14:16:00",30731800
16100,-650,900,"bu","14:15:59",30730700
16100,-650,200,"bu","14:15:59",30729800
16100,-650,100,"bu","14:15:59",30729600
16100,-650,800,"bu","14:15:59",30729500
16100,-650,500,"bu","14:15:59",30728700
16100,-650,300,"bu","14:15:59",30728200
16100,-650,100,"bu","14:15:59",30727900
16100,-650,1800,"bu","14:15:59",30727800
16100,-650,1800,"bu","14:15:59",30726000
16100,-650,200,"bu","14:15:59",30724200
16100,-650,100,"bu","14:15:59",30724000
16100,-650,3200,"bu","14:15:59",30723900
16100,-650,1000,"bu","14:15:59",30720700
16050,-700,2900,"sd","14:15:58",30719700
16050,-700,200,"sd","14:15:58",30716800
16050,-700,500,"sd","14:15:58",30716600
16050,-700,4400,"sd","14:15:58",30716100
16050,-700,200,"sd","14:15:58",30711700
16100,-650,100,"bu","14:15:57",30711500
16100,-650,200,"bu","14:15:57",30711400
16100,-650,500,"bu","14:15:56",30711200
16100,-650,200,"bu","14:15:56",30710700
16100,-650,100,"bu","14:15:56",30710500
16100,-650,3700,"bu","14:15:56",30710400
16100,-650,500,"bu","14:15:56",30706700
16100,-650,4500,"bu","14:15:54",30706200
16100,-650,500,"bu","14:15:54",30701700
16100,-650,16300,"bu","14:15:54",30701200
16100,-650,3700,"bu","14:15:54",30684900
16100,-650,200,"bu","14:15:54",30681200
16100,-650,4800,"bu","14:15:54",30681000
16100,-650,2000,"bu","14:15:54",30676200
16100,-650,700,"bu","14:15:54",30674200
16100,-650,300,"bu","14:15:53",30673500
16100,-650,500,"bu","14:15:53",30673200
16100,-650,1000,"bu","14:15:53",30672700
16100,-650,300,"bu","14:15:51",30671700
16100,-650,1000,"bu","14:15:51",30671400
16050,-700,1100,"sd","14:15:51",30670400
16050,-700,400,"sd","14:15:51",30669300
16050,-700,1000,"sd","14:15:51",30668900
16050,-700,100,"sd","14:15:51",30667900
16050,-700,500,"sd","14:15:51",30667800
16050,-700,100,"sd","14:15:51",30667300
16050,-700,100,"sd","14:15:51",30667200
16050,-700,800,"sd","14:15:51",30667100
16050,-700,400,"sd","14:15:51",30666300
16050,-700,400,"sd","14:15:51",30665900
16050,-700,300,"sd","14:15:51",30665500
16050,-700,800,"sd","14:15:51",30665200
16050,-700,400,"sd","14:15:51",30664400
16050,-700,3500,"sd","14:15:51",30664000
16100,-650,26400,"bu","14:15:50",30660500
16100,-650,100,"bu","14:15:50",30634100
16100,-650,2000,"bu","14:15:50",30634000
16100,-650,500,"bu","14:15:50",30632000
16100,-650,1000,"bu","14:15:50",30631500
16100,-650,5000,"bu","14:15:50",30630500
16100,-650,15000,"bu","14:15:50",30625500
16100,-650,1000,"bu","14:15:49",30610500
16050,-700,8900,"sd","14:15:48",30609500
16050,-700,1000,"sd","14:15:48",30600600
16050,-700,100,"sd","14:15:48",30599600
16100,-650,20000,"bu","14:15:48",30599500
16050,-700,100,"sd","14:15:46",30579500
16100,-650,20000,"bu","14:15:46",30579400
16100,-650,500,"bu","14:15:45",30559400
16100,-650,10000,"bu","14:15:45",30558900
16050,-700,200,"sd","14:15:43",30548900
16100,-650,100,"bu","14:15:39",30548700
16100,-650,10000,"bu","14:15:39",30548600
16050,-700,200,"sd","14:15:33",30538600
16100,-650,18400,"bu","14:15:33",30538400
16100,-650,11600,"bu","14:15:33",30520000
16050,-700,400,"sd","14:15:29",30508400
16100,-650,1000,"bu","14:15:27",30508000
16100,-650,1000,"bu","14:15:25",30507000
16050,-700,500,"sd","14:15:22",30506000
16050,-700,700,"sd","14:15:18",30505500
16050,-700,5000,"sd","14:15:18",30504800
16050,-700,100,"sd","14:15:18",30499800
16050,-700,300,"sd","14:15:18",30499700
16050,-700,200,"sd","14:15:18",30499400
16050,-700,400,"sd","14:15:18",30499200
16050,-700,600,"sd","14:15:18",30498800
16050,-700,4300,"sd","14:15:18",30498200
16050,-700,100,"sd","14:15:18",30493900
16050,-700,1400,"sd","14:15:11",30493800
16050,-700,1600,"sd","14:15:11",30492400
16050,-700,3600,"bu","14:15:08",30490800
16050,-700,6000,"sd","14:15:07",30487200
16050,-700,1000,"sd","14:15:07",30481200
16050,-700,200,"sd","14:15:07",30480200
16050,-700,100,"sd","14:15:07",30480000
16050,-700,300,"sd","14:15:07",30479900
16050,-700,5500,"sd","14:15:07",30479600
16050,-700,2000,"sd","14:15:07",30474100
16050,-700,200,"sd","14:15:07",30472100
16050,-700,1500,"sd","14:15:07",30471900
16050,-700,3000,"sd","14:15:07",30470400
16050,-700,100,"sd","14:15:07",30467400
16050,-700,1500,"sd","14:15:07",30467300
16050,-700,100,"sd","14:15:07",30465800
16050,-700,500,"sd","14:15:07",30465700
16050,-700,1000,"sd","14:15:07",30465200
16050,-700,1300,"sd","14:15:07",30464200
16050,-700,10000,"sd","14:15:07",30462900
16050,-700,100,"sd","14:15:07",30452900
16050,-700,15200,"sd","14:15:07",30452800
16050,-700,1000,"sd","14:15:07",30437600
16050,-700,1000,"sd","14:15:07",30436600
16050,-700,1500,"sd","14:15:07",30435600
16050,-700,500,"sd","14:15:07",30434100
16050,-700,5000,"sd","14:15:07",30433600
16050,-700,100,"sd","14:15:07",30428600
16050,-700,100,"sd","14:15:07",30428500
16050,-700,100,"sd","14:15:07",30428400
16050,-700,5000,"sd","14:15:07",30428300
16050,-700,38300,"sd","14:15:07",30423300
16050,-700,500,"sd","14:15:07",30385000
16050,-700,1500,"sd","14:15:07",30384500
16050,-700,20000,"sd","14:15:07",30383000
16050,-700,1000,"sd","14:15:07",30363000
16050,-700,900,"sd","14:15:07",30362000
16050,-700,200,"sd","14:15:07",30361100
16050,-700,1000,"sd","14:15:07",30360900
16050,-700,4000,"sd","14:15:07",30359900
16050,-700,2000,"sd","14:15:07",30355900
16050,-700,100,"sd","14:15:07",30353900
16050,-700,3100,"sd","14:15:07",30353800
16050,-700,69900,"sd","14:15:07",30350700
16100,-650,2000,"bu","14:15:06",30280800
16100,-650,4000,"bu","14:15:00",30278800
16050,-700,5000,"sd","14:15:00",30274800
16100,-650,300,"bu","14:14:59",30269800
16050,-700,3000,"sd","14:14:58",30269500
16100,-650,2000,"bu","14:14:57",30266500
16100,-650,200,"bu","14:14:52",30264500
16050,-700,25000,"sd","14:14:50",30264300
16050,-700,800,"sd","14:14:50",30239300
16050,-700,1000,"sd","14:14:49",30238500
16050,-700,1400,"sd","14:14:45",30237500
16050,-700,500,"sd","14:14:44",30236100
16100,-650,200,"bu","14:14:44",30235600
16050,-700,1400,"sd","14:14:43",30235400
16050,-700,300,"sd","14:14:43",30234000
16050,-700,1000,"sd","14:14:43",30233700
16050,-700,2000,"sd","14:14:43",30232700
16050,-700,900,"sd","14:14:43",30230700
16050,-700,600,"sd","14:14:43",30229800
16050,-700,10000,"sd","14:14:43",30229200
16050,-700,200,"sd","14:14:43",30219200
16050,-700,4000,"sd","14:14:43",30219000
16050,-700,5000,"sd","14:14:43",30215000
16050,-700,4600,"sd","14:14:43",30210000
16050,-700,500,"sd","14:14:41",30205400
16100,-650,200,"bu","14:14:41",30204900
16100,-650,5000,"bu","14:14:40",30204700
16050,-700,4900,"sd","14:14:40",30199700
16050,-700,1000,"sd","14:14:40",30194800
16050,-700,300,"sd","14:14:40",30193800
16050,-700,19200,"sd","14:14:40",30193500
16050,-700,4600,"sd","14:14:40",30174300
16050,-700,2500,"sd","14:14:34",30169700
16050,-700,2900,"sd","14:14:32",30167200
16050,-700,1300,"sd","14:14:32",30164300
16050,-700,300,"sd","14:14:32",30163000
16100,-650,100,"bu","14:14:31",30162700
16050,-700,400,"sd","14:14:31",30162600
16050,-700,1000,"sd","14:14:31",30162200
16050,-700,600,"sd","14:14:31",30161200
16050,-700,2400,"sd","14:14:26",30160600
16050,-700,300,"sd","14:14:26",30158200
16050,-700,1000,"sd","14:14:26",30157900
16050,-700,2000,"sd","14:14:26",30156900
16050,-700,3000,"sd","14:14:26",30154900
16050,-700,6300,"sd","14:14:26",30151900
16050,-700,3000,"sd","14:14:26",30145600
16050,-700,200,"sd","14:14:26",30142600
16050,-700,100,"sd","14:14:26",30142400
16050,-700,500,"sd","14:14:26",30142300
16050,-700,1200,"sd","14:14:26",30141800
16100,-650,200,"bu","14:14:23",30140600
16100,-650,100,"bu","14:14:19",30140400
16050,-700,3000,"sd","14:14:19",30140300
16100,-650,3800,"bu","14:14:14",30137300
16050,-700,6200,"bu","14:14:14",30133500
16050,-700,500,"sd","14:14:14",30127300
16050,-700,4000,"sd","14:14:13",30126800
16050,-700,100,"sd","14:14:13",30122800
16050,-700,100,"sd","14:14:13",30122700
16050,-700,3000,"sd","14:14:13",30122600
16050,-700,500,"sd","14:14:13",30119600
16050,-700,300,"sd","14:14:13",30119100
16050,-700,100,"sd","14:14:13",30118800
16050,-700,800,"sd","14:14:13",30118700
16050,-700,1000,"sd","14:14:13",30117900
16050,-700,500,"sd","14:14:13",30116900
16050,-700,200,"sd","14:14:13",30116400
16050,-700,300,"sd","14:14:13",30116200
16050,-700,1000,"sd","14:14:13",30115900
16050,-700,300,"sd","14:14:13",30114900
16050,-700,2000,"sd","14:14:13",30114600
16050,-700,500,"sd","14:14:13",30112600
16050,-700,300,"sd","14:14:13",30112100
16050,-700,600,"sd","14:14:13",30111800
16050,-700,4000,"sd","14:14:13",30111200
16050,-700,200,"sd","14:14:13",30107200
16050,-700,2900,"sd","14:14:13",30107000
16050,-700,500,"sd","14:14:13",30104100
16050,-700,3000,"sd","14:14:13",30103600
16050,-700,10000,"sd","14:14:13",30100600
16050,-700,300,"sd","14:14:13",30090600
16050,-700,500,"sd","14:14:13",30090300
16050,-700,300,"sd","14:14:13",30089800
16050,-700,100,"sd","14:14:13",30089500
16050,-700,1000,"sd","14:14:13",30089400
16050,-700,1000,"sd","14:14:13",30088400
16050,-700,500,"sd","14:14:13",30087400
16050,-700,100,"sd","14:14:13",30086900
16050,-700,100,"sd","14:14:13",30086800
16050,-700,300,"sd","14:14:13",30086700
16050,-700,1000,"sd","14:14:13",30086400
16050,-700,1800,"sd","14:14:13",30085400
16050,-700,100,"sd","14:14:13",30083600
16050,-700,1700,"sd","14:14:13",30083500
16100,-650,600,"bu","14:14:11",30081800
16100,-650,200,"bu","14:14:10",30081200
16100,-650,100,"bu","14:14:09",30081000
16050,-700,300,"sd","14:14:09",30080900
16050,-700,500,"sd","14:14:09",30080600
16050,-700,1000,"sd","14:14:09",30080100
16050,-700,200,"sd","14:14:09",30079100
16050,-700,1000,"sd","14:14:09",30078900
16050,-700,400,"sd","14:14:09",30077900
16050,-700,15000,"sd","14:14:09",30077500
16050,-700,1000,"sd","14:14:09",30062500
16050,-700,100,"sd","14:14:09",30061500
16050,-700,1000,"sd","14:14:09",30061400
16050,-700,1000,"sd","14:14:09",30060400
16050,-700,500,"sd","14:14:09",30059400
16050,-700,3400,"sd","14:14:09",30058900
16050,-700,500,"sd","14:14:09",30055500
16050,-700,300,"sd","14:14:09",30055000
16050,-700,5000,"sd","14:14:09",30054700
16050,-700,500,"sd","14:14:09",30049700
16050,-700,100,"sd","14:14:09",30049200
16050,-700,500,"sd","14:14:09",30049100
16050,-700,2000,"sd","14:14:09",30048600
16050,-700,1200,"sd","14:14:09",30046600
16050,-700,300,"sd","14:14:09",30045400
16050,-700,100,"sd","14:14:09",30045100
16050,-700,1000,"sd","14:14:09",30045000
16050,-700,10000,"sd","14:14:09",30044000
16050,-700,1100,"sd","14:14:09",30034000
16050,-700,2000,"sd","14:14:09",30032900
16100,-650,500,"bu","14:14:09",30030900
16050,-700,800,"sd","14:14:07",30030400
16050,-700,1200,"sd","14:14:07",30029600
16100,-650,1000,"bu","14:14:06",30028400
16100,-650,1000,"bu","14:14:04",30027400
16100,-650,3000,"bu","14:14:03",30026400
16100,-650,100,"bu","14:14:01",30023400
16100,-650,500,"bu","14:13:59",30023300
16100,-650,100,"bu","14:13:57",30022800
16050,-700,100,"sd","14:13:55",30022700
16100,-650,2000,"bu","14:13:51",30022600
16100,-650,100,"bu","14:13:49",30020600
16050,-700,3700,"sd","14:13:47",30020500
16050,-700,600,"sd","14:13:47",30016800
16050,-700,700,"sd","14:13:47",30016200
16050,-700,200,"sd","14:13:44",30015500
16050,-700,800,"sd","14:13:44",30015300
16050,-700,300,"sd","14:13:44",30014500
16050,-700,1200,"sd","14:13:39",30014200
16050,-700,400,"sd","14:13:39",30013000
16050,-700,500,"sd","14:13:39",30012600
16050,-700,200,"sd","14:13:39",30012100
16050,-700,100,"sd","14:13:39",30011900
16050,-700,1000,"sd","14:13:39",30011800
16050,-700,300,"sd","14:13:39",30010800
16050,-700,5000,"sd","14:13:39",30010500
16050,-700,1300,"sd","14:13:39",30005500
16050,-700,4500,"sd","14:13:38",30004200
16050,-700,200,"sd","14:13:37",29999700
16050,-700,2200,"sd","14:13:37",29999500
16100,-650,100,"bu","14:13:35",29997300
16100,-650,100,"bu","14:13:33",29997200
16050,-700,3800,"sd","14:13:31",29997100
16050,-700,900,"sd","14:13:31",29993300
16050,-700,300,"sd","14:13:31",29992400
16050,-700,200,"sd","14:13:30",29992100
16050,-700,2800,"sd","14:13:30",29991900
16100,-650,1000,"bu","14:13:29",29989100
16050,-700,400,"sd","14:13:26",29988100
16050,-700,3000,"sd","14:13:25",29987700
16050,-700,100,"sd","14:13:25",29984700
16050,-700,3000,"sd","14:13:21",29984600
16050,-700,500,"bu","14:13:21",29981600
16050,-700,200,"bu","14:13:21",29981100
16050,-700,100,"bu","14:13:19",29980900
16050,-700,200,"bu","14:13:17",29980800
16050,-700,4800,"bu","14:13:17",29980600
16050,-700,1000,"sd","14:13:16",29975800
16050,-700,400,"sd","14:13:16",29974800
16050,-700,2000,"sd","14:13:16",29974400
16050,-700,8000,"sd","14:13:16",29972400
16050,-700,100,"sd","14:13:16",29964400
16050,-700,200,"sd","14:13:16",29964300
16050,-700,100,"sd","14:13:16",29964100
16050,-700,2500,"sd","14:13:16",29964000
16050,-700,1000,"sd","14:13:16",29961500
16050,-700,1000,"sd","14:13:16",29960500
16050,-700,200,"sd","14:13:16",29959500
16050,-700,200,"sd","14:13:16",29959300
16050,-700,50500,"sd","14:13:16",29959100
16050,-700,300,"sd","14:13:16",29908600
16050,-700,1000,"sd","14:13:16",29908300
16050,-700,1000,"sd","14:13:16",29907300
16050,-700,1200,"sd","14:13:16",29906300
16050,-700,2000,"sd","14:13:16",29905100
16050,-700,100,"sd","14:13:16",29903100
16050,-700,300,"sd","14:13:16",29903000
16050,-700,100,"sd","14:13:16",29902700
16050,-700,11300,"sd","14:13:16",29902600
16050,-700,100,"sd","14:13:16",29891300
16050,-700,1000,"sd","14:13:16",29891200
16050,-700,1000,"sd","14:13:16",29890200
16050,-700,2000,"sd","14:13:16",29889200
16050,-700,1500,"sd","14:13:16",29887200
16050,-700,200,"sd","14:13:16",29885700
16050,-700,2800,"sd","14:13:16",29885500
16050,-700,1200,"sd","14:13:16",29882700
16050,-700,500,"sd","14:13:16",29881500
16050,-700,1000,"sd","14:13:16",29881000
16050,-700,500,"sd","14:13:16",29880000
16050,-700,1600,"sd","14:13:16",29879500
16050,-700,2000,"sd","14:13:16",29877900
16050,-700,100,"sd","14:13:16",29875900
16050,-700,1300,"sd","14:13:16",29875800
16050,-700,100,"sd","14:13:16",29874500
16050,-700,300,"sd","14:13:16",29874400
16050,-700,4000,"sd","14:13:16",29874100
16050,-700,2000,"sd","14:13:16",29870100
16050,-700,2000,"sd","14:13:16",29868100
16050,-700,5000,"sd","14:13:16",29866100
16050,-700,300,"sd","14:13:16",29861100
16050,-700,200,"sd","14:13:16",29860800
16050,-700,500,"sd","14:13:16",29860600
16050,-700,100,"sd","14:13:16",29860100
16050,-700,50400,"sd","14:13:16",29860000
16050,-700,1000,"sd","14:13:16",29809600
16050,-700,500,"sd","14:13:16",29808600
16050,-700,2000,"sd","14:13:16",29808100
16050,-700,500,"sd","14:13:16",29806100
16050,-700,25000,"sd","14:13:16",29805600
16100,-650,1000,"bu","14:13:15",29780600
16050,-700,100,"sd","14:13:12",29779600
16050,-700,100,"sd","14:13:12",29779500
16050,-700,100,"sd","14:13:12",29779400
16100,-650,100,"bu","14:13:12",29779300
16050,-700,1000,"sd","14:13:10",29779200
16050,-700,900,"sd","14:13:08",29778200
16050,-700,100,"sd","14:13:08",29777300
16050,-700,1000,"sd","14:13:08",29777200
16050,-700,3500,"sd","14:13:08",29776200
16100,-650,1000,"bu","14:13:07",29772700
16100,-650,300,"bu","14:13:07",29771700
16100,-650,100,"bu","14:13:05",29771400
16100,-650,100,"bu","14:13:05",29771300
16050,-700,5000,"sd","14:13:04",29771200
16050,-700,20000,"sd","14:13:04",29766200
16050,-700,2500,"sd","14:13:04",29746200
16050,-700,1500,"sd","14:13:04",29743700
16050,-700,1000,"sd","14:13:04",29742200
16050,-700,2000,"sd","14:13:02",29741200
16100,-650,1000,"bu","14:12:57",29739200
16100,-650,1000,"bu","14:12:57",29738200
16100,-650,100,"bu","14:12:54",29737200
16050,-700,5000,"sd","14:12:53",29737100
16100,-650,1000,"bu","14:12:50",29732100
16100,-650,100,"bu","14:12:49",29731100
16100,-650,2000,"bu","14:12:46",29731000
16050,-700,500,"sd","14:12:46",29729000
16100,-650,200,"sd","14:12:45",29728500
16100,-650,1000,"sd","14:12:45",29728300
16100,-650,13000,"sd","14:12:45",29727300
16100,-650,500,"sd","14:12:45",29714300
16100,-650,5000,"sd","14:12:45",29713800
16100,-650,100,"sd","14:12:45",29708800
16100,-650,6000,"sd","14:12:45",29708700
16100,-650,1000,"sd","14:12:45",29702700
16100,-650,500,"sd","14:12:45",29701700
16100,-650,300,"sd","14:12:45",29701200
16100,-650,500,"sd","14:12:45",29700900
16100,-650,100,"sd","14:12:45",29700400
16100,-650,10000,"sd","14:12:45",29700300
16100,-650,200,"sd","14:12:45",29690300
16100,-650,200,"sd","14:12:45",29690100
16100,-650,1000,"sd","14:12:45",29689900
16100,-650,1800,"sd","14:12:45",29688900
16100,-650,100,"sd","14:12:45",29687100
16100,-650,8000,"sd","14:12:45",29687000
16100,-650,600,"sd","14:12:45",29679000
16100,-650,2400,"sd","14:12:42",29678400
16100,-650,8000,"sd","14:12:42",29676000
16100,-650,3400,"sd","14:12:42",29668000
16100,-650,1500,"sd","14:12:41",29664600
16100,-650,3200,"sd","14:12:40",29663100
16100,-650,1700,"sd","14:12:40",29659900
16100,-650,3000,"sd","14:12:38",29658200
16150,-600,2000,"bu","14:12:36",29655200
16100,-650,500,"sd","14:12:35",29653200
16100,-650,6700,"sd","14:12:30",29652700
16100,-650,100,"sd","14:12:30",29646000
16100,-650,100,"sd","14:12:30",29645900
16100,-650,2000,"sd","14:12:30",29645800
16100,-650,1000,"sd","14:12:30",29643800
16100,-650,200,"sd","14:12:30",29642800
16100,-650,2000,"sd","14:12:30",29642600
16100,-650,200,"sd","14:12:30",29640600
16100,-650,400,"sd","14:12:30",29640400
16100,-650,2000,"sd","14:12:30",29640000
16100,-650,700,"sd","14:12:30",29638000
16100,-650,1000,"sd","14:12:30",29637300
16100,-650,100,"sd","14:12:30",29636300
16100,-650,100,"sd","14:12:30",29636200
16100,-650,200,"sd","14:12:30",29636100
16100,-650,300,"sd","14:12:30",29635900
16100,-650,100,"sd","14:12:30",29635600
16100,-650,100,"sd","14:12:30",29635500
16100,-650,2500,"sd","14:12:30",29635400
16100,-650,10000,"sd","14:12:30",29632900
16100,-650,500,"sd","14:12:30",29622900
16100,-650,5000,"sd","14:12:30",29622400
16100,-650,100,"sd","14:12:30",29617400
16100,-650,1000,"sd","14:12:30",29617300
16100,-650,1000,"sd","14:12:30",29616300
16100,-650,400,"sd","14:12:30",29615300
16100,-650,100,"sd","14:12:30",29614900
16100,-650,2900,"sd","14:12:30",29614800
16100,-650,800,"sd","14:12:30",29611900
16100,-650,100,"sd","14:12:30",29611100
16100,-650,2400,"sd","14:12:30",29611000
16100,-650,200,"sd","14:12:30",29608600
16100,-650,1000,"sd","14:12:30",29608400
16100,-650,500,"sd","14:12:30",29607400
16100,-650,200,"sd","14:12:30",29606900
16100,-650,200,"sd","14:12:30",29606700
16100,-650,100,"sd","14:12:30",29606500
16100,-650,500,"sd","14:12:30",29606400
16100,-650,2000,"sd","14:12:30",29605900
16100,-650,500,"sd","14:12:30",29603900
16100,-650,200,"sd","14:12:30",29603400
16100,-650,500,"sd","14:12:30",29603200
16100,-650,800,"sd","14:12:30",29602700
16100,-650,200,"sd","14:12:30",29601900
16100,-650,1100,"sd","14:12:30",29601700
16150,-600,5000,"bu","14:12:29",29600600
16100,-650,100,"sd","14:12:27",29595600
16100,-650,100,"sd","14:12:25",29595500
16100,-650,700,"sd","14:12:25",29595400
16100,-650,300,"sd","14:12:25",29594700
16100,-650,700,"sd","14:12:24",29594400
16100,-650,300,"sd","14:12:24",29593700
16100,-650,1300,"sd","14:12:14",29593400
16100,-650,1100,"sd","14:12:14",29592100
16150,-600,5000,"bu","14:12:14",29591000
16100,-650,1000,"sd","14:12:09",29586000
16150,-600,100,"bu","14:12:08",29585000
16100,-650,2900,"sd","14:12:01",29584900
16100,-650,1000,"sd","14:12:01",29582000
16100,-650,100,"sd","14:12:01",29581000
16100,-650,2000,"sd","14:12:01",29580900
16100,-650,2300,"sd","14:12:01",29578900
16100,-650,200,"sd","14:12:01",29576600
16100,-650,1000,"sd","14:12:01",29576400
16100,-650,1000,"sd","14:12:01",29575400
16100,-650,2000,"sd","14:12:01",29574400
16100,-650,1000,"sd","14:12:01",29572400
16100,-650,1000,"sd","14:12:01",29571400
16100,-650,2000,"sd","14:12:01",29570400
16100,-650,200,"sd","14:12:01",29568400
16100,-650,300,"sd","14:12:01",29568200
16100,-650,100,"sd","14:12:01",29567900
16100,-650,1000,"sd","14:12:01",29567800
16100,-650,1900,"sd","14:12:01",29566800
16150,-600,200,"bu","14:11:59",29564900
16150,-600,200,"bu","14:11:59",29564700
16150,-600,200,"bu","14:11:57",29564500
16100,-650,8100,"sd","14:11:55",29564300
16100,-650,200,"sd","14:11:55",29556200
16100,-650,1000,"sd","14:11:55",29556000
16100,-650,1200,"sd","14:11:55",29555000
16100,-650,900,"sd","14:11:55",29553800
16100,-650,800,"sd","14:11:55",29552900
16100,-650,100,"sd","14:11:55",29552100
16100,-650,2000,"sd","14:11:55",29552000
16100,-650,1000,"sd","14:11:55",29550000
16100,-650,200,"sd","14:11:55",29549000
16100,-650,2000,"sd","14:11:55",29548800
16100,-650,500,"sd","14:11:55",29546800
16100,-650,1000,"sd","14:11:55",29546300
16100,-650,2700,"sd","14:11:55",29545300
16100,-650,1000,"sd","14:11:55",29542600
16100,-650,1000,"sd","14:11:55",29541600
16100,-650,1000,"sd","14:11:55",29540600
16100,-650,200,"sd","14:11:55",29539600
16100,-650,9000,"sd","14:11:55",29539400
16100,-650,10000,"sd","14:11:55",29530400
16100,-650,100,"sd","14:11:55",29520400
16100,-650,100,"sd","14:11:55",29520300
16100,-650,400,"sd","14:11:55",29520200
16100,-650,100,"sd","14:11:55",29519800
16100,-650,5000,"sd","14:11:55",29519700
16100,-650,4300,"sd","14:11:55",29514700
16100,-650,1000,"sd","14:11:55",29510400
16100,-650,100,"sd","14:11:55",29509400
16100,-650,1000,"sd","14:11:55",29509300
16100,-650,10000,"sd","14:11:55",29508300
16100,-650,100,"sd","14:11:55",29498300
16100,-650,10000,"sd","14:11:55",29498200
16100,-650,2000,"sd","14:11:55",29488200
16100,-650,900,"sd","14:11:55",29486200
16100,-650,1000,"sd","14:11:55",29485300
16100,-650,100,"sd","14:11:55",29484300
16150,-600,1000,"bu","14:11:54",29484200
16150,-600,10000,"bu","14:11:52",29483200
16150,-600,100,"bu","14:11:50",29473200
16150,-600,100,"bu","14:11:48",29473100
16100,-650,1400,"sd","14:11:46",29473000
16150,-600,700,"bu","14:11:45",29471600
16150,-600,200,"bu","14:11:44",29470900
16150,-600,100,"bu","14:11:44",29470700
16100,-650,400,"sd","14:11:44",29470600
16150,-600,300,"bu","14:11:44",29470200
16150,-600,200,"bu","14:11:41",29469900
16100,-650,1200,"sd","14:11:40",29469700
16150,-600,700,"bu","14:11:36",29468500
16150,-600,300,"bu","14:11:36",29467800
16150,-600,300,"bu","14:11:33",29467500
16150,-600,200,"bu","14:11:33",29467200
16150,-600,1000,"bu","14:11:30",29467000
16150,-600,1800,"bu","14:11:28",29466000
16150,-600,1500,"bu","14:11:28",29464200
16150,-600,100,"bu","14:11:28",29462700
16150,-600,2000,"bu","14:11:28",29462600
16150,-600,800,"bu","14:11:28",29460600
16150,-600,100,"bu","14:11:28",29459800
16150,-600,100,"bu","14:11:25",29459700
16150,-600,300,"bu","14:11:24",29459600
16100,-650,1000,"sd","14:11:18",29459300
16100,-650,1500,"sd","14:11:14",29458300
16100,-650,3800,"sd","14:11:13",29456800
16150,-600,200,"bu","14:11:10",29453000
16150,-600,1000,"bu","14:11:10",29452800
16150,-600,300,"bu","14:11:10",29451800
16150,-600,1000,"bu","14:11:08",29451500
16150,-600,900,"bu","14:11:06",29450500
16150,-600,300,"bu","14:11:06",29449600
16150,-600,800,"bu","14:11:06",29449300
16100,-650,2000,"sd","14:11:05",29448500
16150,-600,100,"bu","14:11:00",29446500
16150,-600,200,"bu","14:10:59",29446400
16150,-600,2900,"bu","14:10:59",29446200
16150,-600,100,"bu","14:10:56",29443300
16150,-600,100,"bu","14:10:56",29443200
16150,-600,200,"sd","14:10:55",29443100
16150,-600,100,"sd","14:10:55",29442900
16150,-600,200,"sd","14:10:55",29442800
16150,-600,200,"sd","14:10:55",29442600
16150,-600,2000,"sd","14:10:55",29442400
16150,-600,2700,"sd","14:10:55",29440400
16150,-600,3000,"sd","14:10:55",29437700
16150,-600,500,"sd","14:10:51",29434700
16150,-600,1000,"sd","14:10:51",29434200
16150,-600,800,"sd","14:10:51",29433200
16150,-600,300,"sd","14:10:51",29432400
16150,-600,1500,"sd","14:10:51",29432100
16150,-600,100,"sd","14:10:50",29430600
16150,-600,100,"sd","14:10:50",29430500
16150,-600,1000,"sd","14:10:50",29430400
16150,-600,100,"sd","14:10:50",29429400
16150,-600,10000,"sd","14:10:50",29429300
16150,-600,500,"sd","14:10:50",29419300
16150,-600,1000,"sd","14:10:50",29418800
16150,-600,1100,"sd","14:10:50",29417800
16150,-600,100,"sd","14:10:50",29416700
16150,-600,5000,"sd","14:10:50",29416600
16150,-600,100,"sd","14:10:50",29411600
16150,-600,600,"sd","14:10:50",29411500
16150,-600,3200,"sd","14:10:50",29410900
16150,-600,1000,"sd","14:10:50",29407700
16150,-600,10000,"sd","14:10:50",29406700
16150,-600,1000,"sd","14:10:50",29396700
16150,-600,2000,"sd","14:10:50",29395700
16150,-600,1000,"sd","14:10:50",29393700
16150,-600,500,"sd","14:10:50",29392700
16150,-600,100,"sd","14:10:50",29392200
16150,-600,100,"sd","14:10:50",29392100
16150,-600,100,"sd","14:10:50",29392000
16150,-600,2800,"sd","14:10:50",29391900
16150,-600,7200,"sd","14:10:50",29389100
16150,-600,700,"sd","14:10:44",29381900
16150,-600,500,"sd","14:10:38",29381200
16150,-600,1000,"sd","14:10:36",29380700
16200,-550,100,"bu","14:10:35",29379700
16200,-550,300,"bu","14:10:34",29379600
16150,-600,600,"sd","14:10:33",29379300
16150,-600,100,"sd","14:10:33",29378700
16150,-600,100,"sd","14:10:33",29378600
16150,-600,100,"sd","14:10:33",29378500
16150,-600,100,"sd","14:10:33",29378400
16150,-600,3000,"sd","14:10:33",29378300
16200,-550,1000,"bu","14:10:29",29375300
16200,-550,100,"bu","14:10:29",29374300
16200,-550,500,"bu","14:10:29",29374200
16200,-550,1400,"bu","14:10:23",29373700
16200,-550,8600,"bu","14:10:23",29372300
16200,-550,2000,"bu","14:10:22",29363700
16200,-550,1000,"bu","14:10:21",29361700
16200,-550,1000,"bu","14:10:20",29360700
16200,-550,2000,"bu","14:10:20",29359700
16200,-550,300,"bu","14:10:18",29357700
16200,-550,1000,"bu","14:10:17",29357400
16200,-550,5000,"bu","14:10:17",29356400
16200,-550,1000,"bu","14:10:17",29351400
16200,-550,1000,"bu","14:10:16",29350400
16200,-550,2000,"bu","14:10:16",29349400
16200,-550,1500,"sd","14:10:15",29347400
16200,-550,1000,"sd","14:10:15",29345900
16200,-550,200,"sd","14:10:15",29344900
16200,-550,200,"sd","14:10:15",29344700
16200,-550,1100,"sd","14:10:15",29344500
16200,-550,300,"sd","14:10:15",29343400
16200,-550,10000,"sd","14:10:15",29343100
16200,-550,600,"sd","14:10:15",29333100
16200,-550,200,"sd","14:10:15",29332500
16200,-550,400,"sd","14:10:14",29332300
16200,-550,100,"sd","14:10:14",29331900
16200,-550,1200,"sd","14:10:14",29331800
16200,-550,100,"sd","14:10:14",29330600
16200,-550,1000,"sd","14:10:14",29330500
16200,-550,1000,"sd","14:10:14",29329500
16200,-550,100,"sd","14:10:14",29328500
16200,-550,300,"sd","14:10:14",29328400
16200,-550,300,"sd","14:10:14",29328100
16200,-550,1000,"sd","14:10:14",29327800
16200,-550,300,"sd","14:10:14",29326800
16200,-550,100,"sd","14:10:14",29326500
16200,-550,100,"sd","14:10:14",29326400
16200,-550,500,"sd","14:10:14",29326300
16200,-550,500,"sd","14:10:14",29325800
16200,-550,500,"sd","14:10:14",29325300
16200,-550,500,"sd","14:10:14",29324800
16200,-550,2000,"sd","14:10:14",29324300
16200,-550,1000,"sd","14:10:14",29322300
16200,-550,2000,"sd","14:10:14",29321300
16200,-550,100,"sd","14:10:14",29319300
16200,-550,200,"sd","14:10:14",29319200
16200,-550,300,"sd","14:10:14",29319000
16200,-550,1900,"sd","14:10:14",29318700
16200,-550,500,"sd","14:10:14",29316800
16250,-500,600,"bu","14:10:13",29316300
16200,-550,1500,"sd","14:10:09",29315700
16200,-550,1300,"sd","14:10:09",29314200
16200,-550,1000,"sd","14:10:09",29312900
16200,-550,500,"sd","14:10:09",29311900
16200,-550,3100,"sd","14:10:09",29311400
16200,-550,1000,"sd","14:10:09",29308300
16200,-550,500,"sd","14:10:09",29307300
16200,-550,1000,"sd","14:10:09",29306800
16200,-550,1000,"sd","14:10:09",29305800
16200,-550,100,"sd","14:10:09",29304800
16200,-550,200,"sd","14:10:09",29304700
16200,-550,200,"sd","14:10:09",29304500
16200,-550,200,"sd","14:10:09",29304300
16200,-550,2400,"sd","14:10:09",29304100
16200,-550,100,"sd","14:10:09",29301700
16200,-550,1400,"sd","14:10:08",29301600
16200,-550,500,"sd","14:10:08",29300200
16200,-550,100,"sd","14:10:08",29299700
16200,-550,1000,"sd","14:10:08",29299600
16250,-500,200,"bu","14:10:07",29298600
16200,-550,2600,"sd","14:10:05",29298400
16200,-550,200,"sd","14:10:05",29295800
16200,-550,100,"sd","14:10:05",29295600
16200,-550,1000,"sd","14:10:05",29295500
16200,-550,100,"sd","14:10:05",29294500
16200,-550,400,"sd","14:10:03",29294400
16200,-550,1000,"sd","14:10:03",29294000
16250,-500,1000,"bu","14:10:03",29293000
16250,-500,4700,"bu","14:10:03",29292000
16250,-500,300,"bu","14:10:03",29287300
16200,-550,1600,"sd","14:10:00",29287000
16200,-550,500,"sd","14:10:00",29285400
16200,-550,500,"sd","14:10:00",29284900
16200,-550,500,"sd","14:10:00",29284400
16200,-550,1900,"sd","14:10:00",29283900
16250,-500,4700,"bu","14:10:00",29282000
16250,-500,100,"bu","14:10:00",29277300
16250,-500,200,"bu","14:10:00",29277200
16200,-550,8100,"sd","14:10:00",29277000
16200,-550,100,"sd","14:10:00",29268900
16200,-550,500,"sd","14:10:00",29268800
16200,-550,100,"sd","14:10:00",29268300
16200,-550,1600,"sd","14:10:00",29268200
16200,-550,800,"sd","14:10:00",29266600
16200,-550,200,"sd","14:10:00",29265800
16200,-550,2000,"sd","14:09:59",29265600
16200,-550,500,"sd","14:09:59",29263600
16200,-550,2000,"sd","14:09:59",29263100
16200,-550,4100,"sd","14:09:59",29261100
16200,-550,5500,"sd","14:09:57",29257000
16250,-500,200,"bu","14:09:57",29251500
16250,-500,3600,"bu","14:09:54",29251300
16250,-500,1400,"bu","14:09:54",29247700
16250,-500,1000,"bu","14:09:53",29246300
16250,-500,800,"bu","14:09:53",29245300
16250,-500,1000,"bu","14:09:51",29244500
16250,-500,100,"sd","14:09:48",29243500
16250,-500,500,"sd","14:09:48",29243400
16250,-500,500,"sd","14:09:48",29242900
16250,-500,1000,"sd","14:09:48",29242400
16250,-500,100,"sd","14:09:48",29241400
16250,-500,1000,"sd","14:09:48",29241300
16250,-500,2000,"sd","14:09:48",29240300
16250,-500,3600,"sd","14:09:48",29238300
16250,-500,900,"sd","14:09:48",29234700
16250,-500,10000,"sd","14:09:46",29233800
16250,-500,3600,"sd","14:09:46",29223800
16250,-500,1600,"sd","14:09:44",29220200
16250,-500,10000,"sd","14:09:43",29218600
16250,-500,1200,"sd","14:09:38",29208600
16250,-500,9000,"sd","14:09:34",29207400
16250,-500,2000,"sd","14:09:33",29198400
16250,-500,500,"bu","14:09:33",29196400
16250,-500,200,"bu","14:09:33",29195900
16250,-500,5000,"bu","14:09:33",29195700
16250,-500,8000,"bu","14:09:33",29190700
16250,-500,400,"bu","14:09:33",29182700
16250,-500,300,"bu","14:09:33",29182300
16250,-500,2500,"bu","14:09:33",29182000
16250,-500,1200,"bu","14:09:33",29179500
16250,-500,800,"bu","14:09:30",29178300
16250,-500,200,"bu","14:09:30",29177500
16250,-500,4800,"bu","14:09:28",29177300
16250,-500,5000,"bu","14:09:28",29172500
16250,-500,2000,"bu","14:09:28",29167500
16250,-500,500,"bu","14:09:28",29165500
16250,-500,1000,"bu","14:09:28",29165000
16250,-500,100,"bu","14:09:28",29164000
16250,-500,6600,"bu","14:09:28",29163900
16200,-550,1000,"sd","14:09:26",29157300
16200,-550,500,"sd","14:09:26",29156300
16250,-500,900,"bu","14:09:24",29155800
16250,-500,1000,"bu","14:09:24",29154900
16250,-500,500,"bu","14:09:22",29153900
16250,-500,10000,"bu","14:09:21",29153400
16250,-500,1000,"bu","14:09:21",29143400
16250,-500,1100,"bu","14:09:20",29142400
16250,-500,300,"bu","14:09:20",29141300
16200,-550,1000,"sd","14:09:18",29141000
16250,-500,20000,"bu","14:09:15",29140000
16250,-500,1000,"bu","14:09:14",29120000
16250,-500,500,"bu","14:09:14",29119000
16250,-500,1000,"bu","14:09:14",29118500
16250,-500,100,"sd","14:09:11",29117500
16250,-500,1000,"sd","14:09:11",29117400
16250,-500,300,"sd","14:09:11",29116400
16250,-500,500,"sd","14:09:11",29116100
16250,-500,100,"sd","14:09:11",29115600
16250,-500,1000,"sd","14:09:11",29115500
16250,-500,10000,"sd","14:09:11",29114500
16250,-500,100,"sd","14:09:11",29104500
16250,-500,600,"sd","14:09:11",29104400
16250,-500,3200,"sd","14:09:11",29103800
16250,-500,100,"sd","14:09:11",29100600
16250,-500,2000,"sd","14:09:11",29100500
16250,-500,39500,"sd","14:09:11",29098500
16250,-500,500,"sd","14:09:11",29059000
16250,-500,800,"sd","14:09:11",29058500
16250,-500,500,"sd","14:09:11",29057700
16250,-500,800,"sd","14:09:11",29057200
16250,-500,1200,"sd","14:09:05",29056400
16250,-500,100,"sd","14:09:05",29055200
16250,-500,1700,"sd","14:09:05",29055100
16250,-500,300,"sd","14:09:05",29053400
16250,-500,4700,"sd","14:09:05",29053100
16300,-450,1900,"bu","14:09:04",29048400
16250,-500,300,"sd","14:09:04",29046500
