"price","change","match_qtty","side","time","total_vol"
15150,950,1000,"sd","13:21:30",106500
15150,950,2400,"sd","10:46:36",105500
15150,950,100,"sd","10:41:43",103100
15150,950,500,"sd","10:21:24",103000
15150,950,200,"sd","10:07:28",102500
15150,950,100,"sd","10:04:37",102300
15150,950,200,"sd","10:02:20",102200
15150,950,1500,"bu","09:59:06",102000
15150,950,4000,"bu","09:59:06",100500
15150,950,700,"bu","09:59:06",96500
15150,950,4700,"bu","09:59:06",95800
15150,950,100,"bu","09:59:06",91100
15150,950,100,"bu","09:59:06",91000
15150,950,1000,"bu","09:59:06",90900
15150,950,200,"bu","09:59:06",89900
15150,950,100,"bu","09:59:06",89700
15150,950,500,"bu","09:59:06",89600
15150,950,1000,"bu","09:59:06",89100
15100,900,3000,"bu","09:59:06",88100
15100,900,300,"bu","09:59:06",85100
15150,950,2900,"bu","09:59:06",84800
15150,950,2000,"bu","09:59:06",81900
15150,950,9900,"bu","09:59:06",79900
15100,900,2700,"bu","09:58:49",70000
15100,900,1000,"bu","09:58:49",67300
15100,900,5000,"bu","09:58:49",66300
15100,900,7000,"bu","09:58:49",61300
15100,900,200,"bu","09:58:49",54300
15100,900,1100,"bu","09:58:49",54100
15050,850,400,"bu","09:58:40",53000
15050,850,100,"bu","09:58:12",52600
15050,850,500,"bu","09:58:04",52500
15000,800,600,"bu","09:57:38",52000
15000,800,300,"bu","09:57:38",51400
15000,800,100,"bu","09:57:38",51100
15000,800,1000,"bu","09:57:38",51000
15000,800,100,"bu","09:57:38",50000
15000,800,100,"bu","09:57:38",49900
15000,800,100,"bu","09:57:38",49800
15000,800,200,"bu","09:57:38",49700
14950,750,100,"bu","09:57:38",49500
14950,750,1000,"bu","09:57:38",49400
14950,750,300,"bu","09:55:10",48400
14950,750,1000,"bu","09:55:10",48100
14900,700,5700,"bu","09:55:10",47100
14900,700,1000,"bu","09:55:10",41400
14900,700,1500,"bu","09:55:10",40400
14900,700,1700,"bu","09:55:10",38900
14850,650,200,"bu","09:55:10",37200
14850,650,900,"bu","09:55:10",37000
14800,600,1000,"bu","09:55:10",36100
14800,600,500,"bu","09:54:52",35100
14800,600,500,"sd","09:51:02",34600
14800,600,100,"sd","09:51:02",34100
14800,600,1000,"sd","09:48:26",34000
14850,650,300,"bu","09:43:12",33000
14800,600,2000,"bu","09:42:50",32700
14900,700,300,"bu","09:39:36",30700
14900,700,900,"bu","09:39:30",30400
14900,700,2000,"bu","09:39:30",29500
14900,700,1800,"bu","09:39:30",27500
14900,700,100,"bu","09:39:25",25700
14900,700,1200,"bu","09:33:11",25600
14900,700,300,"bu","09:29:40",24400
14850,650,200,"bu","09:29:16",24100
14800,600,100,"bu","09:28:44",23900
14750,550,300,"sd","09:26:55",23800
14750,550,400,"sd","09:23:45",23500
14750,550,200,"sd","09:23:08",23100
14900,700,100,"bu","09:22:31",22900
14900,700,700,"bu","09:20:04",22800
14900,700,500,"bu","09:19:14",22100
14700,500,2500,"bu","09:18:06",21600
14600,400,200,"sd","09:17:09",19100
14600,400,300,"sd","09:17:09",18900
14600,400,200,"sd","09:17:09",18600
14700,500,200,"sd","09:16:17",18100
14700,500,300,"sd","09:16:17",18400
14900,700,300,"bu","09:15:48",17900
14900,700,2500,"bu","09:15:48",17600
14900,700,15100,"bu","09:15:02",15100
