"price","change","match_qtty","side","time","total_vol"
22000,-350,1203800,"unknown","14:45:00",12425700
22200,-150,100,"bu","14:29:58",11221900
22200,-150,1000,"bu","14:29:54",11221800
22200,-150,1000,"unknown","14:29:52",11220800
22250,-100,11800,"bu","14:29:50",11219800
22200,-150,8900,"bu","14:29:50",11208000
22200,-150,5000,"bu","14:29:50",11199100
22200,-150,4300,"bu","14:29:50",11194100
22150,-200,400,"sd","14:29:50",11189800
22150,-200,5100,"sd","14:29:50",11189400
22200,-150,2000,"sd","14:29:47",11184300
22200,-150,600,"sd","14:29:47",11182300
22200,-150,1900,"sd","14:29:47",11181700
22200,-150,100,"bu","14:29:45",11179800
22200,-150,100,"bu","14:29:42",11179700
22150,-200,6900,"sd","14:29:42",11179600
22150,-200,200,"sd","14:29:42",11172700
22150,-200,500,"sd","14:29:42",11172500
22150,-200,10000,"sd","14:29:42",11172000
22150,-200,200,"sd","14:29:42",11162000
22150,-200,4500,"sd","14:29:42",11161800
22150,-200,2700,"sd","14:29:42",11157300
22200,-150,800,"bu","14:29:40",11154600
22200,-150,200,"bu","14:29:40",11153800
22150,-200,2300,"sd","14:29:39",11153600
22150,-200,400,"sd","14:29:39",11151300
22150,-200,300,"sd","14:29:39",11150900
22150,-200,200,"sd","14:29:39",11150600
22150,-200,500,"sd","14:29:39",11150400
22150,-200,100,"sd","14:29:39",11149900
22150,-200,700,"sd","14:29:39",11149800
22150,-200,500,"sd","14:29:39",11149100
22200,-150,2800,"bu","14:29:37",11148600
22200,-150,200,"bu","14:29:37",11145800
22200,-150,20000,"bu","14:29:37",11145600
22200,-150,27000,"bu","14:29:37",11125600
22200,-150,500,"bu","14:29:37",11098600
22200,-150,500,"bu","14:29:35",11098100
22200,-150,100,"bu","14:29:34",11097600
22200,-150,4000,"bu","14:29:27",11097500
22200,-150,200,"sd","14:29:23",11093500
22200,-150,1300,"sd","14:29:23",11093300
22200,-150,300,"sd","14:29:23",11092000
22200,-150,100,"sd","14:29:23",11091700
22200,-150,100,"sd","14:29:23",11091600
22200,-150,100,"sd","14:29:23",11091500
22200,-150,100,"sd","14:29:23",11091400
22200,-150,1000,"sd","14:29:23",11091300
22200,-150,500,"sd","14:29:23",11090300
22200,-150,2000,"sd","14:29:23",11089800
22200,-150,8900,"sd","14:29:23",11087800
22200,-150,100,"sd","14:29:23",11078900
22200,-150,200,"sd","14:29:23",11078800
22200,-150,2000,"sd","14:29:23",11078600
22200,-150,1000,"sd","14:29:23",11076600
22250,-100,2000,"sd","14:29:21",11075600
22300,-50,4100,"bu","14:29:19",11073600
22250,-100,300,"bu","14:29:19",11069500
22250,-100,1400,"bu","14:29:19",11069200
22200,-150,300,"sd","14:29:17",11067800
22250,-100,1600,"bu","14:29:14",11067500
22250,-100,200,"bu","14:29:14",11065900
22250,-100,400,"bu","14:29:14",11065700
22200,-150,40800,"sd","14:29:14",11065300
22200,-150,1000,"sd","14:29:14",11024500
22200,-150,200,"sd","14:29:14",11023500
22200,-150,400,"sd","14:29:14",11023300
22200,-150,600,"sd","14:29:14",11022900
22200,-150,200,"sd","14:29:14",11022300
22200,-150,500,"sd","14:29:14",11022100
22200,-150,200,"sd","14:29:14",11021600
22200,-150,400,"sd","14:29:14",11021400
22200,-150,500,"sd","14:29:14",11021000
22200,-150,100,"sd","14:29:14",11020500
22200,-150,500,"sd","14:29:14",11020400
22200,-150,300,"sd","14:29:14",11019900
22200,-150,1000,"sd","14:29:14",11019600
22200,-150,200,"sd","14:29:14",11018600
22200,-150,3100,"sd","14:29:14",11018400
22250,-100,200,"bu","14:29:12",11015300
22250,-100,100,"bu","14:29:12",11015100
22250,-100,11800,"bu","14:29:10",11015000
22250,-100,8000,"bu","14:29:10",11003200
22250,-100,2200,"bu","14:29:10",10995200
22200,-150,100,"sd","14:29:08",10993000
22200,-150,200,"sd","14:29:08",10992900
22200,-150,800,"sd","14:29:08",10992700
22200,-150,1000,"sd","14:29:08",10991900
22200,-150,500,"sd","14:29:08",10990900
22200,-150,100,"sd","14:29:08",10990400
22200,-150,100,"sd","14:29:08",10990300
22200,-150,1200,"sd","14:29:08",10990200
22200,-150,5000,"sd","14:29:08",10989000
22200,-150,3000,"sd","14:29:08",10984000
22200,-150,300,"sd","14:29:08",10981000
22200,-150,1300,"sd","14:29:08",10980700
22200,-150,3900,"sd","14:29:08",10979400
22200,-150,2000,"sd","14:29:08",10975500
22200,-150,500,"sd","14:29:08",10973500
22250,-100,300,"bu","14:29:07",10973000
22250,-100,200,"bu","14:29:07",10972700
22250,-100,1500,"bu","14:29:05",10972500
22250,-100,100,"bu","14:29:03",10971000
22200,-150,600,"sd","14:29:02",10970900
22200,-150,2000,"sd","14:29:01",10970300
22200,-150,100,"sd","14:29:01",10968300
22250,-100,1200,"bu","14:29:01",10968200
22250,-100,100,"bu","14:29:01",10967000
22200,-150,2000,"sd","14:29:01",10966900
22250,-100,700,"bu","14:29:01",10964900
22200,-150,100,"sd","14:29:01",10964200
22200,-150,200,"sd","14:29:01",10964100
22200,-150,1000,"sd","14:29:01",10963900
22200,-150,100,"sd","14:29:01",10962900
22200,-150,8100,"sd","14:29:01",10962800
22200,-150,200,"sd","14:29:01",10954700
22200,-150,3000,"sd","14:29:01",10954500
22200,-150,100,"sd","14:29:01",10951500
22200,-150,500,"sd","14:29:01",10951400
22200,-150,1500,"sd","14:29:01",10950900
22200,-150,100,"sd","14:29:01",10949400
22200,-150,2800,"sd","14:29:01",10949300
22200,-150,200,"sd","14:29:01",10946500
22200,-150,700,"sd","14:29:01",10946300
22200,-150,1700,"sd","14:29:01",10945600
22200,-150,100,"sd","14:29:01",10943900
22200,-150,200,"sd","14:29:01",10943800
22200,-150,100,"sd","14:29:01",10943600
22200,-150,300,"sd","14:29:01",10943500
22200,-150,3800,"sd","14:29:01",10943200
22200,-150,500,"sd","14:29:01",10939400
22200,-150,500,"sd","14:29:01",10938900
22200,-150,100,"sd","14:29:01",10938400
22200,-150,1100,"sd","14:28:55",10938300
22250,-100,200,"bu","14:28:50",10937200
22250,-100,100,"bu","14:28:48",10937000
22250,-100,1000,"sd","14:28:45",10936900
22250,-100,2500,"bu","14:28:44",10935900
22250,-100,400,"bu","14:28:43",10933400
22250,-100,1000,"sd","14:28:40",10933000
22250,-100,1100,"sd","14:28:40",10932000
22250,-100,1000,"sd","14:28:34",10930900
22250,-100,500,"bu","14:28:32",10929900
22250,-100,11400,"bu","14:28:32",10929400
22200,-150,400,"sd","14:28:32",10918000
22200,-150,200,"sd","14:28:31",10917600
22250,-100,1000,"bu","14:28:30",10917400
22250,-100,200,"bu","14:28:25",10916400
22250,-100,600,"bu","14:28:24",10916200
22250,-100,1800,"bu","14:28:24",10915600
22250,-100,3200,"sd","14:28:24",10913800
22250,-100,100,"sd","14:28:24",10910600
22250,-100,500,"sd","14:28:24",10910500
22250,-100,5000,"sd","14:28:24",10910000
22250,-100,600,"sd","14:28:24",10905000
22250,-100,600,"sd","14:28:24",10904400
22300,-50,2500,"bu","14:28:22",10903800
22250,-100,500,"sd","14:28:21",10901300
22250,-100,2000,"sd","14:28:21",10900800
22250,-100,3000,"sd","14:28:20",10898800
22250,-100,2300,"sd","14:28:17",10895800
22250,-100,2000,"sd","14:28:17",10893500
22250,-100,200,"sd","14:28:17",10891500
22250,-100,500,"sd","14:28:17",10891300
22300,-50,4900,"bu","14:28:13",10890800
22300,-50,5000,"bu","14:28:13",10885900
22300,-50,100,"bu","14:28:13",10880900
22250,-100,700,"sd","14:28:11",10880800
22250,-100,300,"sd","14:28:06",10880100
22250,-100,100,"sd","14:28:06",10879800
22250,-100,1000,"sd","14:28:06",10879700
22250,-100,1000,"sd","14:28:06",10878700
22250,-100,500,"sd","14:28:06",10877700
22250,-100,100,"sd","14:28:06",10877200
22250,-100,4900,"sd","14:28:06",10877100
22250,-100,500,"sd","14:28:06",10872200
22250,-100,300,"sd","14:28:06",10871700
22250,-100,2900,"sd","14:28:06",10871400
22250,-100,500,"sd","14:28:06",10868500
22250,-100,500,"sd","14:28:06",10868000
22250,-100,400,"sd","14:28:06",10867500
22300,-50,400,"bu","14:28:06",10867100
22300,-50,500,"bu","14:28:05",10866700
22250,-100,2000,"sd","14:28:04",10866200
22250,-100,2400,"sd","14:28:02",10864200
22250,-100,7600,"sd","14:28:02",10861800
22300,-50,1000,"bu","14:28:01",10854200
22250,-100,1400,"sd","14:27:57",10853200
22250,-100,1000,"sd","14:27:57",10851800
22250,-100,100,"sd","14:27:57",10850800
22250,-100,500,"sd","14:27:57",10850700
22250,-100,2700,"sd","14:27:57",10850200
22300,-50,900,"sd","14:27:52",10847500
22300,-50,2000,"bu","14:27:52",10846600
22300,-50,100,"bu","14:27:52",10844600
22300,-50,500,"bu","14:27:48",10844500
22300,-50,500,"bu","14:27:48",10844000
22300,-50,3900,"sd","14:27:44",10843500
22300,-50,100,"sd","14:27:44",10839600
22300,-50,1000,"sd","14:27:43",10839500
22350,0,100,"bu","14:27:41",10838500
22300,-50,100,"sd","14:27:41",10838400
22300,-50,1800,"sd","14:27:40",10838300
22300,-50,7000,"sd","14:27:38",10836500
22300,-50,1000,"sd","14:27:37",10829500
22300,-50,400,"bu","14:27:33",10828500
22300,-50,1000,"bu","14:27:33",10828100
22300,-50,1000,"bu","14:27:33",10827100
22300,-50,2000,"bu","14:27:33",10826100
22300,-50,3000,"bu","14:27:33",10824100
22300,-50,2000,"bu","14:27:33",10821100
22300,-50,5000,"bu","14:27:33",10819100
22300,-50,2000,"bu","14:27:33",10814100
22300,-50,100,"bu","14:27:33",10812100
22300,-50,10000,"bu","14:27:33",10812000
22300,-50,7000,"bu","14:27:33",10802000
22300,-50,500,"bu","14:27:33",10795000
22250,-100,1100,"bu","14:27:33",10794500
22200,-150,2900,"sd","14:27:30",10793400
22200,-150,1000,"sd","14:27:30",10790500
22200,-150,10000,"sd","14:27:30",10789500
22200,-150,1000,"sd","14:27:30",10779500
22250,-100,100,"sd","14:27:30",10778500
22250,-100,400,"sd","14:27:30",10778400
22250,-100,400,"sd","14:27:30",10778000
22250,-100,5000,"sd","14:27:30",10777600
22250,-100,5000,"sd","14:27:30",10772600
22250,-100,3000,"sd","14:27:30",10767600
22250,-100,1700,"sd","14:27:30",10764600
22250,-100,100,"sd","14:27:30",10762900
22250,-100,1400,"sd","14:27:30",10762800
22200,-150,4500,"sd","14:27:30",10761400
22250,-100,1000,"sd","14:27:30",10756900
22200,-150,3000,"sd","14:27:30",10755900
22250,-100,12000,"sd","14:27:30",10752900
22200,-150,1500,"sd","14:27:30",10740900
22250,-100,5000,"sd","14:27:30",10739400
22200,-150,1000,"sd","14:27:30",10734400
22250,-100,5500,"sd","14:27:30",10733400
22200,-150,1000,"sd","14:27:30",10727900
22250,-100,500,"sd","14:27:30",10726900
22200,-150,200,"sd","14:27:30",10726400
22250,-100,1400,"sd","14:27:30",10726200
22200,-150,500,"sd","14:27:30",10724800
22200,-150,100,"sd","14:27:30",10724300
22250,-100,100,"sd","14:27:30",10724200
22250,-100,700,"sd","14:27:30",10724100
22250,-100,900,"sd","14:27:30",10723400
22200,-150,500,"sd","14:27:30",10722500
22250,-100,500,"sd","14:27:30",10722000
22250,-100,200,"sd","14:27:30",10721500
22250,-100,300,"sd","14:27:30",10721300
22250,-100,200,"sd","14:27:30",10721000
22250,-100,300,"sd","14:27:30",10720800
22250,-100,1000,"sd","14:27:30",10720500
22250,-100,100,"sd","14:27:30",10719500
22250,-100,2000,"sd","14:27:30",10719400
22250,-100,200,"sd","14:27:30",10717400
22250,-100,300,"sd","14:27:30",10717200
22250,-100,1000,"sd","14:27:30",10716900
22250,-100,500,"sd","14:27:30",10715900
22250,-100,300,"sd","14:27:30",10715400
22250,-100,5000,"sd","14:27:30",10715100
22250,-100,100,"sd","14:27:30",10710100
22250,-100,1600,"sd","14:27:30",10710000
22250,-100,100,"sd","14:27:30",10708400
22250,-100,500,"sd","14:27:30",10708300
22250,-100,4600,"sd","14:27:30",10707800
22300,-50,1300,"bu","14:27:28",10703200
22300,-50,100,"bu","14:27:27",10701900
22250,-100,500,"sd","14:27:25",10701800
22250,-100,200,"sd","14:27:25",10701300
22250,-100,500,"sd","14:27:25",10701100
22250,-100,100,"sd","14:27:25",10700600
22250,-100,800,"sd","14:27:25",10700500
22250,-100,400,"sd","14:27:25",10699700
22250,-100,1200,"sd","14:27:22",10699300
22250,-100,200,"sd","14:27:22",10698100
22250,-100,300,"sd","14:27:22",10697900
22250,-100,500,"sd","14:27:22",10697600
22250,-100,300,"sd","14:27:22",10697100
22250,-100,400,"sd","14:27:22",10696800
22250,-100,1000,"sd","14:27:22",10696400
22250,-100,1100,"sd","14:27:22",10695400
22250,-100,2300,"sd","14:27:21",10694300
22250,-100,400,"sd","14:27:16",10692000
22250,-100,8500,"sd","14:27:05",10691600
22250,-100,2000,"sd","14:27:00",10683100
22300,-50,100,"bu","14:26:58",10681100
22250,-100,200,"sd","14:26:57",10681000
22300,-50,1000,"bu","14:26:55",10680800
22300,-50,3000,"bu","14:26:48",10679800
22250,-100,1000,"sd","14:26:42",10676800
22250,-100,50000,"sd","14:26:40",10675800
22300,-50,19500,"bu","14:26:36",10625800
22300,-50,500,"bu","14:26:36",10606300
22250,-100,500,"sd","14:26:36",10605800
22250,-100,800,"sd","14:26:28",10605300
22250,-100,100,"sd","14:26:25",10604500
22300,-50,1800,"bu","14:26:24",10604400
22250,-100,1000,"sd","14:26:21",10602600
22300,-50,500,"bu","14:26:21",10601600
22250,-100,100,"sd","14:26:20",10601100
22250,-100,300,"sd","14:26:15",10601000
22250,-100,11700,"sd","14:26:15",10600700
22250,-100,200,"sd","14:26:15",10589000
22250,-100,600,"sd","14:26:15",10588800
22250,-100,500,"sd","14:26:15",10588200
22250,-100,1500,"sd","14:26:15",10587700
22250,-100,200,"sd","14:26:15",10586200
22250,-100,100,"sd","14:26:15",10586000
22250,-100,200,"sd","14:26:15",10585900
22250,-100,200,"sd","14:26:15",10585700
22250,-100,4800,"sd","14:26:15",10585500
22300,-50,100,"bu","14:26:11",10580700
22250,-100,6100,"sd","14:26:08",10580600
22250,-100,5200,"sd","14:26:08",10574500
22250,-100,300,"sd","14:26:08",10569300
22250,-100,200,"sd","14:26:08",10569000
22250,-100,200,"sd","14:26:08",10568800
22250,-100,5000,"sd","14:26:08",10568600
22300,-50,500,"bu","14:26:08",10563600
22300,-50,1000,"bu","14:26:07",10563100
22300,-50,300,"bu","14:26:06",10562100
22300,-50,1000,"bu","14:26:06",10561800
22300,-50,1700,"bu","14:26:06",10560800
22300,-50,100,"bu","14:26:05",10559100
22250,-100,100,"sd","14:26:04",10559000
22250,-100,100,"sd","14:26:04",10558900
22300,-50,700,"bu","14:26:02",10558800
22300,-50,1000,"bu","14:26:02",10558100
22300,-50,300,"bu","14:26:02",10557100
22300,-50,3000,"bu","14:26:02",10556800
22300,-50,300,"bu","14:25:57",10553800
22300,-50,500,"bu","14:25:56",10553500
22250,-100,100,"sd","14:25:54",10553000
22250,-100,1000,"sd","14:25:54",10552900
22250,-100,100,"sd","14:25:54",10551900
22250,-100,100,"sd","14:25:54",10551800
22250,-100,300,"sd","14:25:54",10551700
22250,-100,1000,"sd","14:25:54",10551400
22250,-100,200,"sd","14:25:54",10550400
22250,-100,500,"sd","14:25:54",10550200
22250,-100,100,"sd","14:25:54",10549700
22250,-100,200,"sd","14:25:54",10549600
22250,-100,200,"sd","14:25:54",10549400
22250,-100,200,"sd","14:25:54",10549200
22250,-100,1000,"sd","14:25:54",10549000
22300,-50,1000,"bu","14:25:51",10548000
22300,-50,100,"bu","14:25:51",10547000
22250,-100,500,"sd","14:25:47",10546900
22300,-50,100,"bu","14:25:43",10546400
22300,-50,2500,"bu","14:25:42",10546300
22300,-50,100,"bu","14:25:39",10543800
22300,-50,300,"bu","14:25:38",10543700
22300,-50,100,"bu","14:25:37",10543400
22250,-100,1300,"sd","14:25:37",10543300
22250,-100,1500,"sd","14:25:37",10542000
22250,-100,100,"sd","14:25:37",10540500
22250,-100,100,"sd","14:25:37",10540400
22250,-100,100,"sd","14:25:37",10540300
22250,-100,2000,"sd","14:25:37",10540200
22250,-100,5000,"sd","14:25:37",10538200
22250,-100,5000,"sd","14:25:37",10533200
22250,-100,500,"sd","14:25:37",10528200
22250,-100,100,"sd","14:25:37",10527700
22250,-100,100,"sd","14:25:37",10527600
22250,-100,100,"sd","14:25:37",10527500
22250,-100,400,"sd","14:25:37",10527400
22250,-100,2000,"sd","14:25:37",10527000
22250,-100,100,"sd","14:25:37",10525000
22250,-100,500,"sd","14:25:37",10524900
22250,-100,1000,"sd","14:25:37",10524400
22250,-100,100,"sd","14:25:37",10523400
22300,-50,100,"bu","14:25:36",10523300
22300,-50,500,"bu","14:25:35",10523200
22300,-50,2000,"sd","14:25:34",10522700
22300,-50,2400,"sd","14:25:34",10520700
22300,-50,600,"sd","14:25:30",10518300
22300,-50,400,"sd","14:25:30",10517700
22300,-50,100,"sd","14:25:29",10517300
22300,-50,200,"sd","14:25:28",10517200
22300,-50,1300,"sd","14:25:26",10517000
22300,-50,300,"sd","14:25:26",10515700
22300,-50,100,"sd","14:25:26",10515400
22300,-50,3300,"sd","14:25:25",10515300
22300,-50,1700,"bu","14:25:22",10512000
22300,-50,100,"bu","14:25:18",10510300
22300,-50,2000,"bu","14:25:17",10510200
22300,-50,500,"bu","14:25:16",10508200
22300,-50,200,"sd","14:25:14",10507700
22300,-50,100,"sd","14:25:14",10507500
22300,-50,3000,"sd","14:25:14",10507400
22300,-50,600,"sd","14:25:14",10504400
22300,-50,1700,"sd","14:25:14",10503800
22300,-50,200,"sd","14:25:14",10502100
22300,-50,3000,"sd","14:25:14",10501900
22300,-50,500,"sd","14:25:14",10498900
22300,-50,4500,"sd","14:25:14",10498400
22300,-50,1000,"sd","14:25:14",10493900
22300,-50,2000,"sd","14:25:14",10492900
22300,-50,1000,"sd","14:25:14",10490900
22300,-50,1000,"sd","14:25:14",10489900
22300,-50,200,"sd","14:25:14",10488900
22300,-50,500,"sd","14:25:14",10488700
22300,-50,700,"sd","14:25:14",10488200
22300,-50,1500,"sd","14:25:14",10487500
22300,-50,500,"sd","14:25:14",10486000
22300,-50,500,"sd","14:25:14",10485500
22300,-50,1000,"sd","14:25:14",10485000
22300,-50,100,"sd","14:25:14",10484000
22300,-50,100,"sd","14:25:14",10483900
22300,-50,1000,"sd","14:25:14",10483800
22300,-50,100,"sd","14:25:14",10482800
22300,-50,1000,"sd","14:25:14",10482700
22300,-50,100,"sd","14:25:14",10481700
22300,-50,9300,"sd","14:25:14",10481600
22300,-50,1000,"sd","14:25:14",10472300
22300,-50,200,"sd","14:25:14",10471300
22300,-50,100,"sd","14:25:14",10471100
22300,-50,100,"sd","14:25:14",10471000
22300,-50,100,"sd","14:25:14",10470900
22300,-50,3000,"sd","14:25:14",10470800
22300,-50,300,"sd","14:25:14",10467800
22300,-50,2000,"sd","14:25:14",10467500
22300,-50,10000,"sd","14:25:14",10465500
22300,-50,200,"sd","14:25:14",10455500
22300,-50,100,"sd","14:25:14",10455300
22300,-50,200,"sd","14:25:14",10455200
22300,-50,500,"sd","14:25:14",10455000
22300,-50,300,"sd","14:25:14",10454500
22300,-50,3000,"sd","14:25:14",10454200
22300,-50,500,"sd","14:25:14",10451200
22300,-50,1800,"sd","14:25:14",10450700
22300,-50,20000,"sd","14:25:14",10448900
22300,-50,1000,"sd","14:25:14",10428900
22300,-50,5000,"sd","14:25:14",10427900
22300,-50,100,"sd","14:25:14",10422900
22300,-50,100,"sd","14:25:14",10422800
22300,-50,5000,"sd","14:25:14",10422700
22300,-50,300,"sd","14:25:14",10417700
22300,-50,200,"sd","14:25:14",10417400
22300,-50,200,"sd","14:25:14",10417200
22300,-50,200,"sd","14:25:14",10417000
22300,-50,500,"sd","14:25:14",10416800
22300,-50,4000,"sd","14:25:14",10416300
22300,-50,300,"sd","14:25:14",10412300
22300,-50,300,"sd","14:25:13",10412000
22350,0,800,"bu","14:25:12",10411700
22350,0,200,"bu","14:25:12",10410900
22350,0,800,"bu","14:25:12",10410700
22350,0,200,"bu","14:25:12",10409900
22350,0,1000,"bu","14:25:00",10409700
22300,-50,700,"sd","14:24:57",10408700
22350,0,8800,"bu","14:24:54",10408000
22350,0,1000,"bu","14:24:54",10399200
22350,0,1000,"bu","14:24:54",10398200
22350,0,7200,"bu","14:24:54",10397200
22300,-50,700,"sd","14:24:49",10390000
22300,-50,300,"sd","14:24:49",10389300
22300,-50,3000,"sd","14:24:48",10389000
22300,-50,3000,"sd","14:24:42",10386000
22300,-50,5000,"sd","14:24:40",10383000
22300,-50,88700,"sd","14:24:38",10378000
22300,-50,5000,"sd","14:24:38",10289300
22300,-50,500,"sd","14:24:38",10284300
22300,-50,500,"sd","14:24:38",10283800
22300,-50,5000,"sd","14:24:38",10283300
22300,-50,100,"sd","14:24:38",10278300
22300,-50,200,"sd","14:24:38",10278200
22300,-50,200,"sd","14:24:36",10278000
22300,-50,100,"sd","14:24:34",10277800
22300,-50,600,"sd","14:24:34",10277700
22300,-50,200,"sd","14:24:34",10277100
22300,-50,100,"sd","14:24:34",10276900
22300,-50,11700,"sd","14:24:34",10276800
22300,-50,500,"sd","14:24:34",10265100
22300,-50,500,"sd","14:24:34",10264600
22300,-50,100,"sd","14:24:34",10264100
22300,-50,300,"sd","14:24:30",10264000
22300,-50,8000,"sd","14:24:24",10263700
22300,-50,2000,"sd","14:24:24",10255700
22350,0,100,"sd","14:24:14",10253700
22350,0,400,"sd","14:24:14",10253600
22350,0,300,"sd","14:24:14",10253200
22350,0,900,"sd","14:24:14",10252900
22350,0,1000,"sd","14:24:14",10252000
22350,0,5000,"sd","14:24:14",10251000
22350,0,100,"sd","14:24:14",10246000
22350,0,100,"sd","14:24:14",10245900
22350,0,2000,"sd","14:24:14",10245800
22350,0,500,"sd","14:24:14",10243800
22350,0,5000,"sd","14:24:14",10243300
22350,0,800,"sd","14:24:14",10238300
22350,0,500,"sd","14:24:14",10237500
22350,0,6100,"sd","14:24:14",10237000
22350,0,3900,"sd","14:24:10",10230900
22350,0,1000,"sd","14:24:10",10227000
22350,0,300,"sd","14:24:10",10226000
22350,0,100,"sd","14:24:10",10225700
22350,0,5300,"sd","14:24:10",10225600
22350,0,2000,"sd","14:24:10",10220300
22350,0,15000,"sd","14:24:10",10218300
22350,0,1000,"sd","14:24:10",10203300
22350,0,100,"sd","14:24:10",10202300
22350,0,100,"sd","14:24:10",10202200
22350,0,1000,"sd","14:24:10",10202100
22350,0,100,"sd","14:24:10",10201100
22350,0,100,"sd","14:24:10",10201000
22350,0,100,"sd","14:24:10",10200900
22350,0,100,"sd","14:24:10",10200800
22350,0,100,"sd","14:24:10",10200700
22350,0,300,"sd","14:24:10",10200600
22350,0,1000,"sd","14:24:10",10200300
22350,0,500,"sd","14:24:10",10199300
22350,0,200,"sd","14:24:10",10198800
22350,0,200,"sd","14:24:10",10198600
22350,0,400,"sd","14:24:10",10198400
22350,0,2000,"sd","14:24:10",10198000
22350,0,10000,"sd","14:24:10",10196000
22350,0,5100,"sd","14:24:10",10186000
22350,0,4900,"sd","14:24:06",10180900
22350,0,50000,"sd","14:24:06",10176000
22350,0,100,"sd","14:24:06",10126000
22350,0,400,"sd","14:24:06",10125900
22350,0,4000,"sd","14:24:06",10125500
22350,0,5000,"sd","14:24:06",10121500
22350,0,900,"sd","14:24:06",10116500
22350,0,500,"sd","14:24:06",10115600
22350,0,1000,"sd","14:24:06",10115100
22350,0,9700,"sd","14:24:06",10114100
22350,0,200,"sd","14:23:59",10104400
22350,0,200,"sd","14:23:58",10104200
22350,0,200,"sd","14:23:58",10104000
22350,0,300,"sd","14:23:58",10103800
22350,0,39200,"sd","14:23:58",10103500
22350,0,100,"sd","14:23:58",10064300
22350,0,10000,"sd","14:23:58",10064200
22350,0,5000,"sd","14:23:56",10054200
22350,0,1000,"sd","14:23:41",10049200
22350,0,500,"sd","14:23:36",10048200
22350,0,4300,"sd","14:23:28",10047700
22350,0,700,"sd","14:23:28",10043400
22400,50,100,"bu","14:23:27",10042700
22350,0,400,"sd","14:23:27",10042600
22350,0,1000,"sd","14:23:20",10042200
22400,50,200,"bu","14:23:17",10041200
22400,50,8700,"sd","14:23:11",10041000
22400,50,100,"sd","14:23:09",10032300
22400,50,500,"sd","14:23:09",10032200
22400,50,700,"bu","14:23:09",10031700
22400,50,900,"bu","14:23:02",10031000
22400,50,500,"sd","14:22:58",10030100
22400,50,100,"sd","14:22:58",10029600
22400,50,300,"sd","14:22:58",10029500
22400,50,400,"sd","14:22:58",10029200
22400,50,600,"sd","14:22:55",10028800
22400,50,100,"sd","14:22:55",10028200
22400,50,800,"sd","14:22:55",10028100
22400,50,1200,"sd","14:22:52",10027300
22400,50,400,"sd","14:22:52",10026100
22400,50,2000,"sd","14:22:52",10025700
22400,50,1400,"sd","14:22:52",10023700
22400,50,400,"sd","14:22:34",10022300
22400,50,20000,"sd","14:22:30",10021900
22400,50,800,"sd","14:22:19",10001900
22400,50,2000,"sd","14:22:15",10001100
22400,50,3300,"sd","14:22:13",9999100
22400,50,100,"sd","14:22:12",9995800
22400,50,100,"sd","14:22:11",9995700
22400,50,100,"sd","14:22:11",9995600
22400,50,2000,"bu","14:21:58",9995500
22400,50,500,"bu","14:21:58",9993500
22400,50,2000,"bu","14:21:58",9993000
22400,50,300,"bu","14:21:58",9991000
22400,50,3000,"bu","14:21:58",9990700
22400,50,10000,"bu","14:21:58",9987700
22400,50,100,"bu","14:21:58",9977700
22400,50,3900,"bu","14:21:58",9977600
22400,50,1100,"bu","14:21:54",9973700
22400,50,900,"bu","14:21:54",9972600
22400,50,500,"bu","14:21:41",9971700
22400,50,500,"bu","14:21:41",9971200
22400,50,2000,"bu","14:21:39",9970700
22400,50,1000,"bu","14:21:30",9968700
22400,50,100,"bu","14:21:28",9967700
22400,50,1000,"bu","14:21:28",9967600
22400,50,1600,"bu","14:21:24",9966600
22400,50,1000,"bu","14:21:11",9965000
22400,50,400,"bu","14:21:11",9964000
22400,50,500,"bu","14:21:01",9963600
22400,50,500,"bu","14:21:00",9963100
22400,50,100,"bu","14:20:57",9962600
22400,50,500,"bu","14:20:52",9962500
22400,50,1700,"sd","14:20:48",9962000
22400,50,1000,"sd","14:20:48",9960300
22400,50,100,"sd","14:20:48",9959300
22400,50,100,"sd","14:20:48",9959200
22400,50,100,"sd","14:20:48",9959100
22400,50,1400,"sd","14:20:48",9959000
22400,50,400,"sd","14:20:44",9957600
22400,50,600,"sd","14:20:44",9957200
22400,50,600,"sd","14:20:43",9956600
22400,50,2100,"sd","14:20:32",9956000
22400,50,5000,"sd","14:20:32",9953900
22400,50,1400,"sd","14:20:32",9948900
22400,50,31500,"sd","14:20:32",9947500
22400,50,400,"sd","14:20:30",9916000
22400,50,1000,"sd","14:20:18",9915600
22400,50,3000,"sd","14:20:13",9914600
22400,50,100,"sd","14:20:13",9911600
22400,50,500,"sd","14:20:12",9911500
22400,50,2000,"sd","14:20:09",9911000
22400,50,10000,"bu","14:19:59",9909000
22400,50,1500,"bu","14:19:59",9899000
22400,50,3500,"sd","14:19:58",9897500
22400,50,1500,"sd","14:19:57",9894000
22400,50,900,"sd","14:19:57",9892500
22400,50,5000,"sd","14:19:57",9891600
22400,50,500,"sd","14:19:57",9886600
22400,50,1000,"sd","14:19:57",9886100
22400,50,1100,"sd","14:19:57",9885100
22400,50,600,"sd","14:19:53",9884000
22400,50,300,"sd","14:19:51",9883400
22400,50,5000,"sd","14:19:51",9883100
22400,50,200,"sd","14:19:51",9878100
22400,50,200,"sd","14:19:45",9877900
22400,50,2000,"sd","14:19:45",9877700
22400,50,2100,"sd","14:19:45",9875700
22400,50,200,"sd","14:19:45",9873600
22400,50,2000,"sd","14:19:44",9873400
22400,50,300,"sd","14:19:43",9871400
22400,50,500,"sd","14:19:34",9871100
22400,50,3900,"sd","14:19:28",9870600
22400,50,100,"sd","14:19:28",9866700
22400,50,200,"sd","14:19:28",9866600
22400,50,8900,"sd","14:19:28",9866400
22400,50,1000,"sd","14:19:28",9857500
22400,50,100,"sd","14:19:28",9856500
22400,50,2500,"sd","14:19:28",9856400
22400,50,1000,"sd","14:19:28",9853900
22400,50,1000,"sd","14:19:28",9852900
22400,50,200,"sd","14:19:28",9851900
22400,50,200,"sd","14:19:28",9851700
22400,50,900,"sd","14:19:28",9851500
22400,50,1000,"sd","14:19:21",9850600
22450,100,100,"bu","14:19:16",9849600
22400,50,2000,"sd","14:19:14",9849500
22450,100,500,"bu","14:19:13",9847500
22450,100,1400,"bu","14:19:01",9847000
22450,100,500,"bu","14:19:01",9845600
22450,100,3100,"bu","14:19:01",9845100
22400,50,11100,"sd","14:18:59",9842000
22400,50,1000,"sd","14:18:59",9830900
22400,50,900,"sd","14:18:59",9829900
22400,50,100,"sd","14:18:59",9829000
22400,50,1000,"sd","14:18:59",9828900
22400,50,5000,"sd","14:18:59",9827900
22400,50,500,"sd","14:18:59",9822900
22400,50,2900,"sd","14:18:59",9822400
22450,100,3900,"bu","14:18:50",9819500
22450,100,2000,"bu","14:18:50",9815600
22450,100,500,"bu","14:18:50",9813600
22450,100,600,"bu","14:18:50",9813100
22400,50,5000,"sd","14:18:41",9812500
22400,50,1000,"sd","14:18:33",9807500
22450,100,4000,"bu","14:18:26",9806500
22400,50,2800,"sd","14:18:17",9802500
22400,50,5000,"sd","14:18:17",9799700
22400,50,500,"sd","14:18:01",9794700
22400,50,15100,"sd","14:17:57",9794200
22400,50,5000,"sd","14:17:55",9779100
22400,50,9000,"sd","14:17:26",9774100
22400,50,100,"sd","14:17:19",9765100
22400,50,3000,"sd","14:16:56",9765000
22400,50,200,"sd","14:16:45",9762000
22400,50,100,"sd","14:16:40",9761800
22400,50,300,"bu","14:16:38",9761700
22400,50,400,"bu","14:16:37",9761400
22400,50,300,"bu","14:16:31",9761000
22400,50,2000,"bu","14:16:31",9760700
22400,50,100,"bu","14:16:31",9758700
22400,50,100,"bu","14:16:31",9758600
22400,50,5000,"bu","14:16:31",9758500
22400,50,600,"bu","14:16:31",9753500
22400,50,100,"bu","14:16:31",9752900
22400,50,1800,"bu","14:16:31",9752800
22400,50,2000,"bu","14:16:28",9751000
22400,50,200,"bu","14:16:27",9749000
22400,50,100,"bu","14:16:27",9748800
22400,50,100,"bu","14:16:25",9748700
22400,50,500,"bu","14:16:25",9748600
22400,50,500,"bu","14:16:25",9748100
22400,50,1000,"bu","14:16:23",9747600
22400,50,200,"bu","14:16:22",9746600
22400,50,800,"bu","14:16:22",9746400
22400,50,200,"bu","14:16:21",9745600
22400,50,3300,"bu","14:16:21",9745400
22400,50,1800,"bu","14:16:21",9742100
22400,50,2000,"bu","14:16:21",9740300
22400,50,300,"bu","14:16:21",9738300
22400,50,200,"bu","14:16:21",9738000
22400,50,1700,"bu","14:16:15",9737800
22400,50,1000,"bu","14:16:15",9736100
22400,50,2100,"bu","14:16:13",9735100
22400,50,100,"bu","14:16:12",9733000
22400,50,1800,"bu","14:16:09",9732900
22400,50,2500,"bu","14:16:09",9731100
22400,50,700,"bu","14:16:09",9728600
22400,50,500,"bu","14:16:06",9727900
22400,50,100,"bu","14:16:04",9727400
22400,50,1000,"bu","14:16:04",9727300
22400,50,3900,"bu","14:16:04",9726300
22400,50,800,"bu","14:16:03",9722400
22400,50,9200,"bu","14:16:03",9721600
22400,50,100,"bu","14:15:48",9712400
22400,50,300,"bu","14:15:44",9712300
22350,0,400,"sd","14:15:29",9712000
22400,50,1000,"bu","14:15:28",9711600
22400,50,2000,"bu","14:15:27",9710600
22400,50,100,"bu","14:15:22",9708600
22400,50,5000,"bu","14:15:19",9708500
22350,0,1000,"sd","14:15:15",9703500
22400,50,900,"bu","14:15:11",9702500
22350,0,500,"sd","14:15:11",9701600
22350,0,300,"sd","14:15:11",9701100
22400,50,5200,"bu","14:15:06",9700800
22350,0,200,"sd","14:14:54",9695600
22400,50,100,"bu","14:14:51",9695400
22350,0,500,"sd","14:14:40",9695300
22350,0,200,"sd","14:14:40",9694800
22350,0,100,"sd","14:14:38",9694600
22400,50,1000,"bu","14:14:31",9694500
22400,50,500,"bu","14:14:31",9693500
22400,50,1000,"sd","14:14:25",9693000
22400,50,3600,"sd","14:14:25",9692000
22400,50,1500,"sd","14:14:24",9688400
22400,50,4900,"sd","14:14:18",9686900
22400,50,1100,"sd","14:14:18",9682000
22400,50,3000,"sd","14:14:16",9680900
22400,50,2000,"sd","14:14:02",9677900
22400,50,100,"bu","14:14:01",9675900
22400,50,2800,"bu","14:14:01",9675800
22400,50,100,"bu","14:13:57",9673000
22350,0,4700,"sd","14:13:52",9672900
22400,50,1000,"sd","14:13:52",9668200
22400,50,200,"sd","14:13:52",9667200
22400,50,100,"sd","14:13:52",9667000
22400,50,100,"bu","14:13:46",9666900
22400,50,400,"bu","14:13:45",9666800
22400,50,100,"sd","14:13:40",9666400
22400,50,500,"sd","14:13:40",9666300
22450,100,100,"bu","14:13:37",9665800
22400,50,1300,"sd","14:13:31",9665700
22400,50,3200,"sd","14:13:30",9664400
22400,50,2000,"sd","14:13:30",9661200
22400,50,4800,"sd","14:13:30",9659200
22400,50,700,"sd","14:13:24",9654400
22400,50,500,"sd","14:13:23",9653700
22400,50,200,"sd","14:13:16",9653200
22400,50,2000,"sd","14:13:06",9653000
22400,50,5000,"sd","14:13:04",9651000
22400,50,500,"sd","14:13:04",9646000
22400,50,400,"sd","14:13:04",9645500
22400,50,2300,"sd","14:13:04",9645100
22400,50,1800,"sd","14:13:04",9642800
22450,100,200,"bu","14:13:03",9641000
22400,50,1000,"sd","14:12:42",9640800
22450,100,5100,"bu","14:12:35",9639800
22450,100,4100,"bu","14:12:35",9634700
22450,100,200,"bu","14:12:35",9630600
22450,100,600,"bu","14:12:35",9630400
22400,50,6700,"sd","14:12:34",9629800
22400,50,3000,"sd","14:12:34",9623100
22400,50,300,"sd","14:12:34",9620100
22450,100,100,"bu","14:12:30",9619800
22400,50,1000,"sd","14:12:27",9619700
22400,50,1700,"sd","14:12:18",9618700
22400,50,600,"sd","14:12:18",9617000
22400,50,1400,"sd","14:12:04",9616400
22400,50,1100,"sd","14:12:04",9615000
22450,100,300,"bu","14:11:55",9613900
22450,100,200,"bu","14:11:55",9613600
22450,100,200,"bu","14:11:55",9613400
22450,100,300,"bu","14:11:55",9613200
22450,100,900,"bu","14:11:54",9612900
22400,50,1000,"sd","14:11:53",9612000
22400,50,10000,"sd","14:11:45",9611000
22450,100,600,"bu","14:11:43",9601000
22450,100,1000,"bu","14:11:43",9600400
22450,100,200,"bu","14:11:43",9599400
22450,100,200,"bu","14:11:43",9599200
22400,50,2000,"sd","14:11:27",9599000
22400,50,9300,"sd","14:11:27",9597000
22400,50,500,"sd","14:11:27",9587700
22400,50,100,"sd","14:11:27",9587200
22400,50,1900,"sd","14:11:27",9587100
22400,50,100,"sd","14:11:27",9585200
22400,50,400,"sd","14:11:27",9585100
22400,50,76300,"sd","14:11:27",9584700
22450,100,1400,"sd","14:11:27",9508400
22450,100,8000,"bu","14:11:26",9507000
22450,100,1000,"bu","14:11:26",9499000
22450,100,500,"bu","14:11:26",9498000
22450,100,15000,"bu","14:11:26",9497500
22450,100,200,"bu","14:11:26",9482500
22450,100,1000,"bu","14:11:26",9482300
22450,100,2800,"bu","14:11:26",9481300
22450,100,500,"bu","14:11:26",9478500
22450,100,46600,"bu","14:11:26",9478000
22450,100,500,"bu","14:11:25",9431400
22400,50,200,"sd","14:11:22",9430900
22400,50,100,"sd","14:11:20",9430700
22400,50,1000,"sd","14:11:16",9430600
22400,50,300,"sd","14:11:08",9429600
22400,50,200,"sd","14:11:06",9429300
22450,100,1800,"bu","14:11:02",9429100
22400,50,500,"sd","14:10:54",9427300
22400,50,300,"sd","14:10:46",9426800
22400,50,300,"sd","14:10:43",9426500
22450,100,1000,"bu","14:10:43",9426200
22450,100,100,"bu","14:10:41",9425200
22450,100,400,"bu","14:10:41",9425100
22450,100,100,"bu","14:10:39",9424700
22450,100,500,"sd","14:10:31",9424600
22450,100,4000,"sd","14:10:29",9424100
22450,100,4600,"sd","14:10:29",9420100
22450,100,900,"sd","14:10:28",9415500
22450,100,100,"sd","14:10:28",9414600
22500,150,3300,"bu","14:10:21",9414500
22450,100,500,"bu","14:10:21",9411200
22450,100,400,"bu","14:10:21",9410700
22450,100,100,"bu","14:10:18",9410300
22400,50,16100,"sd","14:10:14",9410200
22450,100,500,"sd","14:10:14",9394100
22450,100,2000,"sd","14:10:14",9393600
22450,100,1400,"sd","14:10:14",9391600
22450,100,100,"bu","14:10:04",9390200
22450,100,900,"sd","14:10:04",9390100
22450,100,100,"bu","14:10:03",9389200
22400,50,1900,"sd","14:10:01",9389100
22450,100,1900,"bu","14:10:00",9387200
22450,100,100,"bu","14:10:00",9385300
22450,100,600,"bu","14:10:00",9385200
22450,100,100,"bu","14:10:00",9384600
22450,100,1000,"bu","14:10:00",9384500
22450,100,200,"bu","14:10:00",9383500
22450,100,1000,"bu","14:10:00",9383300
22450,100,1000,"bu","14:10:00",9382300
22450,100,500,"bu","14:10:00",9381300
22450,100,1000,"bu","14:10:00",9380800
22450,100,2100,"bu","14:10:00",9379800
22400,50,2800,"sd","14:09:50",9377700
22400,50,2000,"sd","14:09:50",9374900
22400,50,100,"sd","14:09:50",9372900
22400,50,3700,"sd","14:09:50",9372800
22450,100,200,"bu","14:09:50",9369100
22450,100,1700,"bu","14:09:50",9368900
22450,100,200,"bu","14:09:50",9367200
22450,100,1100,"bu","14:09:50",9367000
22450,100,900,"bu","14:09:48",9365900
22450,100,500,"bu","14:09:48",9365000
22450,100,300,"bu","14:09:48",9364500
22450,100,100,"bu","14:09:48",9364200
22450,100,400,"bu","14:09:48",9364100
22450,100,100,"bu","14:09:35",9363700
22450,100,1000,"bu","14:09:35",9363600
22450,100,2000,"bu","14:09:35",9362600
22450,100,1000,"bu","14:09:35",9360600
22450,100,500,"bu","14:09:35",9359600
22450,100,400,"bu","14:09:35",9359100
22400,50,1800,"sd","14:09:31",9358700
22400,50,3200,"sd","14:09:31",9356900
22450,100,200,"bu","14:09:30",9353700
22450,100,500,"bu","14:09:23",9353500
22450,100,1000,"bu","14:09:23",9353000
22450,100,1000,"bu","14:09:23",9352000
22450,100,1000,"bu","14:09:23",9351000
22450,100,100,"bu","14:09:23",9350000
22400,50,1300,"sd","14:09:20",9349900
22400,50,500,"sd","14:09:19",9348600
22400,50,100,"sd","14:09:19",9348100
22400,50,5000,"sd","14:09:19",9348000
22400,50,3000,"sd","14:09:19",9343000
22400,50,200,"sd","14:09:19",9340000
22400,50,500,"sd","14:09:19",9339800
22400,50,4000,"sd","14:09:19",9339300
22400,50,500,"sd","14:09:19",9335300
22400,50,1500,"sd","14:09:19",9334800
22400,50,500,"sd","14:09:19",9333300
22400,50,4900,"sd","14:09:19",9332800
22400,50,10000,"sd","14:09:19",9327900
22400,50,100,"sd","14:09:19",9317900
22400,50,1000,"sd","14:09:19",9317800
22400,50,1000,"sd","14:09:19",9316800
22400,50,1000,"sd","14:09:19",9315800
22400,50,100,"sd","14:09:19",9314800
22400,50,3600,"sd","14:09:19",9314700
22400,50,5000,"sd","14:09:18",9311100
22400,50,11400,"sd","14:09:10",9306100
22400,50,8600,"sd","14:09:10",9294700
22400,50,500,"sd","14:09:08",9286100
22400,50,300,"sd","14:09:01",9285600
22450,100,100,"bu","14:08:54",9285300
22400,50,2000,"sd","14:08:49",9285200
22400,50,100,"sd","14:08:49",9283200
22400,50,400,"sd","14:08:42",9283100
22400,50,3000,"sd","14:08:39",9282700
22400,50,2700,"sd","14:08:38",9279700
22450,100,4500,"bu","14:08:17",9277000
22450,100,5000,"bu","14:08:13",9272500
22450,100,1000,"bu","14:08:12",9267500
22450,100,100,"bu","14:07:58",9266500
22450,100,500,"bu","14:07:47",9266400
22400,50,500,"sd","14:07:43",9265900
22450,100,1000,"bu","14:07:33",9265400
22400,50,1500,"sd","14:07:22",9264400
22450,100,1000,"bu","14:07:17",9262900
22450,100,3000,"bu","14:07:09",9261900
22450,100,2000,"bu","14:07:08",9258900
22450,100,5000,"bu","14:07:07",9256900
22400,50,200,"sd","14:07:04",9251900
22450,100,5000,"bu","14:06:59",9251700
22400,50,100,"sd","14:06:57",9246700
22450,100,2900,"bu","14:06:47",9246600
22400,50,20000,"sd","14:06:47",9243700
22400,50,2000,"sd","14:06:43",9223700
22400,50,100,"sd","14:06:34",9221700
22450,100,1000,"bu","14:06:12",9221600
22450,100,100,"sd","14:06:06",9220600
22450,100,12500,"sd","14:06:06",9220500
22450,100,3000,"sd","14:06:06",9208000
22450,100,500,"sd","14:06:06",9205000
22450,100,500,"sd","14:06:06",9204500
22450,100,5000,"sd","14:06:06",9204000
22450,100,1000,"sd","14:06:06",9199000
22450,100,3000,"sd","14:06:06",9198000
22450,100,300,"sd","14:06:06",9195000
22450,100,100,"sd","14:06:06",9194700
22450,100,100,"sd","14:06:06",9194600
22450,100,3000,"sd","14:06:06",9194500
22450,100,800,"sd","14:06:06",9191500
22450,100,500,"sd","14:06:06",9190700
22450,100,100,"sd","14:06:03",9190200
22450,100,600,"sd","14:06:01",9190100
22450,100,300,"sd","14:06:01",9189500
22500,150,1100,"bu","14:05:55",9189200
22500,150,1500,"bu","14:05:43",9188100
22450,100,100,"sd","14:05:40",9186600
22500,150,300,"bu","14:05:39",9186500
22500,150,100,"bu","14:05:18",9186200
22500,150,100,"bu","14:05:06",9186100
22500,150,100,"bu","14:05:06",9186000
22450,100,1100,"sd","14:04:57",9185900
22450,100,200,"sd","14:04:57",9184800
22450,100,500,"sd","14:04:57",9184600
22450,100,100,"sd","14:04:57",9184100
22500,150,600,"bu","14:04:52",9184000
22450,100,200,"sd","14:04:37",9183400
22450,100,500,"sd","14:04:28",9183200
22500,150,1000,"bu","14:04:27",9182700
22450,100,200,"sd","14:04:25",9181700
22500,150,3100,"bu","14:04:23",9181500
22450,100,6900,"bu","14:04:23",9178400
22450,100,10000,"sd","14:04:23",9171500
22450,100,300,"sd","14:04:22",9161500
22450,100,4000,"sd","14:04:22",9161200
22450,100,3800,"sd","14:04:22",9157200
22500,150,5700,"bu","14:04:15",9153400
22500,150,5000,"bu","14:04:15",9147700
22500,150,2000,"bu","14:04:15",9142700
22500,150,100,"bu","14:04:15",9140700
22500,150,100,"bu","14:04:15",9140600
22500,150,3000,"bu","14:04:15",9140500
22500,150,4900,"bu","14:04:15",9137500
22500,150,100,"bu","14:04:15",9132600
22500,150,1000,"bu","14:04:15",9132500
22500,150,500,"bu","14:04:15",9131500
22500,150,2000,"bu","14:04:15",9131000
22500,150,1200,"bu","14:04:15",9129000
22500,150,4400,"bu","14:04:15",9127800
22450,100,1000,"bu","14:04:13",9123400
22450,100,200,"bu","14:04:13",9122400
22450,100,200,"bu","14:04:08",9122200
22450,100,2600,"bu","14:04:08",9122000
22450,100,1000,"bu","14:04:07",9119400
22450,100,500,"bu","14:04:05",9118400
22450,100,500,"bu","14:04:04",9117900
22450,100,2500,"bu","14:04:04",9117400
22450,100,1000,"bu","14:04:04",9114900
22450,100,1000,"bu","14:04:04",9113900
22450,100,2300,"bu","14:04:03",9112900
22450,100,2400,"bu","14:04:01",9110600
22400,50,2200,"sd","14:03:58",9108200
22450,100,800,"bu","14:03:57",9106000
22400,50,200,"bu","14:03:51",9105200
22400,50,100,"bu","14:03:51",9105000
22400,50,400,"bu","14:03:51",9104900
22400,50,25000,"bu","14:03:51",9104500
22400,50,67700,"bu","14:03:51",9079500
22400,50,400,"bu","14:03:51",9011800
22400,50,2000,"bu","14:03:51",9011400
22400,50,500,"bu","14:03:51",9009400
22400,50,300,"bu","14:03:51",9008900
22400,50,5000,"bu","14:03:51",9008600
22400,50,1200,"bu","14:03:51",9003600
22400,50,2000,"bu","14:03:51",9002400
22400,50,400,"bu","14:03:51",9000400
22400,50,500,"bu","14:03:51",9000000
22400,50,100,"bu","14:03:51",8999500
22400,50,20000,"bu","14:03:49",8999400
22350,0,1000,"sd","14:03:46",8979400
22350,0,200,"sd","14:03:45",8978400
22400,50,500,"bu","14:03:38",8978200
22350,0,500,"sd","14:03:30",8977700
22350,0,5000,"sd","14:03:25",8977200
22350,0,17500,"sd","14:03:23",8972200
22350,0,1000,"sd","14:03:23",8954700
22350,0,1500,"sd","14:03:23",8953700
22350,0,2500,"sd","14:03:07",8952200
22350,0,4000,"sd","14:03:07",8949700
22350,0,300,"sd","14:03:07",8945700
22350,0,5700,"sd","14:03:07",8945400
22350,0,1000,"bu","14:03:03",8939700
22350,0,1000,"bu","14:03:02",8938700
22350,0,2000,"bu","14:03:02",8937700
22350,0,300,"bu","14:03:02",8935700
22350,0,20000,"bu","14:03:02",8935400
22350,0,4200,"bu","14:03:02",8915400
22350,0,9000,"bu","14:03:00",8911200
22350,0,300,"bu","14:02:56",8902200
22350,0,100,"bu","14:02:55",8901900
22350,0,400,"bu","14:02:49",8901800
22350,0,1000,"bu","14:02:48",8901400
22350,0,5000,"bu","14:02:47",8900400
22350,0,1200,"bu","14:02:46",8895400
22350,0,100,"bu","14:02:43",8894200
22350,0,4000,"bu","14:02:42",8894100
22350,0,700,"bu","14:02:39",8890100
22350,0,1000,"bu","14:02:37",8889400
22350,0,3000,"sd","14:02:22",8888400
22350,0,100,"sd","14:02:20",8885400
22350,0,100,"sd","14:02:20",8885300
22350,0,100,"bu","14:02:18",8885200
22300,-50,4800,"sd","14:02:15",8885100
22350,0,1000,"sd","14:02:15",8880300
22350,0,3200,"sd","14:02:15",8879300
22350,0,500,"bu","14:02:07",8876100
22350,0,5000,"bu","14:02:07",8875600
22350,0,7300,"bu","14:02:07",8870600
22300,-50,1000,"sd","14:02:03",8863300
22350,0,2000,"bu","14:02:00",8862300
22300,-50,2000,"sd","14:02:00",8860300
22350,0,500,"bu","14:01:58",8858300
22350,0,200,"bu","14:01:58",8857800
22350,0,100,"bu","14:01:58",8857600
22350,0,200,"bu","14:01:58",8857500
22300,-50,1000,"sd","14:01:50",8857300
22350,0,100,"bu","14:01:47",8856300
22350,0,700,"bu","14:01:45",8856200
22350,0,1300,"bu","14:01:45",8855500
22300,-50,5500,"sd","14:01:44",8854200
22350,0,1000,"bu","14:01:38",8848700
22350,0,5000,"bu","14:01:38",8847700
22350,0,100,"bu","14:01:38",8842700
22350,0,700,"bu","14:01:38",8842600
22350,0,100,"bu","14:01:38",8841900
22350,0,2400,"bu","14:01:38",8841800
22350,0,90000,"bu","14:01:38",8839400
22350,0,700,"bu","14:01:38",8749400
22350,0,1200,"bu","14:01:33",8748700
22300,-50,1000,"sd","14:01:33",8747500
22300,-50,2000,"sd","14:01:29",8746500
22350,0,1000,"bu","14:01:27",8744500
22300,-50,200,"sd","14:01:27",8743500
22300,-50,200,"sd","14:01:27",8743300
22300,-50,100,"sd","14:01:27",8743100
22300,-50,500,"sd","14:01:27",8743000
22300,-50,3000,"sd","14:01:27",8742500
22300,-50,200,"sd","14:01:27",8739500
22300,-50,100,"sd","14:01:27",8739300
22300,-50,300,"sd","14:01:27",8739200
22300,-50,100,"sd","14:01:27",8738900
22300,-50,200,"sd","14:01:27",8738800
22300,-50,600,"sd","14:01:27",8738600
22300,-50,1200,"sd","14:01:27",8738000
22300,-50,200,"sd","14:01:25",8736800
22300,-50,1000,"sd","14:01:24",8736600
22300,-50,5000,"sd","14:01:24",8735600
22300,-50,12800,"sd","14:01:21",8730600
22300,-50,3000,"sd","14:01:21",8717800
22300,-50,10000,"sd","14:01:21",8714800
22300,-50,100,"sd","14:01:21",8704800
22300,-50,3000,"sd","14:01:21",8704700
22300,-50,8000,"sd","14:01:21",8701700
22300,-50,100,"sd","14:01:21",8693700
22300,-50,13000,"sd","14:01:21",8693600
22350,0,200,"bu","14:01:20",8680600
22300,-50,2000,"sd","14:01:19",8680400
22300,-50,3000,"sd","14:01:17",8678400
22300,-50,2000,"sd","14:01:15",8675400
22300,-50,1500,"sd","14:01:15",8673400
22300,-50,100,"sd","14:01:15",8671900
22300,-50,600,"sd","14:01:15",8671800
22300,-50,13700,"sd","14:01:15",8671200
22300,-50,200,"sd","14:01:15",8657500
22300,-50,2000,"sd","14:01:15",8657300
22300,-50,500,"sd","14:01:15",8655300
22300,-50,5000,"sd","14:01:15",8654800
22300,-50,4400,"sd","14:01:15",8649800
22300,-50,200,"sd","14:01:06",8645400
22350,0,100,"bu","14:00:58",8645200
22350,0,3000,"bu","14:00:55",8645100
22350,0,100,"bu","14:00:52",8642100
22350,0,400,"bu","14:00:42",8642000
22350,0,200,"sd","14:00:33",8641600
22350,0,100,"sd","14:00:33",8641400
22350,0,3000,"sd","14:00:33",8641300
22350,0,1000,"sd","14:00:30",8638300
22350,0,1000,"sd","14:00:30",8637300
22350,0,2000,"sd","14:00:30",8636300
22350,0,300,"sd","14:00:30",8634300
22350,0,1000,"sd","14:00:30",8634000
22350,0,700,"sd","14:00:30",8633000
22350,0,200,"sd","14:00:29",8632300
22350,0,1000,"sd","14:00:29",8632100
22350,0,300,"sd","14:00:29",8631100
22350,0,5000,"sd","14:00:29",8630800
22350,0,200,"sd","14:00:29",8625800
22350,0,500,"sd","14:00:29",8625600
22350,0,1300,"sd","14:00:29",8625100
22350,0,400,"sd","14:00:28",8623800
22350,0,1000,"sd","14:00:12",8623400
22400,50,100,"bu","14:00:12",8622400
22350,0,2300,"sd","14:00:11",8622300
22350,0,300,"sd","14:00:11",8620000
22350,0,2400,"sd","14:00:11",8619700
22350,0,1000,"sd","14:00:08",8617300
22350,0,5000,"sd","14:00:01",8616300
22350,0,500,"sd","13:59:58",8611300
22350,0,5000,"sd","13:59:56",8610800
22350,0,2000,"sd","13:59:56",8605800
22350,0,7300,"sd","13:59:54",8603800
22350,0,100,"bu","13:59:54",8596500
22350,0,1600,"bu","13:59:54",8596400
22350,0,7000,"bu","13:59:54",8594800
22350,0,600,"bu","13:59:54",8587800
22350,0,2000,"bu","13:59:54",8587200
22350,0,100,"bu","13:59:54",8585200
22350,0,1000,"bu","13:59:54",8585100
22350,0,4000,"bu","13:59:54",8584100
22350,0,10300,"bu","13:59:54",8580100
22350,0,100,"bu","13:59:54",8569800
22300,-50,400,"sd","13:59:52",8569700
22350,0,27000,"bu","13:59:51",8569300
22300,-50,100,"sd","13:59:49",8542300
22300,-50,100,"sd","13:59:49",8542200
22300,-50,100,"sd","13:59:49",8542100
22300,-50,300,"sd","13:59:49",8542000
22300,-50,1000,"sd","13:59:49",8541700
22300,-50,1000,"sd","13:59:49",8540700
22300,-50,1000,"sd","13:59:49",8539700
22300,-50,300,"sd","13:59:49",8538700
22300,-50,1000,"sd","13:59:49",8538400
22300,-50,100,"sd","13:59:49",8537400
22300,-50,100,"sd","13:59:47",8537300
22300,-50,200,"sd","13:59:47",8537200
22300,-50,200,"sd","13:59:47",8537000
22300,-50,100,"sd","13:59:46",8536800
22350,0,1000,"bu","13:59:40",8536700
22300,-50,200,"sd","13:59:34",8535700
22300,-50,100,"sd","13:59:34",8535500
22300,-50,200,"sd","13:59:34",8535400
22300,-50,200,"sd","13:59:29",8535200
22300,-50,200,"sd","13:59:29",8535000
22300,-50,500,"sd","13:59:23",8534800
22300,-50,200,"sd","13:59:20",8534300
22350,0,500,"bu","13:59:20",8534100
22300,-50,100,"sd","13:59:19",8533600
22300,-50,1000,"sd","13:59:13",8533500
22300,-50,200,"sd","13:59:08",8532500
22300,-50,400,"sd","13:59:08",8532300
22300,-50,100,"sd","13:59:08",8531900
22300,-50,1000,"sd","13:59:08",8531800
22300,-50,100,"sd","13:59:08",8530800
22300,-50,500,"sd","13:59:08",8530700
22300,-50,1700,"sd","13:59:08",8530200
22350,0,1200,"bu","13:59:03",8528500
22350,0,10000,"bu","13:59:03",8527300
22350,0,8800,"bu","13:59:03",8517300
22300,-50,900,"sd","13:59:00",8508500
22300,-50,300,"sd","13:59:00",8507600
22300,-50,100,"sd","13:59:00",8507300
22300,-50,2000,"sd","13:59:00",8507200
22300,-50,100,"sd","13:59:00",8505200
22300,-50,100,"sd","13:59:00",8505100
22300,-50,1500,"sd","13:59:00",8505000
22300,-50,2000,"sd","13:58:55",8503500
22300,-50,400,"sd","13:58:47",8501500
22300,-50,1100,"sd","13:58:43",8501100
22300,-50,4400,"sd","13:58:43",8500000
22300,-50,2000,"sd","13:58:43",8495600
22300,-50,100,"sd","13:58:43",8493600
22300,-50,2000,"sd","13:58:43",8493500
22300,-50,400,"sd","13:58:43",8491500
22350,0,600,"bu","13:58:42",8491100
22350,0,1200,"bu","13:58:42",8490500
22350,0,2000,"bu","13:58:42",8489300
22350,0,1200,"bu","13:58:42",8487300
22300,-50,500,"sd","13:58:24",8486100
22300,-50,200,"sd","13:58:24",8485600
22300,-50,500,"sd","13:58:24",8485400
22300,-50,100,"sd","13:58:24",8484900
22350,0,100,"sd","13:58:24",8484800
22350,0,2000,"sd","13:58:24",8484700
22350,0,2000,"sd","13:58:24",8482700
22300,-50,600,"sd","13:58:24",8480700
22350,0,5000,"sd","13:58:24",8480100
22300,-50,100,"sd","13:58:24",8475100
22350,0,500,"sd","13:58:24",8475000
22300,-50,100,"sd","13:58:24",8474500
22350,0,500,"sd","13:58:24",8474400
22300,-50,600,"sd","13:58:24",8473900
22350,0,300,"sd","13:58:24",8473300
22300,-50,1000,"sd","13:58:24",8473000
22350,0,100,"sd","13:58:24",8472000
22300,-50,500,"sd","13:58:24",8471900
22350,0,500,"sd","13:58:24",8471400
22300,-50,100,"sd","13:58:24",8470900
22350,0,100,"sd","13:58:24",8470800
22300,-50,100,"sd","13:58:24",8470700
22350,0,1400,"sd","13:58:24",8470600
22300,-50,200,"sd","13:58:24",8469200
22300,-50,300,"sd","13:58:24",8466400
22350,0,2600,"sd","13:58:24",8469000
22350,0,700,"sd","13:58:23",8466100
22350,0,400,"sd","13:58:23",8465400
22350,0,500,"sd","13:58:23",8465000
22350,0,4400,"sd","13:58:23",8464500
22350,0,2900,"sd","13:58:21",8460100
22350,0,100,"sd","13:58:18",8457200
22350,0,1000,"sd","13:58:17",8457100
22350,0,1000,"sd","13:58:15",8456100
22350,0,600,"sd","13:58:15",8455100
22350,0,100,"sd","13:58:15",8454500
22350,0,1000,"sd","13:58:15",8454400
22350,0,3300,"sd","13:58:15",8453400
22350,0,1700,"sd","13:58:14",8450100
22350,0,800,"sd","13:58:14",8448400
22350,0,200,"sd","13:58:10",8447600
22350,0,100,"sd","13:58:10",8447400
22400,50,1000,"bu","13:58:10",8447300
22350,0,100,"sd","13:58:08",8446300
22350,0,300,"sd","13:58:08",8446200
22350,0,100,"sd","13:58:08",8445900
22350,0,1500,"sd","13:58:08",8445800
22400,50,100,"bu","13:58:04",8444300
22350,0,1000,"sd","13:58:04",8444200
22350,0,5000,"sd","13:58:02",8443200
22350,0,200,"sd","13:58:01",8438200
22350,0,2300,"sd","13:57:59",8438000
22350,0,500,"sd","13:57:59",8435700
22350,0,200,"sd","13:57:59",8435200
22350,0,800,"sd","13:57:59",8435000
22350,0,100,"sd","13:57:59",8434200
22350,0,1000,"sd","13:57:59",8434100
22350,0,100,"sd","13:57:59",8433100
22350,0,200,"sd","13:57:59",8433000
22350,0,100,"sd","13:57:59",8432800
22350,0,100,"sd","13:57:59",8432700
22350,0,100,"sd","13:57:59",8432600
22350,0,1000,"sd","13:57:59",8432500
22350,0,1500,"sd","13:57:59",8431500
22350,0,8500,"sd","13:57:57",8430000
22350,0,5000,"sd","13:57:57",8421500
22350,0,12200,"sd","13:57:57",8416500
22350,0,6600,"sd","13:57:56",8404300
22350,0,5000,"sd","13:57:47",8397700
22350,0,2000,"sd","13:57:47",8392700
22350,0,34200,"sd","13:57:44",8390700
22350,0,1000,"sd","13:57:44",8356500
22350,0,5000,"sd","13:57:44",8355500
22350,0,5000,"sd","13:57:44",8350500
22350,0,1000,"sd","13:57:44",8345500
22350,0,100,"sd","13:57:44",8344500
22350,0,200,"sd","13:57:44",8344400
22350,0,1000,"sd","13:57:44",8344200
22350,0,2000,"sd","13:57:44",8343200
22350,0,500,"sd","13:57:44",8341200
22400,50,10500,"bu","13:57:43",8340700
22350,0,200,"sd","13:57:42",8330200
22350,0,300,"sd","13:57:41",8330000
22350,0,100,"sd","13:57:41",8329700
22350,0,500,"sd","13:57:41",8329600
22350,0,100,"sd","13:57:41",8329100
22350,0,100,"sd","13:57:41",8329000
22350,0,500,"sd","13:57:41",8328900
22350,0,400,"sd","13:57:41",8328400
22350,0,3000,"sd","13:57:41",8328000
22400,50,100,"bu","13:57:31",8325000
22350,0,2000,"sd","13:57:28",8324900
22350,0,100,"sd","13:57:28",8322900
22350,0,500,"sd","13:57:28",8322800
22350,0,3000,"sd","13:57:28",8322300
22400,50,100,"sd","13:57:28",8319300
22400,50,800,"sd","13:57:28",8319200
22400,50,200,"sd","13:57:28",8318400
22400,50,1000,"sd","13:57:28",8318200
22400,50,2900,"sd","13:57:28",8317200
22400,50,1000,"sd","13:57:28",8314300
22400,50,500,"sd","13:57:28",8313300
22400,50,700,"sd","13:57:28",8312800
22400,50,10000,"sd","13:57:28",8312100
22400,50,300,"sd","13:57:28",8302100
22400,50,1000,"sd","13:57:28",8301800
22400,50,800,"sd","13:57:28",8300800
22400,50,100,"sd","13:57:28",8300000
22400,50,2000,"sd","13:57:28",8299900
22400,50,1000,"sd","13:57:28",8297900
22400,50,100,"sd","13:57:28",8296900
22400,50,500,"sd","13:57:28",8296800
22400,50,1600,"sd","13:57:28",8296300
22400,50,300,"sd","13:57:28",8294700
22400,50,100,"sd","13:57:28",8294400
22400,50,700,"sd","13:57:28",8294300
22400,50,200,"sd","13:57:28",8293600
22400,50,100,"sd","13:57:28",8293400
22400,50,2000,"sd","13:57:28",8293300
22400,50,1000,"sd","13:57:28",8291300
22400,50,100,"sd","13:57:28",8290300
22400,50,200,"sd","13:57:28",8290200
22400,50,200,"sd","13:57:28",8290000
22400,50,100,"sd","13:57:28",8289800
22400,50,200,"sd","13:57:28",8289700
22400,50,100,"sd","13:57:28",8289500
22400,50,1000,"sd","13:57:28",8289400
22400,50,200,"sd","13:57:28",8288400
22400,50,300,"sd","13:57:28",8288200
22400,50,9000,"sd","13:57:28",8287900
22400,50,3000,"sd","13:57:28",8278900
22400,50,300,"sd","13:57:28",8275900
22400,50,200,"sd","13:57:28",8275600
22400,50,500,"sd","13:57:28",8275400
22400,50,1000,"sd","13:57:24",8274900
22400,50,300,"sd","13:57:23",8273900
22400,50,100,"sd","13:57:23",8273600
22400,50,700,"sd","13:57:23",8273500
22400,50,600,"sd","13:57:23",8272800
22400,50,1000,"sd","13:57:23",8272200
22400,50,100,"sd","13:57:23",8271200
22400,50,5000,"sd","13:57:23",8271100
22400,50,200,"sd","13:57:23",8266100
22400,50,2000,"sd","13:57:23",8265900
22400,50,8000,"sd","13:57:22",8263900
22400,50,500,"sd","13:57:22",8255900
22400,50,300,"sd","13:57:22",8255400
22400,50,100,"sd","13:57:22",8255100
22400,50,2000,"sd","13:57:22",8255000
22400,50,5000,"sd","13:57:22",8253000
22400,50,1000,"sd","13:57:22",8248000
22400,50,2400,"sd","13:57:22",8247000
22400,50,1500,"sd","13:57:22",8244600
22400,50,100,"sd","13:57:22",8243100
22400,50,1000,"sd","13:57:22",8243000
22400,50,100,"sd","13:57:22",8242000
22400,50,500,"sd","13:57:22",8241900
22400,50,500,"sd","13:57:22",8241400
22450,100,100,"bu","13:57:13",8240900
22450,100,7000,"bu","13:57:10",8240800
22450,100,3000,"bu","13:57:10",8233800
22450,100,100,"sd","13:57:10",8230800
22450,100,2000,"sd","13:57:10",8230700
22450,100,500,"sd","13:57:10",8228700
22450,100,500,"sd","13:57:10",8228200
22450,100,300,"sd","13:57:10",8227700
22450,100,1700,"sd","13:57:06",8227400
22450,100,200,"sd","13:57:06",8225700
22450,100,3000,"sd","13:57:06",8225500
22450,100,1000,"sd","13:57:06",8222500
22450,100,100,"sd","13:57:06",8221500
22450,100,2500,"sd","13:57:06",8221400
22450,100,100,"sd","13:57:06",8218900
22450,100,500,"sd","13:57:06",8218800
22450,100,100,"sd","13:57:06",8218300
22450,100,100,"sd","13:57:06",8218200
22450,100,500,"sd","13:57:06",8218100
22450,100,200,"sd","13:57:06",8217600
22450,100,300,"sd","13:57:05",8217400
22450,100,200,"sd","13:57:05",8217100
22450,100,500,"sd","13:57:05",8216900
22450,100,1000,"sd","13:57:05",8216400
22450,100,5000,"sd","13:57:05",8215400
22450,100,4000,"sd","13:57:05",8210400
22450,100,1000,"sd","13:57:01",8206400
22450,100,1000,"sd","13:57:01",8205400
22450,100,3000,"sd","13:57:01",8204400
22450,100,3000,"sd","13:57:01",8201400
22450,100,1000,"sd","13:57:01",8198400
22450,100,100,"sd","13:57:01",8197400
22450,100,900,"sd","13:57:01",8197300
22450,100,2000,"sd","13:56:57",8196400
22450,100,3500,"sd","13:56:54",8194400
22450,100,600,"sd","13:56:52",8190900
22450,100,900,"sd","13:56:50",8190300
22450,100,5000,"sd","13:56:50",8189400
22450,100,200,"sd","13:56:50",8184400
22450,100,3000,"sd","13:56:50",8184200
22450,100,100,"sd","13:56:50",8181200
22450,100,300,"sd","13:56:50",8181100
22450,100,300,"sd","13:56:50",8180800
22450,100,100,"sd","13:56:50",8180500
22450,100,100,"sd","13:56:50",8180400
22450,100,100,"sd","13:56:22",8180300
22500,150,100,"bu","13:56:15",8180200
22500,150,2000,"sd","13:56:07",8180100
22500,150,1000,"sd","13:56:07",8178100
22500,150,22500,"sd","13:56:07",8177100
22500,150,9000,"sd","13:56:07",8154600
22500,150,100,"sd","13:56:03",8145600
22500,150,2800,"sd","13:55:55",8145500
22500,150,1000,"sd","13:55:55",8142700
22500,150,5000,"sd","13:55:48",8141700
22500,150,300,"sd","13:55:47",8136700
22500,150,9300,"sd","13:55:38",8136400
22500,150,700,"sd","13:55:38",8127100
22500,150,2100,"sd","13:55:37",8126400
22500,150,2000,"sd","13:55:33",8124300
22500,150,5400,"sd","13:55:27",8122300
22500,150,200,"sd","13:55:27",8116900
22500,150,1200,"sd","13:55:27",8116700
22500,150,100,"sd","13:55:27",8115500
22500,150,100,"sd","13:55:27",8115400
22500,150,200,"sd","13:55:27",8115300
22500,150,100,"sd","13:55:27",8115100
22500,150,5000,"sd","13:55:27",8115000
22500,150,1200,"sd","13:55:27",8110000
22500,150,1800,"sd","13:55:23",8108800
22500,150,1000,"sd","13:55:23",8107000
22500,150,100,"sd","13:55:23",8106000
22500,150,100,"sd","13:55:23",8105900
22500,150,500,"sd","13:55:23",8105800
22500,150,100,"sd","13:55:23",8105300
22500,150,400,"sd","13:55:23",8105200
22500,150,500,"sd","13:55:23",8104800
22500,150,3000,"sd","13:55:23",8104300
22500,150,100,"sd","13:55:23",8101300
22500,150,200,"sd","13:55:23",8101200
22500,150,200,"sd","13:55:23",8101000
22500,150,100,"sd","13:55:23",8100800
22500,150,100,"sd","13:55:23",8100700
22500,150,500,"sd","13:55:23",8100600
22500,150,100,"sd","13:55:23",8100100
22500,150,1200,"sd","13:55:23",8100000
22500,150,1100,"sd","13:55:14",8098800
22500,150,1000,"sd","13:55:14",8097700
22500,150,3700,"sd","13:55:11",8096700
22500,150,1300,"sd","13:55:11",8093000
22500,150,3300,"sd","13:55:10",8091700
22500,150,400,"sd","13:55:10",8088400
22500,150,3000,"sd","13:55:10",8088000
22500,150,600,"sd","13:55:10",8085000
22500,150,100,"sd","13:55:10",8084400
22500,150,100,"sd","13:55:10",8084300
22500,150,200,"sd","13:55:10",8084200
22500,150,2000,"sd","13:55:10",8084000
22500,150,200,"sd","13:55:10",8082000
22500,150,100,"sd","13:55:10",8081800
22500,150,1900,"sd","13:55:08",8081700
22500,150,1000,"sd","13:55:08",8079800
22500,150,100,"sd","13:55:08",8078800
22500,150,100,"sd","13:55:05",8078700
22500,150,900,"sd","13:55:05",8078600
22550,200,900,"bu","13:55:01",8077700
22550,200,1100,"bu","13:55:01",8076800
22500,150,1100,"sd","13:55:00",8075700
22500,150,900,"sd","13:55:00",8074600
22500,150,4100,"sd","13:54:41",8073700
22500,150,300,"sd","13:54:41",8069600
22500,150,200,"sd","13:54:41",8069300
22500,150,100,"sd","13:54:41",8069100
22500,150,5000,"sd","13:54:41",8069000
22500,150,300,"sd","13:54:41",8064000
22550,200,100,"bu","13:54:36",8063700
22550,200,200,"bu","13:54:25",8063600
22500,150,300,"sd","13:54:24",8063400
22500,150,400,"sd","13:53:58",8063100
22500,150,600,"sd","13:53:58",8062700
22500,150,4400,"sd","13:53:53",8062100
22500,150,5000,"sd","13:53:53",8057700
22500,150,600,"sd","13:53:53",8052700
22500,150,200,"sd","13:53:42",8052100
22550,200,600,"bu","13:52:52",8051900
22550,200,100,"bu","13:52:35",8051300
22550,200,600,"sd","13:52:21",8051200
22550,200,47300,"sd","13:52:21",8050600
22600,250,500,"bu","13:52:19",8003300
22600,250,300,"bu","13:52:19",8002800
22550,200,2700,"sd","13:52:17",8002500
22550,200,300,"sd","13:52:17",7999800
22550,200,500,"sd","13:52:13",7999500
22550,200,200,"sd","13:52:06",7999000
22550,200,100,"sd","13:51:50",7998800
22550,200,1000,"sd","13:51:44",7998700
22550,200,200,"sd","13:51:41",7997700
22550,200,100,"sd","13:51:41",7997500
22550,200,4000,"sd","13:51:41",7997400
22550,200,100,"sd","13:51:41",7993400
22550,200,200,"sd","13:51:41",7993300
22550,200,5000,"sd","13:51:31",7993100
22550,200,1000,"sd","13:51:25",7988100
22550,200,10000,"bu","13:51:09",7987100
22550,200,1300,"bu","13:51:09",7977100
22550,200,700,"sd","13:51:05",7975800
22600,250,3000,"bu","13:50:52",7975100
22600,250,100,"bu","13:50:52",7972100
22600,250,1000,"bu","13:50:52",7972000
22600,250,5900,"bu","13:50:52",7971000
22550,200,1300,"sd","13:50:52",7965100
22550,200,200,"sd","13:50:52",7963800
22550,200,1500,"sd","13:50:52",7963600
22550,200,5000,"sd","13:50:52",7962100
22550,200,1400,"sd","13:50:52",7957100
22550,200,3600,"sd","13:50:52",7955700
22600,250,200,"bu","13:50:47",7952100
22550,200,1000,"sd","13:50:45",7951900
22550,200,400,"sd","13:50:42",7950900
22550,200,30000,"sd","13:50:42",7950500
22550,200,100,"sd","13:50:42",7920500
22550,200,300,"sd","13:50:42",7920400
22550,200,5000,"sd","13:50:42",7920100
22550,200,100,"sd","13:50:42",7915100
22550,200,100,"sd","13:50:42",7915000
22550,200,900,"sd","13:50:39",7914900
22550,200,1700,"sd","13:50:39",7914000
22550,200,200,"sd","13:50:39",7912300
22550,200,2000,"sd","13:50:39",7912100
22550,200,1200,"sd","13:50:39",7910100
22550,200,5000,"sd","13:50:29",7908900
22550,200,5400,"sd","13:50:29",7903900
22550,200,7200,"sd","13:50:29",7898500
22550,200,14600,"sd","13:50:29",7891300
22550,200,1000,"sd","13:50:29",7876700
22550,200,100,"sd","13:50:29",7875700
22550,200,2000,"sd","13:50:29",7875600
22550,200,500,"sd","13:50:29",7873600
22550,200,5000,"sd","13:50:14",7873100
22550,200,5500,"sd","13:50:12",7868100
22550,200,2000,"sd","13:50:07",7862600
22550,200,200,"sd","13:49:56",7860600
22600,250,500,"bu","13:49:51",7860400
22600,250,100,"bu","13:49:46",7859900
22600,250,29000,"bu","13:49:37",7859800
22550,200,20000,"sd","13:49:36",7830800
22600,250,1000,"bu","13:49:34",7810800
22600,250,2000,"bu","13:49:16",7809800
22550,200,1000,"sd","13:49:12",7807800
22600,250,8300,"bu","13:48:52",7806800
22600,250,6000,"bu","13:48:36",7798500
22600,250,100,"bu","13:48:34",7792500
22600,250,17500,"bu","13:48:30",7792400
22600,250,200,"bu","13:48:23",7774900
22600,250,600,"bu","13:48:14",7774700
22600,250,1600,"bu","13:48:08",7774100
22600,250,3400,"bu","13:48:08",7772500
22600,250,1600,"bu","13:47:55",7769100
22600,250,100,"bu","13:47:55",7767500
22600,250,1000,"bu","13:47:55",7767400
22600,250,5000,"bu","13:47:55",7766400
22600,250,1000,"bu","13:47:55",7761400
22600,250,4000,"bu","13:47:55",7760400
22600,250,1000,"bu","13:47:55",7756400
22600,250,1000,"bu","13:47:55",7755400
22600,250,5000,"bu","13:47:55",7754400
22600,250,300,"bu","13:47:55",7749400
22550,200,600,"sd","13:47:52",7749100
22550,200,3000,"sd","13:47:50",7748500
22600,250,400,"bu","13:46:46",7745500
22600,250,500,"bu","13:46:14",7745100
22600,250,5000,"bu","13:46:10",7744600
22550,200,7300,"sd","13:46:07",7739600
22550,200,1700,"sd","13:46:07",7732300
22550,200,10000,"sd","13:46:07",7730600
22550,200,5000,"sd","13:46:07",7720600
22550,200,1000,"sd","13:46:07",7715600
22550,200,2900,"sd","13:46:07",7714600
22550,200,10000,"sd","13:46:07",7711700
22550,200,2500,"sd","13:46:07",7701700
22550,200,100,"sd","13:46:07",7699200
22550,200,500,"sd","13:46:07",7699100
22550,200,3000,"sd","13:46:07",7698600
22550,200,500,"sd","13:46:07",7695600
22550,200,2000,"sd","13:46:07",7695100
22550,200,100,"sd","13:46:07",7693100
22550,200,100,"sd","13:46:07",7693000
22550,200,100,"sd","13:46:07",7692900
22550,200,1200,"sd","13:46:07",7692800
22550,200,600,"sd","13:46:07",7691600
22550,200,1400,"sd","13:46:07",7691000
22600,250,3800,"bu","13:45:46",7689600
22600,250,100,"bu","13:45:46",7685800
22600,250,2000,"bu","13:45:31",7685700
22600,250,1000,"bu","13:45:29",7683700
22600,250,1000,"bu","13:45:24",7682700
22600,250,300,"bu","13:45:14",7681700
22600,250,20000,"bu","13:45:04",7681400
22550,200,800,"sd","13:45:01",7661400
22550,200,2000,"sd","13:44:40",7660600
22600,250,100,"bu","13:44:25",7658600
22600,250,11700,"sd","13:44:22",7658500
22600,250,1000,"sd","13:44:17",7646800
22600,250,900,"bu","13:44:05",7645800
22600,250,7000,"bu","13:44:05",7644900
22600,250,1800,"bu","13:44:05",7637900
22600,250,100,"bu","13:44:05",7636100
22600,250,1000,"bu","13:44:05",7636000
22600,250,5000,"bu","13:44:05",7635000
22600,250,5000,"bu","13:44:05",7630000
22600,250,10000,"bu","13:44:05",7625000
22600,250,2900,"bu","13:44:05",7615000
22600,250,6600,"bu","13:44:05",7612100
22550,200,800,"sd","13:43:55",7605500
22550,200,9200,"sd","13:43:55",7604700
22550,200,1400,"sd","13:43:51",7595500
22550,200,300,"sd","13:43:24",7594100
22600,250,1000,"bu","13:43:23",7593800
22600,250,100,"bu","13:42:48",7592800
22600,250,200,"sd","13:42:46",7592700
22600,250,2000,"sd","13:42:46",7592500
22600,250,100,"sd","13:42:46",7590500
22600,250,100,"sd","13:42:46",7590400
22600,250,300,"sd","13:42:41",7590300
22600,250,500,"bu","13:42:37",7590000
22600,250,500,"sd","13:42:36",7589500
22600,250,500,"bu","13:42:35",7589000
22600,250,1000,"bu","13:42:30",7588500
22600,250,900,"bu","13:42:25",7587500
22600,250,200,"sd","13:42:20",7586600
22600,250,100,"sd","13:42:20",7586400
22600,250,200,"sd","13:42:20",7586300
22600,250,500,"sd","13:42:20",7586100
22600,250,2100,"sd","13:42:20",7585600
22600,250,1000,"sd","13:42:16",7583500
22600,250,100,"sd","13:42:15",7582500
22600,250,2000,"sd","13:42:10",7582400
22600,250,100,"sd","13:42:07",7580400
22650,300,10000,"bu","13:42:05",7580300
22600,250,1000,"sd","13:42:00",7570300
22600,250,200,"sd","13:41:59",7569300
22600,250,1000,"bu","13:41:54",7569100
22600,250,100,"bu","13:41:54",7568100
22600,250,500,"bu","13:41:54",7568000
22600,250,1900,"bu","13:41:54",7567500
22600,250,100,"bu","13:41:46",7565600
22600,250,900,"bu","13:41:46",7565500
22600,250,100,"bu","13:41:36",7564600
22600,250,200,"bu","13:41:36",7564500
22600,250,1500,"bu","13:41:31",7564300
22600,250,1200,"bu","13:41:17",7562800
22600,250,1000,"bu","13:41:17",7561600
22600,250,100,"bu","13:41:17",7560600
22600,250,2000,"bu","13:41:17",7560500
22600,250,300,"bu","13:41:17",7558500
22600,250,100,"bu","13:41:17",7558200
22600,250,300,"bu","13:41:17",7558100
22600,250,700,"bu","13:41:16",7557800
22600,250,300,"bu","13:41:16",7557100
22600,250,1000,"bu","13:41:16",7556800
22600,250,100,"bu","13:41:16",7555800
22600,250,500,"bu","13:41:16",7555700
22600,250,400,"bu","13:41:16",7555200
22600,250,100,"bu","13:40:42",7554800
22600,250,700,"bu","13:40:40",7554700
22550,200,400,"sd","13:40:35",7554000
22600,250,500,"bu","13:40:35",7553600
22600,250,5000,"bu","13:40:13",7553100
22550,200,300,"sd","13:40:13",7548100
22600,250,500,"bu","13:40:11",7547800
22600,250,1000,"bu","13:40:06",7547300
22600,250,1000,"bu","13:40:05",7546300
22600,250,1000,"sd","13:39:57",7545300
22600,250,1000,"sd","13:39:57",7544300
22600,250,500,"sd","13:39:57",7543300
22600,250,200,"sd","13:39:57",7542800
22600,250,100,"sd","13:39:57",7542600
22600,250,500,"sd","13:39:57",7542500
22600,250,7200,"sd","13:39:57",7542000
22600,250,3000,"sd","13:39:57",7534800
22600,250,1500,"sd","13:39:57",7531800
22600,250,72000,"sd","13:39:57",7530300
22600,250,300,"sd","13:39:57",7458300
22600,250,1000,"sd","13:39:50",7458000
22600,250,500,"sd","13:39:50",7457000
22600,250,500,"sd","13:39:50",7456500
22600,250,1500,"sd","13:39:50",7456000
22600,250,500,"sd","13:39:50",7454500
22600,250,100,"sd","13:39:50",7454000
22600,250,400,"sd","13:39:50",7453900
22600,250,100,"sd","13:39:30",7453500
22600,250,500,"sd","13:39:19",7453400
22600,250,500,"sd","13:39:19",7452900
22600,250,300,"sd","13:39:19",7452400
22600,250,100,"sd","13:39:19",7452100
22600,250,1500,"sd","13:38:59",7452000
22600,250,400,"sd","13:38:49",7450500
22600,250,600,"sd","13:38:49",7450100
22600,250,200,"sd","13:38:47",7449500
22600,250,1200,"sd","13:38:43",7449300
22600,250,800,"sd","13:38:43",7448100
22600,250,5000,"sd","13:38:40",7447300
22600,250,1600,"sd","13:38:32",7442300
22600,250,500,"sd","13:38:24",7440700
22600,250,20000,"sd","13:38:09",7440200
22600,250,2600,"sd","13:38:06",7420200
22600,250,2000,"sd","13:37:36",7417600
22600,250,300,"sd","13:37:13",7415600
22650,300,300,"bu","13:37:12",7415300
22650,300,100,"bu","13:37:10",7415000
22600,250,100,"sd","13:36:46",7414900
22650,300,5000,"bu","13:36:14",7414800
22650,300,800,"bu","13:36:07",7409800
22600,250,1500,"sd","13:36:07",7409000
22600,250,500,"sd","13:36:06",7407500
22650,300,9000,"bu","13:36:04",7407000
22650,300,100,"bu","13:35:59",7398000
22600,250,900,"sd","13:35:59",7397900
22600,250,100,"sd","13:35:47",7397000
22600,250,500,"sd","13:35:35",7396900
22650,300,1900,"bu","13:35:33",7396400
22650,300,100,"bu","13:35:33",7394500
22650,300,200,"bu","13:35:33",7394400
22650,300,1800,"bu","13:35:33",7394200
22600,250,5000,"sd","13:35:29",7392400
22650,300,200,"bu","13:35:26",7387400
22650,300,100,"bu","13:35:23",7387200
22650,300,200,"bu","13:35:23",7387100
22650,300,100,"bu","13:35:23",7386900
22650,300,400,"bu","13:35:23",7386800
22650,300,100,"bu","13:35:23",7386400
22650,300,400,"bu","13:35:23",7386300
22650,300,100,"bu","13:35:23",7385900
22650,300,100,"bu","13:35:23",7385800
22650,300,1000,"bu","13:35:23",7385700
22650,300,1000,"bu","13:35:23",7384700
22650,300,500,"bu","13:35:23",7383700
22650,300,100,"bu","13:35:23",7383200
22650,300,300,"bu","13:35:23",7383100
22650,300,1000,"bu","13:35:23",7382800
22650,300,200,"bu","13:35:23",7381800
22650,300,200,"bu","13:35:23",7381600
22650,300,3000,"bu","13:35:23",7381400
22650,300,5000,"bu","13:35:23",7378400
22650,300,1200,"bu","13:35:23",7373400
22650,300,500,"bu","13:35:17",7372200
22650,300,3900,"bu","13:35:16",7371700
22650,300,2000,"bu","13:35:16",7367800
22650,300,1000,"bu","13:35:16",7365800
22650,300,700,"bu","13:35:16",7364800
22650,300,2400,"bu","13:35:16",7364100
22600,250,3000,"sd","13:35:14",7361700
22650,300,500,"bu","13:35:00",7358700
22600,250,2000,"bu","13:34:43",7358200
22600,250,200,"bu","13:34:43",7356200
22600,250,3400,"bu","13:34:43",7356000
22600,250,500,"bu","13:34:41",7352600
22600,250,100,"bu","13:34:38",7352100
22600,250,2000,"bu","13:34:36",7352000
22600,250,100,"bu","13:34:29",7350000
22600,250,100,"bu","13:34:29",7349900
22600,250,3000,"bu","13:34:29",7349800
22600,250,800,"bu","13:34:22",7346800
22600,250,2000,"sd","13:34:22",7346000
22600,250,1000,"bu","13:34:21",7344000
22600,250,100,"sd","13:34:05",7343000
22600,250,5400,"sd","13:34:04",7342900
22600,250,1900,"sd","13:34:02",7337500
22600,250,100,"sd","13:34:02",7335600
22600,250,4900,"sd","13:34:01",7335500
22600,250,2000,"sd","13:34:01",7330600
22600,250,3100,"sd","13:34:01",7328600
22600,250,2500,"bu","13:33:45",7325500
22600,250,10000,"bu","13:33:45",7323000
22600,250,3000,"bu","13:33:45",7313000
22600,250,100,"bu","13:33:45",7310000
22600,250,55000,"bu","13:33:45",7309900
22600,250,100,"bu","13:33:45",7254900
22600,250,2600,"bu","13:33:45",7254800
22600,250,10000,"bu","13:33:45",7252200
22600,250,300,"bu","13:33:45",7242200
22600,250,1400,"bu","13:33:45",7241900
22600,250,11900,"bu","13:33:45",7240500
22550,200,4900,"sd","13:33:36",7228600
22600,250,5000,"bu","13:33:28",7223700
22600,250,200,"bu","13:33:17",7218700
22600,250,1000,"bu","13:33:12",7218500
22550,200,9000,"sd","13:33:04",7217500
22600,250,2000,"bu","13:32:33",7208500
22600,250,2000,"bu","13:31:59",7206500
22600,250,2900,"bu","13:31:49",7204500
22600,250,1400,"bu","13:31:49",7201600
22600,250,1200,"bu","13:31:49",7200200
22600,250,100,"bu","13:31:49",7199000
22600,250,4400,"bu","13:31:49",7198900
22600,250,1000,"bu","13:31:45",7194500
22550,200,1000,"sd","13:31:42",7193500
22600,250,500,"bu","13:31:37",7192500
22600,250,200,"bu","13:31:20",7192000
22600,250,300,"bu","13:31:18",7191800
22600,250,1000,"bu","13:31:05",7191500
22600,250,5000,"sd","13:31:04",7190500
22600,250,300,"sd","13:31:04",7185500
22600,250,400,"sd","13:31:04",7185200
22600,250,1000,"sd","13:31:04",7184800
22600,250,900,"sd","13:31:04",7183800
22600,250,1000,"sd","13:30:58",7182900
22600,250,100,"sd","13:30:53",7181900
22600,250,100,"sd","13:30:46",7181800
22600,250,200,"sd","13:30:45",7181700
22600,250,200,"sd","13:30:44",7181500
22600,250,200,"sd","13:30:44",7181300
22600,250,100,"sd","13:30:44",7181100
22650,300,500,"bu","13:30:37",7181000
22600,250,100,"sd","13:30:35",7180500
22600,250,100,"sd","13:30:27",7180400
22600,250,300,"bu","13:30:17",7180300
22600,250,400,"bu","13:30:17",7180000
22600,250,400,"bu","13:30:14",7179600
22600,250,100,"bu","13:30:03",7179200
22600,250,100,"bu","13:30:02",7179100
22600,250,1000,"bu","13:30:00",7179000
22600,250,200,"bu","13:29:59",7178000
22600,250,100,"bu","13:29:59",7177800
22600,250,1100,"bu","13:29:53",7177700
22600,250,100,"bu","13:29:53",7176600
22600,250,1000,"bu","13:29:53",7176500
22600,250,100,"bu","13:29:53",7175500
22600,250,400,"bu","13:29:53",7175400
22600,250,1000,"bu","13:29:53",7175000
22600,250,100,"bu","13:29:53",7174000
22600,250,100,"bu","13:29:53",7173900
22600,250,100,"bu","13:29:53",7173800
22600,250,100,"bu","13:29:53",7173700
22600,250,900,"bu","13:29:53",7173600
22600,250,200,"bu","13:29:51",7172700
22600,250,900,"bu","13:29:46",7172500
22600,250,200,"bu","13:29:46",7171600
22600,250,3900,"bu","13:29:46",7171400
22600,250,500,"bu","13:29:41",7167500
22550,200,3000,"sd","13:29:40",7167000
22550,200,2300,"sd","13:29:35",7164000
22600,250,50000,"bu","13:29:32",7161700
22600,250,7000,"bu","13:29:22",7111700
22550,200,1000,"sd","13:29:07",7104700
22550,200,600,"bu","13:28:58",7103700
22550,200,700,"bu","13:28:58",7103100
22550,200,10000,"bu","13:28:58",7102400
22550,200,5900,"bu","13:28:58",7092400
22550,200,600,"bu","13:28:53",7086500
22550,200,1000,"bu","13:28:53",7085900
22550,200,300,"bu","13:28:49",7084900
22550,200,500,"bu","13:28:47",7084600
22550,200,2500,"bu","13:28:46",7084100
22550,200,5000,"bu","13:28:41",7081600
22550,200,600,"bu","13:28:34",7076600
22500,150,1100,"sd","13:28:31",7076000
22500,150,600,"sd","13:28:31",7074900
22550,200,100,"bu","13:28:02",7074300
22500,150,500,"sd","13:27:33",7074200
22500,150,900,"sd","13:27:23",7073700
22500,150,500,"sd","13:27:23",7072800
22500,150,500,"sd","13:27:23",7072300
22550,200,5000,"sd","13:27:17",7071800
22550,200,1500,"sd","13:27:17",7066800
22550,200,500,"sd","13:27:13",7065300
22550,200,1000,"sd","13:27:06",7064800
22550,200,700,"sd","13:27:06",7063800
22550,200,3000,"sd","13:27:06",7063100
22550,200,1000,"sd","13:27:06",7060100
22550,200,500,"sd","13:27:05",7059100
22550,200,800,"sd","13:27:05",7058600
22550,200,100,"sd","13:27:05",7057800
22550,200,1000,"sd","13:27:05",7057700
22550,200,5000,"sd","13:27:05",7056700
22550,200,100,"sd","13:27:05",7051700
22550,200,200,"sd","13:27:05",7051600
22550,200,600,"sd","13:27:05",7051400
22550,200,500,"sd","13:26:55",7050800
22550,200,2900,"sd","13:26:55",7050300
22550,200,100,"sd","13:26:55",7047400
22550,200,2000,"sd","13:26:55",7047300
22550,200,7000,"sd","13:26:55",7045300
22550,200,400,"sd","13:26:55",7038300
22550,200,1600,"sd","13:26:55",7037900
22550,200,400,"sd","13:26:45",7036300
22550,200,2000,"sd","13:26:45",7035900
22550,200,100,"sd","13:26:27",7033900
22550,200,1400,"sd","13:26:26",7033800
22550,200,600,"sd","13:26:26",7032400
22550,200,400,"sd","13:26:23",7031800
22550,200,300,"sd","13:26:23",7031400
22550,200,2000,"sd","13:26:03",7031100
22550,200,100,"sd","13:26:01",7029100
22550,200,2600,"sd","13:25:57",7029000
22550,200,500,"sd","13:25:57",7026400
22550,200,1500,"sd","13:25:57",7025900
22550,200,100,"sd","13:25:57",7024400
22550,200,100,"sd","13:25:57",7024300
22550,200,1000,"sd","13:25:57",7024200
22550,200,100,"sd","13:25:57",7023200
22550,200,100,"sd","13:25:57",7023100
22550,200,2000,"sd","13:25:57",7023000
22550,200,2000,"sd","13:25:55",7021000
22550,200,1000,"sd","13:25:44",7019000
22550,200,300,"sd","13:25:36",7018000
22550,200,1000,"sd","13:25:16",7017700
22600,250,500,"bu","13:25:16",7016700
22550,200,1000,"sd","13:25:15",7016200
22550,200,2600,"sd","13:25:08",7015200
22550,200,17000,"sd","13:25:08",7012600
22550,200,100,"sd","13:25:08",6995600
22550,200,300,"sd","13:25:08",6995500
22550,200,100,"sd","13:24:54",6995200
22600,250,4500,"bu","13:24:49",6995100
22600,250,1000,"bu","13:24:27",6990600
22550,200,100,"sd","13:24:10",6989600
22550,200,1000,"sd","13:24:10",6989500
22550,200,600,"sd","13:24:10",6988500
22550,200,1000,"sd","13:24:10",6987900
22550,200,1200,"sd","13:24:10",6986900
22550,200,1100,"sd","13:24:10",6985700
22550,200,200,"sd","13:23:55",6984600
22550,200,100,"sd","13:23:54",6984400
22550,200,1500,"sd","13:23:27",6984300
22550,200,500,"sd","13:23:26",6982800
22550,200,1600,"sd","13:23:22",6982300
22550,200,2100,"sd","13:23:22",6980700
22550,200,100,"sd","13:23:18",6978600
22550,200,100,"sd","13:23:12",6978500
22600,250,1000,"bu","13:22:59",6978400
22600,250,500,"bu","13:22:32",6977400
22600,250,1000,"bu","13:22:22",6976900
22600,250,1500,"bu","13:22:20",6975900
22600,250,100,"bu","13:22:10",6974400
22600,250,100,"bu","13:21:57",6974300
22600,250,300,"bu","13:21:57",6974200
22600,250,1000,"bu","13:21:57",6973900
22600,250,100,"bu","13:21:57",6972900
22600,250,800,"bu","13:21:57",6972800
22600,250,4300,"bu","13:21:57",6972000
22600,250,200,"bu","13:21:57",6967700
22600,250,1200,"bu","13:21:57",6967500
22600,250,2000,"bu","13:21:57",6966300
22600,250,700,"bu","13:21:45",6964300
22600,250,300,"bu","13:21:45",6963600
22600,250,200,"bu","13:21:33",6963300
22600,250,500,"bu","13:21:21",6963100
22550,200,500,"sd","13:21:14",6962600
22600,250,600,"bu","13:21:09",6962100
22600,250,900,"bu","13:21:06",6961500
22550,200,3200,"sd","13:21:03",6960600
22550,200,1000,"sd","13:21:03",6957400
22550,200,11000,"sd","13:21:03",6956400
22550,200,1000,"sd","13:21:03",6945400
22550,200,3800,"sd","13:21:03",6944400
22600,250,300,"bu","13:20:57",6940600
22600,250,200,"bu","13:20:51",6940300
22600,250,400,"bu","13:20:48",6940100
22600,250,1000,"bu","13:20:33",6939700
22600,250,2000,"bu","13:20:17",6938700
22600,250,5000,"bu","13:20:05",6936700
22600,250,2000,"bu","13:19:53",6931700
22600,250,5000,"bu","13:19:49",6929700
22600,250,100,"bu","13:19:48",6924700
22600,250,10000,"bu","13:19:29",6924600
22600,250,100,"sd","13:19:28",6914600
22600,250,100,"sd","13:19:28",6914500
22600,250,1300,"sd","13:19:28",6914400
22600,250,1400,"sd","13:19:28",6913100
22600,250,5000,"sd","13:19:24",6911700
22600,250,2300,"sd","13:19:21",6906700
22600,250,5000,"sd","13:19:21",6904400
22600,250,800,"sd","13:19:21",6899400
22600,250,1900,"sd","13:19:21",6898600
22600,250,6600,"sd","13:19:19",6896700
22600,250,1500,"sd","13:19:16",6890100
22600,250,1000,"sd","13:19:16",6888600
22600,250,15000,"sd","13:19:16",6887600
22600,250,700,"sd","13:19:16",6872600
22600,250,3000,"sd","13:19:16",6871900
22600,250,4900,"sd","13:19:16",6868900
22600,250,1500,"sd","13:19:14",6864000
22600,250,500,"sd","13:19:03",6862500
22600,250,100,"sd","13:19:00",6862000
22650,300,300,"bu","13:18:52",6861900
22600,250,200,"sd","13:18:35",6861600
22600,250,100,"sd","13:18:29",6861400
22600,250,3000,"sd","13:18:17",6861300
22600,250,2000,"sd","13:18:17",6858300
22600,250,100,"sd","13:18:00",6856300
22650,300,300,"bu","13:17:56",6856200
22650,300,1000,"bu","13:17:52",6855900
22600,250,800,"sd","13:17:48",6854900
22650,300,1000,"bu","13:17:43",6854100
22650,300,400,"bu","13:17:43",6853100
22600,250,100,"sd","13:17:32",6852700
22650,300,100,"bu","13:17:25",6852600
22650,300,800,"bu","13:17:25",6852500
22600,250,1000,"sd","13:17:24",6851700
22600,250,4000,"sd","13:17:08",6850700
22650,300,500,"bu","13:17:07",6846700
22650,300,200,"bu","13:16:59",6846200
22600,250,2000,"sd","13:16:59",6846000
22650,300,100,"bu","13:16:44",6842500
22650,300,1500,"bu","13:16:44",6844000
22600,250,100,"bu","13:16:44",6842400
22600,250,300,"bu","13:16:44",6842300
22600,250,1700,"sd","13:16:39",6842000
22600,250,10000,"sd","13:16:39",6840300
22600,250,100,"sd","13:16:34",6830300
22600,250,1000,"bu","13:16:30",6830200
22600,250,3500,"bu","13:16:30",6829200
22600,250,100,"bu","13:16:30",6825700
22600,250,1000,"bu","13:16:30",6825600
22600,250,1600,"bu","13:16:30",6824600
22600,250,5000,"bu","13:16:27",6823000
22600,250,500,"bu","13:16:26",6818000
22600,250,100,"bu","13:16:25",6817500
22600,250,2800,"bu","13:16:21",6817400
22600,250,3000,"bu","13:16:21",6814600
22600,250,500,"bu","13:16:21",6811600
22600,250,300,"bu","13:16:21",6811100
22600,250,100,"bu","13:16:21",6810800
22600,250,10000,"bu","13:16:21",6810700
22600,250,100,"bu","13:16:21",6800700
22600,250,100,"bu","13:16:21",6800600
22600,250,2000,"bu","13:16:21",6800500
22600,250,1000,"bu","13:16:21",6798500
22600,250,500,"bu","13:16:21",6797500
22600,250,100,"bu","13:16:21",6797000
22600,250,500,"bu","13:16:21",6796900
22600,250,5000,"bu","13:16:21",6796400
22600,250,5000,"bu","13:16:21",6791400
22600,250,1000,"bu","13:16:21",6786400
22600,250,300,"bu","13:16:21",6785400
22600,250,300,"bu","13:16:21",6785100
22600,250,200,"bu","13:16:21",6784800
22600,250,200,"bu","13:16:21",6784600
22600,250,500,"bu","13:16:21",6784400
22600,250,900,"bu","13:16:21",6783900
22600,250,3500,"bu","13:16:21",6783000
22600,250,500,"bu","13:16:21",6779500
22600,250,6900,"bu","13:16:21",6779000
22600,250,4700,"bu","13:16:21",6772100
22550,200,4100,"sd","13:16:14",6767400
22550,200,900,"sd","13:16:14",6763300
22600,250,45300,"bu","13:16:14",6762400
22600,250,54700,"bu","13:16:13",6717100
22550,200,300,"sd","13:16:11",6662400
22550,200,100,"sd","13:15:54",6662100
22550,200,3000,"sd","13:15:51",6662000
22550,200,100,"sd","13:15:33",6659000
22550,200,600,"bu","13:15:28",6658900
22500,150,1000,"sd","13:15:28",6658300
22500,150,500,"sd","13:15:28",6657300
22500,150,1000,"sd","13:15:28",6656800
22500,150,1000,"sd","13:15:28",6655800
22500,150,1000,"sd","13:15:28",6654800
22500,150,100,"sd","13:15:28",6653800
22500,150,100,"sd","13:15:28",6653700
22500,150,1300,"sd","13:15:28",6653600
22600,250,1400,"bu","13:15:25",6652300
22550,200,1000,"bu","13:15:25",6650900
22550,200,1100,"bu","13:15:25",6649900
22550,200,500,"bu","13:15:25",6648800
22550,200,5000,"bu","13:15:25",6648300
22500,150,100,"sd","13:15:18",6643300
22550,200,900,"bu","13:15:15",6643200
22550,200,700,"bu","13:14:56",6642300
22550,200,100,"bu","13:14:53",6641600
22550,200,2600,"sd","13:14:53",6641500
22550,200,2200,"sd","13:14:53",6638900
22550,200,800,"bu","13:14:46",6636700
22550,200,2000,"bu","13:14:41",6635900
22550,200,200,"bu","13:14:39",6633900
22550,200,500,"bu","13:14:38",6633700
22550,200,500,"bu","13:14:36",6633200
22550,200,3200,"bu","13:14:36",6632700
22550,200,300,"bu","13:14:29",6629500
22500,150,100,"sd","13:14:23",6629200
22500,150,1400,"sd","13:14:23",6629100
22500,150,3800,"sd","13:14:23",6627700
22550,200,200,"bu","13:14:23",6623900
22550,200,1300,"bu","13:14:21",6623700
22550,200,700,"bu","13:14:21",6622400
22550,200,3500,"bu","13:14:17",6621700
22550,200,400,"bu","13:14:10",6618200
22550,200,300,"bu","13:14:10",6617800
22550,200,400,"bu","13:14:10",6617500
22550,200,700,"bu","13:14:10",6617100
22550,200,600,"bu","13:14:10",6616400
22550,200,100,"bu","13:14:10",6615800
22550,200,500,"bu","13:14:10",6615700
22550,200,100,"bu","13:14:10",6615200
22550,200,100,"bu","13:14:10",6615100
22550,200,200,"bu","13:14:10",6615000
22550,200,600,"bu","13:14:10",6614800
22550,200,100,"bu","13:14:10",6614200
22550,200,400,"bu","13:14:10",6614100
22550,200,100,"bu","13:14:10",6613700
22550,200,500,"bu","13:14:10",6613600
22550,200,100,"bu","13:14:10",6613100
22550,200,600,"bu","13:14:10",6613000
22550,200,300,"bu","13:14:10",6612400
22550,200,1000,"bu","13:14:10",6612100
22550,200,1000,"bu","13:14:10",6611100
22550,200,1000,"bu","13:14:10",6610100
22550,200,100,"bu","13:14:10",6609100
22550,200,900,"bu","13:14:10",6609000
22550,200,800,"bu","13:14:10",6608100
22550,200,300,"bu","13:14:10",6607300
22550,200,600,"bu","13:14:10",6607000
22550,200,300,"bu","13:14:10",6606400
22550,200,100,"bu","13:14:10",6606100
22550,200,100,"bu","13:14:09",6606000
22550,200,7000,"bu","13:14:01",6605900
22500,150,100,"sd","13:13:54",6598900
22550,200,200,"bu","13:13:50",6598800
22500,150,100,"sd","13:13:46",6598600
22500,150,1000,"sd","13:13:18",6598500
22550,200,1000,"bu","13:13:14",6597500
22550,200,400,"bu","13:13:04",6596500
22550,200,500,"bu","13:13:04",6596100
22550,200,600,"bu","13:13:04",6595600
22550,200,8500,"bu","13:13:04",6595000
22550,200,800,"bu","13:12:54",6586500
22500,150,100,"sd","13:12:46",6585700
22500,150,2900,"sd","13:12:44",6585600
22500,150,5000,"sd","13:12:44",6582700
22500,150,3000,"sd","13:12:44",6577700
22550,200,700,"bu","13:12:36",6574700
22550,200,500,"bu","13:12:36",6574000
22550,200,2700,"bu","13:12:36",6573500
22550,200,900,"bu","13:12:36",6570800
22550,200,200,"bu","13:12:36",6569900
22500,150,300,"sd","13:11:48",6569700
22500,150,200,"sd","13:11:30",6569400
22500,150,200,"sd","13:11:19",6569200
22500,150,1000,"sd","13:11:14",6569000
22500,150,400,"bu","13:11:12",6568000
22500,150,400,"bu","13:11:12",6567600
22500,150,100,"bu","13:11:12",6567200
22500,150,500,"bu","13:11:12",6567100
22500,150,100,"bu","13:11:12",6566600
22500,150,2000,"bu","13:11:12",6566500
22500,150,10000,"bu","13:11:12",6564500
22500,150,81800,"bu","13:11:12",6554500
22450,100,800,"sd","13:10:37",6472700
22450,100,200,"sd","13:10:37",6471900
22450,100,800,"sd","13:10:31",6471700
22450,100,300,"sd","13:10:31",6470900
22450,100,900,"sd","13:10:31",6470600
22450,100,1000,"sd","13:10:29",6469700
22450,100,100,"sd","13:10:23",6468700
22450,100,1500,"sd","13:10:20",6468600
22450,100,1500,"sd","13:10:20",6467100
22450,100,200,"sd","13:09:57",6465600
22450,100,300,"sd","13:09:53",6465400
22450,100,500,"sd","13:09:33",6465100
22450,100,2500,"sd","13:09:33",6464600
22500,150,500,"bu","13:08:58",6462100
22500,150,1500,"bu","13:08:46",6461600
22500,150,2000,"bu","13:08:35",6460100
22500,150,500,"bu","13:08:35",6458100
22500,150,9000,"sd","13:08:28",6457600
22500,150,1300,"sd","13:08:28",6448600
22500,150,2000,"sd","13:08:28",6447300
22500,150,1000,"sd","13:08:28",6445300
22500,150,400,"sd","13:08:28",6444300
22550,200,800,"bu","13:08:26",6443900
22550,200,500,"bu","13:08:26",6443100
22550,200,200,"bu","13:08:26",6442600
22550,200,100,"bu","13:08:26",6442400
22550,200,100,"bu","13:08:26",6442300
22550,200,100,"bu","13:08:26",6442200
22550,200,600,"bu","13:08:26",6442100
22550,200,100,"bu","13:08:26",6441500
22550,200,500,"bu","13:08:26",6441400
22500,150,600,"sd","13:08:21",6440900
22500,150,4400,"sd","13:08:21",6440300
22500,150,200,"sd","13:08:05",6435900
22500,150,200,"bu","13:07:51",6435700
22500,150,100,"bu","13:07:51",6435500
22500,150,100,"bu","13:07:51",6435400
22500,150,500,"bu","13:07:51",6435300
22500,150,200,"bu","13:07:42",6434800
22500,150,1000,"bu","13:07:42",6434600
22500,150,100,"sd","13:07:35",6433600
22500,150,1000,"sd","13:07:30",6433500
22500,150,2800,"sd","13:07:30",6432500
22500,150,300,"sd","13:07:30",6429700
22500,150,5000,"sd","13:07:30",6429400
22500,150,11900,"sd","13:07:30",6424400
22500,150,500,"sd","13:07:08",6412500
22500,150,100,"sd","13:07:06",6412000
22500,150,500,"bu","13:06:59",6411900
22500,150,500,"bu","13:06:59",6411400
22500,150,6500,"bu","13:06:59",6410900
22500,150,3500,"bu","13:06:59",6404400
22500,150,4000,"bu","13:06:59",6400900
22500,150,500,"bu","13:06:59",6396900
22500,150,2000,"bu","13:06:59",6396400
22500,150,400,"bu","13:06:47",6394400
22500,150,400,"bu","13:06:05",6394000
22450,100,7500,"sd","13:06:02",6393600
22450,100,5000,"sd","13:06:02",6386100
22450,100,1000,"sd","13:06:02",6381100
22450,100,2500,"sd","13:06:02",6380100
22450,100,100,"sd","13:05:53",6377600
22450,100,1000,"sd","13:05:53",6377500
22450,100,5000,"sd","13:05:53",6376500
22450,100,2000,"sd","13:05:53",6371500
22450,100,500,"sd","13:05:53",6369500
22450,100,1400,"sd","13:05:53",6369000
22500,150,300,"bu","13:05:49",6367600
22500,150,5100,"bu","13:05:45",6367300
22500,150,4500,"bu","13:05:40",6362200
22500,150,700,"sd","13:05:34",6357700
22500,150,3000,"sd","13:05:34",6357000
22500,150,500,"sd","13:05:34",6354000
22500,150,14300,"sd","13:05:34",6353500
22500,150,5000,"sd","13:05:34",6339200
22500,150,500,"sd","13:05:30",6334200
22500,150,3000,"sd","13:05:26",6333700
22500,150,100,"sd","13:05:24",6330700
22500,150,1900,"sd","13:05:23",6330600
22500,150,46700,"sd","13:05:23",6328700
22500,150,700,"sd","13:05:06",6282000
22500,150,500,"sd","13:04:52",6281300
22500,150,10000,"sd","13:04:27",6280800
22500,150,1500,"sd","13:03:44",6270800
22550,200,500,"bu","13:03:41",6269300
22550,200,1500,"bu","13:03:41",6268800
22550,200,1800,"bu","13:03:41",6267300
22500,150,1000,"sd","13:03:37",6265500
22500,150,100,"sd","13:03:29",6264500
22550,200,100,"bu","13:03:27",6264400
22500,150,200,"sd","13:03:23",6264300
22500,150,200,"sd","13:03:13",6264100
22500,150,500,"sd","13:03:12",6263900
22500,150,200,"bu","13:03:03",6263400
22500,150,1600,"bu","13:03:03",6263200
22500,150,500,"bu","13:03:03",6261600
22500,150,2300,"bu","13:03:03",6261100
22500,150,1100,"bu","13:03:03",6258800
22500,150,900,"bu","13:03:03",6257700
22500,150,7200,"bu","13:03:03",6256800
22500,150,2000,"bu","13:02:35",6249600
22500,150,100,"bu","13:02:31",6247600
22500,150,1000,"bu","13:02:29",6247500
22500,150,2400,"bu","13:02:27",6246500
22500,150,35800,"bu","13:02:22",6244100
22500,150,1000,"sd","13:02:18",6208300
22500,150,500,"sd","13:02:18",6207300
22500,150,16600,"sd","13:02:18",6206800
22500,150,400,"sd","13:02:18",6190200
22500,150,1000,"sd","13:02:18",6189800
22500,150,1000,"sd","13:02:08",6188800
22550,200,1000,"bu","13:01:57",6187800
22550,200,200,"bu","13:01:57",6186800
22550,200,800,"bu","13:01:43",6186600
22500,150,2000,"sd","13:01:41",6185800
22500,150,100,"sd","13:01:33",6183800
22500,150,100,"sd","13:01:30",6183700
22500,150,300,"sd","13:01:25",6183600
22550,200,1300,"sd","13:01:25",6183300
22550,200,5500,"bu","13:01:21",6182000
22550,200,1000,"bu","13:01:21",6176500
22550,200,300,"bu","13:01:21",6175500
22550,200,4900,"bu","13:01:21",6175200
22550,200,100,"bu","13:00:59",6170300
22550,200,2900,"bu","13:00:59",6170200
22500,150,3000,"bu","13:00:59",6167300
22500,150,700,"bu","13:00:59",6164300
22500,150,1400,"bu","13:00:59",6163600
22500,150,200,"bu","13:00:59",6162200
22500,150,1900,"bu","13:00:59",6162000
22500,150,100,"bu","13:00:54",6160100
22450,100,3300,"sd","13:00:43",6160000
22500,150,2800,"bu","13:00:43",6156700
22450,100,300,"sd","13:00:42",6153900
22500,150,1000,"bu","13:00:40",6153600
22500,150,200,"bu","13:00:40",6152600
22500,150,100,"bu","13:00:40",6152400
22500,150,200,"bu","13:00:40",6152300
22500,150,100,"bu","13:00:40",6152100
22500,150,1000,"bu","13:00:40",6152000
22500,150,4400,"bu","13:00:40",6151000
22500,150,1000,"bu","13:00:40",6146600
22500,150,200,"bu","13:00:40",6145600
22500,150,500,"bu","13:00:40",6145400
22500,150,200,"sd","13:00:40",6144900
22500,150,300,"sd","13:00:40",6144700
22500,150,700,"sd","13:00:40",6144400
22500,150,2000,"sd","13:00:40",6143700
22500,150,1000,"sd","13:00:40",6141700
22500,150,600,"sd","13:00:40",6140700
22500,150,500,"sd","13:00:40",6140100
22500,150,1000,"sd","13:00:40",6139600
22500,150,1100,"sd","13:00:40",6138600
22500,150,100,"sd","13:00:40",6137500
22500,150,100,"sd","13:00:40",6137400
22500,150,200,"sd","13:00:40",6137300
22500,150,1000,"sd","13:00:40",6137100
22500,150,10000,"sd","13:00:40",6136100
22500,150,700,"sd","13:00:40",6126100
22500,150,100,"sd","13:00:40",6125400
22500,150,500,"sd","13:00:40",6125300
22500,150,100,"sd","13:00:40",6124800
22500,150,300,"sd","13:00:40",6124700
22500,150,300,"sd","13:00:40",6124400
22500,150,300,"sd","13:00:40",6124100
22500,150,100000,"sd","13:00:40",6123800
22500,150,500,"sd","13:00:40",6023800
22500,150,2000,"sd","13:00:40",6023300
22500,150,200,"sd","13:00:40",6021300
22500,150,1800,"sd","13:00:40",6021100
22500,150,3400,"sd","13:00:37",6019300
22500,150,6600,"sd","13:00:37",6015900
22500,150,100,"sd","13:00:31",6009300
22550,200,100,"bu","13:00:27",6009200
22500,150,100,"sd","13:00:26",6009100
22500,150,500,"sd","13:00:18",6009000
22500,150,500,"sd","13:00:08",6008500
22500,150,100,"sd","13:00:08",6008000
22550,200,300,"bu","13:00:06",6007900
22550,200,100,"bu","13:00:03",6007600
22550,200,500,"bu","13:00:03",6007500
22500,150,30000,"sd","13:00:02",6007000
22500,150,4200,"sd","13:00:02",5977000
22500,150,1000,"sd","13:00:02",5972800
22500,150,6800,"sd","13:00:02",5971800
22500,150,100,"sd","13:00:02",5965000
22500,150,1000,"sd","13:00:02",5964900
22500,150,1000,"sd","13:00:02",5963900
22500,150,100,"sd","13:00:02",5962900
22500,150,2000,"sd","13:00:02",5962800
22500,150,100,"sd","13:00:02",5960800
22500,150,300,"sd","13:00:02",5960700
22550,200,100,"bu","13:00:02",5960400
22500,150,200,"sd","13:00:01",5960300
22550,200,100,"bu","13:00:01",5960100
22500,150,2100,"sd","13:00:01",5960000
22500,150,1100,"sd","13:00:01",5957900
22600,250,200,"bu","13:00:01",5956800
22500,150,1000,"sd","13:00:01",5956600
22600,250,3000,"bu","11:29:55",5955600
22550,200,200,"sd","11:29:48",5952600
22500,150,500,"sd","11:29:32",5952400
22500,150,100,"sd","11:29:29",5951900
22550,200,3000,"sd","11:29:09",5951800
22550,200,15000,"sd","11:29:09",5948800
22550,200,100,"sd","11:29:09",5933800
22550,200,10000,"sd","11:29:09",5933700
22550,200,2000,"sd","11:29:09",5923700
22550,200,1000,"sd","11:29:09",5921700
22550,200,4800,"sd","11:29:09",5920700
22550,200,500,"sd","11:29:09",5915900
22550,200,2700,"sd","11:29:01",5915400
22550,200,2300,"sd","11:29:01",5912700
22550,200,47700,"sd","11:28:46",5910400
22550,200,2000,"sd","11:28:46",5862700
22550,200,2600,"sd","11:28:46",5860700
22550,200,500,"sd","11:28:46",5858100
22550,200,300,"sd","11:28:46",5857600
22550,200,10000,"sd","11:28:46",5857300
22550,200,300,"sd","11:28:46",5847300
22550,200,100,"sd","11:28:46",5847000
22550,200,100,"sd","11:28:46",5846900
22550,200,100,"sd","11:28:46",5846800
22600,250,1500,"sd","11:28:22",5846700
22600,250,5000,"sd","11:28:22",5845200
22600,250,500,"sd","11:28:22",5840200
22600,250,200,"sd","11:28:22",5839700
22600,250,1400,"sd","11:28:22",5839500
22600,250,100,"sd","11:28:22",5838100
22600,250,1000,"sd","11:28:22",5838000
22600,250,100,"sd","11:28:22",5837000
22600,250,1000,"sd","11:28:22",5836900
22600,250,300,"sd","11:28:22",5835900
22600,250,100,"sd","11:28:22",5835600
22600,250,100,"sd","11:28:22",5835500
22600,250,3000,"sd","11:28:22",5835400
22600,250,2000,"sd","11:28:22",5832400
22600,250,3000,"sd","11:28:22",5830400
22600,250,3000,"sd","11:28:22",5827400
22600,250,11500,"sd","11:28:22",5824400
22600,250,13100,"sd","11:28:21",5812900
22600,250,5000,"sd","11:28:16",5799800
22600,250,100,"sd","11:28:13",5794800
22600,250,12400,"sd","11:28:12",5794700
22600,250,20000,"sd","11:28:04",5782300
22600,250,20000,"sd","11:27:58",5762300
22600,250,2000,"sd","11:27:52",5742300
22600,250,500,"sd","11:27:49",5740300
22600,250,12300,"sd","11:27:39",5739800
22650,300,900,"bu","11:27:38",5727500
22650,300,800,"bu","11:27:38",5726600
22650,300,1200,"bu","11:26:53",5725800
22650,300,200,"bu","11:26:53",5724600
22650,300,3600,"bu","11:26:53",5724400
22650,300,1400,"bu","11:25:50",5720800
22650,300,100,"bu","11:25:50",5719400
22650,300,100,"bu","11:25:50",5719300
22650,300,100,"bu","11:25:20",5719200
22650,300,1000,"bu","11:24:36",5719100
22650,300,400,"bu","11:24:36",5718100
22600,250,100,"sd","11:24:16",5717700
22600,250,1000,"sd","11:24:01",5717600
22650,300,100,"bu","11:23:57",5716600
22650,300,200,"bu","11:23:56",5716500
22650,300,200,"bu","11:23:06",5716300
22650,300,2000,"bu","11:23:06",5716100
22650,300,600,"bu","11:23:06",5714100
22650,300,100,"bu","11:23:06",5713500
22650,300,400,"bu","11:22:59",5713400
22650,300,4500,"bu","11:22:36",5713000
22650,300,1500,"bu","11:22:36",5708500
22650,300,1000,"bu","11:22:30",5707000
22650,300,800,"bu","11:22:08",5706000
22600,250,500,"sd","11:22:06",5705200
22600,250,100,"sd","11:21:54",5704700
22600,250,500,"sd","11:21:51",5704600
22600,250,200,"sd","11:21:42",5704100
22600,250,100,"sd","11:21:12",5703900
22650,300,900,"bu","11:21:09",5703800
22650,300,2000,"bu","11:20:48",5702900
22650,300,1000,"bu","11:20:16",5700900
22650,300,5000,"bu","11:20:05",5699900
22650,300,100,"bu","11:19:13",5694900
22650,300,1000,"bu","11:18:38",5694800
22650,300,100,"bu","11:18:23",5693800
22650,300,9600,"bu","11:18:20",5693700
22650,300,100,"bu","11:17:54",5684100
22650,300,500,"bu","11:17:54",5684000
22650,300,1000,"bu","11:17:51",5683500
22650,300,200,"bu","11:17:37",5682500
22650,300,600,"bu","11:17:28",5682300
22650,300,100,"bu","11:17:09",5681700
22650,300,100,"bu","11:16:47",5681600
22600,250,100,"sd","11:16:45",5681500
22650,300,1200,"bu","11:16:34",5681400
22650,300,900,"sd","11:16:22",5680200
22650,300,2900,"sd","11:16:22",5679300
22650,300,3500,"sd","11:16:22",5676400
22650,300,15900,"sd","11:16:22",5672900
22650,300,2500,"sd","11:16:20",5657000
22650,300,300,"sd","11:16:14",5654500
22650,300,5000,"sd","11:16:07",5654200
22650,300,100,"sd","11:15:41",5649200
22650,300,5000,"sd","11:15:32",5649100
22650,300,2000,"sd","11:15:20",5644100
22700,350,300,"bu","11:15:17",5642100
22650,300,2100,"sd","11:15:15",5641800
22650,300,100,"sd","11:15:08",5639700
22650,300,300,"sd","11:15:07",5639600
22650,300,100,"sd","11:14:59",5639300
22650,300,300,"sd","11:14:58",5639200
22650,300,10000,"sd","11:14:47",5638900
22650,300,2000,"sd","11:14:11",5628900
22700,350,100,"bu","11:13:28",5626900
22700,350,100,"bu","11:13:28",5626800
22650,300,500,"sd","11:13:09",5626700
22650,300,100,"sd","11:13:08",5626200
22650,300,500,"bu","11:12:53",5626100
22650,300,4000,"bu","11:12:53",5625600
22650,300,100,"bu","11:12:52",5621600
22650,300,500,"bu","11:12:52",5621500
22650,300,200,"bu","11:12:52",5621000
22650,300,3000,"bu","11:12:52",5620800
22650,300,5000,"bu","11:12:52",5617800
22650,300,200,"bu","11:12:52",5612800
22650,300,900,"bu","11:12:46",5612600
22650,300,1800,"bu","11:12:46",5611700
22650,300,100,"bu","11:12:44",5609900
22650,300,100,"bu","11:12:44",5609800
22650,300,100,"bu","11:12:44",5609700
22650,300,100,"bu","11:12:44",5609600
22650,300,100,"bu","11:12:41",5609500
22650,300,1300,"bu","11:12:41",5609400
22650,300,2700,"bu","11:12:36",5608100
22650,300,7300,"bu","11:12:36",5605400
22650,300,7300,"bu","11:12:35",5598100
22650,300,2700,"bu","11:12:35",5590800
22650,300,100,"bu","11:12:31",5588100
22650,300,3600,"bu","11:12:31",5588000
22650,300,1000,"bu","11:12:31",5584400
22650,300,1000,"bu","11:12:31",5583400
22650,300,3000,"bu","11:12:31",5582400
22650,300,1400,"bu","11:12:31",5579400
22650,300,1000,"bu","11:12:28",5578000
22650,300,100,"bu","11:12:28",5577000
22650,300,100,"bu","11:12:20",5576900
22600,250,500,"bu","11:12:13",5576800
22600,250,500,"sd","11:12:12",5576300
22600,250,500,"sd","11:12:12",5575800
22600,250,3900,"sd","11:12:12",5575300
22600,250,5000,"sd","11:12:12",5571400
22600,250,1600,"sd","11:12:12",5566400
22600,250,1000,"sd","11:12:11",5564800
22600,250,500,"sd","11:12:11",5563800
22600,250,700,"sd","11:12:11",5563300
22600,250,5000,"sd","11:12:11",5562600
22600,250,500,"sd","11:12:11",5557600
22600,250,1300,"sd","11:12:11",5557100
22600,250,2000,"bu","11:11:30",5555800
22600,250,200,"bu","11:11:30",5553800
22600,250,1000,"bu","11:11:30",5553600
22600,250,5000,"bu","11:11:30",5552600
22600,250,500,"bu","11:11:30",5547600
22600,250,1100,"bu","11:11:26",5547100
22600,250,900,"bu","11:11:26",5546000
22600,250,2000,"bu","11:11:22",5545100
22600,250,2000,"bu","11:11:21",5543100
22600,250,100,"bu","11:11:20",5541100
22600,250,800,"bu","11:11:20",5541000
22600,250,1500,"bu","11:11:20",5540200
22600,250,1000,"bu","11:11:20",5538700
22600,250,20000,"bu","11:11:20",5537700
22600,250,200,"bu","11:11:20",5517700
22600,250,2000,"bu","11:11:20",5517500
22600,250,5000,"bu","11:11:20",5515500
22600,250,200,"bu","11:11:20",5510500
22600,250,300,"bu","11:11:20",5510300
22600,250,500,"bu","11:11:20",5510000
22600,250,2000,"bu","11:11:20",5509500
22600,250,50000,"bu","11:11:20",5507500
22600,250,3000,"bu","11:11:20",5457500
22600,250,2000,"bu","11:11:20",5454500
22600,250,1000,"bu","11:11:20",5452500
22600,250,1000,"bu","11:11:20",5451500
22600,250,4000,"bu","11:11:20",5450500
22600,250,1000,"bu","11:11:20",5446500
22600,250,200,"bu","11:11:20",5445500
22600,250,4200,"bu","11:11:20",5445300
22550,200,5000,"sd","11:10:57",5441100
22550,200,100,"sd","11:10:52",5436100
22550,200,200,"sd","11:10:43",5436000
22550,200,1500,"sd","11:10:34",5435800
22550,200,100,"sd","11:10:10",5434300
22550,200,1000,"sd","11:09:58",5434200
22550,200,1900,"sd","11:09:48",5433200
22550,200,400,"sd","11:09:46",5431300
22550,200,1000,"sd","11:09:46",5430900
22550,200,100,"sd","11:09:46",5429900
22550,200,300,"sd","11:09:46",5429800
22550,200,200,"sd","11:09:46",5429500
22550,200,1000,"sd","11:09:44",5429300
22550,200,100,"sd","11:09:42",5428300
22550,200,5000,"sd","11:09:42",5428200
22550,200,5000,"sd","11:09:34",5423200
22550,200,100,"sd","11:09:25",5418200
22550,200,200,"sd","11:09:14",5418100
22550,200,900,"sd","11:08:56",5417900
22550,200,100,"sd","11:08:55",5417000
22550,200,1000,"sd","11:08:39",5416900
22550,200,1100,"sd","11:08:32",5415900
22550,200,1000,"sd","11:08:30",5414800
22550,200,100,"sd","11:08:26",5413800
22550,200,2000,"sd","11:08:13",5413700
22550,200,1000,"sd","11:08:00",5411700
22550,200,800,"sd","11:08:00",5410700
22550,200,400,"sd","11:07:46",5409900
22550,200,600,"sd","11:07:46",5409500
22550,200,200,"sd","11:07:32",5408900
22600,250,600,"bu","11:07:30",5408700
22600,250,700,"bu","11:07:30",5408100
22600,250,200,"bu","11:07:30",5407400
22600,250,100,"bu","11:07:30",5407200
22600,250,3300,"bu","11:07:30",5407100
22600,250,300,"bu","11:07:30",5403800
22600,250,600,"bu","11:07:30",5403500
22600,250,600,"bu","11:07:30",5402900
22600,250,400,"bu","11:07:30",5402300
22600,250,500,"bu","11:07:30",5401900
22600,250,400,"bu","11:07:30",5401400
22600,250,600,"bu","11:07:30",5401000
22600,250,300,"bu","11:07:30",5400400
22550,200,700,"sd","11:07:30",5400100
22600,250,200,"bu","11:07:30",5399400
22550,200,300,"sd","11:07:30",5399200
22600,250,100,"bu","11:07:30",5398900
22600,250,1900,"bu","11:07:30",5398800
22600,250,600,"bu","11:07:30",5396900
22550,200,200,"sd","11:07:29",5396300
22550,200,3000,"sd","11:07:29",5396100
22550,200,100,"sd","11:07:29",5393100
