"price","change","match_qtty","side","time","total_vol"
10200,0,500,"bu","14:59:43",716500
10100,-100,500,"sd","14:58:00",716000
10100,-100,1000,"sd","14:56:40",715500
10100,-100,5000,"sd","14:55:26",714500
10100,-100,5000,"sd","14:54:59",709500
10100,-100,2000,"sd","14:54:41",704500
10100,-100,1500,"sd","14:53:54",702500
10100,-100,200,"sd","14:53:01",701000
10100,-100,200,"sd","14:48:22",700800
10100,-100,2000,"sd","14:48:09",700600
10100,-100,1500,"sd","14:48:07",698600
10100,-100,4500,"sd","14:47:58",697100
10100,-100,1300,"sd","14:47:01",692600
10100,-100,2000,"sd","14:41:08",691300
10100,-100,100,"sd","14:39:33",689300
10100,-100,1000,"sd","14:39:31",689200
10200,0,2000,"bu","14:37:28",688200
10200,0,100,"bu","14:35:54",686200
10100,-100,3000,"sd","14:35:53",686100
10100,-100,4000,"sd","14:34:19",683100
10100,-100,4500,"sd","14:34:06",679100
10100,-100,3000,"sd","14:33:50",674600
10100,-100,6000,"sd","14:33:29",671600
10100,-100,500,"sd","14:32:12",665600
10100,-100,100,"sd","14:31:38",665100
10100,-100,1000,"sd","14:30:52",665000
10100,-100,300,"sd","14:30:17",664000
10100,-100,100,"sd","14:28:39",663700
10100,-100,5000,"sd","14:28:34",663600
10100,-100,1000,"sd","14:28:11",658600
10100,-100,5000,"sd","14:27:31",657600
10100,-100,5000,"sd","14:27:30",652600
10100,-100,2000,"sd","14:27:18",647600
10100,-100,400,"sd","14:27:06",645600
10100,-100,1000,"sd","14:26:52",645200
10100,-100,100,"sd","14:25:53",644200
10100,-100,200,"sd","14:23:57",644100
10100,-100,600,"sd","14:23:33",643900
10100,-100,600,"sd","14:22:37",643300
10100,-100,900,"sd","14:21:48",642700
10100,-100,500,"sd","14:20:16",641800
10100,-100,100,"sd","14:16:08",641300
10100,-100,500,"sd","14:16:01",641200
10100,-100,1000,"sd","14:15:17",640700
10100,-100,1000,"sd","14:15:10",639700
10100,-100,2000,"sd","14:14:49",638700
10100,-100,500,"sd","14:14:24",636700
10100,-100,100,"sd","14:14:17",636200
10100,-100,100,"sd","14:12:43",636100
10200,0,100,"bu","14:07:45",636000
10100,-100,200,"sd","14:07:19",635900
10100,-100,300,"sd","14:07:08",635700
10100,-100,300,"sd","14:06:58",635400
10100,-100,100,"sd","14:04:39",635100
10100,-100,2000,"sd","14:04:13",635000
10100,-100,1000,"sd","14:04:01",633000
10100,-100,5000,"sd","14:03:58",632000
10100,-100,100,"sd","14:03:39",627000
10200,0,1000,"bu","14:01:59",626900
10100,-100,500,"sd","14:01:50",625900
10100,-100,5600,"sd","14:00:11",625400
10100,-100,7000,"sd","13:59:07",619800
10100,-100,36000,"sd","13:57:00",612800
10200,0,8000,"bu","13:55:38",576800
10200,0,2000,"bu","13:55:33",568800
10200,0,300,"bu","13:53:44",566800
10200,0,900,"bu","13:52:39",566500
10200,0,4000,"bu","13:52:36",565600
10200,0,200,"sd","13:52:28",561600
10200,0,300,"sd","13:52:20",561400
10200,0,300,"sd","13:52:12",561100
10200,0,5000,"sd","13:52:09",560800
10200,0,3400,"sd","13:51:36",555800
10200,0,1000,"sd","13:50:49",552400
10300,100,2400,"bu","13:50:27",551400
10200,0,4000,"sd","13:50:22",549000
10300,100,1100,"bu","13:50:21",545000
10200,0,1000,"sd","13:50:11",543900
10200,0,100,"sd","13:50:10",542900
10200,0,200,"sd","13:49:57",542800
10200,0,5000,"sd","13:49:04",542600
10200,0,100,"sd","13:48:41",537600
10200,0,200,"sd","13:48:07",537500
10200,0,1300,"sd","13:47:24",537300
10200,0,6700,"sd","13:47:04",536000
10200,0,100,"bu","13:46:32",529300
10200,0,1000,"bu","13:45:47",529200
10200,0,400,"bu","13:45:12",528200
10200,0,1000,"sd","13:45:07",527800
10200,0,200,"sd","13:44:06",526800
10200,0,300,"bu","13:44:00",526600
10200,0,500,"bu","13:43:44",526300
10200,0,1000,"bu","13:43:11",525800
10200,0,300,"bu","13:43:10",524800
10100,-100,100,"sd","13:41:50",524500
10200,0,10000,"bu","13:41:49",524400
10200,0,2000,"bu","13:41:43",514400
10200,0,2000,"bu","13:40:51",512400
10200,0,5000,"bu","13:40:16",510400
10200,0,1000,"bu","13:39:17",505400
10200,0,1000,"bu","13:38:14",504400
10200,0,100,"bu","13:37:54",503400
10200,0,200,"bu","13:37:25",503300
10200,0,2000,"bu","13:37:21",503100
10200,0,1000,"bu","13:36:45",501100
10200,0,200,"bu","13:35:19",500100
10200,0,900,"bu","13:35:12",499900
10200,0,100,"sd","13:35:08",499000
10200,0,100,"bu","13:35:00",498900
10200,0,1500,"bu","13:34:31",498800
10200,0,11500,"sd","13:34:07",497300
10200,0,5000,"sd","13:33:30",485800
10200,0,3100,"sd","13:33:23",480800
10200,0,500,"sd","13:33:07",477700
10200,0,100,"sd","13:32:21",477200
10200,0,500,"sd","13:32:05",477100
10200,0,6500,"sd","13:31:16",476600
10200,0,2400,"sd","13:31:15",470100
10200,0,6300,"sd","13:30:30",467700
10200,0,1000,"bu","13:30:27",461400
10200,0,3500,"bu","13:30:17",460400
10200,0,5000,"bu","13:30:15",456900
10200,0,1800,"bu","13:29:41",451900
10200,0,4900,"bu","13:29:27",450100
10100,-100,200,"sd","13:27:47",445200
10200,0,5000,"bu","13:27:32",445000
10200,0,200,"bu","13:26:58",440000
10200,0,1000,"bu","13:26:43",439800
10200,0,20000,"bu","13:25:46",438800
10200,0,37000,"bu","13:25:22",418800
10200,0,20000,"sd","13:24:04",381800
10200,0,2000,"sd","13:23:33",361800
10200,0,1000,"sd","13:22:49",359800
10200,0,5000,"sd","13:21:30",358800
10200,0,300,"sd","13:20:53",353800
10200,0,200,"bu","13:20:31",353500
10200,0,200,"bu","13:20:28",353300
10200,0,300,"bu","13:20:25",353100
10200,0,500,"bu","13:20:17",352800
10200,0,300,"sd","13:20:04",352300
10200,0,700,"bu","13:20:00",352000
10200,0,5000,"bu","13:19:59",351300
10200,0,700,"bu","13:19:49",346300
10200,0,500,"bu","13:19:48",345600
10100,-100,10000,"sd","13:18:39",345100
10200,0,1300,"bu","13:18:00",335100
10200,0,400,"bu","13:17:51",333800
10200,0,200,"bu","13:17:43",333400
10100,-100,500,"sd","13:17:41",333200
10200,0,3000,"bu","13:17:38",332700
10200,0,1000,"bu","13:17:32",329700
10200,0,5000,"bu","13:17:31",328700
10200,0,2000,"bu","13:17:23",323700
10200,0,6000,"bu","13:17:17",321700
10200,0,2000,"bu","13:17:13",315700
10200,0,500,"bu","13:17:07",313700
10200,0,1000,"bu","13:17:01",313200
10200,0,1700,"bu","13:16:54",312200
10100,-100,400,"sd","13:16:45",310500
10200,0,5000,"bu","13:16:41",310100
10200,0,2500,"bu","13:16:40",305100
10200,0,5000,"bu","13:16:38",302600
10200,0,500,"bu","13:16:31",297600
10200,0,2000,"bu","13:16:20",297100
10200,0,5000,"bu","13:15:46",295100
10200,0,500,"bu","13:15:44",290100
10200,0,2800,"bu","13:15:36",289600
10200,0,5000,"bu","13:15:16",286800
10200,0,5000,"bu","13:15:02",281800
10200,0,1000,"bu","13:14:52",276800
10100,-100,500,"sd","13:14:46",275800
10200,0,3000,"bu","13:14:42",275300
10100,-100,100,"sd","13:13:46",272300
10100,-100,300,"sd","13:13:00",272200
10100,-100,3800,"sd","13:12:25",271900
10200,0,100,"bu","13:11:33",268100
10100,-100,100,"sd","13:11:07",268000
10200,0,100,"bu","13:07:23",267900
10200,0,500,"bu","13:06:37",267800
10100,-100,19100,"sd","13:06:04",267300
10100,-100,10000,"sd","13:04:44",248200
10100,-100,300,"sd","13:02:37",238200
10100,-100,500,"sd","13:01:27",237900
10100,-100,1500,"sd","13:01:09",237400
10200,0,300,"bu","13:00:09",235900
10200,0,3100,"bu","13:00:05",235600
10200,0,300,"bu","13:00:04",232500
10200,0,1100,"bu","13:00:03",232200
10200,0,4000,"bu","13:00:02",231100
10200,0,100,"bu","11:29:24",227100
10200,0,100,"bu","11:27:35",227000
10200,0,500,"bu","11:26:17",226900
10100,-100,500,"sd","11:15:28",226400
10100,-100,1000,"sd","11:13:55",225900
10100,-100,1000,"sd","11:12:46",224900
10100,-100,500,"sd","11:07:10",223900
10100,-100,1000,"sd","11:04:46",223400
10200,0,100,"bu","11:03:27",222400
10200,0,100,"bu","11:03:00",222300
10100,-100,4500,"sd","11:02:17",222200
10100,-100,40000,"sd","10:55:53",217700
10100,-100,200,"sd","10:55:21",177700
10100,-100,1000,"sd","10:53:40",177500
10100,-100,3700,"sd","10:50:16",176500
10100,-100,600,"sd","10:46:11",172800
10100,-100,4000,"sd","10:39:02",172200
10100,-100,100,"sd","10:38:27",168200
10100,-100,500,"sd","10:37:40",168100
10100,-100,1100,"sd","10:37:39",167600
10100,-100,3000,"sd","10:35:47",166500
10100,-100,2000,"sd","10:33:17",163500
10100,-100,15100,"sd","10:33:07",161500
10100,-100,10000,"sd","10:28:42",146400
10100,-100,400,"sd","10:28:07",136400
10100,-100,1000,"sd","10:26:50",136000
10100,-100,3000,"sd","10:24:14",135000
10100,-100,2000,"sd","10:23:49",132000
10100,-100,500,"sd","10:22:14",130000
10100,-100,2000,"sd","10:21:06",129500
10200,0,100,"bu","10:18:46",127500
10200,0,1000,"bu","10:17:52",127400
10100,-100,100,"sd","10:16:40",126400
10200,0,5000,"bu","10:09:27",126300
10200,0,400,"bu","10:08:15",121300
10100,-100,1000,"sd","10:07:34",120900
10100,-100,100,"sd","10:06:25",119900
10100,-100,2000,"sd","10:03:57",119800
10100,-100,2000,"sd","10:03:48",117800
10200,0,1300,"bu","10:03:35",115800
10200,0,1000,"bu","10:02:32",114500
10100,-100,2000,"sd","10:02:30",113500
10100,-100,5000,"sd","10:02:11",111500
10100,-100,500,"sd","10:01:42",106500
10100,-100,500,"sd","10:01:29",106000
10100,-100,500,"sd","10:01:17",105500
10100,-100,100,"sd","10:01:08",105000
10100,-100,1800,"sd","10:00:02",104900
10100,-100,1000,"sd","09:59:46",103100
10200,0,100,"bu","09:58:11",102100
10200,0,1500,"bu","09:56:54",102000
10200,0,1000,"bu","09:56:19",100500
10200,0,1000,"bu","09:55:41",99500
10200,0,200,"bu","09:50:31",98500
10100,-100,4000,"sd","09:49:10",98300
10100,-100,1000,"sd","09:47:45",94300
10100,-100,2000,"sd","09:46:50",93300
10100,-100,1000,"sd","09:46:30",91300
10100,-100,3000,"sd","09:45:26",90300
10200,0,500,"bu","09:44:13",87300
10100,-100,5000,"sd","09:44:10",86800
10200,0,100,"bu","09:42:44",81800
10200,0,2000,"bu","09:42:33",81700
10200,0,4500,"bu","09:42:12",79700
10200,0,1000,"bu","09:38:29",75200
10200,0,1000,"bu","09:36:07",74200
10200,0,400,"bu","09:36:06",73200
10200,0,5000,"bu","09:32:54",72800
10100,-100,200,"sd","09:32:29",67800
10200,0,300,"bu","09:32:18",67600
10200,0,200,"bu","09:30:20",67300
10200,0,200,"bu","09:28:17",67100
10200,0,1000,"bu","09:27:45",66900
10100,-100,46500,"sd","09:26:54",65900
10200,0,700,"sd","09:26:09",19400
10200,0,3000,"sd","09:24:50",18700
10200,0,2800,"sd","09:24:24",15700
10300,100,100,"bu","09:22:59",12900
10300,100,200,"bu","09:21:50",12800
10200,0,1000,"sd","09:21:47",12600
10200,0,100,"sd","09:21:28",11600
10200,0,300,"sd","09:21:18",11500
10200,0,4000,"sd","09:20:51",11200
10200,0,200,"sd","09:20:16",7200
10200,0,200,"sd","09:16:09",7000
10200,0,500,"sd","09:14:06",6800
10200,0,2400,"sd","09:13:56",6300
10300,100,1000,"bu","09:13:12",3900
10300,100,500,"bu","09:09:48",2900
10300,100,100,"bu","09:09:22",2400
10200,0,500,"sd","09:05:02",2300
10200,0,500,"sd","09:04:29",1800
10200,0,300,"sd","09:02:31",1300
10300,100,500,"bu","09:02:13",1000
10300,100,200,"bu","09:00:20",500
10300,100,300,"bu","09:00:15",300
