"price","change","match_qtty","side","time","total_vol"
16750,-150,166900,"sd","14:45:02",3725900
16800,-100,300,"bu","14:29:44",3559000
16800,-100,2900,"bu","14:29:44",3558700
16800,-100,3200,"bu","14:29:44",3555800
16800,-100,1800,"bu","14:29:40",3552600
16800,-100,3200,"bu","14:29:40",3550800
16800,-100,100,"bu","14:29:32",3547600
16800,-100,500,"bu","14:29:32",3547500
16750,-150,1500,"sd","14:29:31",3547000
16800,-100,200,"bu","14:29:29",3545500
16800,-100,300,"bu","14:29:29",3545300
16800,-100,500,"bu","14:29:29",3545000
16800,-100,100,"bu","14:29:21",3544500
16750,-150,900,"sd","14:29:17",3544400
16800,-100,1000,"bu","14:29:17",3543500
16800,-100,1000,"bu","14:29:08",3542500
16750,-150,4000,"sd","14:29:06",3541500
16800,-100,100,"bu","14:29:04",3537500
16800,-100,100,"bu","14:29:03",3537400
16800,-100,100,"bu","14:29:03",3537300
16800,-100,3000,"bu","14:29:00",3537200
16800,-100,1000,"bu","14:29:00",3534200
16750,-150,3000,"sd","14:28:58",3533200
16800,-100,100,"bu","14:28:55",3530200
16800,-100,1000,"bu","14:28:54",3530100
16800,-100,500,"bu","14:28:49",3529100
16800,-100,1000,"bu","14:28:48",3528600
16800,-100,1000,"bu","14:28:38",3527600
16800,-100,100,"bu","14:28:37",3526600
16750,-150,1600,"sd","14:28:37",3526500
16750,-150,400,"sd","14:28:37",3524900
16750,-150,300,"sd","14:28:37",3524300
16750,-150,200,"sd","14:28:37",3524500
16800,-100,300,"sd","14:28:37",3524000
16800,-100,1000,"sd","14:28:37",3523700
16800,-100,1000,"sd","14:28:37",3522700
16800,-100,2000,"sd","14:28:37",3521700
16800,-100,600,"sd","14:28:37",3519700
16800,-100,100,"sd","14:28:37",3519100
16800,-100,700,"sd","14:28:37",3519000
16800,-100,400,"sd","14:28:37",3518300
16800,-100,10000,"sd","14:28:37",3517900
16800,-100,2000,"sd","14:28:37",3507900
16800,-100,1000,"sd","14:28:37",3505900
16850,-50,1000,"bu","14:28:34",3504900
16850,-50,100,"bu","14:28:22",3503900
16850,-50,100,"bu","14:28:20",3503800
16850,-50,200,"sd","14:28:19",3503700
16850,-50,400,"sd","14:28:19",3503500
16850,-50,10000,"sd","14:28:19",3503100
16850,-50,100,"sd","14:28:19",3493100
16850,-50,2000,"sd","14:28:19",3493000
16850,-50,2000,"sd","14:28:19",3491000
16850,-50,1000,"sd","14:28:19",3489000
16850,-50,100,"sd","14:28:19",3488000
16850,-50,100,"sd","14:28:19",3487900
16850,-50,100,"sd","14:28:13",3487800
16850,-50,7000,"sd","14:28:13",3487700
16850,-50,2500,"sd","14:27:50",3480700
16850,-50,500,"sd","14:27:50",3478200
16850,-50,300,"sd","14:27:50",3477700
16850,-50,100,"sd","14:27:50",3477400
16900,0,100,"sd","14:27:49",3477300
16900,0,1000,"sd","14:27:49",3477200
16900,0,300,"sd","14:27:49",3476200
16900,0,1000,"sd","14:27:49",3475900
16900,0,10000,"sd","14:27:49",3474900
16900,0,2000,"sd","14:27:49",3464900
16900,0,100,"sd","14:27:49",3462900
16900,0,5000,"sd","14:27:49",3462800
16900,0,100,"sd","14:27:49",3457800
16900,0,100,"sd","14:27:49",3457700
16900,0,5300,"sd","14:27:49",3457600
16900,0,4400,"sd","14:27:49",3452300
16900,0,1400,"sd","14:27:49",3447900
16900,0,2000,"sd","14:27:48",3446500
16900,0,5300,"sd","14:27:48",3444500
16900,0,100,"sd","14:27:48",3439200
16900,0,1000,"sd","14:27:48",3439100
16900,0,1000,"sd","14:27:48",3438100
16900,0,700,"sd","14:27:48",3437100
16900,0,100,"sd","14:27:48",3436400
16900,0,500,"sd","14:27:48",3436300
16900,0,2000,"sd","14:27:48",3435800
16900,0,9300,"sd","14:27:48",3433800
16900,0,700,"sd","14:27:30",3424500
16900,0,100,"sd","14:27:30",3423800
16900,0,500,"sd","14:27:30",3423700
16900,0,100,"sd","14:27:30",3423200
16900,0,500,"sd","14:27:30",3423100
16900,0,200,"sd","14:27:30",3422600
16900,0,100,"sd","14:27:30",3422400
16900,0,1000,"sd","14:27:30",3422300
16900,0,1000,"sd","14:27:30",3421300
16900,0,2000,"sd","14:27:30",3420300
16900,0,100,"sd","14:27:30",3418300
16900,0,1000,"sd","14:27:30",3418200
16900,0,100,"sd","14:27:30",3417200
16900,0,200,"sd","14:27:30",3417100
16900,0,100,"sd","14:27:30",3416900
16900,0,1000,"sd","14:27:30",3416800
16900,0,1000,"sd","14:27:30",3415800
16900,0,200,"sd","14:27:30",3414800
16900,0,100,"sd","14:27:30",3414600
16950,50,300,"bu","14:27:28",3414500
16950,50,1500,"sd","14:27:28",3414200
16950,50,100,"sd","14:27:28",3412700
16950,50,600,"sd","14:27:28",3412600
16950,50,300,"sd","14:27:28",3412000
16950,50,500,"sd","14:27:21",3411700
16950,50,300,"sd","14:27:21",3411200
16950,50,100,"sd","14:27:21",3410900
16950,50,100,"sd","14:27:21",3410800
16950,50,300,"sd","14:27:17",3410700
16950,50,600,"sd","14:27:07",3410400
16950,50,1000,"sd","14:27:05",3409800
16950,50,1300,"sd","14:27:04",3408800
16950,50,3200,"sd","14:27:03",3407500
16950,50,1000,"sd","14:27:02",3404300
16950,50,12000,"sd","14:26:50",3403300
17000,100,2000,"bu","14:26:48",3391300
16950,50,600,"sd","14:26:44",3389300
16950,50,300,"sd","14:26:44",3388700
16950,50,4100,"sd","14:26:44",3388400
16950,50,4000,"sd","14:26:39",3384300
16950,50,100,"sd","14:26:24",3380300
16950,50,300,"sd","14:26:24",3380200
16950,50,500,"sd","14:26:24",3379900
16950,50,600,"sd","14:26:24",3379400
16950,50,2500,"sd","14:26:24",3378800
16950,50,500,"sd","14:26:24",3376300
16950,50,200,"sd","14:26:23",3375800
16950,50,200,"sd","14:26:23",3375600
16950,50,1600,"sd","14:26:23",3375400
16950,50,1000,"sd","14:25:56",3373800
16950,50,2400,"sd","14:25:50",3372800
16950,50,100,"sd","14:25:50",3370400
16950,50,300,"sd","14:25:50",3370300
16950,50,200,"sd","14:25:50",3370000
17000,100,1000,"bu","14:25:29",3369800
17000,100,100,"bu","14:25:18",3368800
17000,100,100,"bu","14:24:32",3368700
17000,100,2000,"bu","14:24:22",3368600
16950,50,100,"sd","14:24:11",3366600
16950,50,2500,"sd","14:24:11",3366500
16950,50,1500,"sd","14:24:11",3364000
17000,100,900,"bu","14:24:01",3362500
17000,100,100,"bu","14:24:01",3361600
17000,100,100,"bu","14:23:55",3361500
17000,100,900,"sd","14:23:38",3361400
17000,100,200,"sd","14:23:36",3360500
17000,100,900,"sd","14:23:19",3360300
17000,100,300,"sd","14:23:19",3359400
17000,100,100,"sd","14:23:19",3359100
17000,100,200,"sd","14:23:11",3359000
17000,100,500,"sd","14:23:10",3358800
17000,100,1000,"sd","14:23:10",3358300
17000,100,800,"sd","14:23:10",3357300
17000,100,2000,"sd","14:23:10",3356500
17000,100,700,"sd","14:23:10",3354500
17000,100,4500,"sd","14:23:10",3353800
17000,100,1000,"sd","14:23:10",3349300
17000,100,1300,"sd","14:23:10",3348300
17000,100,2000,"sd","14:23:10",3347000
17000,100,1200,"sd","14:23:10",3345000
17000,100,100,"sd","14:22:38",3343800
17000,100,2000,"sd","14:22:37",3343700
17050,150,200,"bu","14:22:12",3341700
17050,150,700,"bu","14:22:05",3341500
17050,150,2900,"bu","14:20:54",3340800
17000,100,500,"sd","14:20:26",3337900
17000,100,500,"sd","14:20:08",3337400
17050,150,100,"bu","14:20:04",3336900
17000,100,2500,"sd","14:19:55",3336800
17000,100,1000,"sd","14:19:35",3334300
17000,100,300,"sd","14:19:20",3333300
17000,100,500,"sd","14:19:04",3333000
17000,100,1000,"sd","14:18:36",3332500
17000,100,900,"sd","14:18:02",3331500
17000,100,100,"sd","14:18:02",3330600
17000,100,400,"bu","14:17:40",3330500
17000,100,500,"bu","14:17:37",3330100
17000,100,100,"sd","14:17:18",3329600
17000,100,500,"sd","14:17:17",3329500
17000,100,4400,"sd","14:17:01",3329000
17000,100,2300,"sd","14:17:01",3324600
17000,100,3900,"sd","14:17:01",3322300
17000,100,200,"sd","14:17:01",3318400
17000,100,1000,"sd","14:17:01",3318200
17000,100,400,"sd","14:17:01",3317200
17000,100,600,"sd","14:15:50",3316800
17000,100,100,"sd","14:15:50",3316200
17000,100,400,"sd","14:15:50",3316100
17000,100,900,"sd","14:15:50",3315700
17000,100,100,"sd","14:15:46",3314800
17000,100,500,"sd","14:15:46",3314700
17000,100,2000,"bu","14:15:17",3314200
17000,100,1400,"bu","14:15:17",3312200
17000,100,100,"bu","14:15:17",3310800
17000,100,3000,"bu","14:15:17",3310700
17000,100,400,"bu","14:15:17",3307700
17000,100,200,"bu","14:15:17",3307300
17000,100,100,"bu","14:15:17",3307100
17000,100,1300,"bu","14:15:17",3307000
17000,100,100,"bu","14:15:13",3305700
17000,100,300,"bu","14:15:08",3305600
17000,100,200,"bu","14:15:08",3305300
17000,100,1600,"bu","14:15:03",3305100
17000,100,3500,"bu","14:15:03",3303500
17000,100,1200,"bu","14:15:03",3300000
17000,100,100,"bu","14:14:43",3298800
17000,100,1000,"bu","14:14:19",3298700
17000,100,800,"bu","14:13:57",3297700
16950,50,500,"sd","14:13:57",3296900
16950,50,1500,"sd","14:13:57",3296400
16950,50,500,"sd","14:13:40",3294900
16950,50,100,"sd","14:13:35",3294400
16950,50,2900,"sd","14:13:32",3294300
16950,50,100,"sd","14:13:32",3291400
17000,100,900,"bu","14:13:30",3291300
17000,100,100,"bu","14:13:30",3290400
16950,50,400,"sd","14:13:04",3290300
17000,100,100,"bu","14:12:30",3289900
17000,100,700,"sd","14:12:29",3289800
17000,100,100,"sd","14:12:29",3289100
17000,100,100,"sd","14:12:27",3289000
17000,100,1000,"sd","14:12:17",3288900
17000,100,200,"sd","14:12:15",3287900
17000,100,100,"sd","14:12:15",3287700
17000,100,700,"sd","14:12:15",3287600
17000,100,400,"sd","14:12:05",3286900
17000,100,400,"sd","14:12:03",3286500
17000,100,1000,"sd","14:12:03",3286100
17000,100,100,"sd","14:12:03",3285100
17000,100,400,"sd","14:12:03",3285000
17000,100,1000,"sd","14:12:03",3284600
17000,100,5000,"sd","14:12:03",3283600
17000,100,200,"sd","14:12:03",3278600
17000,100,1000,"sd","14:12:03",3278400
17000,100,900,"sd","14:12:03",3277400
17000,100,800,"sd","14:11:57",3276500
17000,100,500,"sd","14:11:57",3275700
17000,100,900,"sd","14:11:57",3275200
17000,100,7800,"sd","14:11:57",3274300
17000,100,300,"sd","14:11:45",3266500
17000,100,100,"sd","14:11:39",3266200
17000,100,800,"sd","14:11:21",3266100
17000,100,700,"sd","14:11:21",3265300
17000,100,300,"sd","14:11:05",3264600
17000,100,2000,"sd","14:11:05",3264300
17000,100,2000,"sd","14:11:05",3262300
17000,100,5700,"sd","14:11:05",3260300
17000,100,1700,"sd","14:11:05",3254600
17000,100,4300,"sd","14:11:05",3252900
17000,100,500,"sd","14:11:04",3248600
17000,100,500,"sd","14:10:54",3248100
17000,100,1300,"sd","14:10:49",3247600
17000,100,200,"sd","14:10:49",3246300
17000,100,1100,"sd","14:10:49",3246100
17000,100,500,"sd","14:10:36",3245000
17000,100,500,"sd","14:10:21",3244500
17000,100,2900,"sd","14:10:18",3244000
17000,100,800,"sd","14:10:18",3241100
17000,100,1300,"sd","14:10:18",3240300
17000,100,1000,"sd","14:10:02",3239000
17000,100,700,"sd","14:09:56",3238000
17000,100,500,"sd","14:09:56",3237300
17000,100,500,"sd","14:09:29",3236800
17000,100,100,"sd","14:09:18",3236300
17000,100,300,"sd","14:09:17",3236200
17000,100,100,"sd","14:08:25",3235900
17050,150,100,"sd","14:08:19",3235800
17050,150,200,"sd","14:08:19",3235700
17050,150,3900,"sd","14:08:19",3235500
17050,150,1000,"sd","14:07:52",3231600
17050,150,100,"sd","14:07:51",3230600
17050,150,2900,"sd","14:07:51",3230500
17050,150,200,"sd","14:07:51",3227600
17050,150,500,"sd","14:07:36",3227400
17050,150,6400,"sd","14:07:28",3226900
17050,150,3600,"sd","14:07:28",3220500
17050,150,500,"sd","14:07:21",3216900
17050,150,500,"sd","14:07:17",3216400
17050,150,200,"sd","14:07:16",3215900
17050,150,300,"sd","14:07:08",3215700
17050,150,300,"sd","14:06:58",3215400
17050,150,700,"sd","14:06:58",3215100
17050,150,200,"sd","14:06:43",3214400
17050,150,500,"sd","14:06:33",3214200
17050,150,500,"sd","14:05:47",3213700
17050,150,200,"sd","14:05:41",3213200
17050,150,900,"sd","14:05:19",3213000
17050,150,300,"sd","14:05:19",3212100
17050,150,100,"bu","14:04:39",3211800
17050,150,1600,"bu","14:04:39",3211700
17050,150,1000,"bu","14:04:36",3210100
17050,150,4300,"bu","14:04:31",3209100
17050,150,400,"bu","14:04:31",3204800
17050,150,5000,"bu","14:04:31",3204400
17050,150,300,"bu","14:04:31",3199400
17050,150,700,"bu","14:04:29",3199100
17050,150,300,"bu","14:04:29",3198400
17050,150,700,"bu","14:04:26",3198100
17050,150,1300,"bu","14:04:26",3197400
17000,100,1000,"sd","14:04:03",3196100
17000,100,500,"sd","14:03:59",3195100
17000,100,2000,"sd","14:03:57",3194600
17000,100,1000,"sd","14:03:57",3192600
17000,100,200,"sd","14:03:57",3191600
17000,100,1800,"sd","14:03:57",3191400
17000,100,2000,"bu","14:03:39",3189600
17000,100,4000,"bu","14:03:39",3187600
17000,100,2200,"bu","14:03:39",3183600
17000,100,800,"bu","14:03:37",3181400
17000,100,200,"bu","14:03:37",3180600
16950,50,300,"sd","14:03:37",3180400
16950,50,900,"sd","14:03:37",3180100
16950,50,100,"sd","14:03:30",3179200
16950,50,100,"sd","14:03:30",3179100
16950,50,100,"sd","14:03:30",3179000
16950,50,1000,"sd","14:03:30",3178900
17000,100,1000,"bu","14:03:21",3177900
17000,100,2000,"bu","14:03:04",3176900
17000,100,100,"bu","14:03:03",3174900
17000,100,400,"bu","14:03:02",3174800
17000,100,100,"bu","14:03:02",3174400
17000,100,400,"bu","14:02:46",3174300
17000,100,2000,"bu","14:02:46",3173900
17000,100,600,"bu","14:02:46",3171900
17000,100,200,"bu","14:02:31",3171300
17000,100,200,"sd","14:02:22",3171100
17000,100,100,"sd","14:02:20",3170900
17000,100,1000,"bu","14:02:05",3170800
17000,100,100,"bu","14:01:58",3169800
17000,100,500,"bu","14:01:58",3169700
17000,100,100,"bu","14:01:49",3169200
17000,100,900,"sd","14:01:40",3169100
17000,100,800,"sd","14:01:40",3168200
17000,100,200,"sd","14:01:40",3167400
17000,100,400,"sd","14:01:40",3167200
17000,100,1200,"sd","14:01:40",3166800
17000,100,2400,"sd","14:01:40",3165600
17000,100,100,"sd","14:01:40",3163200
17000,100,2600,"sd","14:01:40",3163100
17000,100,3000,"sd","14:01:35",3160500
17000,100,1000,"sd","14:01:30",3157500
17000,100,1000,"sd","14:01:19",3156500
17050,150,5000,"bu","14:01:09",3155500
17000,100,3300,"sd","14:01:08",3150500
17000,100,2200,"sd","14:01:08",3147200
17000,100,1000,"sd","14:01:05",3145000
17000,100,500,"sd","14:01:04",3144000
17000,100,5400,"sd","14:00:57",3143500
17000,100,1000,"sd","14:00:57",3138100
17000,100,3600,"sd","14:00:57",3137100
17000,100,5500,"sd","14:00:55",3133500
17000,100,100,"sd","14:00:47",3128000
17000,100,1000,"sd","14:00:36",3127900
17000,100,1000,"sd","14:00:34",3126900
17000,100,20000,"sd","14:00:15",3125900
17000,100,1600,"sd","14:00:14",3105900
17000,100,4800,"sd","14:00:05",3104300
17000,100,5000,"sd","14:00:03",3099500
17000,100,1000,"sd","13:59:47",3094500
17000,100,6400,"sd","13:59:26",3093500
17000,100,500,"sd","13:59:26",3087100
17000,100,5000,"sd","13:59:26",3086600
17000,100,500,"sd","13:59:26",3081600
17000,100,300,"sd","13:59:26",3081100
17000,100,2000,"sd","13:59:26",3080800
17000,100,1000,"sd","13:59:26",3078800
17000,100,3000,"sd","13:59:26",3077800
17000,100,1300,"sd","13:59:26",3074800
17000,100,700,"sd","13:59:24",3073500
17000,100,300,"sd","13:59:24",3072800
17000,100,100,"sd","13:59:18",3072500
17000,100,500,"sd","13:59:18",3072400
17000,100,7000,"sd","13:59:18",3071900
17000,100,1000,"sd","13:59:18",3064900
17000,100,2000,"sd","13:59:18",3063900
17000,100,1000,"sd","13:59:18",3061900
17000,100,100,"sd","13:59:18",3060900
17000,100,1000,"sd","13:59:18",3060800
17000,100,100,"sd","13:59:18",3059800
17000,100,500,"sd","13:59:18",3059700
17000,100,500,"sd","13:59:18",3059200
17000,100,300,"sd","13:59:18",3058700
17000,100,500,"sd","13:59:18",3058400
17000,100,100,"sd","13:59:18",3057900
17000,100,100,"sd","13:59:18",3057800
17000,100,1000,"sd","13:59:18",3057700
17000,100,200,"sd","13:59:18",3056700
17000,100,400,"sd","13:59:18",3056500
17000,100,100,"sd","13:59:18",3056100
17000,100,100,"sd","13:59:18",3056000
17000,100,1000,"sd","13:59:18",3055900
17000,100,200,"sd","13:59:18",3054900
17000,100,200,"sd","13:59:18",3054700
17000,100,1000,"sd","13:59:18",3054500
17000,100,100,"sd","13:59:18",3053500
17000,100,3000,"sd","13:59:18",3053400
17000,100,100,"sd","13:59:18",3050400
17000,100,1000,"sd","13:59:18",3050300
17000,100,5000,"sd","13:59:18",3049300
17000,100,1000,"sd","13:59:18",3044300
17000,100,200,"sd","13:59:18",3043300
17000,100,100,"sd","13:59:18",3043100
17000,100,300,"sd","13:59:18",3043000
17000,100,100,"sd","13:59:18",3042700
17000,100,200,"sd","13:59:18",3042600
17050,150,100,"bu","13:59:04",3042400
17050,150,500,"sd","13:59:03",3042300
17050,150,1000,"sd","13:59:03",3041800
17050,150,1000,"sd","13:59:03",3040800
17050,150,2000,"sd","13:59:03",3039800
17050,150,100,"sd","13:59:03",3037800
17050,150,100,"sd","13:59:03",3037700
17050,150,2000,"sd","13:59:03",3037600
17050,150,3000,"sd","13:59:03",3035600
17050,150,3300,"sd","13:59:03",3032600
17050,150,500,"sd","13:59:03",3029300
17050,150,100,"sd","13:59:03",3028800
17050,150,200,"sd","13:59:00",3028700
17050,150,300,"sd","13:59:00",3028500
17050,150,300,"sd","13:59:00",3028200
17050,150,500,"sd","13:59:00",3027900
17050,150,1000,"sd","13:59:00",3027400
17050,150,200,"sd","13:59:00",3026400
17050,150,300,"sd","13:59:00",3026200
17050,150,1000,"sd","13:59:00",3025900
17050,150,100,"sd","13:59:00",3024900
17050,150,300,"sd","13:59:00",3024800
17100,200,500,"sd","13:58:29",3024500
17100,200,2000,"sd","13:58:29",3024000
17100,200,1000,"sd","13:58:29",3022000
17100,200,100,"sd","13:58:29",3021000
17100,200,400,"sd","13:58:29",3020900
17100,200,1000,"sd","13:58:29",3020500
17100,200,500,"sd","13:58:29",3019500
17100,200,100,"sd","13:58:29",3019000
17100,200,100,"sd","13:58:29",3018900
17100,200,300,"sd","13:58:29",3018800
17100,200,500,"sd","13:58:29",3018500
17100,200,300,"sd","13:58:29",3018000
17100,200,200,"sd","13:58:29",3017700
17100,200,300,"sd","13:58:29",3017500
17100,200,300,"sd","13:58:29",3017200
17100,200,1000,"sd","13:58:29",3016900
17100,200,600,"sd","13:58:29",3015900
17100,200,100,"sd","13:58:29",3015300
17100,200,1000,"sd","13:58:29",3015200
17100,200,100,"sd","13:58:29",3014200
17100,200,100,"sd","13:58:29",3014100
17100,200,1000,"sd","13:58:29",3014000
17100,200,1000,"sd","13:58:29",3013000
17100,200,10000,"sd","13:58:29",3012000
17100,200,1000,"sd","13:58:29",3002000
17100,200,2000,"sd","13:58:29",3001000
17100,200,2000,"sd","13:58:29",2999000
17100,200,1000,"sd","13:58:29",2997000
17100,200,900,"sd","13:58:29",2996000
17100,200,700,"sd","13:58:29",2995100
17100,200,300,"sd","13:58:25",2994400
17100,200,500,"sd","13:58:25",2994100
17100,200,200,"sd","13:58:25",2993600
17100,200,800,"sd","13:58:21",2993400
17100,200,1000,"sd","13:58:21",2992600
17100,200,100,"sd","13:58:21",2991600
17100,200,100,"sd","13:58:21",2991500
17100,200,400,"sd","13:57:42",2991400
17150,250,100,"bu","13:57:32",2991000
17150,250,2500,"bu","13:57:32",2990900
17150,250,1000,"sd","13:57:32",2988400
17150,250,2000,"sd","13:57:32",2987400
17150,250,2000,"sd","13:57:32",2985400
17150,250,1400,"sd","13:57:32",2983400
17150,250,1000,"sd","13:57:32",2982000
17150,250,2000,"sd","13:57:32",2981000
17150,250,100,"sd","13:57:32",2979000
17150,250,100,"sd","13:57:32",2978900
17150,250,200,"sd","13:57:32",2978800
17150,250,1000,"sd","13:57:32",2978600
17150,250,5000,"sd","13:57:32",2977600
17150,250,200,"sd","13:57:32",2972600
17150,250,10100,"sd","13:57:32",2972400
17150,250,10000,"sd","13:57:30",2962300
17150,250,10000,"sd","13:57:24",2952300
17150,250,10000,"sd","13:57:24",2942300
17150,250,3000,"sd","13:57:22",2932300
17150,250,1000,"sd","13:57:18",2929300
17150,250,21000,"sd","13:57:15",2928300
17150,250,3000,"sd","13:57:07",2907300
17150,250,3000,"sd","13:57:06",2904300
17150,250,9600,"sd","13:57:04",2901300
17150,250,5000,"sd","13:57:01",2891700
17150,250,400,"sd","13:56:44",2886700
17150,250,3000,"sd","13:56:42",2886300
17150,250,5000,"sd","13:55:59",2883300
17150,250,1000,"sd","13:55:10",2878300
17200,300,200,"bu","13:54:36",2877300
17200,300,300,"sd","13:54:13",2877100
17200,300,200,"bu","13:54:06",2876800
17200,300,300,"bu","13:54:04",2876600
17150,250,4900,"sd","13:54:03",2876300
17150,250,800,"sd","13:54:03",2871400
17150,250,300,"sd","13:54:03",2870600
17200,300,500,"bu","13:52:44",2870300
17200,300,500,"bu","13:52:44",2869800
17200,300,300,"sd","13:52:03",2869300
17200,300,500,"sd","13:51:18",2869000
17200,300,500,"sd","13:51:18",2868500
17200,300,100,"sd","13:50:55",2868000
17200,300,900,"sd","13:50:49",2867900
17200,300,100,"sd","13:50:49",2867000
17200,300,4000,"sd","13:50:49",2866900
17200,300,1000,"sd","13:50:24",2862900
17200,300,2000,"sd","13:50:05",2861900
17200,300,1000,"sd","13:50:03",2859900
17200,300,100,"sd","13:50:03",2858900
17200,300,1900,"sd","13:49:59",2858800
17150,250,100,"sd","13:49:11",2856900
17150,250,500,"sd","13:49:11",2856800
17150,250,200,"sd","13:49:11",2856300
17150,250,300,"sd","13:49:11",2856100
17150,250,1000,"sd","13:49:11",2855800
17150,250,300,"sd","13:49:11",2854800
17150,250,1000,"sd","13:49:11",2854500
17150,250,200,"sd","13:49:11",2853500
17150,250,200,"sd","13:49:11",2853300
17150,250,500,"sd","13:49:11",2853100
17150,250,200,"sd","13:49:11",2852600
17200,300,500,"sd","13:49:11",2852400
17250,350,5300,"bu","13:48:55",2851900
17250,350,100,"bu","13:48:55",2846600
17250,350,100,"bu","13:48:55",2846500
17250,350,400,"bu","13:48:55",2846400
17250,350,500,"bu","13:48:55",2846000
17250,350,500,"bu","13:48:55",2845500
17250,350,100,"bu","13:48:55",2845000
17250,350,500,"bu","13:48:55",2844900
17250,350,100,"bu","13:48:55",2844400
17250,350,200,"bu","13:48:55",2844300
17200,300,500,"sd","13:48:20",2844100
17200,300,500,"sd","13:48:19",2843600
17200,300,900,"bu","13:48:09",2843100
17200,300,1300,"bu","13:48:09",2842200
17200,300,600,"bu","13:48:07",2840900
17200,300,100,"bu","13:47:55",2840300
17200,300,100,"bu","13:47:50",2840200
17200,300,600,"bu","13:47:46",2840100
17200,300,5300,"bu","13:47:44",2839500
17200,300,2000,"bu","13:47:42",2834200
17200,300,300,"bu","13:47:42",2832200
17200,300,1100,"bu","13:47:42",2831900
17200,300,3000,"bu","13:47:42",2830800
17200,300,2000,"bu","13:47:42",2827800
17200,300,1000,"bu","13:47:42",2825800
17200,300,200,"bu","13:47:42",2824800
17200,300,400,"bu","13:47:42",2824600
17200,300,100,"bu","13:47:08",2824200
17200,300,300,"bu","13:47:08",2824100
17200,300,1000,"bu","13:46:51",2823800
17200,300,700,"bu","13:46:51",2822800
17200,300,3300,"bu","13:46:51",2822100
17200,300,1000,"bu","13:46:31",2818800
17200,300,3600,"bu","13:46:28",2817800
17200,300,1000,"bu","13:46:27",2814200
17200,300,2200,"bu","13:45:48",2813200
17200,300,3100,"bu","13:45:24",2811000
17200,300,1000,"bu","13:45:08",2807900
17200,300,16200,"bu","13:44:52",2806900
17200,300,2600,"bu","13:44:52",2790700
17200,300,100,"bu","13:44:52",2788100
17200,300,300,"bu","13:44:52",2788000
17200,300,300,"bu","13:44:52",2787700
17200,300,600,"bu","13:44:52",2787400
17200,300,2000,"bu","13:44:52",2786800
17200,300,2100,"bu","13:44:52",2784800
17200,300,4000,"bu","13:44:52",2782700
17200,300,1200,"bu","13:44:52",2778700
17200,300,700,"bu","13:44:52",2777500
17200,300,300,"bu","13:44:48",2776800
17200,300,700,"bu","13:44:48",2776500
17200,300,100,"bu","13:44:02",2775800
17200,300,200,"bu","13:43:11",2775700
17200,300,1800,"bu","13:43:11",2775500
17200,300,600,"bu","13:41:50",2773700
17150,250,100,"sd","13:41:35",2773100
17200,300,100,"bu","13:40:50",2773000
17150,250,2400,"sd","13:39:59",2772900
17150,250,16800,"sd","13:39:59",2770500
17200,300,5800,"sd","13:39:59",2753700
17200,300,300,"sd","13:39:38",2747900
17200,300,400,"bu","13:39:04",2747600
17200,300,1000,"bu","13:39:04",2747200
17200,300,500,"bu","13:39:04",2746200
17200,300,2000,"bu","13:39:04",2745700
17150,250,500,"sd","13:38:33",2743700
17200,300,200,"bu","13:38:29",2743200
17150,250,500,"sd","13:38:08",2743000
17150,250,8000,"sd","13:37:41",2742500
17150,250,1000,"sd","13:37:28",2734500
17150,250,3200,"sd","13:37:27",2733500
17150,250,800,"sd","13:37:27",2730300
17200,300,500,"bu","13:37:23",2729500
17150,250,1000,"sd","13:37:17",2729000
17150,250,1200,"sd","13:36:44",2728000
17150,250,2000,"sd","13:36:44",2726800
17150,250,300,"sd","13:36:44",2724800
17150,250,500,"sd","13:36:44",2724500
17200,300,500,"bu","13:36:38",2724000
17200,300,200,"sd","13:36:33",2723500
17200,300,900,"sd","13:36:31",2723300
17200,300,5000,"sd","13:36:15",2722400
17200,300,300,"sd","13:35:57",2717400
17200,300,10000,"sd","13:35:39",2717100
17250,350,1100,"bu","13:35:18",2707100
17250,350,500,"bu","13:35:18",2706000
17200,300,2000,"sd","13:35:14",2705500
17200,300,300,"bu","13:35:09",2703500
17200,300,2000,"bu","13:35:09",2703200
17200,300,1000,"bu","13:35:09",2701200
17200,300,3000,"bu","13:35:09",2700200
17200,300,5000,"bu","13:35:09",2697200
17200,300,5000,"bu","13:35:09",2692200
17200,300,600,"bu","13:35:09",2687200
17200,300,2000,"bu","13:35:09",2686600
17200,300,3500,"bu","13:35:09",2684600
17200,300,1000,"bu","13:35:09",2681100
17200,300,10000,"bu","13:35:09",2680100
17200,300,2000,"bu","13:35:09",2670100
17200,300,20000,"bu","13:35:09",2668100
17200,300,1400,"bu","13:35:09",2648100
17200,300,200,"bu","13:35:09",2646700
17200,300,3000,"bu","13:35:09",2646500
17200,300,1000,"bu","13:35:09",2643500
17200,300,100,"bu","13:35:09",2642500
17150,250,300,"sd","13:34:26",2642400
17150,250,2000,"bu","13:34:01",2642100
17150,250,700,"bu","13:34:01",2640100
17150,250,300,"bu","13:33:32",2639400
17100,200,400,"sd","13:33:05",2639100
17150,250,500,"sd","13:32:33",2638700
17150,250,400,"sd","13:32:33",2638200
17150,250,100,"sd","13:32:33",2637800
17150,250,1000,"sd","13:31:36",2637700
17200,300,100,"bu","13:31:08",2636700
17200,300,500,"bu","13:31:08",2636600
17100,200,100,"sd","13:30:11",2636100
17100,200,100,"sd","13:30:11",2636000
17100,200,1000,"sd","13:30:11",2635900
17100,200,2000,"sd","13:30:11",2634900
17150,250,100,"sd","13:30:11",2632900
17150,250,200,"sd","13:30:11",2632800
17150,250,1400,"sd","13:30:11",2632600
17150,250,1000,"sd","13:30:11",2631200
17150,250,2500,"sd","13:30:11",2630200
17150,250,3000,"sd","13:29:54",2627700
17150,250,100,"sd","13:29:38",2624700
17150,250,8400,"bu","13:28:24",2624600
17150,250,4000,"bu","13:28:06",2616200
17150,250,1000,"sd","13:28:00",2612200
17150,250,1100,"sd","13:28:00",2611200
17150,250,1600,"sd","13:28:00",2610100
17150,250,500,"sd","13:28:00",2608500
17150,250,400,"sd","13:28:00",2608000
17150,250,1300,"sd","13:28:00",2607600
17150,250,1000,"sd","13:28:00",2606300
17150,250,300,"sd","13:28:00",2605300
17150,250,100,"sd","13:28:00",2605000
17150,250,300,"sd","13:28:00",2604900
17150,250,100,"sd","13:27:17",2604600
17150,250,200,"sd","13:27:03",2604500
17200,300,500,"bu","13:26:47",2604300
17200,300,100,"bu","13:26:47",2603800
17150,250,100,"sd","13:26:29",2603700
17150,250,3000,"sd","13:26:29",2603600
17150,250,5000,"sd","13:26:18",2600600
17150,250,100,"sd","13:26:17",2595600
17150,250,1000,"sd","13:26:17",2595500
17150,250,1000,"sd","13:26:17",2594500
17150,250,1000,"sd","13:26:17",2593500
17150,250,1900,"sd","13:26:17",2592500
17150,250,20000,"sd","13:26:17",2590600
17200,300,100,"bu","13:26:03",2570600
17200,300,500,"bu","13:26:03",2570500
17200,300,5000,"bu","13:26:03",2570000
17200,300,100,"bu","13:26:03",2565000
17200,300,300,"bu","13:26:03",2564900
17200,300,200,"bu","13:25:45",2564600
17200,300,200,"bu","13:25:45",2564400
17200,300,600,"bu","13:25:45",2564200
17150,250,100,"sd","13:25:40",2563600
17150,250,1000,"sd","13:25:24",2563500
17150,250,500,"bu","13:23:55",2562500
17150,250,500,"bu","13:23:55",2562000
17150,250,1000,"bu","13:23:55",2561500
17150,250,100,"bu","13:23:49",2560500
17150,250,400,"bu","13:23:42",2560400
17150,250,2000,"bu","13:23:38",2560000
17100,200,2000,"sd","13:23:36",2558000
17100,200,1000,"sd","13:23:33",2556000
17100,200,500,"sd","13:23:33",2555000
17100,200,500,"sd","13:23:33",2554500
17100,200,600,"sd","13:23:28",2554000
17150,250,100,"bu","13:23:27",2553400
17100,200,900,"sd","13:22:45",2553300
17100,200,100,"sd","13:22:45",2552400
17200,300,4400,"bu","13:21:56",2552300
17200,300,3500,"bu","13:21:56",2547900
17150,250,1500,"bu","13:21:56",2544400
17150,250,100,"bu","13:21:56",2542900
17150,250,100,"bu","13:21:56",2542800
17150,250,400,"bu","13:21:56",2542700
17150,250,10000,"bu","13:21:56",2542300
17150,250,500,"bu","13:21:34",2532300
17100,200,100,"sd","13:20:19",2531800
17100,200,500,"sd","13:20:19",2531700
17100,200,100,"sd","13:20:19",2531200
17100,200,200,"sd","13:20:19",2531100
17100,200,100,"sd","13:20:19",2530900
17100,200,500,"sd","13:20:19",2530800
17100,200,500,"sd","13:20:19",2530300
17100,200,500,"sd","13:20:19",2529800
17100,200,200,"sd","13:20:19",2529300
17100,200,1000,"sd","13:20:19",2529100
17100,200,1000,"sd","13:20:19",2528100
17100,200,400,"sd","13:20:19",2527100
17100,200,300,"sd","13:19:39",2526700
17100,200,100,"sd","13:18:51",2526400
17100,200,600,"sd","13:18:38",2526300
17100,200,200,"sd","13:18:38",2525700
17100,200,600,"sd","13:18:38",2525500
17150,250,5800,"bu","13:18:17",2524900
17150,250,2000,"sd","13:17:48",2519100
17150,250,100,"sd","13:17:48",2517100
17150,250,1000,"sd","13:17:48",2517000
17150,250,300,"sd","13:17:48",2516000
17150,250,100,"sd","13:17:48",2515700
17150,250,200,"sd","13:17:48",2515600
17150,250,800,"sd","13:17:08",2515400
17150,250,200,"sd","13:17:08",2514600
17150,250,100,"sd","13:16:49",2514400
17150,250,100,"sd","13:16:43",2514300
17200,300,500,"bu","13:15:45",2514200
17150,250,500,"bu","13:15:19",2513700
17150,250,100,"bu","13:15:19",2513200
17150,250,500,"bu","13:15:19",2513100
17150,250,100,"bu","13:15:19",2512600
17150,250,400,"bu","13:15:19",2512500
17150,250,2000,"bu","13:15:02",2512100
17150,250,100,"bu","13:14:46",2510100
17150,250,200,"bu","13:14:34",2510000
17150,250,300,"bu","13:14:34",2509800
17150,250,900,"bu","13:14:28",2509500
17150,250,2000,"bu","13:13:59",2508600
17150,250,1800,"bu","13:13:52",2506600
17150,250,400,"bu","13:13:52",2504800
17150,250,100,"bu","13:13:52",2504400
17150,250,700,"bu","13:13:52",2504300
17150,250,1500,"bu","13:13:49",2503600
17150,250,500,"bu","13:13:46",2502100
17150,250,300,"bu","13:13:41",2501600
17150,250,700,"bu","13:13:19",2501300
17100,200,500,"sd","13:12:52",2500600
17100,200,1000,"sd","13:12:32",2500100
17100,200,3000,"sd","13:12:29",2499100
17100,200,100,"sd","13:12:14",2496100
17150,250,1000,"bu","13:11:51",2496000
17150,250,500,"bu","13:11:45",2495000
17150,250,1100,"bu","13:11:33",2494500
17150,250,2000,"bu","13:11:26",2493400
17150,250,1000,"bu","13:11:18",2491400
17100,200,3300,"sd","13:11:17",2490400
17100,200,100,"sd","13:11:05",2487100
17100,200,100,"sd","13:10:47",2487000
17150,250,1800,"bu","13:10:37",2486900
17150,250,200,"bu","13:10:35",2485100
17150,250,1000,"sd","13:10:32",2484900
17150,250,5000,"sd","13:10:32",2483900
17150,250,100,"sd","13:10:32",2478900
17150,250,1000,"sd","13:10:32",2478800
17150,250,1400,"sd","13:10:32",2477800
17150,250,200,"sd","13:10:32",2476400
17150,250,10000,"sd","13:10:28",2476200
17150,250,9800,"sd","13:10:23",2466200
17150,250,200,"sd","13:10:23",2456400
17150,250,800,"sd","13:10:15",2456200
17150,250,200,"sd","13:10:15",2455400
17150,250,1000,"sd","13:10:15",2455200
17150,250,100,"sd","13:10:15",2454200
17150,250,1600,"sd","13:10:15",2454100
17150,250,5000,"sd","13:10:15",2452500
17150,250,200,"sd","13:10:15",2447500
17150,250,5200,"sd","13:10:15",2447300
17150,250,9000,"sd","13:10:15",2442100
17150,250,300,"sd","13:10:15",2433100
17150,250,500,"sd","13:10:15",2432800
17150,250,1700,"sd","13:10:15",2432300
17150,250,2000,"sd","13:10:15",2430600
17150,250,500,"sd","13:10:15",2428600
17150,250,200,"sd","13:10:15",2428100
17150,250,700,"sd","13:10:15",2427900
17150,250,1000,"sd","13:10:15",2427200
17150,250,100,"sd","13:10:09",2426200
17150,250,2000,"sd","13:10:05",2426100
17150,250,9000,"sd","13:10:01",2424100
17150,250,18900,"sd","13:09:56",2415100
17150,250,1100,"sd","13:09:56",2396200
17150,250,200,"sd","13:09:51",2395100
17200,300,600,"bu","13:09:44",2394900
17150,250,100,"sd","13:09:30",2394300
17150,250,100,"sd","13:09:03",2394200
17150,250,100,"sd","13:08:49",2394100
17200,300,1000,"bu","13:08:46",2394000
17150,250,200,"sd","13:08:27",2393000
17150,250,800,"sd","13:08:22",2392800
17150,250,500,"sd","13:08:03",2392000
17150,250,1000,"sd","13:07:54",2391500
17200,300,100,"bu","13:07:44",2390500
17200,300,500,"bu","13:07:22",2390400
17200,300,1000,"bu","13:07:17",2389900
17200,300,100,"sd","13:07:17",2388900
17200,300,1300,"sd","13:07:17",2388800
17200,300,8000,"sd","13:07:17",2387500
17200,300,100,"sd","13:07:17",2379500
17200,300,1900,"sd","13:07:16",2379400
17200,300,1000,"sd","13:07:16",2377500
17200,300,100,"sd","13:07:16",2376500
17200,300,600,"sd","13:06:22",2376400
17200,300,600,"sd","13:06:20",2375800
17200,300,700,"bu","13:06:13",2375200
17200,300,800,"bu","13:06:11",2374500
17200,300,500,"bu","13:06:08",2373700
17200,300,9500,"bu","13:06:08",2373200
17200,300,500,"sd","13:05:38",2363700
17200,300,5000,"sd","13:05:38",2363200
17200,300,200,"sd","13:05:38",2358200
17200,300,2000,"sd","13:05:38",2358000
17200,300,200,"sd","13:05:38",2356000
17200,300,400,"sd","13:05:38",2355800
17200,300,100,"sd","13:05:38",2355400
17200,300,2000,"sd","13:05:38",2355300
17200,300,100,"sd","13:05:38",2353300
17200,300,900,"sd","13:05:17",2353200
17200,300,100,"sd","13:05:17",2352300
17200,300,7200,"sd","13:04:45",2352200
17200,300,400,"sd","13:04:45",2345000
17200,300,500,"sd","13:04:45",2344600
17200,300,1400,"sd","13:04:45",2344100
17200,300,300,"sd","13:04:45",2342700
17200,300,1000,"sd","13:04:45",2342400
17200,300,300,"sd","13:04:45",2341400
17200,300,200,"sd","13:04:45",2341100
17200,300,1000,"sd","13:04:45",2340900
17200,300,300,"sd","13:04:45",2339900
17200,300,500,"sd","13:04:45",2339600
17200,300,1000,"sd","13:04:45",2339100
17200,300,200,"sd","13:04:45",2338100
17200,300,45000,"sd","13:04:45",2337900
17200,300,400,"sd","13:04:45",2292900
17200,300,300,"sd","13:04:45",2292500
17200,300,50000,"sd","13:04:39",2292200
17200,300,100,"sd","13:04:31",2242200
17200,300,4900,"sd","13:04:05",2242100
17200,300,100,"sd","13:04:05",2237200
17300,400,100,"bu","13:03:47",2237100
17250,350,400,"bu","13:03:47",2237000
17200,300,100,"sd","13:03:45",2236600
17250,350,300,"bu","13:03:44",2236500
17250,350,300,"sd","13:03:42",2236200
17250,350,100,"bu","13:03:35",2235900
17250,350,3900,"bu","13:03:35",2235800
17250,350,100,"bu","13:03:25",2231900
17250,350,3000,"sd","13:03:12",2231800
17250,350,100,"sd","13:03:12",2228800
17250,350,10000,"sd","13:03:12",2228700
17250,350,100,"sd","13:03:12",2218700
17250,350,600,"sd","13:03:12",2218600
17250,350,10000,"sd","13:03:12",2218000
17250,350,1000,"sd","13:03:12",2208000
17250,350,100,"sd","13:03:12",2207000
17250,350,300,"sd","13:03:12",2206900
17250,350,2000,"sd","13:03:12",2206600
17250,350,500,"sd","13:03:12",2204600
17250,350,2300,"sd","13:03:12",2204100
17250,350,3000,"sd","13:02:53",2201800
17250,350,100,"sd","13:02:28",2198800
17250,350,1000,"sd","13:02:12",2198700
17250,350,1300,"sd","13:02:12",2197700
17250,350,300,"sd","13:01:56",2196400
17250,350,300,"sd","13:01:56",2196100
17250,350,400,"sd","13:01:56",2195800
17250,350,100,"sd","13:01:52",2195400
17250,350,3600,"sd","13:01:52",2195300
17250,350,100,"sd","13:01:48",2191700
17250,350,700,"sd","13:00:40",2191600
17300,400,10000,"bu","13:00:39",2190900
17250,350,300,"sd","13:00:34",2180900
17250,350,300,"sd","13:00:27",2180600
17250,350,600,"sd","13:00:27",2180300
17250,350,100,"sd","13:00:27",2179700
17250,350,5000,"sd","13:00:22",2179600
17250,350,1000,"sd","13:00:05",2174600
17250,350,200,"sd","13:00:04",2173600
17250,350,100,"sd","13:00:04",2173400
17250,350,100,"sd","13:00:03",2173300
17250,350,2000,"sd","13:00:03",2173200
17250,350,200,"sd","13:00:02",2171200
17250,350,4300,"sd","13:00:02",2171000
17250,350,300,"sd","13:00:01",2166700
17250,350,200,"sd","13:00:01",2166400
17250,350,100,"sd","13:00:01",2166200
17250,350,300,"sd","13:00:01",2166100
17250,350,4000,"sd","11:29:47",2165800
17250,350,200,"sd","11:27:46",2161800
17250,350,100,"sd","11:27:46",2161600
17250,350,2000,"sd","11:27:06",2161500
17250,350,7400,"sd","11:26:50",2159500
17250,350,6000,"sd","11:26:13",2152100
17300,400,1000,"bu","11:25:00",2146100
17300,400,200,"bu","11:24:44",2145100
17300,400,1300,"bu","11:21:25",2144900
17300,400,200,"bu","11:20:38",2143600
17300,400,2000,"sd","11:19:16",2143400
17300,400,9900,"sd","11:19:16",2141400
17300,400,500,"sd","11:19:16",2131500
17300,400,1000,"sd","11:19:16",2131000
17300,400,100,"sd","11:19:16",2130000
17300,400,1000,"sd","11:19:16",2129900
17300,400,500,"sd","11:19:16",2128900
17300,400,100,"sd","11:19:16",2128400
17300,400,2100,"sd","11:19:16",2128300
17300,400,3000,"sd","11:19:16",2126200
17300,400,2000,"sd","11:19:16",2123200
17300,400,1000,"sd","11:19:16",2121200
17300,400,5000,"sd","11:19:16",2120200
17300,400,5000,"sd","11:19:16",2115200
17300,400,1000,"sd","11:19:16",2110200
17300,400,12100,"sd","11:19:16",2109200
17300,400,500,"sd","11:18:36",2097100
17300,400,500,"sd","11:18:30",2096600
17300,400,5000,"sd","11:18:21",2096100
17300,400,500,"sd","11:18:12",2091100
17300,400,500,"sd","11:18:06",2090600
17300,400,1000,"sd","11:17:58",2090100
17300,400,15000,"sd","11:17:52",2089100
17300,400,15000,"sd","11:17:44",2074100
17300,400,5000,"sd","11:17:29",2059100
17300,400,5000,"sd","11:17:23",2054100
17300,400,4000,"sd","11:17:16",2049100
17300,400,5000,"sd","11:17:16",2045100
17350,450,300,"bu","11:17:13",2040100
17300,400,5000,"sd","11:17:10",2039800
17350,450,1300,"bu","11:16:01",2034800
17350,450,600,"bu","11:15:42",2033500
17350,450,400,"bu","11:15:42",2032900
17350,450,1800,"bu","11:15:42",2032500
17350,450,100,"bu","11:15:42",2030700
17350,450,1300,"bu","11:15:42",2030600
17350,450,2400,"bu","11:15:42",2029300
17350,450,200,"bu","11:15:09",2026900
17300,400,100,"sd","11:14:55",2026700
17350,450,800,"bu","11:13:49",2026600
17350,450,100,"bu","11:13:27",2025800
17300,400,300,"sd","11:13:10",2025700
17300,400,300,"sd","11:13:09",2025400
17300,400,5000,"sd","11:13:06",2025100
17300,400,200,"sd","11:12:45",2020100
17300,400,100,"sd","11:12:26",2019900
17300,400,10000,"sd","11:11:57",2019800
17300,400,3000,"sd","11:11:26",2009800
17350,450,1600,"bu","11:09:12",2006800
17350,450,2000,"bu","11:09:06",2005200
17300,400,300,"sd","11:09:04",2003200
17300,400,100,"sd","11:09:01",2002900
17300,400,100,"sd","11:08:56",2002800
17350,450,2000,"bu","11:08:54",2002700
17300,400,5000,"sd","11:08:34",2000700
17350,450,900,"sd","11:08:23",1995700
17350,450,100,"sd","11:08:15",1994800
17350,450,200,"sd","11:08:15",1994700
17350,450,300,"sd","11:08:15",1994500
17350,450,200,"sd","11:08:15",1994200
17350,450,800,"bu","11:07:58",1994000
17350,450,200,"sd","11:07:56",1993200
17350,450,4800,"sd","11:07:55",1993000
17350,450,200,"sd","11:07:55",1988200
17350,450,3000,"sd","11:07:54",1988000
17350,450,1000,"sd","11:07:47",1985000
17350,450,500,"sd","11:07:42",1984000
17350,450,1000,"sd","11:07:18",1983500
17350,450,200,"sd","11:07:14",1982500
17350,450,500,"bu","11:06:54",1982300
17350,450,500,"bu","11:06:54",1981800
17350,450,3100,"bu","11:06:54",1981300
17350,450,2900,"sd","11:06:50",1978200
17350,450,4000,"sd","11:06:50",1975300
17350,450,1000,"sd","11:06:49",1971300
17350,450,600,"sd","11:06:45",1970300
17350,450,1000,"sd","11:06:37",1969700
17350,450,100,"sd","11:06:31",1968700
17350,450,500,"sd","11:06:09",1968600
17350,450,4000,"sd","11:06:01",1968100
17350,450,10800,"bu","11:06:01",1964100
17350,450,5000,"bu","11:06:01",1953300
17350,450,5000,"bu","11:06:01",1948300
17350,450,100,"bu","11:06:01",1943300
17350,450,2900,"bu","11:06:01",1943200
17300,400,200,"sd","11:05:55",1940300
17300,400,300,"sd","11:05:39",1940100
17350,450,5400,"sd","11:05:23",1939800
17350,450,1700,"sd","11:05:23",1934400
17350,450,100,"sd","11:05:17",1932700
17350,450,100,"sd","11:05:16",1932600
17350,450,100,"sd","11:05:12",1932500
17350,450,1000,"sd","11:05:08",1932400
17350,450,700,"bu","11:04:59",1931400
17300,400,900,"sd","11:04:54",1930700
17350,450,100,"bu","11:04:44",1929800
17350,450,100,"bu","11:04:38",1929700
17350,450,800,"bu","11:04:30",1929600
17350,450,1200,"bu","11:04:30",1928800
17350,450,200,"bu","11:04:25",1927600
17350,450,100,"bu","11:04:25",1927400
17350,450,1000,"bu","11:04:25",1927300
17350,450,700,"bu","11:04:25",1926300
17350,450,900,"bu","11:04:23",1925600
17350,450,1100,"bu","11:04:23",1924700
17350,450,100,"bu","11:04:22",1923600
17350,450,5000,"bu","11:04:05",1923500
17350,450,200,"sd","11:03:42",1918500
17350,450,400,"sd","11:03:42",1918300
17350,450,200,"sd","11:03:42",1917900
17350,450,5100,"sd","11:03:42",1917700
17350,450,500,"sd","11:03:42",1912600
17350,450,5000,"sd","11:03:42",1912100
17350,450,55200,"sd","11:03:42",1907100
17350,450,400,"sd","11:03:42",1851900
17350,450,100,"sd","11:03:42",1851500
17350,450,6700,"sd","11:03:42",1851400
17350,450,500,"sd","11:03:41",1844700
17350,450,500,"sd","11:03:31",1844200
17400,500,500,"bu","11:03:18",1843700
17400,500,100,"bu","11:03:08",1843200
17400,500,500,"bu","11:02:59",1843100
17400,500,1800,"bu","11:01:53",1842600
17400,500,1000,"sd","11:01:51",1840800
17400,500,7000,"sd","11:01:51",1839800
17400,500,200,"sd","11:01:51",1832800
17400,500,300,"sd","11:01:51",1832600
17400,500,5000,"sd","11:01:51",1832300
17400,500,71500,"sd","11:01:51",1827300
17400,500,20900,"sd","11:01:41",1755800
17400,500,5000,"sd","11:01:32",1734900
17400,500,1000,"sd","11:01:30",1729900
17450,550,3400,"bu","11:01:27",1728900
17400,500,1500,"sd","11:01:24",1725500
17450,550,100,"bu","11:01:19",1724000
17400,500,100,"sd","11:01:15",1723900
17400,500,100,"sd","11:01:15",1723800
17450,550,200,"bu","11:01:14",1723700
17400,500,500,"sd","11:01:10",1723500
17450,550,300,"bu","11:01:06",1723000
17400,500,400,"sd","11:00:56",1722700
17400,500,1100,"sd","11:00:56",1722300
17450,550,4400,"bu","11:00:54",1721200
17450,550,100,"bu","11:00:22",1716800
17450,550,1900,"bu","11:00:18",1716700
17450,550,1500,"bu","11:00:04",1714800
17450,550,500,"bu","11:00:01",1713300
17450,550,200,"bu","10:59:48",1712800
17450,550,200,"bu","10:59:42",1712600
17450,550,2600,"bu","10:59:41",1712400
17450,550,5200,"bu","10:59:37",1709800
17450,550,100,"bu","10:59:37",1704600
17450,550,100,"bu","10:59:37",1704500
17450,550,200,"bu","10:59:37",1704400
17450,550,100,"bu","10:59:37",1704200
17450,550,800,"bu","10:59:26",1704100
17450,550,5000,"bu","10:59:26",1703300
17450,550,4200,"bu","10:59:26",1698300
17450,550,400,"bu","10:59:00",1694100
17450,550,100,"bu","10:58:53",1693700
17400,500,7000,"sd","10:58:45",1693600
17450,550,300,"bu","10:58:38",1686600
17450,550,100,"bu","10:58:38",1686300
17450,550,100,"bu","10:58:38",1686200
17450,550,200,"bu","10:58:38",1686100
17450,550,100,"bu","10:58:38",1685900
17450,550,100,"bu","10:58:38",1685800
17450,550,1900,"bu","10:58:37",1685700
17450,550,7100,"bu","10:58:12",1683800
17450,550,6000,"bu","10:58:09",1676700
17450,550,4900,"bu","10:57:36",1670700
17450,550,900,"bu","10:57:36",1665800
17450,550,5300,"bu","10:57:30",1664900
17400,500,300,"sd","10:57:28",1659600
17450,550,4100,"bu","10:57:26",1659300
17450,550,2200,"bu","10:57:22",1655200
17400,500,10000,"sd","10:56:46",1653000
17400,500,1000,"sd","10:56:45",1643000
17400,500,600,"sd","10:56:44",1642000
17400,500,700,"sd","10:56:44",1641400
17400,500,100,"sd","10:56:44",1640700
17400,500,300,"sd","10:56:44",1640600
17400,500,2000,"sd","10:56:44",1640300
17400,500,1000,"sd","10:56:44",1638300
17400,500,5300,"sd","10:56:44",1637300
17400,500,1000,"sd","10:56:33",1632000
17450,550,2000,"bu","10:56:26",1631000
17400,500,600,"sd","10:56:03",1629000
17400,500,5000,"sd","10:56:02",1628400
17400,500,1000,"sd","10:56:01",1623400
17400,500,1000,"sd","10:55:42",1622400
17400,500,100,"sd","10:55:39",1621400
17400,500,100,"sd","10:55:36",1621300
17450,550,5500,"bu","10:55:08",1621200
17450,550,500,"bu","10:55:08",1615700
17450,550,2000,"bu","10:55:08",1615200
17450,550,100,"bu","10:55:04",1613200
17400,500,400,"sd","10:55:01",1613100
17450,550,500,"bu","10:54:59",1612700
17450,550,400,"bu","10:54:59",1612200
17450,550,200,"bu","10:54:59",1611800
17450,550,100,"bu","10:54:59",1611300
17450,550,100,"bu","10:54:59",1611600
17450,550,200,"bu","10:54:59",1611500
17400,500,100,"sd","10:54:50",1611200
17400,500,2000,"bu","10:54:36",1611100
17400,500,3000,"bu","10:54:36",1609100
17400,500,500,"bu","10:54:36",1606100
17400,500,300,"bu","10:54:36",1605600
17400,500,500,"bu","10:54:36",1605300
17400,500,100,"bu","10:54:36",1604800
17400,500,200,"bu","10:54:36",1604700
17400,500,2000,"bu","10:54:36",1604500
17400,500,1000,"bu","10:54:36",1602500
17400,500,1000,"bu","10:54:36",1601500
17400,500,1700,"bu","10:54:36",1600500
17400,500,1000,"bu","10:54:36",1598800
17400,500,500,"bu","10:54:36",1597800
17400,500,500,"bu","10:54:36",1597300
17400,500,100,"bu","10:54:36",1596800
17400,500,100,"bu","10:54:36",1596700
17400,500,500,"bu","10:54:36",1596600
17400,500,5000,"bu","10:54:36",1596100
17400,500,3000,"bu","10:54:36",1591100
17400,500,1200,"bu","10:54:36",1588100
17400,500,100,"bu","10:54:36",1586900
17400,500,100,"bu","10:54:36",1586800
17400,500,1000,"bu","10:54:36",1586700
17400,500,3800,"bu","10:54:34",1585700
17400,500,200,"bu","10:54:34",1581900
17400,500,1000,"bu","10:54:34",1581700
17400,500,500,"bu","10:54:34",1580700
17400,500,200,"bu","10:54:34",1580200
17400,500,3200,"bu","10:54:34",1580000
17400,500,200,"bu","10:54:34",1576800
17400,500,1500,"bu","10:54:29",1576600
17400,500,100,"bu","10:54:19",1575100
17350,450,10000,"sd","10:54:13",1575000
17350,450,600,"sd","10:54:08",1565000
17350,450,100,"bu","10:54:06",1564400
17350,450,500,"bu","10:54:06",1564300
17350,450,2000,"bu","10:54:06",1563800
17350,450,100,"bu","10:54:06",1561800
17350,450,1000,"bu","10:54:06",1561700
17350,450,200,"bu","10:54:06",1560700
17350,450,5000,"bu","10:54:06",1560500
17350,450,5000,"bu","10:54:06",1555500
17350,450,2000,"bu","10:54:06",1550500
17350,450,2000,"bu","10:54:06",1548500
17350,450,500,"bu","10:54:06",1546500
17350,450,100,"bu","10:54:06",1546000
17350,450,200,"bu","10:54:06",1545900
17350,450,36400,"bu","10:54:06",1545700
17350,450,200,"bu","10:54:06",1509300
17350,450,100,"bu","10:54:06",1509100
17350,450,1000,"bu","10:54:06",1509000
17350,450,20000,"bu","10:54:06",1508000
17350,450,100,"bu","10:54:06",1488000
17350,450,200,"bu","10:54:06",1487900
17350,450,5000,"bu","10:54:06",1487700
17350,450,2100,"bu","10:54:04",1482700
17350,450,500,"bu","10:54:01",1480600
17350,450,1000,"bu","10:53:43",1480100
17300,400,100,"bu","10:53:31",1479100
17300,400,3000,"bu","10:53:31",1479000
17300,400,100,"bu","10:53:31",1476000
17300,400,1500,"bu","10:53:31",1475900
17300,400,1000,"bu","10:53:31",1474400
17300,400,1000,"bu","10:53:30",1473400
17300,400,4000,"bu","10:53:28",1472400
17300,400,100,"bu","10:53:28",1468400
17300,400,100,"bu","10:53:28",1468300
17300,400,100,"bu","10:53:28",1468200
17300,400,12800,"bu","10:53:28",1468100
17300,400,200,"bu","10:53:28",1455300
17300,400,1000,"bu","10:53:28",1455100
17300,400,1000,"bu","10:53:28",1454100
17300,400,300,"bu","10:53:28",1453100
17300,400,5000,"bu","10:53:28",1452800
17300,400,3000,"bu","10:53:28",1447800
17300,400,200,"bu","10:53:28",1444800
17300,400,100,"bu","10:53:28",1444600
17300,400,2000,"bu","10:53:28",1444500
17300,400,200,"bu","10:53:28",1442500
17300,400,6000,"bu","10:53:28",1442300
17300,400,4300,"bu","10:53:28",1436300
17300,400,100,"bu","10:53:28",1432000
17300,400,4000,"bu","10:53:28",1431900
17300,400,5500,"bu","10:53:28",1427900
17300,400,1000,"bu","10:53:27",1422400
17300,400,1000,"bu","10:53:27",1421400
17300,400,7700,"bu","10:53:22",1420400
17300,400,100,"bu","10:53:21",1412700
17300,400,900,"bu","10:53:21",1412600
17300,400,1200,"bu","10:53:21",1411700
17300,400,200,"bu","10:53:17",1410500
17300,400,500,"bu","10:53:17",1410300
17300,400,800,"bu","10:53:17",1409800
17300,400,100,"bu","10:53:17",1409000
17300,400,100,"bu","10:53:17",1408900
17300,400,3800,"bu","10:53:17",1408800
17300,400,100,"bu","10:53:17",1405000
17300,400,1000,"bu","10:53:17",1404900
17300,400,900,"bu","10:53:17",1403900
17300,400,2000,"bu","10:53:17",1403000
17300,400,500,"bu","10:53:17",1401000
17300,400,100,"bu","10:53:17",1400500
17300,400,200,"bu","10:53:17",1400400
17300,400,200,"bu","10:53:17",1400200
17300,400,1000,"bu","10:53:17",1400000
17300,400,1500,"bu","10:53:17",1399000
17300,400,2000,"bu","10:53:17",1397500
17300,400,100,"bu","10:53:17",1395500
17300,400,100,"bu","10:53:17",1395400
17300,400,500,"bu","10:53:17",1395300
17300,400,100,"bu","10:53:17",1394800
17300,400,100,"bu","10:53:17",1394700
17300,400,1000,"bu","10:53:17",1394600
17300,400,100,"bu","10:53:17",1393600
17300,400,5000,"bu","10:53:17",1393500
17300,400,100,"bu","10:53:17",1388500
17300,400,1200,"bu","10:53:17",1388400
17300,400,100,"bu","10:53:17",1387200
17300,400,200,"bu","10:53:17",1387100
17300,400,200,"bu","10:53:17",1386900
17300,400,2000,"bu","10:53:17",1386700
17300,400,100,"bu","10:53:17",1384700
17300,400,100,"bu","10:53:17",1384600
17300,400,100,"bu","10:53:17",1384500
17300,400,100,"bu","10:53:17",1384400
17300,400,300,"bu","10:53:17",1384300
17300,400,4000,"bu","10:53:17",1384000
17300,400,300,"bu","10:53:17",1380000
17300,400,2000,"bu","10:53:17",1379700
17300,400,100,"bu","10:53:17",1377700
17300,400,1000,"bu","10:53:17",1377600
17300,400,3000,"bu","10:53:17",1376600
17300,400,500,"bu","10:53:17",1373600
17300,400,5600,"bu","10:53:17",1373100
17300,400,3000,"bu","10:53:17",1367500
17300,400,200,"bu","10:53:17",1364500
17300,400,200,"bu","10:53:17",1364300
17300,400,7300,"bu","10:53:17",1364100
17300,400,300,"bu","10:53:15",1356800
17300,400,2400,"bu","10:53:13",1356500
17300,400,100,"bu","10:53:13",1354100
17300,400,6100,"bu","10:53:13",1354000
17300,400,300,"bu","10:53:13",1347900
17300,400,1800,"bu","10:53:08",1347600
17300,400,3000,"bu","10:53:08",1345800
17300,400,1600,"bu","10:53:02",1342800
17300,400,200,"bu","10:53:02",1341200
17300,400,100,"bu","10:53:02",1341000
17300,400,100,"bu","10:53:01",1340900
17300,400,200,"bu","10:53:01",1340800
17300,400,5000,"bu","10:53:01",1340600
17300,400,12800,"bu","10:53:01",1335600
17300,400,1000,"bu","10:53:01",1322800
17300,400,4500,"bu","10:52:57",1321800
17300,400,100,"bu","10:52:46",1317300
17300,400,1600,"bu","10:52:31",1317200
17300,400,100,"bu","10:52:31",1315600
17250,350,500,"sd","10:52:26",1315500
17250,350,100,"sd","10:52:26",1315000
17250,350,100,"sd","10:52:25",1314900
17250,350,1000,"sd","10:52:05",1314800
17250,350,300,"sd","10:52:05",1313800
17250,350,3700,"sd","10:52:05",1313500
17250,350,1500,"sd","10:51:56",1309800
17250,350,2000,"sd","10:51:43",1308300
17200,300,1200,"sd","10:51:35",1306300
17250,350,1800,"sd","10:51:35",1305100
17250,350,900,"bu","10:51:35",1303300
17250,350,1000,"bu","10:51:35",1302400
17250,350,100,"bu","10:51:35",1301400
17250,350,500,"bu","10:51:35",1301300
17250,350,1000,"bu","10:51:35",1300800
17250,350,100,"bu","10:51:35",1299800
17250,350,1000,"bu","10:51:35",1299700
17250,350,3600,"bu","10:51:35",1298700
17250,350,10000,"bu","10:51:33",1295100
17200,300,2300,"bu","10:51:00",1285100
17200,300,1000,"bu","10:50:46",1282800
17200,300,10000,"sd","10:50:42",1281800
17200,300,300,"sd","10:50:42",1271800
17200,300,1000,"sd","10:50:42",1271500
17200,300,5400,"sd","10:50:42",1270500
17200,300,7800,"sd","10:50:26",1265100
17250,350,2000,"bu","10:50:21",1257300
17200,300,5500,"sd","10:50:18",1255300
17200,300,1300,"sd","10:50:13",1249800
17200,300,4100,"sd","10:50:13",1248500
17200,300,1300,"sd","10:50:13",1244400
17250,350,19800,"bu","10:50:07",1243100
17250,350,200,"bu","10:50:07",1223300
17250,350,500,"bu","10:49:59",1223100
17250,350,1000,"sd","10:49:54",1222600
17250,350,200,"sd","10:49:54",1221600
17250,350,1000,"sd","10:49:54",1221400
17250,350,800,"sd","10:49:54",1220400
17250,350,3000,"sd","10:49:54",1219600
17250,350,1000,"sd","10:49:47",1216600
17250,350,10800,"sd","10:49:47",1215600
17250,350,100,"sd","10:49:35",1204800
17250,350,300,"sd","10:49:23",1204700
17250,350,400,"sd","10:49:20",1204400
17250,350,100,"bu","10:49:18",1204000
17250,350,2900,"bu","10:49:18",1203900
17250,350,1000,"bu","10:49:14",1201000
17250,350,6200,"bu","10:49:10",1200000
17250,350,3600,"bu","10:49:06",1193800
17200,300,2700,"bu","10:48:57",1190200
17200,300,3300,"bu","10:48:54",1187500
17200,300,5800,"bu","10:48:53",1184200
17200,300,3300,"bu","10:48:48",1178400
17200,300,1000,"bu","10:48:38",1175100
17200,300,2000,"sd","10:48:37",1174100
17200,300,800,"sd","10:48:37",1172100
17200,300,300,"sd","10:48:37",1171300
17200,300,100,"sd","10:48:37",1171000
17200,300,400,"sd","10:48:37",1170900
17200,300,900,"sd","10:48:37",1170500
17200,300,10000,"sd","10:48:37",1169600
17200,300,300,"sd","10:48:37",1159600
17200,300,10000,"sd","10:48:37",1159300
17200,300,9100,"sd","10:48:37",1149300
17250,350,500,"bu","10:48:36",1140200
17250,350,1000,"bu","10:48:32",1139700
17250,350,2000,"sd","10:48:26",1138700
17250,350,300,"sd","10:48:26",1136700
17250,350,2500,"sd","10:48:26",1136400
17250,350,100,"sd","10:48:19",1133900
17250,350,400,"sd","10:48:13",1133800
17250,350,1000,"sd","10:48:13",1133400
17250,350,3600,"sd","10:48:13",1132400
17250,350,3000,"sd","10:48:10",1128800
17250,350,1000,"sd","10:47:58",1125800
17250,350,100,"sd","10:47:45",1124800
17250,350,200,"sd","10:47:26",1124700
17250,350,100,"sd","10:47:02",1124500
17250,350,100,"bu","10:47:01",1124400
17250,350,100,"bu","10:47:01",1124300
17250,350,1000,"bu","10:47:01",1124200
17250,350,2000,"bu","10:47:01",1123200
17250,350,500,"bu","10:47:01",1121200
17250,350,200,"bu","10:47:01",1120700
17250,350,3500,"bu","10:47:01",1120500
17250,350,500,"bu","10:47:01",1117000
17250,350,100,"bu","10:47:01",1116500
17250,350,100,"bu","10:47:01",1116400
17250,350,1000,"bu","10:47:01",1116300
17250,350,300,"bu","10:47:01",1115300
17250,350,3400,"bu","10:47:01",1115000
17250,350,200,"bu","10:47:01",1111600
17250,350,4000,"bu","10:47:01",1111400
17250,350,100,"bu","10:47:01",1107400
17250,350,6000,"bu","10:47:01",1107300
17250,350,8100,"bu","10:47:01",1101300
17250,350,500,"bu","10:47:01",1093200
17250,350,500,"bu","10:47:01",1092700
17250,350,500,"bu","10:47:01",1092200
17250,350,10000,"bu","10:47:01",1091700
17250,350,600,"bu","10:47:01",1081700
17250,350,100,"bu","10:47:01",1081100
17250,350,2000,"bu","10:47:01",1081000
17250,350,300,"bu","10:47:01",1079000
17250,350,1000,"bu","10:47:01",1078700
17250,350,300,"bu","10:47:01",1077700
17250,350,200,"bu","10:47:01",1077400
17250,350,1000,"bu","10:47:01",1077200
17250,350,400,"bu","10:47:01",1076200
17200,300,2000,"sd","10:46:40",1075800
17200,300,1100,"bu","10:46:31",1073800
17200,300,100,"bu","10:46:31",1072700
17200,300,100,"bu","10:46:31",1072600
17200,300,2000,"bu","10:46:31",1072500
17200,300,1000,"bu","10:46:31",1070500
17200,300,200,"bu","10:46:31",1069500
17200,300,400,"bu","10:46:31",1069300
17200,300,700,"bu","10:46:31",1068900
17200,300,3300,"bu","10:46:31",1068200
17200,300,100,"bu","10:46:25",1064900
17200,300,300,"bu","10:45:50",1064800
17200,300,100,"bu","10:45:08",1064500
17200,300,1200,"bu","10:44:49",1064400
17200,300,800,"bu","10:44:49",1063200
17200,300,200,"bu","10:43:10",1062400
17200,300,300,"bu","10:43:02",1062200
17200,300,500,"bu","10:43:02",1061900
17200,300,300,"bu","10:43:02",1061400
17200,300,2900,"bu","10:43:02",1061100
17250,350,600,"bu","10:42:17",1058200
17250,350,5000,"bu","10:42:17",1057600
17250,350,100,"bu","10:42:17",1052600
17250,350,100,"bu","10:42:17",1052500
17250,350,1000,"bu","10:42:17",1052400
17250,350,400,"bu","10:42:17",1051400
17250,350,2000,"bu","10:42:17",1051000
17250,350,500,"bu","10:42:17",1049000
17250,350,1000,"bu","10:42:17",1048500
17250,350,8000,"bu","10:42:17",1047500
17250,350,100,"bu","10:42:17",1039500
17250,350,5000,"bu","10:42:17",1039400
17250,350,200,"bu","10:42:17",1034400
17250,350,1000,"bu","10:42:17",1034200
17250,350,100,"bu","10:42:17",1033200
17250,350,100,"bu","10:42:17",1033100
17250,350,1000,"bu","10:42:17",1033000
17250,350,700,"bu","10:42:17",1032000
17250,350,1000,"bu","10:42:17",1031300
17250,350,100,"bu","10:42:17",1030300
17250,350,300,"bu","10:42:17",1030200
17250,350,100,"bu","10:42:17",1029900
17250,350,100,"bu","10:42:17",1029800
17250,350,1000,"bu","10:42:17",1029700
17250,350,100,"bu","10:42:17",1028700
17250,350,300,"bu","10:42:17",1028600
17250,350,100,"bu","10:42:17",1028300
17200,300,100,"sd","10:41:38",1028200
17200,300,500,"sd","10:41:37",1028100
17200,300,100,"sd","10:41:21",1027600
17200,300,500,"sd","10:40:51",1027500
17200,300,1100,"bu","10:40:41",1027000
17200,300,500,"bu","10:40:41",1025900
17200,300,1000,"bu","10:40:41",1025400
17200,300,100,"bu","10:40:41",1024400
17200,300,1000,"bu","10:40:41",1024300
17200,300,100,"bu","10:40:41",1023300
17200,300,100,"bu","10:40:41",1023200
17200,300,100,"bu","10:40:35",1023100
17200,300,100,"bu","10:40:34",1023000
17200,300,100,"bu","10:40:10",1022900
17200,300,100,"bu","10:39:59",1022800
17200,300,200,"bu","10:39:43",1022700
17200,300,200,"bu","10:39:38",1022500
17200,300,1100,"bu","10:39:29",1022300
17200,300,100,"bu","10:39:29",1021200
17200,300,200,"bu","10:39:29",1021100
17200,300,800,"bu","10:39:29",1020900
17200,300,100,"bu","10:39:29",1020100
17200,300,100,"bu","10:39:29",1020000
17200,300,700,"bu","10:39:29",1019900
17200,300,1000,"bu","10:39:29",1019200
17200,300,800,"bu","10:39:29",1018200
17200,300,200,"bu","10:38:59",1017400
17200,300,100,"bu","10:38:59",1017200
17200,300,100,"bu","10:38:59",1017100
17200,300,100,"bu","10:38:52",1017000
17200,300,100,"bu","10:38:36",1016900
17200,300,200,"bu","10:38:25",1016800
17200,300,500,"bu","10:37:34",1016600
17200,300,400,"bu","10:37:24",1016100
17200,300,2100,"bu","10:37:13",1015700
17200,300,200,"bu","10:37:13",1013600
17200,300,100,"bu","10:37:13",1013400
17200,300,300,"bu","10:37:13",1013300
17200,300,100,"bu","10:37:13",1013000
17200,300,2200,"bu","10:37:13",1012900
17200,300,200,"bu","10:37:13",1010700
17200,300,600,"bu","10:37:12",1010500
17200,300,700,"bu","10:37:12",1009900
17200,300,100,"bu","10:37:09",1009200
17200,300,700,"bu","10:37:09",1009100
17200,300,100,"bu","10:37:09",1008400
17200,300,1400,"bu","10:37:09",1008300
17200,300,500,"bu","10:37:09",1006900
17200,300,2000,"bu","10:37:09",1006400
17200,300,100,"bu","10:37:09",1004400
17200,300,2000,"bu","10:37:09",1004300
17200,300,600,"bu","10:37:09",1002300
17200,300,1000,"bu","10:37:09",1001700
17200,300,500,"bu","10:37:09",1000700
17200,300,1000,"bu","10:37:09",1000200
17200,300,200,"bu","10:37:05",999200
17200,300,400,"bu","10:37:00",999000
17200,300,900,"bu","10:36:47",998600
17200,300,2100,"bu","10:36:47",997700
17200,300,400,"bu","10:36:47",995600
17200,300,500,"bu","10:36:47",995200
17200,300,1100,"bu","10:36:47",994700
17200,300,500,"bu","10:36:45",993600
17200,300,3400,"bu","10:36:37",993100
17200,300,800,"bu","10:36:37",989700
17200,300,200,"bu","10:36:33",988900
17200,300,500,"bu","10:36:33",988700
17200,300,200,"bu","10:36:33",988200
17200,300,1000,"bu","10:36:33",988000
17200,300,100,"bu","10:36:33",987000
17200,300,100,"bu","10:36:32",986900
17200,300,100,"bu","10:36:32",986800
17200,300,100,"bu","10:36:32",986700
17200,300,100,"bu","10:36:32",986600
17200,300,100,"bu","10:36:32",986500
17200,300,100,"bu","10:36:32",986400
17200,300,2400,"bu","10:36:32",986300
17200,300,2600,"bu","10:36:30",983900
17200,300,1000,"bu","10:36:26",981300
17200,300,9000,"bu","10:36:26",980300
17200,300,100,"bu","10:36:16",971300
17200,300,900,"bu","10:35:59",971200
17200,300,800,"bu","10:35:44",970300
17200,300,1000,"bu","10:35:43",969500
17200,300,100,"bu","10:35:39",968500
17200,300,900,"bu","10:35:39",968400
17200,300,100,"bu","10:35:28",967500
17200,300,100,"bu","10:35:28",967400
17200,300,2000,"bu","10:35:28",967300
17200,300,100,"bu","10:35:28",965300
17200,300,6400,"bu","10:35:28",965200
17200,300,5000,"bu","10:35:28",958800
17200,300,1200,"bu","10:35:28",953800
17200,300,100,"bu","10:35:28",952600
17150,250,9700,"sd","10:35:07",952500
17150,250,200,"sd","10:35:07",942800
17150,250,200,"sd","10:35:07",942600
17150,250,2000,"sd","10:35:07",942400
17150,250,2000,"sd","10:35:07",940400
17150,250,100,"sd","10:35:07",938400
17150,250,5800,"sd","10:35:07",938300
17150,250,100,"sd","10:34:53",932500
17150,250,900,"sd","10:32:48",932400
17200,300,200,"bu","10:32:34",931500
17200,300,300,"bu","10:32:34",931300
17150,250,1000,"sd","10:32:09",931000
17150,250,400,"sd","10:32:05",930000
17150,250,500,"sd","10:31:48",929600
17150,250,500,"sd","10:31:22",929100
17150,250,10000,"sd","10:30:45",928600
17150,250,800,"sd","10:30:27",918600
17150,250,300,"sd","10:30:27",917800
17150,250,900,"sd","10:30:27",917500
17150,250,100,"sd","10:30:03",916600
17150,250,100,"sd","10:29:36",916500
17150,250,100,"bu","10:29:23",916400
17150,250,1000,"bu","10:29:23",916300
17150,250,200,"bu","10:29:23",915300
17150,250,100,"bu","10:29:23",915100
17150,250,400,"bu","10:29:23",915000
17150,250,100,"bu","10:29:23",914600
17150,250,500,"bu","10:29:15",914500
17150,250,500,"bu","10:29:03",914000
17100,200,100,"sd","10:29:01",913500
17150,250,900,"bu","10:29:01",913400
17150,250,4100,"bu","10:29:01",912500
17150,250,400,"bu","10:29:01",908400
17150,250,200,"bu","10:29:01",908000
17150,250,100,"bu","10:29:01",907800
17150,250,500,"bu","10:29:01",907700
17150,250,100,"bu","10:29:01",907200
17150,250,1000,"bu","10:29:01",907100
17150,250,1500,"bu","10:29:01",906100
17150,250,1000,"bu","10:29:01",904600
17150,250,200,"bu","10:29:01",903600
17150,250,5000,"bu","10:28:08",903400
17150,250,1000,"bu","10:27:49",898400
17100,200,100,"sd","10:27:46",897400
17150,250,300,"bu","10:27:23",897300
17100,200,500,"sd","10:27:18",897000
17150,250,500,"bu","10:27:15",896500
17150,250,200,"bu","10:27:08",896000
17150,250,1000,"bu","10:26:24",895800
17150,250,2500,"bu","10:26:16",894800
17150,250,100,"bu","10:26:15",892300
17150,250,700,"bu","10:25:58",892200
17150,250,600,"bu","10:25:52",891500
17150,250,600,"bu","10:25:24",890900
17150,250,1300,"bu","10:25:04",890300
17150,250,300,"bu","10:25:04",889000
17150,250,100,"bu","10:25:04",888700
17150,250,900,"bu","10:25:04",888600
17150,250,2000,"bu","10:25:04",887700
17150,250,400,"bu","10:25:04",885700
17100,200,600,"sd","10:23:21",885300
17100,200,200,"sd","10:23:21",884700
17100,200,400,"sd","10:23:21",884500
17100,200,100,"sd","10:23:21",884100
17100,200,700,"sd","10:23:21",884000
17100,200,600,"sd","10:21:53",883300
17100,200,1700,"sd","10:21:21",882700
17100,200,300,"sd","10:21:21",881000
17100,200,200,"sd","10:21:06",880700
17100,200,300,"sd","10:21:06",880500
17100,200,100,"sd","10:21:06",880200
17100,200,400,"sd","10:21:06",880100
17100,200,200,"sd","10:19:36",879700
17100,200,200,"sd","10:19:25",879500
17150,250,900,"bu","10:19:20",879300
17150,250,700,"bu","10:19:10",878400
17150,250,1000,"bu","10:19:10",877700
17150,250,1000,"bu","10:18:11",876700
17150,250,900,"bu","10:18:11",875700
17100,200,300,"sd","10:17:38",874800
17100,200,200,"sd","10:17:38",874500
17100,200,100,"sd","10:17:35",874300
17100,200,700,"sd","10:17:34",874200
17100,200,200,"sd","10:17:34",873500
17100,200,100,"sd","10:17:34",873300
17100,200,1000,"sd","10:17:09",873200
17100,200,700,"sd","10:16:25",872200
17100,200,3000,"sd","10:16:25",871500
17100,200,1000,"sd","10:16:25",868500
17100,200,500,"sd","10:16:25",867500
17100,200,500,"sd","10:16:19",867000
17100,200,1000,"sd","10:16:19",866500
17100,200,1000,"sd","10:16:19",865500
17100,200,500,"sd","10:16:19",864500
17100,200,1000,"sd","10:16:19",864000
17100,200,1000,"sd","10:16:19",863000
17150,250,100,"bu","10:16:15",862000
17150,250,400,"bu","10:16:15",861900
17150,250,100,"bu","10:15:17",861500
17150,250,10000,"bu","10:15:17",861400
17150,250,100,"bu","10:15:17",851400
17150,250,100,"bu","10:15:17",851300
17150,250,100,"bu","10:14:25",851200
17150,250,800,"bu","10:14:11",851100
17150,250,6000,"bu","10:14:11",850300
17150,250,500,"bu","10:14:11",844300
17150,250,700,"bu","10:14:11",843800
17150,250,500,"sd","10:13:48",843100
17150,250,1000,"sd","10:13:48",842600
17150,250,100,"sd","10:13:48",841600
17150,250,10000,"sd","10:13:48",841500
17150,250,9500,"sd","10:13:48",831500
17150,250,100,"sd","10:13:48",822000
17150,250,800,"sd","10:13:48",821900
17150,250,1000,"sd","10:13:48",821100
17150,250,1000,"sd","10:13:48",820100
17150,250,2400,"sd","10:13:48",819100
17150,250,1300,"sd","10:13:48",816700
17150,250,200,"sd","10:13:48",815400
17150,250,3000,"sd","10:13:48",815200
17150,250,100,"sd","10:13:48",812200
17150,250,5000,"sd","10:13:48",812100
17150,250,1000,"sd","10:13:48",807100
17150,250,1000,"sd","10:13:48",806100
17150,250,1500,"sd","10:13:48",805100
17150,250,2000,"sd","10:13:48",803600
17150,250,100,"sd","10:13:48",801600
17150,250,2000,"sd","10:13:48",801500
17150,250,100,"sd","10:13:48",799500
17150,250,1000,"sd","10:13:48",799400
17150,250,4600,"sd","10:13:48",798400
17150,250,700,"sd","10:13:46",793800
17150,250,1000,"sd","10:13:46",793100
17150,250,1300,"sd","10:13:46",792100
17200,300,100,"bu","10:13:27",790800
17200,300,200,"bu","10:12:45",790700
17200,300,500,"bu","10:12:25",790500
17200,300,100,"bu","10:11:51",790000
17200,300,800,"bu","10:09:31",789900
17200,300,200,"bu","10:09:31",789100
17200,300,1800,"sd","10:08:50",788900
17200,300,100,"bu","10:08:39",787100
17200,300,100,"bu","10:08:39",787000
17200,300,4000,"bu","10:08:37",786900
17200,300,900,"sd","10:08:25",782900
17200,300,100,"sd","10:08:14",782000
17200,300,1900,"sd","10:08:09",781900
17200,300,500,"sd","10:07:55",780000
17200,300,200,"sd","10:07:51",779500
17200,300,1000,"bu","10:07:36",779300
17200,300,100,"bu","10:07:36",778300
17200,300,2300,"bu","10:07:36",778200
17200,300,2700,"bu","10:07:29",775900
17200,300,100,"bu","10:07:29",773200
17200,300,5000,"bu","10:07:29",773100
17200,300,100,"bu","10:07:29",768100
17200,300,100,"bu","10:07:29",768000
17200,300,1000,"bu","10:07:29",767900
17200,300,300,"bu","10:07:29",766900
17200,300,5000,"bu","10:07:29",766600
17200,300,100,"bu","10:07:29",761600
17200,300,500,"bu","10:07:29",761500
17200,300,1500,"bu","10:07:29",761000
17200,300,3000,"bu","10:07:29",759500
17200,300,5000,"bu","10:07:29",756500
17200,300,300,"bu","10:07:29",751500
17200,300,100,"bu","10:07:29",751200
17200,300,200,"bu","10:07:29",751100
17200,300,3700,"bu","10:07:29",750900
17200,300,1300,"bu","10:07:29",747200
17150,250,100,"sd","10:06:54",745900
17150,250,600,"sd","10:06:49",745800
17150,250,100,"sd","10:06:49",745200
17150,250,100,"sd","10:06:49",745100
17150,250,200,"sd","10:06:49",745000
17150,250,1300,"sd","10:06:19",744800
17150,250,200,"sd","10:05:43",743500
17150,250,300,"sd","10:05:30",743300
17150,250,900,"sd","10:05:30",743000
17200,300,600,"bu","10:04:59",742100
17200,300,500,"bu","10:04:24",741500
17200,300,200,"bu","10:04:23",741000
17200,300,800,"bu","10:04:18",740800
17200,300,1600,"bu","10:04:01",740000
17200,300,400,"bu","10:04:01",738400
17200,300,1100,"bu","10:03:41",738000
17200,300,900,"bu","10:03:41",736900
17200,300,400,"sd","10:03:33",736000
17200,300,1000,"sd","10:03:33",735600
17200,300,100,"sd","10:03:33",734600
17200,300,200,"sd","10:03:33",734500
17200,300,3600,"sd","10:03:33",734300
17200,300,500,"sd","10:03:33",730700
17200,300,100,"sd","10:03:33",730200
17200,300,300,"sd","10:03:33",730100
17200,300,13400,"sd","10:03:33",729800
17200,300,1200,"sd","10:03:33",716400
17200,300,200,"sd","10:03:32",715200
17200,300,700,"sd","10:03:18",715000
17200,300,300,"sd","10:03:18",714300
17200,300,200,"sd","10:03:15",714000
17200,300,1200,"sd","10:03:06",713800
17200,300,1800,"sd","10:03:06",712600
17200,300,100,"sd","10:03:03",710800
17200,300,100,"sd","10:02:31",710700
17200,300,1000,"sd","10:01:34",710600
17200,300,1000,"sd","10:01:13",709600
17200,300,2000,"sd","10:00:54",708600
17200,300,500,"sd","10:00:29",706600
17200,300,100,"sd","10:00:06",706100
17200,300,100,"sd","09:59:46",706000
17200,300,300,"sd","09:59:36",705900
17200,300,100,"bu","09:59:28",705600
17200,300,1000,"bu","09:59:28",705500
17200,300,1000,"bu","09:59:28",704500
17200,300,900,"bu","09:59:28",703500
17200,300,100,"bu","09:58:55",702600
17200,300,500,"bu","09:58:55",702500
17200,300,1000,"bu","09:58:55",702000
17200,300,100,"bu","09:58:52",701000
17200,300,100,"bu","09:58:50",700900
17200,300,100,"bu","09:58:50",700800
17200,300,600,"bu","09:58:48",700700
17200,300,100,"sd","09:58:24",700100
17200,300,500,"sd","09:58:23",700000
17250,350,800,"bu","09:58:20",699500
17200,300,200,"sd","09:58:17",698700
17200,300,4000,"sd","09:58:15",698500
17200,300,5100,"sd","09:58:14",694500
17200,300,500,"sd","09:58:14",689400
17200,300,3000,"sd","09:58:14",688900
17200,300,100,"sd","09:58:14",685900
17200,300,300,"sd","09:58:14",685800
17200,300,1000,"sd","09:58:14",685500
17200,300,1900,"sd","09:58:14",684500
17200,300,200,"sd","09:58:14",682600
17200,300,1000,"sd","09:58:14",682400
17200,300,1000,"sd","09:58:14",681400
17200,300,900,"sd","09:58:14",680400
17200,300,100,"sd","09:58:12",679500
17200,300,100,"sd","09:58:09",679400
17200,300,100,"sd","09:58:07",679300
17200,300,1000,"sd","09:58:03",679200
17200,300,7800,"sd","09:58:01",678200
17200,300,1500,"sd","09:58:01",670400
17200,300,1000,"sd","09:57:53",668900
17200,300,4500,"sd","09:57:53",667900
17200,300,1400,"sd","09:57:53",663400
17200,300,300,"sd","09:57:53",662000
17200,300,1000,"sd","09:57:53",661700
17200,300,100,"sd","09:57:53",660700
17200,300,1000,"sd","09:57:53",660600
17200,300,500,"sd","09:57:53",659600
17200,300,400,"sd","09:57:53",659100
17200,300,5000,"sd","09:57:53",658700
17200,300,100,"sd","09:57:53",653700
17200,300,2000,"sd","09:57:53",653600
17200,300,500,"sd","09:57:53",651600
17200,300,300,"sd","09:57:53",651100
17200,300,200,"sd","09:57:53",650800
17200,300,1700,"sd","09:57:53",650600
17200,300,300,"sd","09:57:12",648900
17200,300,700,"sd","09:57:12",648600
17250,350,2000,"bu","09:56:50",647900
17250,350,100,"bu","09:56:31",645900
17250,350,200,"bu","09:56:31",645800
17250,350,200,"unknown","09:56:09",645600
17250,350,500,"sd","09:55:47",645400
17250,350,700,"sd","09:55:43",644900
17250,350,100,"sd","09:55:43",644200
17250,350,200,"sd","09:55:43",644100
17250,350,100,"sd","09:55:27",643900
17250,350,1000,"bu","09:55:18",643800
17250,350,1000,"bu","09:55:18",642800
17250,350,1900,"bu","09:55:18",641800
17250,350,100,"bu","09:54:54",639900
17250,350,100,"bu","09:54:54",639800
17250,350,800,"bu","09:54:41",639700
17250,350,100,"bu","09:54:41",638900
17250,350,100,"bu","09:54:32",638800
17250,350,100,"bu","09:54:32",638700
17250,350,100,"bu","09:54:32",638600
17250,350,100,"bu","09:54:32",638500
17250,350,100,"bu","09:54:21",638400
17250,350,900,"bu","09:54:18",638300
17250,350,100,"bu","09:54:18",637400
17250,350,400,"bu","09:54:12",637300
17250,350,100,"bu","09:54:12",636900
17250,350,1000,"bu","09:54:12",636800
17250,350,1000,"bu","09:54:07",635800
17250,350,300,"bu","09:53:44",634800
17250,350,4700,"sd","09:53:15",634500
17250,350,300,"sd","09:53:15",629800
17250,350,100,"sd","09:53:15",629500
17250,350,500,"sd","09:53:15",629400
17250,350,2100,"sd","09:53:15",628900
17300,400,1900,"bu","09:53:09",626800
17300,400,200,"bu","09:53:09",624900
17300,400,100,"bu","09:53:09",624700
17300,400,2000,"bu","09:53:09",624600
17300,400,200,"bu","09:53:09",622600
17300,400,600,"bu","09:53:09",622400
17300,400,300,"bu","09:53:03",621800
17300,400,300,"bu","09:52:54",621500
17250,350,400,"sd","09:52:52",621200
17250,350,200,"sd","09:52:46",620800
17250,350,100,"sd","09:52:31",620600
17250,350,200,"sd","09:52:29",620500
17250,350,100,"sd","09:52:25",620300
17250,350,600,"sd","09:52:22",620200
17250,350,500,"sd","09:52:21",619600
17250,350,500,"sd","09:52:21",619100
17250,350,100,"sd","09:52:10",618600
17250,350,200,"sd","09:51:46",618500
17300,400,100,"bu","09:51:43",618300
17300,400,200,"bu","09:51:43",618200
17300,400,400,"bu","09:51:43",618000
17300,400,100,"bu","09:51:43",617600
17300,400,200,"bu","09:51:43",617500
17300,400,1000,"bu","09:51:43",617300
17250,350,200,"bu","09:51:28",616300
17250,350,400,"bu","09:51:23",616100
17250,350,600,"bu","09:51:21",615700
17250,350,400,"bu","09:51:21",615100
17250,350,4600,"bu","09:51:14",614700
17250,350,400,"bu","09:51:14",610100
17250,350,300,"bu","09:51:02",609700
17250,350,300,"bu","09:50:58",609400
17250,350,300,"bu","09:50:58",609100
17250,350,1000,"bu","09:50:46",608800
17250,350,1000,"bu","09:50:46",607800
17250,350,100,"bu","09:50:46",606800
17250,350,900,"bu","09:50:46",606700
17250,350,1100,"bu","09:50:40",605800
17250,350,400,"bu","09:50:40",604700
17250,350,500,"bu","09:50:37",604300
17250,350,100,"bu","09:50:37",603800
17250,350,200,"bu","09:50:37",603700
17250,350,500,"bu","09:50:37",603500
17250,350,100,"bu","09:50:25",603000
17250,350,300,"bu","09:50:24",602900
17250,350,100,"bu","09:50:14",602600
17250,350,500,"bu","09:50:14",602500
17250,350,1000,"bu","09:50:14",602000
17250,350,200,"bu","09:50:14",601000
17250,350,200,"bu","09:50:14",600800
17250,350,100,"bu","09:50:14",600600
17250,350,100,"bu","09:50:14",600500
17250,350,200,"bu","09:50:14",600400
17250,350,300,"bu","09:50:14",600200
17250,350,300,"bu","09:50:14",599900
17250,350,2500,"bu","09:50:07",599600
17250,350,2200,"bu","09:49:38",597100
17250,350,200,"bu","09:49:38",594900
17250,350,100,"bu","09:49:38",594700
17250,350,2000,"bu","09:49:38",594600
17250,350,2000,"bu","09:49:38",592600
17250,350,400,"bu","09:49:38",590600
17250,350,3100,"bu","09:49:38",590200
17200,300,500,"sd","09:49:36",587100
17200,300,100,"sd","09:49:25",586600
17200,300,200,"sd","09:49:23",586500
17250,350,100,"bu","09:49:20",586300
17250,350,600,"bu","09:49:02",586200
17200,300,100,"unknown","09:49:02",585600
17250,350,12400,"bu","09:48:59",585500
17200,300,2100,"bu","09:48:59",573100
17200,300,1000,"bu","09:48:57",571000
17200,300,600,"bu","09:48:56",570000
17200,300,1300,"sd","09:48:55",569400
17250,350,2000,"bu","09:48:53",568100
17200,300,8700,"sd","09:48:52",566100
17200,300,100,"sd","09:48:52",557400
17200,300,1000,"sd","09:48:52",557300
17200,300,1000,"sd","09:48:52",556300
17200,300,3000,"sd","09:48:52",555300
17200,300,100,"sd","09:48:52",552300
17200,300,400,"sd","09:48:52",552200
17200,300,300,"sd","09:48:52",551800
17200,300,200,"sd","09:48:52",551500
17200,300,1500,"sd","09:48:52",551300
17200,300,200,"sd","09:48:52",549800
17200,300,1000,"sd","09:48:52",549600
17200,300,700,"sd","09:48:52",548600
17200,300,1800,"sd","09:48:52",547900
17250,350,4500,"bu","09:48:34",546100
17200,300,100,"sd","09:47:55",541600
17200,300,100,"sd","09:47:53",541500
17200,300,1000,"sd","09:47:48",541400
17200,300,1000,"sd","09:47:48",540400
17200,300,100,"sd","09:47:47",539400
17200,300,100,"sd","09:47:42",539300
17250,350,500,"bu","09:47:38",539200
17200,300,3800,"bu","09:47:29",538700
17200,300,400,"bu","09:47:28",534900
17200,300,300,"sd","09:47:27",534500
17200,300,1500,"sd","09:47:27",534200
17200,300,900,"sd","09:47:27",532700
17200,300,100,"sd","09:47:27",531800
17200,300,300,"sd","09:47:27",531700
17200,300,600,"sd","09:47:27",531400
17200,300,200,"sd","09:47:27",530800
17200,300,1000,"sd","09:47:27",530600
17200,300,600,"sd","09:47:27",529600
17200,300,200,"sd","09:47:27",529000
17200,300,100,"sd","09:47:27",528800
17200,300,400,"sd","09:47:17",528700
17200,300,100,"sd","09:47:17",528300
17200,300,9500,"sd","09:47:17",528200
17200,300,500,"sd","09:47:08",518700
17200,300,1000,"sd","09:47:08",518200
17200,300,500,"sd","09:47:08",517200
17200,300,600,"sd","09:47:08",516700
17200,300,2000,"sd","09:47:08",516100
17200,300,600,"sd","09:47:08",514100
17200,300,1500,"sd","09:46:57",513500
17200,300,1000,"sd","09:46:45",512000
17200,300,300,"sd","09:46:40",511000
17200,300,200,"sd","09:46:34",510700
17250,350,6800,"bu","09:46:34",510500
17250,350,200,"bu","09:46:34",503700
17200,300,100,"sd","09:46:32",503500
17200,300,100,"sd","09:46:26",503400
17200,300,800,"sd","09:46:21",503300
17200,300,500,"sd","09:46:21",502500
17200,300,200,"sd","09:46:21",502000
17200,300,600,"sd","09:46:21",501800
17200,300,900,"sd","09:46:21",501200
17200,300,100,"sd","09:45:59",500300
17200,300,100,"sd","09:45:54",500200
17200,300,2900,"sd","09:45:46",500100
17200,300,300,"sd","09:45:46",497200
17200,300,300,"sd","09:45:44",496900
17200,300,500,"sd","09:45:44",496600
17200,300,100,"sd","09:45:12",496100
17200,300,100,"sd","09:45:06",496000
17200,300,300,"sd","09:45:05",495900
17200,300,500,"sd","09:45:05",495600
17200,300,200,"sd","09:45:05",495100
17200,300,500,"sd","09:44:56",494900
17200,300,100,"bu","09:44:40",494400
17200,300,500,"bu","09:44:40",494300
17200,300,200,"bu","09:44:40",493800
17200,300,200,"bu","09:44:40",493600
17200,300,1300,"bu","09:44:40",493400
17200,300,700,"bu","09:44:34",492100
17200,300,300,"bu","09:44:34",491400
17200,300,700,"bu","09:44:25",491100
17200,300,2000,"bu","09:44:25",490400
17200,300,500,"bu","09:44:25",488400
17200,300,1000,"bu","09:44:25",487900
17200,300,100,"bu","09:44:25",486900
17200,300,100,"bu","09:44:25",486800
17200,300,100,"bu","09:44:25",486700
17200,300,5000,"bu","09:44:25",486600
17200,300,400,"bu","09:44:25",481600
17200,300,1000,"bu","09:44:25",481200
17200,300,1000,"bu","09:44:25",480200
17200,300,500,"bu","09:44:25",479200
17200,300,200,"bu","09:44:25",478700
17200,300,300,"bu","09:44:25",478500
17200,300,1000,"bu","09:44:25",478200
17200,300,18900,"bu","09:44:25",477200
17200,300,300,"bu","09:44:25",458300
17200,300,2000,"bu","09:44:25",458000
17200,300,300,"bu","09:44:25",456000
17200,300,100,"bu","09:44:25",455700
17200,300,500,"bu","09:44:25",455600
17200,300,100,"bu","09:44:25",455100
17200,300,1000,"bu","09:44:25",455000
17200,300,200,"bu","09:44:25",454000
17200,300,2000,"bu","09:44:25",453800
17200,300,100,"bu","09:44:25",451800
17200,300,1500,"bu","09:44:25",451700
17200,300,200,"bu","09:44:25",450200
17200,300,3000,"bu","09:44:25",450000
17200,300,200,"bu","09:44:25",447000
17200,300,500,"bu","09:44:25",446800
17200,300,200,"bu","09:44:25",446300
17200,300,100,"bu","09:44:25",446100
17200,300,1000,"bu","09:44:25",446000
17200,300,200,"bu","09:44:25",445000
17200,300,100,"bu","09:44:25",444800
17200,300,500,"bu","09:44:25",444700
17200,300,10000,"bu","09:44:25",444200
17200,300,100,"bu","09:44:25",434200
17200,300,1900,"bu","09:44:25",434100
17200,300,1000,"bu","09:44:25",432200
17200,300,100,"bu","09:44:25",431200
17150,250,100,"sd","09:44:20",431100
17150,250,300,"sd","09:43:59",431000
17150,250,700,"sd","09:43:54",430700
17150,250,300,"sd","09:43:54",430000
17150,250,500,"bu","09:43:43",429700
17150,250,3300,"bu","09:43:43",429200
17150,250,200,"bu","09:43:43",425900
17150,250,300,"bu","09:43:43",425700
17150,250,200,"bu","09:43:43",425400
17150,250,500,"bu","09:43:43",425200
17150,250,200,"bu","09:43:39",424700
17150,250,100,"bu","09:43:33",424500
17150,250,2200,"bu","09:43:23",424400
17150,250,300,"bu","09:43:23",422200
17150,250,500,"bu","09:43:18",421900
17150,250,2000,"bu","09:43:16",421400
17150,250,2000,"bu","09:43:10",419400
17150,250,1000,"bu","09:42:58",417400
17150,250,5200,"bu","09:42:53",416400
17150,250,100,"bu","09:42:53",411200
17150,250,1500,"bu","09:42:53",411100
17150,250,1000,"bu","09:42:53",409600
17150,250,300,"bu","09:42:53",408600
17150,250,1900,"bu","09:42:53",408300
17150,250,2900,"bu","09:42:48",406400
17150,250,100,"bu","09:42:48",403500
17150,250,500,"bu","09:42:48",403400
17150,250,100,"bu","09:42:48",402900
17150,250,5100,"bu","09:42:48",402800
17150,250,2000,"bu","09:42:46",397700
17150,250,900,"bu","09:42:40",395700
17150,250,100,"bu","09:42:40",394800
17150,250,900,"bu","09:42:36",394700
17150,250,2000,"bu","09:42:36",393800
17150,250,200,"bu","09:42:36",391800
17150,250,1000,"bu","09:42:36",391600
17150,250,200,"bu","09:42:36",390600
17150,250,1000,"bu","09:42:36",390400
17150,250,200,"bu","09:42:36",389400
17150,250,600,"bu","09:42:36",389200
17150,250,1400,"bu","09:41:58",388600
17150,250,1000,"bu","09:41:58",387200
17150,250,100,"bu","09:41:58",386200
17150,250,100,"bu","09:41:58",386100
17150,250,400,"bu","09:41:58",386000
17100,200,200,"sd","09:41:50",385600
17100,200,100,"sd","09:41:50",385400
17100,200,100,"sd","09:41:50",385300
17100,200,2600,"sd","09:41:50",385200
17100,200,200,"sd","09:41:49",382600
17100,200,500,"sd","09:41:49",382400
17100,200,200,"sd","09:41:49",381900
17100,200,100,"sd","09:41:49",381700
17100,200,100,"sd","09:41:33",381600
17100,200,700,"sd","09:41:11",381500
17100,200,1100,"sd","09:41:11",380800
17100,200,300,"sd","09:41:09",379700
17100,200,100,"sd","09:40:30",379400
17100,200,500,"sd","09:40:26",379300
17100,200,200,"sd","09:40:21",378800
17100,200,100,"sd","09:40:10",378600
17100,200,100,"sd","09:40:10",378500
17100,200,1000,"sd","09:40:10",378400
17100,200,2000,"sd","09:40:10",377400
17100,200,1000,"sd","09:40:10",375400
17100,200,100,"sd","09:40:10",374400
17100,200,2000,"sd","09:40:10",374300
17100,200,3800,"sd","09:40:10",372300
17100,200,500,"sd","09:40:10",368500
17100,200,1000,"sd","09:40:10",368000
17100,200,5000,"sd","09:40:10",367000
17100,200,3100,"sd","09:40:10",362000
17100,200,300,"sd","09:40:10",358900
17100,200,3000,"sd","09:40:10",358600
17100,200,3000,"sd","09:40:10",355600
17100,200,200,"sd","09:40:03",352600
17100,200,100,"sd","09:39:41",352400
17100,200,100,"sd","09:39:12",352300
17100,200,1600,"sd","09:38:16",352200
17100,200,1300,"sd","09:38:16",350600
17100,200,3000,"sd","09:38:16",349300
17100,200,1400,"sd","09:37:52",346300
17100,200,600,"sd","09:37:52",344900
17150,250,100,"bu","09:37:13",344300
17150,250,500,"bu","09:37:07",344200
17150,250,100,"bu","09:37:07",343700
17150,250,200,"bu","09:37:07",343600
17150,250,5000,"bu","09:36:51",343400
17150,250,4800,"bu","09:36:50",338400
17150,250,500,"bu","09:36:50",333600
17150,250,200,"bu","09:36:50",333100
17150,250,1000,"bu","09:36:50",332900
17150,250,100,"bu","09:36:50",331900
17150,250,400,"bu","09:36:41",331800
17150,250,100,"bu","09:36:41",331400
17150,250,200,"bu","09:36:41",331300
17150,250,200,"bu","09:36:41",331100
17150,250,100,"bu","09:36:34",330900
17150,250,1000,"bu","09:36:32",330800
17150,250,100,"bu","09:36:23",329800
17150,250,400,"bu","09:36:21",329700
17150,250,1100,"bu","09:35:44",329300
17150,250,800,"bu","09:35:39",328200
17100,200,200,"sd","09:35:39",327400
17150,250,2000,"bu","09:35:13",327200
17150,250,100,"bu","09:35:12",325200
17150,250,200,"bu","09:35:00",325100
17100,200,200,"sd","09:34:57",324900
17150,250,1600,"bu","09:34:46",324700
17150,250,100,"bu","09:34:17",323100
17150,250,2300,"bu","09:34:16",323000
17150,250,1000,"bu","09:34:16",320700
17150,250,100,"bu","09:34:16",319700
17150,250,100,"bu","09:34:16",319600
17150,250,100,"bu","09:34:16",319500
17150,250,100,"bu","09:34:16",319400
17150,250,100,"bu","09:34:16",319300
17150,250,100,"bu","09:34:16",319200
17150,250,100,"bu","09:34:16",319100
17150,250,100,"bu","09:34:16",319000
17150,250,100,"bu","09:34:16",318900
17150,250,100,"bu","09:34:16",318800
17150,250,100,"bu","09:34:16",318700
17150,250,500,"bu","09:34:16",318600
17150,250,100,"bu","09:34:16",318100
17150,250,900,"bu","09:34:07",318000
17150,250,100,"bu","09:34:07",317100
17150,250,1200,"bu","09:34:07",317000
17150,250,9000,"bu","09:34:01",315800
17150,250,1100,"bu","09:34:01",306800
17150,250,100,"bu","09:33:46",305700
17150,250,1000,"bu","09:33:45",305600
17150,250,500,"bu","09:33:41",304600
17150,250,5000,"bu","09:33:32",304100
17150,250,100,"bu","09:33:20",299100
17100,200,200,"sd","09:33:15",299000
17100,200,1000,"sd","09:32:55",298800
17100,200,200,"bu","09:32:45",297800
17100,200,5000,"bu","09:32:45",297600
17100,200,1400,"bu","09:32:45",292600
17100,200,3600,"bu","09:32:43",291200
17100,200,100,"bu","09:32:43",287600
17100,200,500,"bu","09:32:43",287500
17100,200,500,"bu","09:32:43",287000
17100,200,300,"bu","09:32:43",286500
17100,200,4700,"bu","09:32:35",286200
17100,200,1000,"bu","09:32:35",281500
17100,200,1000,"bu","09:32:35",280500
17100,200,100,"bu","09:32:35",279500
17100,200,400,"bu","09:32:35",279400
17100,200,300,"bu","09:32:35",279000
17100,200,100,"bu","09:32:35",278700
17100,200,200,"bu","09:32:35",278600
17100,200,2000,"bu","09:32:35",278400
17100,200,2000,"bu","09:32:35",276400
17100,200,1000,"bu","09:32:35",274400
17100,200,3800,"bu","09:32:35",273400
17100,200,600,"bu","09:32:22",269600
17100,200,100,"bu","09:32:22",269000
17100,200,100,"bu","09:32:22",268900
17100,200,100,"bu","09:32:22",268800
17100,200,300,"bu","09:32:16",268700
17100,200,1700,"bu","09:32:16",268400
17050,150,100,"bu","09:31:34",266700
17050,150,100,"sd","09:31:32",266600
17050,150,100,"bu","09:31:22",266500
17050,150,300,"bu","09:31:22",266400
17050,150,1700,"bu","09:31:16",266100
17050,150,2600,"bu","09:31:16",264400
17050,150,300,"bu","09:31:16",261800
17050,150,400,"bu","09:31:16",261500
17050,150,200,"bu","09:31:16",261100
17050,150,800,"bu","09:31:16",260900
17050,150,1000,"bu","09:31:03",260100
17050,150,6800,"bu","09:31:01",259100
17050,150,5000,"bu","09:31:01",252300
17050,150,300,"bu","09:30:49",247300
17050,150,2000,"bu","09:30:43",247000
17000,100,200,"sd","09:30:42",245000
17050,150,19000,"bu","09:30:33",244800
17050,150,1000,"bu","09:30:23",225800
17000,100,500,"sd","09:30:23",224800
17000,100,1300,"sd","09:30:14",224300
17000,100,1000,"sd","09:30:14",223000
17000,100,700,"sd","09:30:14",222000
17000,100,100,"sd","09:29:58",221300
17050,150,400,"bu","09:29:58",221200
17000,100,100,"sd","09:29:51",220800
17050,150,100,"bu","09:29:41",220700
17050,150,1000,"bu","09:29:38",220600
17050,150,2000,"bu","09:29:30",219600
17050,150,700,"sd","09:29:27",217600
17050,150,900,"sd","09:29:27",216900
17050,150,1000,"sd","09:29:27",216000
17050,150,200,"sd","09:29:27",215000
17050,150,100,"sd","09:29:27",214800
17050,150,1000,"sd","09:29:27",214700
17050,150,100,"sd","09:29:27",213700
17050,150,500,"sd","09:29:27",213600
17050,150,100,"sd","09:29:27",213100
17050,150,1000,"sd","09:29:27",213000
17050,150,1000,"sd","09:29:27",212000
17050,150,5000,"sd","09:29:27",211000
17050,150,500,"sd","09:29:23",206000
17050,150,100,"sd","09:29:22",205500
17050,150,1200,"sd","09:29:17",205400
17050,150,300,"sd","09:29:17",204200
17050,150,100,"sd","09:29:05",203900
17050,150,200,"sd","09:28:46",203800
17050,150,2600,"sd","09:28:43",203600
17050,150,2000,"sd","09:28:43",201000
17050,150,400,"sd","09:28:43",199000
17050,150,100,"sd","09:28:27",198600
17050,150,4900,"sd","09:28:16",198500
17050,150,100,"sd","09:27:54",193600
17100,200,300,"bu","09:27:38",193500
17100,200,2200,"bu","09:27:38",193200
17100,200,100,"bu","09:27:26",191000
17100,200,200,"bu","09:27:14",190900
17100,200,300,"bu","09:27:14",190700
17100,200,300,"bu","09:27:12",190400
17100,200,100,"bu","09:27:10",190100
17100,200,600,"bu","09:27:04",190000
17100,200,2000,"bu","09:27:01",189400
17100,200,800,"bu","09:26:41",187400
17100,200,100,"bu","09:26:41",186600
17100,200,400,"bu","09:26:41",186500
17100,200,300,"bu","09:26:36",186100
17100,200,4300,"bu","09:26:10",185800
17100,200,700,"bu","09:26:10",181500
17100,200,100,"bu","09:25:56",180800
17100,200,2900,"bu","09:25:56",180700
17100,200,3000,"sd","09:25:55",177800
17100,200,500,"sd","09:25:55",174800
17100,200,200,"sd","09:25:55",174300
17100,200,1000,"sd","09:25:55",174100
17100,200,1600,"sd","09:25:55",173100
17100,200,1000,"sd","09:25:19",171500
17100,200,200,"sd","09:25:17",170500
17100,200,100,"bu","09:25:17",170300
17100,200,100,"bu","09:25:17",170200
17100,200,1000,"bu","09:25:17",170100
17100,200,100,"bu","09:25:17",169100
17100,200,100,"bu","09:25:17",169000
17100,200,100,"bu","09:25:17",168900
17100,200,700,"bu","09:25:17",168800
17100,200,100,"bu","09:24:59",168100
17100,200,1300,"bu","09:24:56",168000
17100,200,100,"bu","09:24:55",166700
17100,200,300,"bu","09:24:55",166600
17100,200,2000,"bu","09:24:49",166300
17100,200,2000,"bu","09:24:47",164300
17100,200,500,"bu","09:24:46",162300
17100,200,2000,"bu","09:24:40",161800
17100,200,100,"bu","09:24:37",159800
17100,200,900,"bu","09:24:36",159700
17100,200,500,"bu","09:24:23",158800
17100,200,500,"bu","09:24:23",158300
17100,200,200,"bu","09:24:23",157800
17100,200,100,"bu","09:24:23",157600
17100,200,100,"bu","09:24:23",157500
17100,200,600,"bu","09:24:23",157400
17100,200,800,"bu","09:24:16",156800
17100,200,500,"bu","09:24:16",156000
17100,200,400,"bu","09:24:12",155500
17100,200,1500,"bu","09:24:02",155100
17100,200,1000,"sd","09:23:56",153600
17100,200,500,"sd","09:23:56",152600
17100,200,700,"sd","09:23:56",152100
17100,200,200,"bu","09:23:48",151400
17100,200,100,"bu","09:23:48",151200
17100,200,100,"bu","09:23:44",151100
17100,200,200,"bu","09:23:37",151000
17100,200,200,"bu","09:23:37",150800
17100,200,1000,"bu","09:23:37",150600
17100,200,600,"bu","09:23:37",149600
17100,200,300,"bu","09:23:30",149000
17100,200,400,"bu","09:23:28",148700
17100,200,100,"bu","09:23:25",148300
17100,200,300,"bu","09:23:20",148200
17100,200,100,"sd","09:23:19",147900
17100,200,200,"sd","09:23:19",147800
17100,200,800,"sd","09:23:17",147600
17100,200,200,"sd","09:23:17",146800
17100,200,1000,"sd","09:23:05",146600
17100,200,300,"sd","09:23:04",145600
17100,200,1000,"sd","09:23:02",145300
17100,200,200,"sd","09:22:52",144300
17100,200,300,"sd","09:22:45",144100
17100,200,100,"sd","09:22:40",143800
17100,200,500,"sd","09:22:30",143700
17100,200,600,"sd","09:22:30",143200
17100,200,400,"sd","09:22:28",142600
17100,200,200,"sd","09:22:22",142200
17100,200,1000,"sd","09:22:19",142000
17100,200,1500,"sd","09:22:08",141000
17100,200,100,"sd","09:22:06",139500
17100,200,2900,"sd","09:22:03",139400
17100,200,500,"sd","09:22:03",136500
17100,200,200,"sd","09:22:02",136000
17100,200,300,"sd","09:22:00",135800
17100,200,800,"sd","09:22:00",135500
17100,200,500,"sd","09:22:00",134700
17100,200,400,"sd","09:22:00",134200
17100,200,200,"sd","09:22:00",133800
17100,200,200,"sd","09:21:57",133600
17100,200,200,"sd","09:21:50",133400
17100,200,500,"sd","09:21:50",133200
17100,200,300,"sd","09:21:50",132700
17100,200,100,"sd","09:21:48",132400
17100,200,2000,"sd","09:21:43",132300
17100,200,2600,"sd","09:21:43",130300
17100,200,400,"sd","09:21:43",127700
17100,200,2000,"sd","09:21:43",127300
17100,200,100,"sd","09:21:34",125300
17100,200,100,"sd","09:21:34",125200
17100,200,300,"sd","09:21:32",125100
17100,200,500,"sd","09:21:31",124800
17100,200,100,"sd","09:21:31",124300
17100,200,400,"sd","09:21:31",124200
17100,200,100,"sd","09:21:29",123800
17100,200,400,"sd","09:21:29",123700
17150,250,2000,"bu","09:21:29",123300
17100,200,100,"sd","09:21:24",121300
17100,200,500,"sd","09:21:19",121200
17100,200,2000,"sd","09:21:04",120700
17100,200,100,"sd","09:21:01",118700
17100,200,500,"sd","09:21:00",118600
17100,200,800,"sd","09:20:56",118100
17100,200,100,"sd","09:20:48",117300
17100,200,1500,"sd","09:20:35",117200
17100,200,300,"sd","09:20:35",115700
17100,200,100,"sd","09:20:35",115400
17100,200,3100,"sd","09:20:35",115300
17100,200,100,"sd","09:20:25",112200
17100,200,2000,"sd","09:20:11",112100
17100,200,800,"sd","09:19:59",110100
17100,200,200,"sd","09:19:59",109300
17100,200,200,"bu","09:19:49",109100
17100,200,100,"bu","09:19:49",108900
17100,200,100,"sd","09:19:43",108800
17100,200,600,"unknown","09:19:31",108700
17100,200,100,"unknown","09:19:31",108100
17100,200,500,"unknown","09:19:31",108000
17100,200,4500,"unknown","09:19:31",107500
17100,200,500,"bu","09:19:25",103000
17100,200,100,"bu","09:19:25",102500
17100,200,100,"bu","09:19:25",102400
17100,200,200,"bu","09:19:25",102300
17100,200,100,"bu","09:19:25",102100
17100,200,100,"bu","09:19:23",102000
17100,200,8000,"bu","09:19:21",101900
17100,200,2000,"bu","09:19:12",93900
17050,150,2000,"bu","09:18:56",91900
17050,150,8000,"bu","09:18:56",89900
17050,150,2000,"bu","09:18:53",81900
17000,100,200,"sd","09:18:37",79900
17000,100,3900,"sd","09:18:34",79700
17000,100,3100,"sd","09:18:34",75800
17000,100,100,"sd","09:18:25",72700
17000,100,100,"bu","09:18:13",72600
17000,100,100,"bu","09:18:13",72500
17000,100,100,"bu","09:18:13",72400
17000,100,200,"bu","09:18:13",72300
17000,100,100,"bu","09:18:13",72100
17000,100,400,"bu","09:18:13",72000
17000,100,800,"bu","09:18:13",71600
17000,100,2000,"bu","09:18:13",70800
17000,100,2000,"bu","09:18:04",68800
17000,100,200,"bu","09:17:58",66800
17000,100,600,"bu","09:17:58",66600
17000,100,200,"bu","09:17:58",66000
17000,100,800,"bu","09:17:50",65800
17000,100,200,"bu","09:17:50",65000
17000,100,1000,"bu","09:17:41",64800
17000,100,800,"bu","09:17:31",63800
17000,100,100,"bu","09:17:31",63000
17000,100,100,"bu","09:17:31",62900
17000,100,2000,"bu","09:17:16",62800
17000,100,5000,"bu","09:17:12",60800
17000,100,1000,"bu","09:17:11",55800
17000,100,500,"bu","09:17:11",54800
17000,100,2200,"sd","09:17:08",54300
17000,100,1000,"bu","09:17:01",52100
17000,100,4700,"bu","09:17:01",51100
17000,100,200,"bu","09:17:00",46400
17000,100,100,"bu","09:16:55",46200
17000,100,1000,"bu","09:16:49",46100
17000,100,1000,"bu","09:16:49",45100
17000,100,200,"bu","09:16:49",44100
17000,100,1000,"bu","09:16:49",43900
17000,100,300,"bu","09:16:49",42900
17000,100,400,"bu","09:16:49",42600
17000,100,300,"bu","09:16:49",42200
17000,100,300,"bu","09:16:49",41900
17000,100,1000,"bu","09:16:49",41600
17000,100,1200,"bu","09:16:49",40600
17000,100,2000,"bu","09:16:43",39400
16950,50,400,"sd","09:15:33",37400
16950,50,100,"sd","09:15:33",37000
16950,50,2000,"bu","09:15:25",36900
16950,50,2000,"bu","09:15:22",34900
16950,50,200,"bu","09:15:21",32900
16950,50,300,"bu","09:15:21",32700
16950,50,2600,"bu","09:15:15",32400
16950,50,100,"sd","09:15:01",29800
17000,100,29700,"bu","09:15:01",29700
