"price","change","match_qtty","side","time","total_vol"
21700,-250,376100,"unknown","14:44:59",6424400
21700,-250,500,"sd","14:29:58",6048300
21700,-250,500,"sd","14:29:54",6047800
21700,-250,500,"sd","14:29:48",6047300
21700,-250,1000,"sd","14:29:45",6046800
21700,-250,500,"sd","14:29:40",6045800
21750,-200,100,"bu","14:29:38",6045300
21700,-250,500,"sd","14:29:33",6045200
21700,-250,500,"sd","14:29:21",6044700
21700,-250,300,"sd","14:29:20",6044200
21700,-250,2000,"sd","14:29:18",6043900
21700,-250,1400,"sd","14:29:15",6041900
21750,-200,3800,"bu","14:28:58",6040500
21700,-250,500,"sd","14:28:58",6036700
21750,-200,100,"bu","14:28:56",6036200
21700,-250,800,"sd","14:28:53",6036100
21700,-250,100,"sd","14:28:53",6035300
21700,-250,100,"sd","14:28:53",6035200
21700,-250,100,"sd","14:28:37",6035100
21700,-250,100,"sd","14:28:37",6035000
21700,-250,100,"sd","14:28:26",6034900
21700,-250,9600,"sd","14:28:26",6034800
21700,-250,300,"bu","14:28:09",6025200
21700,-250,100,"bu","14:28:09",6024900
21700,-250,200,"bu","14:28:09",6024800
21700,-250,100,"bu","14:28:07",6024600
21700,-250,100,"sd","14:28:04",6024500
21700,-250,200,"sd","14:28:04",6024400
21700,-250,200,"sd","14:28:03",6024200
21700,-250,300,"sd","14:28:03",6024000
21700,-250,500,"sd","14:28:01",6023700
21700,-250,500,"sd","14:27:58",6023200
21700,-250,500,"sd","14:27:55",6022700
21700,-250,500,"sd","14:27:54",6022200
21700,-250,500,"sd","14:27:52",6021700
21700,-250,200,"bu","14:27:51",6021200
21700,-250,200,"bu","14:27:50",6021000
21700,-250,100,"sd","14:27:47",6020800
21650,-300,800,"sd","14:27:42",6020700
21700,-250,2000,"sd","14:27:42",6019900
21700,-250,100,"sd","14:27:42",6017900
21700,-250,100,"sd","14:27:42",6017800
21700,-250,500,"sd","14:27:39",6017700
21700,-250,500,"sd","14:27:33",6017200
21700,-250,700,"sd","14:27:32",6016700
21700,-250,500,"sd","14:27:23",6016000
21700,-250,2700,"bu","14:27:22",6015500
21700,-250,3000,"bu","14:27:19",6012800
21700,-250,2000,"bu","14:27:17",6009800
21700,-250,300,"bu","14:27:17",6007800
21700,-250,10000,"bu","14:27:14",6007500
21700,-250,7000,"bu","14:27:14",5997500
21700,-250,5000,"bu","14:27:04",5990500
21700,-250,1000,"sd","14:27:03",5985500
21700,-250,100,"sd","14:27:03",5984500
21700,-250,500,"sd","14:27:03",5984400
21700,-250,1000,"sd","14:27:03",5983900
21700,-250,1000,"sd","14:27:03",5982900
21700,-250,1000,"sd","14:27:03",5981900
21700,-250,100,"sd","14:27:03",5980900
21700,-250,300,"sd","14:27:03",5980800
21700,-250,200,"sd","14:27:01",5980500
21700,-250,800,"sd","14:27:01",5980300
21750,-200,300,"bu","14:27:00",5979500
21700,-250,1000,"sd","14:26:57",5979200
21700,-250,2500,"sd","14:26:57",5978200
21700,-250,1200,"sd","14:26:57",5975700
21700,-250,400,"sd","14:26:57",5974500
21700,-250,500,"sd","14:26:57",5974100
21700,-250,100,"sd","14:26:57",5973600
21700,-250,200,"sd","14:26:57",5973500
21700,-250,100,"sd","14:26:57",5973300
21700,-250,2000,"sd","14:26:57",5973200
21700,-250,500,"sd","14:26:57",5971200
21750,-200,100,"bu","14:26:38",5970700
21700,-250,1000,"sd","14:26:28",5970600
21700,-250,500,"sd","14:26:18",5969600
21700,-250,1000,"sd","14:26:18",5969100
21700,-250,3000,"sd","14:26:18",5968100
21700,-250,7800,"sd","14:26:18",5965100
21700,-250,4000,"sd","14:26:18",5957300
21700,-250,3700,"sd","14:26:18",5953300
21700,-250,1300,"sd","14:26:03",5949600
21700,-250,100,"sd","14:26:03",5948300
21700,-250,100,"sd","14:26:03",5948200
21700,-250,7000,"sd","14:26:00",5948100
21700,-250,1000,"sd","14:25:40",5941100
21700,-250,11900,"bu","14:25:21",5940100
21700,-250,20000,"bu","14:25:18",5928200
21700,-250,300,"bu","14:25:17",5908200
21700,-250,1000,"bu","14:25:17",5907900
21700,-250,2000,"bu","14:25:14",5906900
21700,-250,14800,"sd","14:25:14",5904900
21700,-250,1000,"bu","14:25:13",5890100
21700,-250,200,"bu","14:25:13",5889100
21700,-250,5000,"bu","14:25:13",5888900
21700,-250,200,"bu","14:25:13",5883900
21700,-250,6000,"bu","14:25:13",5883700
21700,-250,1000,"bu","14:25:13",5877700
21700,-250,800,"bu","14:25:13",5876700
21700,-250,1000,"bu","14:25:13",5875900
21700,-250,5000,"bu","14:25:09",5874900
21700,-250,100,"bu","14:25:08",5869900
21700,-250,2000,"bu","14:25:04",5869800
21700,-250,1000,"bu","14:24:57",5867800
21700,-250,600,"bu","14:24:56",5866800
21700,-250,4000,"bu","14:24:54",5866200
21650,-300,500,"sd","14:24:54",5862200
21700,-250,100,"bu","14:24:48",5861700
21700,-250,500,"bu","14:24:46",5861600
21700,-250,5000,"bu","14:24:42",5861100
21700,-250,1000,"bu","14:24:41",5856100
21700,-250,3000,"bu","14:24:39",5855100
21700,-250,100,"bu","14:24:33",5852100
21700,-250,8900,"bu","14:24:33",5852000
21700,-250,500,"bu","14:24:32",5843100
21650,-300,6100,"sd","14:24:29",5842600
21700,-250,500,"bu","14:24:27",5836500
21700,-250,1900,"bu","14:24:27",5836000
21700,-250,1000,"bu","14:24:24",5834100
21700,-250,400,"bu","14:24:22",5833100
21700,-250,2000,"bu","14:24:19",5832700
21700,-250,1000,"bu","14:24:18",5830700
21700,-250,1000,"bu","14:24:11",5829700
21700,-250,3000,"bu","14:24:10",5828700
21700,-250,5900,"sd","14:24:08",5825700
21700,-250,1000,"sd","14:24:08",5819800
21700,-250,100,"sd","14:24:08",5818800
21700,-250,200,"sd","14:24:08",5818700
21700,-250,1000,"sd","14:24:02",5818500
21700,-250,1000,"bu","14:23:55",5817500
21700,-250,5000,"bu","14:23:55",5816500
21700,-250,2000,"bu","14:23:53",5811500
21700,-250,100,"bu","14:23:52",5809500
21700,-250,100,"bu","14:23:52",5809400
21700,-250,100,"bu","14:23:41",5809300
21700,-250,200,"bu","14:23:40",5809200
21700,-250,100,"bu","14:23:39",5809000
21700,-250,100,"sd","14:23:38",5808900
21700,-250,200,"sd","14:23:38",5808800
21700,-250,100,"sd","14:23:38",5808600
21700,-250,100,"sd","14:23:38",5808500
21700,-250,200,"sd","14:23:38",5808400
21700,-250,500,"sd","14:23:38",5808200
21700,-250,300,"sd","14:23:38",5807700
21700,-250,500,"sd","14:23:38",5807400
21700,-250,1000,"sd","14:23:38",5806900
21700,-250,1000,"sd","14:23:38",5805900
21700,-250,200,"sd","14:23:38",5804900
21700,-250,1000,"sd","14:23:38",5804700
21700,-250,100,"sd","14:23:38",5803700
21700,-250,1000,"sd","14:23:38",5803600
21700,-250,800,"sd","14:23:38",5802600
21700,-250,100,"sd","14:23:38",5801800
21700,-250,500,"sd","14:23:38",5801700
21700,-250,400,"sd","14:23:38",5801200
21700,-250,1000,"sd","14:23:38",5800800
21700,-250,2000,"sd","14:23:38",5799800
21700,-250,100,"sd","14:23:38",5797800
21700,-250,100,"sd","14:23:38",5797700
21700,-250,200,"sd","14:23:38",5797600
21700,-250,200,"sd","14:23:38",5797400
21700,-250,1000,"sd","14:23:38",5797200
21700,-250,400,"sd","14:23:38",5796200
21700,-250,400,"sd","14:23:38",5795800
21700,-250,4000,"sd","14:23:38",5795400
21700,-250,20000,"sd","14:23:38",5791400
21700,-250,400,"sd","14:23:38",5771400
21700,-250,100,"sd","14:23:38",5771000
21700,-250,100,"sd","14:23:38",5770900
21700,-250,300,"sd","14:23:38",5770800
21700,-250,2700,"sd","14:23:38",5770500
21700,-250,200,"sd","14:23:38",5767800
21700,-250,5100,"sd","14:23:38",5767600
21750,-200,500,"bu","14:23:31",5762500
21750,-200,500,"bu","14:23:31",5762000
21700,-250,1000,"sd","14:23:10",5761500
21700,-250,500,"sd","14:23:09",5760500
21700,-250,500,"sd","14:22:21",5760000
21700,-250,300,"sd","14:22:19",5759500
21700,-250,500,"sd","14:22:18",5759200
21700,-250,500,"sd","14:22:16",5758700
21700,-250,500,"sd","14:22:14",5758200
21700,-250,500,"sd","14:22:12",5757700
21700,-250,500,"sd","14:22:09",5757200
21700,-250,500,"sd","14:22:02",5756700
21700,-250,9600,"sd","14:21:58",5756200
21700,-250,400,"sd","14:21:58",5746600
21700,-250,500,"sd","14:21:57",5746200
21700,-250,400,"sd","14:21:55",5745700
21750,-200,6500,"bu","14:21:50",5745300
21750,-200,1000,"bu","14:21:50",5738800
21750,-200,2500,"bu","14:21:50",5737800
21700,-250,500,"sd","14:21:50",5735300
21700,-250,8200,"sd","14:21:44",5734800
21700,-250,100,"sd","14:21:44",5726600
21700,-250,400,"sd","14:21:41",5726500
21700,-250,100,"sd","14:21:41",5726100
21750,-200,200,"bu","14:21:40",5726000
21750,-200,1000,"bu","14:21:38",5725800
21700,-250,500,"sd","14:21:34",5724800
21700,-250,300,"sd","14:21:32",5724300
21750,-200,3500,"bu","14:21:14",5724000
21700,-250,500,"sd","14:21:07",5720500
21700,-250,800,"bu","14:20:57",5720000
21700,-250,1500,"bu","14:20:57",5719200
21700,-250,10000,"bu","14:20:57",5717700
21700,-250,3000,"bu","14:20:57",5707700
21700,-250,4000,"bu","14:20:57",5704700
21700,-250,12300,"bu","14:20:57",5700700
21700,-250,10000,"bu","14:20:53",5688400
21700,-250,100,"bu","14:20:45",5678400
21700,-250,200,"bu","14:20:41",5678300
21700,-250,1000,"bu","14:20:29",5678100
21650,-300,100,"sd","14:20:28",5677100
21700,-250,100,"bu","14:20:25",5677000
21700,-250,500,"bu","14:20:18",5676900
21700,-250,100,"bu","14:20:13",5676400
21650,-300,2400,"sd","14:20:12",5676300
21650,-300,100,"sd","14:20:12",5673900
21650,-300,100,"sd","14:20:12",5673800
21650,-300,500,"sd","14:20:12",5673700
21650,-300,200,"sd","14:20:12",5673200
21650,-300,100,"sd","14:20:12",5673000
21650,-300,5000,"sd","14:20:12",5672900
21650,-300,100,"sd","14:20:12",5667900
21650,-300,200,"sd","14:20:12",5667800
21650,-300,300,"sd","14:20:12",5667600
21650,-300,500,"sd","14:20:12",5667300
21650,-300,500,"sd","14:20:12",5666800
21700,-250,2000,"bu","14:20:05",5666300
21700,-250,300,"bu","14:19:58",5664300
21700,-250,200,"bu","14:19:54",5664000
21700,-250,100,"bu","14:19:42",5663800
21700,-250,200,"bu","14:19:37",5663700
21700,-250,300,"bu","14:19:37",5663500
21700,-250,700,"bu","14:19:36",5663200
21700,-250,100,"bu","14:19:36",5662500
21700,-250,500,"bu","14:19:36",5662400
21700,-250,200,"bu","14:19:36",5661900
21700,-250,200,"bu","14:19:36",5661700
21700,-250,100,"bu","14:19:28",5661500
21700,-250,200,"bu","14:19:25",5661400
21700,-250,300,"bu","14:19:25",5661200
21700,-250,200,"bu","14:19:25",5660900
21700,-250,300,"bu","14:19:23",5660700
21700,-250,1000,"bu","14:19:23",5660400
21700,-250,100,"bu","14:19:21",5659400
21700,-250,1000,"bu","14:19:09",5659300
21700,-250,200,"bu","14:19:08",5658300
21650,-300,500,"sd","14:19:06",5658100
21700,-250,400,"bu","14:18:48",5657600
21700,-250,2000,"bu","14:18:48",5657200
21700,-250,100,"bu","14:18:40",5655200
21700,-250,100,"sd","14:18:39",5655100
21700,-250,100,"sd","14:18:39",5655000
21700,-250,5000,"sd","14:18:39",5654900
21700,-250,4000,"sd","14:18:35",5649900
21700,-250,1000,"sd","14:18:34",5645900
21750,-200,5400,"bu","14:18:19",5644900
21700,-250,1000,"bu","14:18:19",5639500
21700,-250,1000,"bu","14:18:19",5638500
21700,-250,200,"bu","14:18:19",5637500
21700,-250,400,"bu","14:18:19",5637300
21700,-250,9400,"bu","14:18:19",5636900
21700,-250,1000,"bu","14:18:14",5627500
21700,-250,200,"bu","14:18:08",5626500
21700,-250,17400,"bu","14:18:05",5626300
21700,-250,200,"bu","14:17:58",5608900
21700,-250,1000,"bu","14:17:54",5608700
21700,-250,200,"bu","14:17:53",5607700
21700,-250,200,"bu","14:17:52",5607500
21700,-250,400,"bu","14:17:49",5607300
21700,-250,1200,"bu","14:17:49",5606900
21700,-250,600,"bu","14:17:49",5605700
21700,-250,1900,"bu","14:17:49",5605100
21700,-250,500,"bu","14:17:49",5603200
21700,-250,400,"bu","14:17:49",5602700
21700,-250,200,"bu","14:17:49",5602300
21700,-250,100,"bu","14:17:48",5602100
21700,-250,1000,"bu","14:17:46",5602000
21700,-250,3000,"bu","14:17:44",5601000
21700,-250,100,"bu","14:17:40",5598000
21700,-250,1500,"bu","14:17:38",5597900
21700,-250,1000,"bu","14:17:35",5596400
21700,-250,1000,"bu","14:17:33",5595400
21700,-250,100,"bu","14:17:24",5594400
21700,-250,1000,"bu","14:17:21",5594300
21700,-250,600,"bu","14:17:17",5593300
21700,-250,400,"bu","14:17:17",5592700
21650,-300,200,"sd","14:17:13",5592300
21700,-250,600,"bu","14:17:10",5592100
21700,-250,2000,"bu","14:17:10",5591500
21700,-250,2000,"bu","14:17:10",5589500
21700,-250,400,"bu","14:17:10",5587500
21700,-250,100,"bu","14:17:03",5587100
21700,-250,100,"bu","14:16:51",5587000
21700,-250,100,"bu","14:16:41",5586900
21700,-250,500,"bu","14:16:41",5586800
21700,-250,300,"bu","14:16:37",5586300
21700,-250,200,"bu","14:16:37",5586000
21700,-250,800,"bu","14:16:34",5585800
21700,-250,700,"bu","14:16:34",5585000
21700,-250,300,"bu","14:16:32",5584300
21650,-300,300,"sd","14:16:32",5584000
21650,-300,500,"sd","14:16:32",5583700
21650,-300,100,"sd","14:16:32",5583200
21650,-300,500,"sd","14:16:32",5583100
21650,-300,200,"sd","14:16:32",5582600
21650,-300,2400,"sd","14:16:32",5582400
21650,-300,1600,"sd","14:16:31",5580000
21650,-300,200,"sd","14:16:31",5578400
21650,-300,1000,"sd","14:16:31",5578200
21650,-300,500,"sd","14:16:31",5577200
21650,-300,500,"sd","14:16:31",5576700
21650,-300,100,"sd","14:16:31",5576200
21650,-300,100,"sd","14:16:31",5576100
21700,-250,1000,"bu","14:16:26",5576000
21700,-250,200,"bu","14:16:18",5575000
21650,-300,100,"sd","14:16:17",5574800
21700,-250,1000,"sd","14:16:16",5574700
21700,-250,1000,"sd","14:16:16",5573700
21700,-250,100,"sd","14:16:16",5572700
21700,-250,500,"sd","14:16:16",5572600
21700,-250,200,"sd","14:16:16",5572100
21700,-250,300,"sd","14:16:16",5571900
21700,-250,100,"sd","14:16:16",5571600
21700,-250,1000,"sd","14:16:16",5571500
21700,-250,100,"sd","14:16:16",5570500
21700,-250,10000,"sd","14:16:16",5570400
21700,-250,1000,"sd","14:16:16",5560400
21700,-250,100,"sd","14:16:16",5559400
21700,-250,900,"sd","14:16:16",5559300
21700,-250,100,"sd","14:16:16",5558400
21700,-250,200,"sd","14:16:16",5558300
21700,-250,100,"sd","14:16:16",5558100
21700,-250,100,"sd","14:16:16",5558000
21700,-250,1500,"sd","14:16:15",5557900
21700,-250,300,"sd","14:16:13",5556400
21700,-250,100,"sd","14:16:12",5556100
21700,-250,100,"sd","14:16:12",5556000
21700,-250,300,"sd","14:16:12",5555900
21700,-250,200,"sd","14:16:12",5555600
21700,-250,500,"sd","14:16:11",5555400
21700,-250,2300,"sd","14:16:10",5554900
21700,-250,500,"sd","14:16:10",5552600
21700,-250,1600,"sd","14:16:10",5552100
21700,-250,100,"sd","14:16:10",5550500
21700,-250,100,"sd","14:16:10",5550400
21700,-250,100,"sd","14:16:10",5550300
21700,-250,1000,"sd","14:16:10",5550200
21700,-250,100,"sd","14:16:10",5549200
21700,-250,600,"sd","14:16:10",5549100
21700,-250,500,"sd","14:16:10",5548500
21700,-250,60000,"sd","14:16:10",5548000
21700,-250,100,"sd","14:16:10",5488000
21700,-250,100,"sd","14:16:10",5487900
21700,-250,400,"sd","14:16:10",5487800
21700,-250,100,"sd","14:16:10",5487400
21700,-250,32400,"sd","14:16:10",5487300
21700,-250,500,"sd","14:16:09",5454900
21700,-250,4000,"sd","14:16:09",5454400
21700,-250,500,"sd","14:16:06",5450400
21700,-250,500,"sd","14:16:03",5449900
21700,-250,500,"sd","14:15:59",5449400
21700,-250,500,"sd","14:15:54",5448900
21750,-200,700,"bu","14:15:49",5448400
21700,-250,500,"sd","14:15:47",5447700
21700,-250,500,"sd","14:15:43",5447200
21700,-250,100,"sd","14:15:40",5446700
21700,-250,100,"sd","14:15:40",5446600
21700,-250,300,"sd","14:15:40",5446500
21700,-250,3700,"sd","14:15:39",5446200
21700,-250,200,"sd","14:15:39",5442500
21700,-250,500,"sd","14:15:39",5442300
21700,-250,1000,"sd","14:15:39",5441800
21700,-250,100,"sd","14:15:39",5440800
21700,-250,300,"sd","14:15:39",5440700
21700,-250,1000,"sd","14:15:39",5440400
21700,-250,100,"sd","14:15:39",5439400
21700,-250,1000,"sd","14:15:39",5439300
21700,-250,300,"sd","14:15:39",5438300
21700,-250,2400,"sd","14:15:39",5438000
21700,-250,500,"sd","14:15:39",5435600
21700,-250,700,"sd","14:15:39",5435100
21700,-250,100,"sd","14:15:39",5434400
21700,-250,18100,"sd","14:15:39",5434300
21700,-250,500,"sd","14:15:31",5416200
21750,-200,200,"bu","14:15:20",5415700
21700,-250,200,"sd","14:15:03",5415500
21700,-250,500,"sd","14:15:02",5415300
21700,-250,4000,"sd","14:14:59",5414800
21750,-200,1000,"bu","14:14:58",5410800
21700,-250,8400,"sd","14:14:56",5409800
21750,-200,2000,"bu","14:14:47",5401400
21700,-250,1000,"sd","14:14:47",5399400
21700,-250,1000,"sd","14:14:44",5398400
21700,-250,7800,"sd","14:14:44",5397400
21700,-250,100,"sd","14:14:44",5389600
21700,-250,1000,"sd","14:14:44",5389500
21700,-250,100,"sd","14:14:44",5388500
21700,-250,200,"sd","14:14:44",5388400
21700,-250,500,"sd","14:14:44",5388200
21700,-250,300,"sd","14:14:44",5387700
21750,-200,300,"bu","14:14:30",5387400
21700,-250,2700,"sd","14:14:28",5387100
21700,-250,1000,"sd","14:14:28",5384400
21700,-250,1000,"sd","14:14:28",5383400
21700,-250,200,"sd","14:14:28",5382400
21700,-250,500,"sd","14:14:28",5382200
21700,-250,100,"sd","14:14:28",5381700
21700,-250,200,"sd","14:14:28",5381600
21700,-250,400,"sd","14:14:28",5381400
21700,-250,7000,"sd","14:14:28",5381000
21700,-250,100,"sd","14:14:28",5374000
21700,-250,300,"sd","14:14:28",5373900
21700,-250,5000,"sd","14:14:28",5373600
21700,-250,100,"sd","14:14:28",5368600
21700,-250,100,"sd","14:14:28",5368500
21700,-250,600,"sd","14:14:28",5368400
21700,-250,500,"sd","14:14:28",5367800
21700,-250,100,"sd","14:14:28",5367300
21700,-250,500,"sd","14:14:28",5367200
21700,-250,100,"sd","14:14:28",5366700
21700,-250,100,"sd","14:14:28",5366600
21700,-250,500,"sd","14:14:28",5366500
21700,-250,6300,"sd","14:14:28",5366000
21700,-250,400,"sd","14:14:28",5359700
21700,-250,1000,"sd","14:14:28",5359300
21700,-250,100,"sd","14:14:28",5358300
21700,-250,1000,"sd","14:14:28",5358200
21700,-250,100,"sd","14:14:28",5357200
21700,-250,100,"sd","14:14:25",5357100
21700,-250,100,"sd","14:14:25",5357000
21700,-250,100,"sd","14:14:25",5356900
21700,-250,500,"sd","14:14:24",5356800
21700,-250,400,"sd","14:14:22",5356300
21700,-250,100,"sd","14:14:22",5355900
21700,-250,500,"sd","14:14:20",5355800
21700,-250,500,"sd","14:14:18",5355300
21750,-200,200,"bu","14:14:16",5354800
21700,-250,100,"sd","14:14:15",5354600
21700,-250,100,"sd","14:14:15",5354500
21700,-250,500,"sd","14:14:15",5354400
21700,-250,100,"sd","14:14:15",5353900
21700,-250,100,"sd","14:14:15",5353800
21700,-250,5000,"sd","14:14:15",5353700
21700,-250,100,"sd","14:14:15",5348700
21700,-250,100,"sd","14:14:15",5348600
21700,-250,500,"sd","14:14:15",5348500
21700,-250,100,"sd","14:14:15",5348000
21700,-250,600,"sd","14:14:15",5347900
21700,-250,500,"sd","14:14:15",5347300
21700,-250,100,"sd","14:14:15",5346800
21700,-250,100,"sd","14:14:15",5346700
21700,-250,500,"sd","14:14:15",5346600
21700,-250,2000,"sd","14:14:15",5346100
21700,-250,100,"sd","14:14:15",5344100
21700,-250,100,"sd","14:14:15",5344000
21700,-250,17000,"sd","14:14:15",5343900
21700,-250,100,"sd","14:14:15",5326900
21700,-250,500,"sd","14:14:15",5326800
21700,-250,100,"sd","14:14:15",5326300
21700,-250,1000,"sd","14:14:15",5326200
21700,-250,100,"sd","14:14:15",5325200
21700,-250,200,"sd","14:14:15",5325100
21700,-250,3000,"sd","14:14:15",5324900
21700,-250,500,"sd","14:14:15",5321900
21700,-250,200,"sd","14:14:15",5321400
21700,-250,200,"sd","14:14:15",5321200
21700,-250,1000,"sd","14:14:15",5321000
21700,-250,100,"sd","14:14:15",5320000
21700,-250,100,"sd","14:14:15",5319900
21700,-250,400,"sd","14:14:15",5319800
21700,-250,1000,"sd","14:14:15",5319400
21700,-250,200,"sd","14:14:15",5318400
21700,-250,100,"sd","14:14:15",5318200
21700,-250,100,"sd","14:14:15",5318100
21700,-250,800,"sd","14:14:15",5318000
21700,-250,500,"sd","14:14:15",5317200
21700,-250,500,"sd","14:14:15",5316700
21700,-250,200,"sd","14:14:15",5316200
21700,-250,2000,"sd","14:14:15",5316000
21700,-250,53000,"sd","14:14:15",5314000
21700,-250,400,"sd","14:14:15",5261000
21700,-250,100,"sd","14:14:15",5260600
21700,-250,100,"sd","14:14:15",5260500
21700,-250,100,"sd","14:14:15",5260400
21700,-250,4000,"sd","14:14:15",5260300
21700,-250,100,"sd","14:14:15",5256300
21700,-250,500,"sd","14:14:15",5256200
21700,-250,1000,"sd","14:14:15",5255700
21700,-250,500,"sd","14:14:15",5254700
21700,-250,100,"sd","14:14:15",5254200
21700,-250,100,"sd","14:14:15",5254100
21700,-250,500,"sd","14:14:15",5254000
21700,-250,1000,"sd","14:14:15",5253500
21700,-250,100,"sd","14:14:15",5252500
21700,-250,1000,"sd","14:14:15",5252400
21700,-250,3000,"sd","14:14:15",5251400
21700,-250,2900,"sd","14:14:15",5248400
21700,-250,500,"sd","14:14:15",5245500
21700,-250,300,"sd","14:14:15",5245000
21700,-250,5000,"sd","14:14:15",5244700
21700,-250,300,"sd","14:14:15",5239700
21700,-250,100,"sd","14:14:15",5239400
21700,-250,1000,"sd","14:14:15",5239300
21700,-250,100,"sd","14:14:15",5238300
21700,-250,400,"sd","14:14:15",5238200
21700,-250,500,"sd","14:14:15",5237800
21700,-250,100,"sd","14:14:15",5237300
21700,-250,200,"sd","14:14:15",5237200
21700,-250,600,"sd","14:14:15",5237000
21700,-250,500,"sd","14:14:15",5236400
21700,-250,400,"sd","14:14:15",5235900
21700,-250,500,"sd","14:14:15",5235500
21700,-250,200,"sd","14:14:15",5235000
21700,-250,1000,"sd","14:14:15",5234800
21700,-250,2400,"sd","14:14:15",5233800
21700,-250,100,"sd","14:14:15",5231400
21700,-250,200,"sd","14:14:15",5231300
21700,-250,100,"sd","14:14:15",5231100
21700,-250,200,"sd","14:14:15",5231000
21700,-250,100,"sd","14:14:15",5230800
21700,-250,5000,"sd","14:14:15",5230700
21700,-250,1000,"sd","14:14:15",5225700
21700,-250,100,"sd","14:14:15",5224700
21700,-250,200,"sd","14:14:14",5224600
21700,-250,300,"sd","14:14:14",5224400
21700,-250,500,"sd","14:14:10",5224100
21700,-250,200,"sd","14:14:05",5223600
21700,-250,100,"sd","14:14:05",5223400
21700,-250,200,"sd","14:14:05",5223300
21700,-250,300,"sd","14:13:56",5223100
21700,-250,200,"sd","14:13:56",5222800
21750,-200,100,"bu","14:13:51",5222600
21700,-250,100,"sd","14:13:51",5222500
21700,-250,400,"sd","14:13:51",5222400
21700,-250,1600,"sd","14:13:49",5222000
21700,-250,500,"sd","14:13:49",5220400
21700,-250,300,"sd","14:13:49",5219900
21700,-250,2600,"sd","14:13:49",5219600
21700,-250,500,"sd","14:13:41",5217000
21750,-200,1500,"bu","14:13:32",5216500
21750,-200,300,"bu","14:13:30",5215000
21750,-200,100,"bu","14:13:17",5214700
21700,-250,500,"sd","14:13:13",5214600
21750,-200,500,"bu","14:13:10",5214100
21750,-200,1500,"bu","14:13:04",5213600
21750,-200,2000,"bu","14:12:57",5212100
21750,-200,300,"bu","14:12:52",5210100
21750,-200,300,"bu","14:12:49",5209800
21750,-200,1000,"bu","14:12:46",5209500
21750,-200,1000,"bu","14:12:37",5208500
21750,-200,500,"bu","14:12:30",5207500
21750,-200,1500,"bu","14:12:27",5207000
21750,-200,300,"bu","14:12:26",5205500
21700,-250,1800,"sd","14:12:25",5205200
21750,-200,1000,"bu","14:12:23",5203400
21700,-250,600,"sd","14:12:20",5202400
21700,-250,1100,"sd","14:12:20",5201800
21700,-250,3000,"sd","14:12:20",5200700
21700,-250,100,"sd","14:12:20",5197700
21700,-250,200,"sd","14:12:20",5197600
21700,-250,300,"sd","14:12:19",5197400
21700,-250,500,"sd","14:12:18",5197100
21700,-250,1600,"sd","14:12:17",5196600
21700,-250,400,"sd","14:12:17",5195000
21700,-250,100,"sd","14:12:16",5194600
21700,-250,100,"sd","14:12:16",5194500
21700,-250,300,"sd","14:12:16",5194400
21700,-250,200,"sd","14:12:14",5194100
21700,-250,100,"sd","14:12:14",5193900
21700,-250,200,"sd","14:12:14",5193800
21700,-250,300,"sd","14:12:12",5193600
21700,-250,200,"sd","14:12:12",5193300
21700,-250,300,"sd","14:12:09",5193100
21700,-250,200,"sd","14:12:09",5192800
21700,-250,1000,"sd","14:12:07",5192600
21700,-250,400,"sd","14:12:07",5191600
21750,-200,300,"bu","14:12:06",5191200
21700,-250,400,"sd","14:12:05",5190900
21700,-250,100,"sd","14:12:05",5190500
21750,-200,100,"sd","14:12:02",5190400
21750,-200,500,"sd","14:12:02",5190300
21750,-200,200,"sd","14:12:02",5189800
21750,-200,100,"sd","14:12:02",5189600
21750,-200,16700,"sd","14:12:02",5189500
21750,-200,1000,"sd","14:12:02",5172800
21750,-200,200,"sd","14:12:02",5171800
21750,-200,500,"sd","14:12:02",5171600
21750,-200,100,"sd","14:12:02",5171100
21750,-200,500,"sd","14:12:02",5171000
21750,-200,900,"sd","14:12:02",5170500
21750,-200,100,"sd","14:12:01",5169600
21750,-200,400,"sd","14:12:01",5169500
21750,-200,100,"sd","14:11:56",5169100
21750,-200,100,"sd","14:11:56",5169000
21750,-200,100,"sd","14:11:56",5168900
21750,-200,200,"sd","14:11:56",5168800
21750,-200,200,"sd","14:11:54",5168600
21750,-200,100,"sd","14:11:54",5168400
21750,-200,200,"sd","14:11:54",5168300
21750,-200,100,"sd","14:11:53",5168100
21750,-200,100,"sd","14:11:53",5168000
21750,-200,1000,"sd","14:11:53",5167900
21750,-200,100,"sd","14:11:53",5166900
21750,-200,500,"sd","14:11:53",5166800
21750,-200,500,"sd","14:11:53",5166300
21750,-200,200,"sd","14:11:53",5165800
21750,-200,200,"sd","14:11:53",5165600
21750,-200,200,"sd","14:11:53",5165400
21750,-200,100,"sd","14:11:53",5165200
21750,-200,1000,"sd","14:11:53",5165100
21750,-200,1000,"sd","14:11:53",5164100
21750,-200,200,"sd","14:11:53",5163100
21750,-200,500,"sd","14:11:53",5162900
21750,-200,100,"sd","14:11:53",5162400
21750,-200,500,"sd","14:11:53",5162300
21750,-200,500,"sd","14:11:53",5161800
21750,-200,500,"sd","14:11:53",5161300
21750,-200,1000,"sd","14:11:53",5160800
21750,-200,5000,"sd","14:11:53",5159800
21750,-200,200,"sd","14:11:53",5154800
21750,-200,10000,"sd","14:11:53",5154600
21750,-200,1000,"sd","14:11:53",5144600
21750,-200,1000,"sd","14:11:53",5143600
21750,-200,400,"sd","14:11:53",5142600
21750,-200,100,"sd","14:11:53",5142200
21750,-200,600,"sd","14:11:53",5142100
21750,-200,48000,"sd","14:11:53",5141500
21750,-200,1700,"sd","14:11:53",5093500
21750,-200,1000,"sd","14:11:53",5091800
21750,-200,600,"sd","14:11:53",5090800
21750,-200,1800,"sd","14:11:53",5090200
21750,-200,200,"sd","14:11:53",5088400
21750,-200,100,"sd","14:11:53",5088200
21750,-200,100,"sd","14:11:53",5088100
21750,-200,20000,"sd","14:11:53",5088000
21750,-200,10000,"sd","14:11:53",5068000
21750,-200,500,"sd","14:11:53",5058000
21750,-200,100,"sd","14:11:53",5057500
21750,-200,100,"sd","14:11:53",5057400
21750,-200,8000,"sd","14:11:53",5057300
21750,-200,100,"sd","14:11:53",5049300
21750,-200,5200,"sd","14:11:53",5049200
21750,-200,600,"sd","14:11:53",5044000
21750,-200,400,"sd","14:11:53",5043400
21750,-200,100,"sd","14:11:53",5043000
21750,-200,100,"sd","14:11:53",5042900
21750,-200,300,"sd","14:11:53",5042800
21750,-200,500,"sd","14:11:53",5042500
21750,-200,100,"sd","14:11:53",5042000
21750,-200,100,"sd","14:11:53",5041900
21750,-200,1000,"sd","14:11:53",5041800
21750,-200,100,"sd","14:11:53",5040800
21750,-200,3000,"sd","14:11:53",5040700
21750,-200,500,"sd","14:11:53",5037700
21750,-200,33800,"sd","14:11:53",5037200
21750,-200,100,"sd","14:11:53",5003400
21750,-200,100,"sd","14:11:53",5003300
21750,-200,100,"sd","14:11:53",5003200
21750,-200,500,"sd","14:11:47",5003100
21750,-200,2000,"sd","14:11:40",5002600
21750,-200,500,"sd","14:11:39",5000600
21800,-150,100,"bu","14:11:24",5000100
21750,-200,500,"sd","14:11:15",5000000
21800,-150,100,"bu","14:10:52",4999500
21750,-200,8700,"sd","14:10:49",4999400
21800,-150,11000,"bu","14:10:46",4990700
21800,-150,1000,"bu","14:10:46",4979700
21800,-150,400,"bu","14:10:46",4978700
21800,-150,2600,"bu","14:10:46",4978300
21750,-200,4000,"sd","14:10:40",4975700
21750,-200,200,"sd","14:10:40",4971700
21750,-200,3800,"sd","14:10:40",4971500
21750,-200,9400,"sd","14:10:40",4967700
21750,-200,1000,"sd","14:10:29",4958300
21800,-150,1000,"bu","14:10:19",4957300
21750,-200,4100,"sd","14:10:19",4956300
21750,-200,200,"sd","14:10:07",4952200
21800,-150,600,"bu","14:10:03",4952000
21800,-150,1400,"bu","14:10:03",4951400
21800,-150,100,"bu","14:09:57",4950000
21800,-150,4300,"bu","14:09:52",4949900
21800,-150,700,"bu","14:09:52",4945600
21800,-150,100,"bu","14:09:44",4944900
21800,-150,100,"bu","14:09:38",4944800
21800,-150,100,"bu","14:09:25",4944700
21800,-150,100,"bu","14:09:19",4944600
21800,-150,3000,"bu","14:09:15",4944500
21800,-150,1000,"bu","14:09:14",4941500
21800,-150,200,"bu","14:09:05",4940500
21800,-150,1000,"bu","14:09:03",4940300
21800,-150,100,"bu","14:09:01",4939300
21800,-150,100,"bu","14:08:56",4939200
21800,-150,1200,"bu","14:08:49",4939100
21800,-150,1000,"bu","14:08:47",4937900
21800,-150,10000,"bu","14:08:40",4936900
21800,-150,400,"bu","14:08:33",4926900
21800,-150,100,"bu","14:08:33",4926500
21800,-150,2000,"bu","14:08:28",4926400
21800,-150,2000,"bu","14:08:25",4924400
21800,-150,1000,"bu","14:08:23",4922400
21800,-150,1000,"bu","14:08:21",4921400
21800,-150,900,"bu","14:08:16",4920400
21800,-150,200,"bu","14:08:13",4919500
21800,-150,1000,"bu","14:08:07",4919300
21800,-150,3800,"bu","14:08:05",4918300
21800,-150,2000,"bu","14:08:02",4914500
21800,-150,300,"bu","14:07:57",4912500
21800,-150,2000,"bu","14:07:55",4912200
21800,-150,1000,"bu","14:07:51",4910200
21800,-150,1000,"bu","14:07:36",4909200
21800,-150,100,"bu","14:07:32",4908200
21800,-150,1000,"bu","14:07:29",4908100
21800,-150,300,"bu","14:07:27",4907100
21800,-150,1000,"bu","14:07:25",4906800
21800,-150,3000,"bu","14:07:22",4905800
21800,-150,100,"bu","14:07:20",4902800
21750,-200,100,"sd","14:07:16",4902700
21800,-150,1300,"bu","14:07:12",4902600
21800,-150,200,"bu","14:07:02",4901300
21800,-150,1000,"bu","14:07:00",4901100
21800,-150,500,"bu","14:06:49",4900100
21800,-150,500,"bu","14:06:44",4899600
21800,-150,200,"bu","14:06:35",4899100
21800,-150,30000,"bu","14:06:30",4898900
21750,-200,100,"sd","14:06:27",4868900
21800,-150,10000,"bu","14:06:21",4868800
21800,-150,10000,"bu","14:06:03",4858800
21800,-150,2000,"bu","14:05:48",4848800
21800,-150,400,"bu","14:05:38",4846800
21750,-200,100,"sd","14:05:32",4846400
21750,-200,1000,"sd","14:05:32",4846300
21750,-200,300,"sd","14:05:32",4845300
21750,-200,600,"sd","14:05:32",4845000
21750,-200,200,"sd","14:05:32",4844400
21750,-200,100,"sd","14:05:32",4844200
21750,-200,700,"sd","14:05:32",4844100
21800,-150,1000,"sd","14:04:58",4843400
21750,-200,9500,"sd","14:04:47",4842400
21800,-150,500,"sd","14:04:47",4832900
21800,-150,100,"sd","14:04:47",4832400
21800,-150,5000,"sd","14:04:47",4832300
21800,-150,500,"sd","14:04:47",4827300
21800,-150,500,"sd","14:04:47",4826800
21800,-150,300,"sd","14:04:47",4826300
21800,-150,2000,"sd","14:04:47",4826000
21800,-150,200,"sd","14:04:47",4824000
21800,-150,10000,"sd","14:04:47",4823800
21800,-150,1000,"sd","14:04:47",4813800
21800,-150,200,"sd","14:04:47",4812800
21800,-150,100,"sd","14:04:47",4812600
21800,-150,300,"sd","14:04:47",4812500
21800,-150,100,"sd","14:04:47",4812200
21800,-150,29700,"sd","14:04:47",4812100
21800,-150,100,"sd","14:03:40",4782400
21800,-150,20000,"sd","14:03:37",4782300
21800,-150,200,"bu","14:03:22",4762300
21800,-150,9800,"sd","14:03:22",4762100
21800,-150,1200,"bu","14:03:20",4752300
21800,-150,100,"bu","14:03:19",4751100
21800,-150,200,"bu","14:03:09",4751000
21800,-150,100,"bu","14:03:09",4750800
21800,-150,400,"bu","14:03:09",4750700
21800,-150,9600,"bu","14:03:06",4750300
21800,-150,800,"bu","14:02:57",4740700
21800,-150,29600,"bu","14:02:49",4739900
21800,-150,800,"bu","14:02:49",4710300
21800,-150,1500,"bu","14:02:49",4709500
21800,-150,400,"bu","14:02:49",4708000
21800,-150,100,"bu","14:02:49",4707600
21800,-150,500,"bu","14:02:49",4707500
21800,-150,300,"bu","14:02:49",4707000
21800,-150,200,"bu","14:02:49",4706700
21800,-150,400,"bu","14:02:49",4706500
21800,-150,10000,"bu","14:02:49",4706100
21800,-150,500,"bu","14:02:49",4696100
21800,-150,5700,"bu","14:02:49",4695600
21750,-200,1300,"sd","14:02:48",4689900
21800,-150,30000,"bu","14:02:42",4688600
21800,-150,200,"bu","14:02:37",4658600
21800,-150,900,"bu","14:02:35",4658400
21800,-150,200,"bu","14:02:35",4657500
21800,-150,9000,"bu","14:02:35",4657300
21800,-150,1000,"bu","14:02:35",4648300
21800,-150,3900,"bu","14:02:35",4647300
21800,-150,100,"bu","14:02:31",4643400
21800,-150,6000,"bu","14:02:28",4643300
21800,-150,800,"bu","14:02:28",4637300
21800,-150,1000,"bu","14:02:28",4636500
21800,-150,1700,"bu","14:02:28",4635500
21800,-150,500,"bu","14:02:28",4633800
21800,-150,100,"bu","14:02:23",4633300
21800,-150,500,"bu","14:02:23",4633200
21800,-150,200,"bu","14:02:22",4632700
21800,-150,2000,"bu","14:02:21",4632500
21800,-150,600,"bu","14:02:20",4630500
21800,-150,16100,"bu","14:02:11",4629900
21800,-150,400,"bu","14:02:11",4613800
21800,-150,400,"bu","14:02:10",4613400
21800,-150,100,"bu","14:02:00",4613000
21800,-150,600,"bu","14:02:00",4612900
21800,-150,100,"bu","14:01:29",4612300
21800,-150,100,"bu","14:01:25",4612200
21750,-200,100,"sd","14:01:25",4612100
21800,-150,2000,"bu","14:00:44",4612000
21800,-150,2000,"bu","14:00:35",4610000
21750,-200,300,"sd","14:00:28",4608000
21750,-200,300,"sd","14:00:28",4607700
21750,-200,300,"sd","14:00:28",4607400
21750,-200,100,"sd","14:00:28",4607100
21750,-200,1000,"sd","14:00:28",4607000
21750,-200,500,"sd","14:00:28",4606000
21800,-150,5000,"bu","14:00:28",4605500
21750,-200,2400,"sd","14:00:28",4600500
21750,-200,100,"sd","14:00:28",4598100
21750,-200,500,"sd","14:00:28",4598000
21750,-200,1500,"sd","14:00:28",4597500
21800,-150,1000,"bu","14:00:11",4596000
21800,-150,100,"bu","13:59:52",4595000
21800,-150,300,"bu","13:59:51",4594900
21800,-150,1800,"bu","13:59:40",4594600
21800,-150,100,"bu","13:59:40",4592800
21800,-150,1000,"bu","13:59:40",4592700
21800,-150,1000,"bu","13:59:40",4591700
21800,-150,2000,"bu","13:59:40",4590700
21800,-150,200,"bu","13:59:40",4588700
21800,-150,2100,"bu","13:59:40",4588500
21800,-150,100,"bu","13:59:40",4586400
21800,-150,1000,"bu","13:59:40",4586300
21800,-150,5000,"bu","13:59:40",4585300
21800,-150,3000,"bu","13:59:40",4580300
21800,-150,2600,"bu","13:59:40",4577300
21800,-150,100,"bu","13:59:40",4574700
21800,-150,400,"bu","13:59:31",4574600
21800,-150,300,"bu","13:59:31",4574200
21800,-150,300,"bu","13:59:31",4573900
21750,-200,4500,"sd","13:59:29",4573600
21750,-200,500,"sd","13:59:29",4569100
21800,-150,3000,"bu","13:59:26",4568600
21800,-150,100,"bu","13:59:05",4565600
21750,-200,200,"sd","13:59:04",4565500
21750,-200,100,"sd","13:59:04",4565300
21750,-200,100,"sd","13:59:04",4565200
21750,-200,200,"sd","13:59:04",4565100
21750,-200,200,"sd","13:59:04",4564900
21750,-200,1200,"sd","13:59:04",4564700
21800,-150,200,"bu","13:59:03",4563500
21800,-150,1400,"bu","13:58:39",4563300
21800,-150,2000,"bu","13:58:39",4561900
21800,-150,300,"bu","13:58:39",4559900
21800,-150,200,"bu","13:58:39",4559600
21800,-150,100,"bu","13:58:39",4559400
21800,-150,1000,"bu","13:58:39",4559300
21800,-150,1000,"bu","13:58:38",4558300
21800,-150,300,"bu","13:58:36",4557300
21800,-150,100,"bu","13:58:35",4557000
21800,-150,100,"bu","13:58:24",4556900
21800,-150,2400,"bu","13:58:23",4556800
21800,-150,200,"bu","13:58:18",4554400
21800,-150,900,"bu","13:58:14",4554200
21800,-150,1300,"bu","13:58:03",4553300
21800,-150,1000,"bu","13:57:52",4552000
21800,-150,1700,"bu","13:57:27",4551000
21800,-150,3000,"bu","13:57:27",4549300
21800,-150,2000,"bu","13:57:27",4546300
21800,-150,400,"bu","13:57:27",4544300
21800,-150,10000,"bu","13:57:27",4543900
21800,-150,300,"bu","13:57:27",4533900
21800,-150,1000,"bu","13:57:22",4533600
21750,-200,1000,"sd","13:57:20",4532600
21750,-200,400,"sd","13:57:11",4531600
21750,-200,1000,"sd","13:56:57",4531200
21750,-200,400,"sd","13:56:55",4530200
21750,-200,900,"sd","13:56:43",4529800
21750,-200,100,"sd","13:56:38",4528900
21750,-200,5000,"sd","13:56:11",4528800
21750,-200,100,"sd","13:56:05",4523800
21750,-200,1900,"sd","13:55:59",4523700
21750,-200,200,"sd","13:55:59",4521800
21750,-200,100,"sd","13:55:50",4521600
21750,-200,500,"sd","13:55:47",4521500
21750,-200,1000,"sd","13:55:21",4521000
21750,-200,100,"sd","13:55:07",4520000
21750,-200,6100,"sd","13:54:59",4519900
21750,-200,1000,"sd","13:54:59",4513800
21800,-150,300,"bu","13:54:54",4512800
21750,-200,200,"sd","13:54:54",4512500
21750,-200,1000,"sd","13:54:51",4512300
21800,-150,100,"bu","13:54:46",4511300
21750,-200,200,"sd","13:54:46",4511200
21750,-200,2000,"sd","13:54:19",4511000
21750,-200,40000,"sd","13:53:54",4509000
21750,-200,5000,"sd","13:53:54",4469000
21750,-200,600,"sd","13:53:50",4464000
21750,-200,300,"sd","13:53:50",4463400
21750,-200,500,"sd","13:53:50",4463100
21750,-200,600,"sd","13:53:50",4462600
21750,-200,500,"sd","13:53:50",4462000
21750,-200,300,"sd","13:53:50",4461500
21750,-200,1000,"sd","13:53:50",4461200
21750,-200,10000,"sd","13:53:50",4460200
21750,-200,2000,"sd","13:53:50",4450200
21750,-200,100,"sd","13:53:50",4448200
21750,-200,8900,"sd","13:53:50",4448100
21750,-200,5000,"sd","13:53:50",4439200
21750,-200,500,"sd","13:53:50",4434200
21750,-200,100,"sd","13:53:50",4433700
21750,-200,100,"sd","13:53:50",4433600
21750,-200,2500,"sd","13:53:50",4433500
21750,-200,2000,"sd","13:53:50",4431000
21750,-200,200,"sd","13:53:50",4429000
21750,-200,100,"sd","13:53:50",4428800
21750,-200,100,"sd","13:53:50",4428700
21750,-200,1000,"sd","13:53:50",4428600
21750,-200,200,"sd","13:53:50",4427600
21750,-200,1000,"sd","13:53:50",4427400
21750,-200,100,"sd","13:53:50",4426400
21750,-200,100,"sd","13:53:50",4426300
21750,-200,500,"sd","13:53:50",4426200
21750,-200,500,"sd","13:53:50",4425700
21750,-200,5000,"sd","13:53:50",4425200
21750,-200,200,"sd","13:53:50",4420200
21750,-200,200,"sd","13:53:50",4420000
21750,-200,1000,"sd","13:53:50",4419800
21750,-200,500,"sd","13:53:50",4418800
21750,-200,200,"sd","13:53:50",4418300
21750,-200,100,"sd","13:53:50",4418100
21750,-200,500,"sd","13:53:50",4418000
21750,-200,1900,"sd","13:53:50",4417500
21750,-200,1600,"sd","13:53:50",4415600
21800,-150,100,"bu","13:53:31",4414000
21800,-150,100,"bu","13:53:16",4413900
21750,-200,400,"sd","13:53:11",4413800
21750,-200,600,"sd","13:53:11",4413400
21800,-150,100,"bu","13:53:10",4412800
21800,-150,200,"bu","13:53:06",4412700
21800,-150,200,"bu","13:53:04",4412500
21800,-150,500,"bu","13:52:56",4412300
21800,-150,1000,"bu","13:52:48",4411800
21800,-150,300,"bu","13:52:32",4410800
21800,-150,1000,"bu","13:52:32",4410500
21800,-150,700,"bu","13:52:32",4409500
21750,-200,400,"sd","13:52:25",4408800
21750,-200,1000,"sd","13:52:22",4408400
21750,-200,100,"sd","13:52:21",4407400
21750,-200,3000,"sd","13:52:21",4407300
21750,-200,100,"sd","13:52:21",4404300
21750,-200,500,"sd","13:52:21",4404200
21750,-200,100,"sd","13:52:21",4403700
21750,-200,200,"sd","13:52:21",4403600
21750,-200,3000,"sd","13:52:13",4403400
21750,-200,2300,"sd","13:52:13",4400400
21750,-200,100,"sd","13:52:13",4398100
21750,-200,500,"sd","13:52:13",4398000
21750,-200,17400,"sd","13:52:13",4397500
21750,-200,1500,"sd","13:52:13",4380100
21750,-200,8000,"sd","13:52:13",4378600
21800,-150,5000,"bu","13:52:04",4370600
21800,-150,100,"bu","13:51:43",4365600
21800,-150,100,"bu","13:51:11",4365500
21800,-150,100,"sd","13:51:05",4365400
21800,-150,21500,"sd","13:51:05",4365300
21800,-150,1000,"sd","13:51:05",4343800
21800,-150,100,"sd","13:51:05",4342800
21800,-150,200,"sd","13:51:05",4342700
21800,-150,100,"sd","13:51:05",4342500
21800,-150,500,"sd","13:51:05",4342400
21800,-150,50000,"sd","13:51:05",4341900
21800,-150,500,"sd","13:51:05",4291900
21800,-150,100,"sd","13:51:05",4291400
21800,-150,100,"sd","13:50:57",4291300
21800,-150,1000,"sd","13:50:57",4291200
21800,-150,900,"sd","13:50:57",4290200
21800,-150,100,"sd","13:50:47",4289300
21800,-150,2200,"sd","13:50:47",4289200
21800,-150,400,"sd","13:50:40",4287000
21800,-150,1000,"sd","13:50:19",4286600
21800,-150,1400,"sd","13:50:15",4285600
21800,-150,200,"sd","13:50:15",4284200
21800,-150,100,"sd","13:50:15",4284000
21800,-150,500,"sd","13:50:15",4283900
21800,-150,100,"sd","13:50:15",4283400
21800,-150,2000,"sd","13:50:15",4283300
21800,-150,100,"sd","13:50:15",4281300
21800,-150,10000,"sd","13:50:15",4281200
21800,-150,200,"sd","13:50:15",4271200
21800,-150,100,"sd","13:50:15",4271000
21800,-150,5000,"sd","13:50:15",4270900
21800,-150,3800,"sd","13:50:15",4265900
21800,-150,100,"sd","13:50:15",4262100
21800,-150,200,"sd","13:50:15",4262000
21800,-150,200,"sd","13:50:15",4261800
21800,-150,6000,"sd","13:50:15",4261600
21850,-100,1600,"bu","13:50:11",4255600
21800,-150,400,"sd","13:50:07",4254000
21800,-150,3600,"sd","13:50:04",4253600
21800,-150,100,"sd","13:50:04",4250000
21800,-150,400,"sd","13:50:04",4249900
21800,-150,1000,"sd","13:50:04",4249500
21800,-150,10000,"sd","13:50:04",4248500
21800,-150,200,"sd","13:50:04",4238500
21800,-150,1000,"sd","13:50:04",4238300
21800,-150,20000,"sd","13:50:04",4237300
21800,-150,1000,"sd","13:50:04",4217300
21800,-150,2700,"sd","13:50:04",4216300
21800,-150,3000,"sd","13:50:04",4213600
21800,-150,500,"sd","13:50:01",4210600
21850,-100,100,"bu","13:49:57",4210100
21800,-150,100,"sd","13:49:57",4210000
21800,-150,2900,"sd","13:49:56",4209900
21850,-100,1200,"bu","13:49:50",4207000
21800,-150,10000,"sd","13:49:34",4205800
21800,-150,800,"sd","13:49:31",4195800
21800,-150,2000,"sd","13:49:22",4195000
21800,-150,100,"sd","13:49:22",4193000
21800,-150,9900,"sd","13:49:22",4192900
21800,-150,100,"sd","13:48:41",4183000
21800,-150,10000,"sd","13:48:39",4182900
21850,-100,5000,"bu","13:48:32",4172900
21850,-100,100,"bu","13:48:05",4167900
21800,-150,1000,"sd","13:48:03",4167800
21850,-100,5000,"bu","13:47:39",4166800
21850,-100,500,"bu","13:47:31",4161800
21850,-100,200,"bu","13:47:27",4161300
21800,-150,100,"sd","13:47:16",4161100
21800,-150,1000,"sd","13:47:15",4161000
21800,-150,4500,"sd","13:46:50",4160000
21800,-150,1000,"sd","13:46:46",4155500
21800,-150,300,"sd","13:46:33",4154500
21800,-150,200,"sd","13:46:33",4154200
21800,-150,500,"sd","13:46:33",4154000
21800,-150,500,"sd","13:46:32",4153500
21800,-150,2000,"sd","13:46:02",4153000
21800,-150,1000,"sd","13:45:39",4151000
21800,-150,400,"sd","13:45:28",4150000
21800,-150,100,"sd","13:45:18",4149600
21800,-150,500,"sd","13:45:12",4149500
21800,-150,1000,"sd","13:45:03",4149000
21800,-150,100,"sd","13:45:03",4148000
21800,-150,3900,"sd","13:45:03",4147900
21800,-150,4200,"sd","13:45:00",4144000
21800,-150,1000,"sd","13:44:46",4139800
21800,-150,900,"sd","13:44:42",4138800
21800,-150,100,"sd","13:44:42",4137900
21800,-150,900,"sd","13:44:01",4137800
21800,-150,100,"sd","13:44:01",4136900
21800,-150,300,"sd","13:43:52",4136800
21800,-150,100,"sd","13:43:52",4136500
21800,-150,200,"sd","13:43:47",4136400
21800,-150,1000,"sd","13:43:47",4136200
21800,-150,2000,"sd","13:43:47",4135200
21800,-150,500,"bu","13:43:37",4133200
21800,-150,500,"bu","13:43:37",4132700
21800,-150,10000,"bu","13:43:32",4132200
21800,-150,100,"bu","13:43:28",4122200
21800,-150,9400,"sd","13:43:24",4122100
21800,-150,500,"bu","13:43:20",4112700
21800,-150,500,"bu","13:43:20",4112200
21800,-150,9600,"bu","13:43:20",4111700
21750,-200,5000,"sd","13:43:18",4102100
21800,-150,500,"bu","13:43:18",4097100
21800,-150,600,"bu","13:43:16",4096600
21800,-150,3300,"bu","13:43:15",4096000
21800,-150,1700,"bu","13:43:15",4092700
21800,-150,300,"bu","13:43:13",4091000
21800,-150,300,"bu","13:43:10",4090700
21800,-150,300,"bu","13:43:09",4090400
21800,-150,3000,"sd","13:42:55",4090100
21800,-150,1000,"sd","13:42:55",4087100
21800,-150,18400,"sd","13:42:55",4086100
21800,-150,2000,"sd","13:42:50",4067700
21800,-150,5000,"sd","13:42:44",4065700
21800,-150,1500,"sd","13:42:42",4060700
21800,-150,3000,"bu","13:42:33",4059200
21800,-150,3000,"bu","13:42:33",4056200
21800,-150,1000,"bu","13:42:33",4053200
21800,-150,9300,"bu","13:42:33",4052200
21800,-150,100,"bu","13:42:33",4042900
21800,-150,2000,"bu","13:42:33",4042800
21800,-150,1000,"bu","13:42:33",4040800
21800,-150,3700,"bu","13:42:33",4039800
21800,-150,1300,"bu","13:42:20",4036100
21800,-150,2600,"bu","13:42:20",4034800
21800,-150,1100,"bu","13:42:20",4032200
21800,-150,300,"bu","13:42:20",4031100
21800,-150,1000,"bu","13:42:20",4030800
21800,-150,600,"bu","13:42:20",4029800
21800,-150,1000,"bu","13:42:20",4029200
21800,-150,3300,"bu","13:42:20",4028200
21800,-150,3000,"bu","13:42:20",4024900
21800,-150,300,"bu","13:42:20",4021900
21800,-150,100,"bu","13:42:20",4021600
21800,-150,900,"bu","13:42:20",4021500
21800,-150,1000,"bu","13:42:20",4020600
21800,-150,2100,"bu","13:42:20",4019600
21800,-150,1400,"bu","13:42:20",4017500
21800,-150,500,"bu","13:42:19",4016100
21800,-150,800,"bu","13:42:14",4015600
21750,-200,4400,"sd","13:42:11",4014800
21750,-200,13800,"sd","13:42:11",4010400
21750,-200,11800,"sd","13:42:11",3996600
21800,-150,2500,"bu","13:42:09",3984800
21800,-150,1000,"bu","13:42:09",3982300
21800,-150,1500,"bu","13:42:09",3981300
21750,-200,1200,"sd","13:42:00",3979800
21750,-200,1000,"sd","13:41:46",3978600
21800,-150,500,"bu","13:41:21",3977600
21800,-150,1000,"bu","13:41:21",3977100
21800,-150,3500,"bu","13:41:21",3976100
21800,-150,10000,"bu","13:41:13",3972600
21800,-150,300,"bu","13:41:05",3962600
21800,-150,100,"bu","13:41:03",3962300
21750,-200,1800,"sd","13:40:56",3962200
21750,-200,1000,"sd","13:40:47",3960400
21750,-200,200,"sd","13:40:40",3959400
21800,-150,200,"bu","13:40:36",3959200
21750,-200,400,"sd","13:40:25",3959000
21750,-200,300,"sd","13:40:25",3958600
21750,-200,200,"sd","13:40:25",3958300
21750,-200,500,"sd","13:40:25",3958100
21750,-200,500,"sd","13:40:25",3957600
21750,-200,800,"sd","13:40:25",3957100
21800,-150,100,"bu","13:40:18",3956300
21750,-200,2500,"sd","13:40:17",3956200
21750,-200,1000,"sd","13:40:17",3953700
21750,-200,100,"sd","13:40:17",3952700
21750,-200,100,"sd","13:40:17",3952600
21750,-200,1000,"sd","13:40:17",3952500
21750,-200,100,"sd","13:40:17",3951500
21750,-200,600,"sd","13:40:17",3951400
21750,-200,100,"sd","13:40:17",3950800
21750,-200,10000,"sd","13:40:17",3950700
21750,-200,100,"sd","13:40:17",3940700
21750,-200,2000,"sd","13:40:17",3940600
21750,-200,400,"sd","13:40:17",3938600
21750,-200,300,"sd","13:40:17",3938200
21750,-200,1700,"sd","13:40:17",3937900
21750,-200,300,"sd","13:40:00",3936200
21750,-200,10000,"sd","13:39:56",3935900
21750,-200,2200,"sd","13:39:35",3925900
21750,-200,500,"sd","13:39:33",3923700
21750,-200,2700,"sd","13:39:31",3923200
21750,-200,1900,"sd","13:39:31",3920500
21750,-200,400,"sd","13:39:31",3918600
21750,-200,500,"sd","13:39:26",3918200
21750,-200,600,"sd","13:39:23",3917700
21750,-200,100,"sd","13:39:23",3917100
21750,-200,100,"sd","13:39:23",3917000
21750,-200,1500,"sd","13:39:23",3916900
21750,-200,500,"sd","13:39:23",3915400
21750,-200,10000,"sd","13:39:23",3914900
21750,-200,13000,"sd","13:39:23",3904900
21750,-200,100,"sd","13:39:14",3891900
21750,-200,4300,"sd","13:39:06",3891800
21750,-200,700,"sd","13:39:06",3887500
21800,-150,100,"bu","13:38:58",3886800
21800,-150,1500,"bu","13:38:55",3886700
21750,-200,10000,"sd","13:38:51",3885200
21750,-200,4100,"sd","13:38:48",3875200
21750,-200,200,"sd","13:38:44",3871100
21800,-150,3200,"bu","13:38:43",3870900
21800,-150,14200,"bu","13:38:43",3867700
21800,-150,1500,"bu","13:38:39",3853500
21750,-200,3500,"sd","13:38:30",3852000
21800,-150,100,"bu","13:38:28",3848500
21750,-200,1500,"sd","13:38:24",3848400
21800,-150,1500,"bu","13:38:23",3846900
21750,-200,500,"sd","13:38:21",3845400
21750,-200,100,"sd","13:38:21",3844900
21750,-200,1400,"sd","13:38:21",3844800
21750,-200,200,"sd","13:38:16",3843400
21750,-200,400,"sd","13:38:13",3843200
21750,-200,1000,"sd","13:38:13",3842800
21750,-200,500,"sd","13:38:13",3841800
21750,-200,100,"sd","13:38:13",3841300
21750,-200,2300,"sd","13:38:13",3841200
21750,-200,3400,"sd","13:38:13",3838900
21750,-200,1000,"sd","13:38:13",3835500
21750,-200,100,"sd","13:38:13",3834500
21750,-200,100,"sd","13:38:13",3834400
21750,-200,100,"sd","13:38:13",3834300
21750,-200,100,"sd","13:38:13",3834200
21750,-200,100,"sd","13:38:13",3834100
21750,-200,100,"sd","13:38:13",3834000
21750,-200,100,"sd","13:38:13",3833900
21750,-200,100,"sd","13:38:13",3833800
21750,-200,100,"sd","13:38:13",3833700
21750,-200,200,"sd","13:38:13",3833600
21750,-200,200,"sd","13:38:13",3833400
21750,-200,1000,"sd","13:37:46",3833200
21750,-200,300,"sd","13:37:46",3832200
21750,-200,500,"sd","13:37:42",3831900
21750,-200,900,"sd","13:37:40",3831400
21750,-200,100,"sd","13:37:40",3830500
21750,-200,1000,"sd","13:37:40",3830400
21750,-200,5000,"sd","13:37:40",3829400
21750,-200,2000,"sd","13:37:40",3824400
21750,-200,100,"sd","13:37:40",3822400
21750,-200,300,"sd","13:37:40",3822300
21750,-200,100,"sd","13:37:40",3822000
21750,-200,300,"sd","13:37:40",3821900
21750,-200,300,"sd","13:37:40",3821600
21750,-200,200,"sd","13:37:40",3821300
21750,-200,2000,"sd","13:37:40",3821100
21750,-200,2700,"sd","13:37:40",3819100
21750,-200,1500,"sd","13:37:39",3816400
21800,-150,100,"bu","13:37:32",3814900
21750,-200,200,"sd","13:37:29",3814800
21750,-200,1000,"sd","13:37:29",3814600
21750,-200,300,"sd","13:37:29",3813600
21750,-200,200,"sd","13:37:29",3813300
21750,-200,2300,"sd","13:37:29",3813100
21750,-200,700,"sd","13:37:25",3810800
21750,-200,200,"sd","13:37:25",3810100
21800,-150,1500,"bu","13:37:20",3809900
21800,-150,1000,"bu","13:37:17",3808400
21750,-200,500,"sd","13:37:15",3807400
21750,-200,700,"sd","13:37:15",3806900
21750,-200,8600,"sd","13:37:00",3806200
21750,-200,200,"sd","13:37:00",3797600
21750,-200,100,"sd","13:37:00",3797400
21750,-200,200,"sd","13:37:00",3797300
21750,-200,500,"sd","13:37:00",3797100
21750,-200,400,"sd","13:37:00",3796600
21800,-150,5000,"bu","13:36:35",3796200
21800,-150,2500,"bu","13:36:33",3791200
21800,-150,3000,"bu","13:36:31",3788700
21800,-150,100,"sd","13:36:29",3785700
21800,-150,500,"sd","13:36:29",3785600
21800,-150,300,"sd","13:36:29",3785100
21800,-150,200,"sd","13:36:29",3784800
21800,-150,100,"sd","13:36:29",3784600
21800,-150,100,"sd","13:36:29",3784500
21800,-150,100,"sd","13:36:29",3784400
21800,-150,100,"sd","13:36:29",3784300
21800,-150,2000,"sd","13:36:29",3784200
21800,-150,100,"sd","13:36:29",3782200
21800,-150,2000,"sd","13:36:29",3782100
21800,-150,1200,"sd","13:36:29",3780100
21800,-150,500,"sd","13:36:29",3778900
21800,-150,100,"sd","13:36:29",3778400
21800,-150,200,"sd","13:36:29",3778300
21800,-150,1000,"sd","13:36:29",3778100
21800,-150,100,"sd","13:36:29",3777100
21800,-150,1000,"sd","13:36:29",3777000
21800,-150,500,"sd","13:36:29",3776000
21800,-150,100,"sd","13:36:29",3775500
21800,-150,1000,"sd","13:36:29",3775400
21800,-150,3000,"sd","13:36:29",3774400
21800,-150,300,"sd","13:36:29",3771400
21800,-150,300,"sd","13:36:29",3771100
21800,-150,400,"sd","13:36:29",3770800
21800,-150,10300,"sd","13:36:29",3770400
21800,-150,200,"sd","13:36:23",3760100
21800,-150,100,"sd","13:36:23",3759900
21800,-150,300,"sd","13:36:23",3759800
21800,-150,500,"sd","13:36:23",3759500
21800,-150,1400,"sd","13:36:23",3759000
21800,-150,9700,"sd","13:36:23",3757600
21800,-150,1000,"sd","13:36:23",3747900
21800,-150,100,"sd","13:36:23",3746900
21800,-150,100,"sd","13:36:23",3746800
21800,-150,1000,"sd","13:36:23",3746700
21800,-150,100,"sd","13:36:23",3745700
21800,-150,500,"sd","13:36:23",3745600
21800,-150,1000,"sd","13:36:15",3745100
21800,-150,100,"sd","13:36:15",3744100
21800,-150,500,"sd","13:36:15",3744000
21800,-150,1000,"sd","13:36:15",3743500
21800,-150,1000,"sd","13:36:15",3742500
21800,-150,1000,"sd","13:36:15",3741500
21800,-150,1000,"sd","13:36:15",3740500
21800,-150,1200,"sd","13:36:15",3739500
21800,-150,500,"sd","13:36:15",3738300
21800,-150,100,"sd","13:36:15",3737800
21800,-150,5000,"sd","13:36:15",3737700
21800,-150,1000,"sd","13:36:15",3732700
21800,-150,100,"sd","13:36:15",3731700
21800,-150,100,"sd","13:36:15",3731600
21800,-150,100,"sd","13:36:15",3731500
21800,-150,1000,"sd","13:36:15",3731400
21800,-150,1200,"sd","13:36:15",3730400
21800,-150,1000,"sd","13:36:15",3729200
21800,-150,500,"sd","13:36:15",3728200
21800,-150,300,"sd","13:36:15",3727700
21800,-150,3000,"sd","13:36:15",3727400
21800,-150,100,"sd","13:36:15",3724400
21800,-150,200,"sd","13:36:15",3724300
21800,-150,10000,"sd","13:36:15",3724100
21800,-150,300,"sd","13:36:15",3714100
21800,-150,200,"sd","13:36:15",3713800
21800,-150,2000,"sd","13:36:15",3713600
21800,-150,500,"sd","13:36:15",3711600
21800,-150,2100,"sd","13:36:15",3711100
21800,-150,300,"sd","13:36:15",3709000
21800,-150,500,"sd","13:36:15",3708700
21800,-150,100,"sd","13:36:15",3708200
21800,-150,5000,"sd","13:36:15",3708100
21800,-150,4000,"sd","13:36:15",3703100
21800,-150,300,"sd","13:36:15",3699100
21800,-150,1200,"sd","13:36:15",3698800
21800,-150,100,"sd","13:36:15",3697600
21800,-150,600,"sd","13:36:15",3697500
21800,-150,200,"sd","13:36:15",3696900
21800,-150,1000,"sd","13:36:15",3696700
21800,-150,5000,"sd","13:36:15",3695700
21800,-150,10000,"sd","13:36:15",3690700
21800,-150,300,"sd","13:36:15",3680700
21800,-150,3000,"sd","13:36:15",3680400
21800,-150,300,"sd","13:36:15",3677400
21800,-150,5000,"sd","13:36:15",3677100
21800,-150,300,"sd","13:36:15",3672100
21800,-150,500,"sd","13:36:15",3671800
21800,-150,100,"sd","13:36:15",3671300
21800,-150,1000,"sd","13:36:15",3671200
21800,-150,100,"sd","13:36:15",3670200
21800,-150,2000,"sd","13:36:15",3670100
21800,-150,100,"sd","13:36:15",3668100
21800,-150,500,"sd","13:36:15",3668000
21800,-150,1200,"sd","13:36:15",3667500
21800,-150,2100,"sd","13:36:15",3666300
21800,-150,300,"sd","13:36:15",3664200
21800,-150,100,"sd","13:36:15",3663900
21800,-150,100,"sd","13:36:15",3663800
21800,-150,25000,"sd","13:36:15",3663700
21800,-150,2000,"sd","13:36:15",3638700
21800,-150,100,"sd","13:36:15",3636700
21800,-150,1000,"sd","13:36:15",3636600
21800,-150,100,"sd","13:36:15",3635600
21800,-150,1000,"sd","13:36:15",3635500
21800,-150,100,"sd","13:36:15",3634500
21800,-150,100,"sd","13:36:15",3634400
21800,-150,600,"sd","13:36:15",3634300
21800,-150,1000,"sd","13:36:15",3633700
21800,-150,100,"sd","13:36:15",3632700
21800,-150,300,"sd","13:36:15",3632600
21800,-150,2000,"sd","13:36:15",3632300
21800,-150,100,"sd","13:36:15",3630300
21800,-150,2000,"sd","13:36:15",3630200
21800,-150,39500,"sd","13:36:15",3628200
21800,-150,100,"sd","13:36:15",3588700
21800,-150,400,"sd","13:36:15",3588600
21800,-150,200,"sd","13:36:15",3588200
21800,-150,6000,"sd","13:36:15",3588000
21800,-150,2300,"sd","13:36:15",3582000
21800,-150,500,"sd","13:36:15",3579700
21800,-150,100,"sd","13:36:15",3579200
21800,-150,500,"sd","13:36:15",3579100
21800,-150,500,"sd","13:36:15",3578600
21800,-150,10000,"sd","13:36:15",3578100
21800,-150,100,"sd","13:36:15",3568100
21800,-150,100,"sd","13:36:15",3568000
21800,-150,500,"sd","13:36:15",3567900
21800,-150,500,"sd","13:36:15",3567400
21800,-150,200,"sd","13:36:15",3566900
21800,-150,1000,"sd","13:36:15",3566700
21800,-150,300,"sd","13:36:15",3565700
21800,-150,300,"sd","13:36:15",3565400
21800,-150,1000,"sd","13:36:15",3565100
21800,-150,100,"sd","13:36:15",3564100
21800,-150,200,"sd","13:36:15",3564000
21800,-150,1300,"sd","13:36:15",3563800
21800,-150,1000,"sd","13:36:15",3562500
21800,-150,5000,"sd","13:36:15",3561500
21800,-150,1000,"sd","13:36:15",3556500
21800,-150,100,"sd","13:36:15",3555500
21800,-150,100,"sd","13:36:15",3555400
21800,-150,100,"sd","13:36:15",3555300
21800,-150,15000,"sd","13:36:15",3555200
21800,-150,1000,"sd","13:36:15",3540200
21800,-150,1000,"sd","13:36:15",3539200
21800,-150,1000,"sd","13:36:15",3538200
21800,-150,400,"sd","13:36:15",3537200
21800,-150,5000,"sd","13:36:15",3536800
21800,-150,100,"sd","13:36:15",3531800
21800,-150,2000,"sd","13:36:15",3531700
21800,-150,200,"sd","13:36:15",3529700
21800,-150,1000,"sd","13:36:15",3529500
21800,-150,200,"sd","13:36:15",3528500
21800,-150,1000,"sd","13:36:15",3528300
21800,-150,100,"sd","13:36:15",3527300
21800,-150,300,"sd","13:36:15",3527200
21800,-150,1000,"sd","13:36:15",3526900
21800,-150,300,"sd","13:36:15",3525900
21800,-150,500,"sd","13:36:15",3525600
21800,-150,500,"sd","13:36:15",3525100
21800,-150,100,"sd","13:36:15",3524600
21800,-150,300,"sd","13:36:15",3524500
21800,-150,200,"sd","13:36:15",3524200
21800,-150,100,"sd","13:36:15",3524000
21800,-150,200,"sd","13:36:15",3523900
21800,-150,700,"sd","13:36:15",3523700
21800,-150,3300,"sd","13:36:15",3523000
21800,-150,500,"sd","13:36:15",3519700
21800,-150,100,"sd","13:36:15",3519200
21800,-150,5000,"sd","13:36:15",3519100
21800,-150,500,"sd","13:36:15",3514100
21800,-150,1200,"sd","13:36:13",3513600
21800,-150,1000,"sd","13:36:13",3512400
21800,-150,100,"sd","13:36:13",3511400
21800,-150,500,"sd","13:36:13",3511300
21800,-150,100,"sd","13:36:13",3510800
21800,-150,100,"sd","13:36:13",3510700
21800,-150,800,"sd","13:36:13",3510600
21800,-150,400,"sd","13:36:13",3509800
21800,-150,400,"sd","13:36:13",3509400
21800,-150,100,"sd","13:36:13",3509000
21800,-150,100,"sd","13:36:13",3508900
21800,-150,100,"sd","13:36:13",3508800
21800,-150,2000,"sd","13:36:13",3508700
21800,-150,100,"sd","13:36:13",3506700
21800,-150,1000,"sd","13:36:13",3506600
21800,-150,1000,"sd","13:36:13",3505600
21800,-150,1000,"sd","13:36:13",3504600
21800,-150,5600,"sd","13:36:06",3503600
21800,-150,500,"sd","13:36:06",3498000
21800,-150,100,"sd","13:36:06",3497500
21800,-150,100,"sd","13:36:06",3497400
21800,-150,1000,"sd","13:36:06",3497300
21800,-150,500,"sd","13:36:06",3496300
21800,-150,1000,"sd","13:36:06",3495800
21800,-150,1000,"sd","13:36:06",3494800
21800,-150,100,"sd","13:36:06",3493800
21800,-150,4000,"sd","13:36:06",3493700
21800,-150,100,"sd","13:36:06",3489700
21800,-150,200,"sd","13:36:06",3489600
21800,-150,7700,"sd","13:36:06",3489400
21800,-150,1000,"sd","13:36:06",3481700
21800,-150,1000,"sd","13:36:06",3480700
21800,-150,300,"sd","13:36:06",3479700
21800,-150,100,"sd","13:36:06",3479400
21800,-150,500,"sd","13:36:06",3479300
21800,-150,100,"sd","13:36:06",3478800
21800,-150,1000,"sd","13:36:06",3478700
21800,-150,300,"sd","13:36:06",3477700
21800,-150,1000,"sd","13:36:06",3477400
21800,-150,100,"sd","13:36:06",3476400
21800,-150,100,"sd","13:36:06",3476300
21800,-150,500,"sd","13:36:06",3476200
21800,-150,2000,"sd","13:36:06",3475700
21800,-150,6100,"sd","13:36:06",3473700
21800,-150,300,"sd","13:36:06",3467600
21800,-150,2000,"sd","13:36:06",3467300
21800,-150,600,"sd","13:36:06",3465300
21800,-150,100,"sd","13:36:06",3464700
21800,-150,100,"sd","13:36:06",3464600
21800,-150,200,"sd","13:36:06",3464500
21800,-150,600,"sd","13:36:06",3464300
21800,-150,1400,"sd","13:36:06",3463700
21800,-150,500,"sd","13:36:06",3462300
21800,-150,200,"sd","13:36:06",3461800
21800,-150,2000,"sd","13:36:06",3461600
21800,-150,100,"sd","13:36:06",3459600
21800,-150,800,"sd","13:36:06",3459500
21800,-150,3000,"sd","13:36:06",3458700
21800,-150,500,"sd","13:36:06",3455700
21800,-150,100,"sd","13:36:06",3455200
21800,-150,100,"sd","13:35:59",3455100
21800,-150,100,"sd","13:35:58",3455000
21800,-150,100,"sd","13:35:58",3454900
21800,-150,100,"sd","13:35:58",3454800
21800,-150,100,"sd","13:35:58",3454700
21850,-100,17400,"bu","13:35:55",3454600
21850,-100,5000,"bu","13:35:41",3437200
21850,-100,17400,"sd","13:35:38",3432200
21850,-100,100,"sd","13:35:38",3414800
21850,-100,200,"sd","13:35:38",3414700
21850,-100,100,"sd","13:35:38",3414500
21850,-100,200,"sd","13:35:38",3414400
21850,-100,9700,"sd","13:35:38",3414200
21850,-100,300,"sd","13:35:36",3404500
21850,-100,200,"sd","13:35:36",3404200
21850,-100,500,"sd","13:35:36",3404000
21850,-100,4500,"sd","13:35:36",3403500
21850,-100,1000,"sd","13:35:36",3399000
21850,-100,100,"sd","13:35:36",3398000
21850,-100,100,"sd","13:35:36",3397900
21850,-100,5000,"sd","13:35:36",3397800
21850,-100,121200,"sd","13:35:36",3392800
21850,-100,1000,"sd","13:35:34",3271600
21850,-100,1000,"sd","13:35:34",3270600
21850,-100,800,"sd","13:35:28",3269600
21850,-100,36000,"sd","13:35:26",3268800
21850,-100,5000,"sd","13:35:24",3232800
21850,-100,40000,"sd","13:35:24",3227800
21850,-100,5000,"sd","13:35:18",3187800
21850,-100,5000,"sd","13:35:18",3182800
21850,-100,50000,"sd","13:35:14",3177800
21850,-100,2000,"sd","13:35:13",3127800
21850,-100,1000,"sd","13:35:10",3125800
21850,-100,6100,"sd","13:35:04",3124800
21850,-100,500,"sd","13:35:02",3118700
21850,-100,2000,"sd","13:34:53",3118200
21850,-100,5000,"sd","13:34:47",3116200
21850,-100,200,"sd","13:34:45",3111200
21850,-100,10000,"sd","13:34:41",3111000
21850,-100,1000,"sd","13:34:33",3101000
21850,-100,500,"sd","13:34:29",3100000
21850,-100,500,"sd","13:34:27",3099500
21850,-100,10000,"sd","13:34:19",3099000
21850,-100,1800,"sd","13:34:17",3089000
21850,-100,4000,"sd","13:34:10",3087200
21850,-100,3300,"sd","13:34:05",3083200
21850,-100,10000,"sd","13:34:02",3079900
21850,-100,25000,"sd","13:33:57",3069900
21850,-100,2100,"sd","13:33:52",3044900
21850,-100,1000,"sd","13:33:52",3042800
21850,-100,300,"sd","13:33:52",3041800
21850,-100,4000,"sd","13:33:52",3041500
21850,-100,200,"sd","13:33:52",3037500
21850,-100,5000,"sd","13:33:52",3037300
21850,-100,100,"sd","13:33:52",3032300
21850,-100,4000,"sd","13:33:52",3032200
21850,-100,100,"sd","13:33:52",3028200
21850,-100,100,"sd","13:33:52",3028100
21850,-100,100,"sd","13:33:52",3028000
21850,-100,1000,"sd","13:33:52",3027900
21850,-100,500,"sd","13:33:52",3026900
21850,-100,1000,"sd","13:33:52",3026400
21850,-100,200,"sd","13:33:52",3025400
21850,-100,300,"sd","13:33:52",3025200
21850,-100,100,"sd","13:33:52",3024900
21850,-100,300,"sd","13:33:52",3024800
21850,-100,1200,"sd","13:33:52",3024500
21850,-100,500,"sd","13:33:52",3023300
21850,-100,100,"sd","13:33:52",3022800
21850,-100,100,"sd","13:33:52",3022700
21850,-100,7700,"sd","13:33:52",3022600
21850,-100,1000,"sd","13:33:51",3014900
21850,-100,600,"sd","13:33:48",3013900
21850,-100,10700,"sd","13:33:41",3013300
21850,-100,400,"sd","13:33:41",3002600
21850,-100,200,"sd","13:33:41",3002200
21850,-100,200,"sd","13:33:41",3002000
21850,-100,100,"sd","13:33:41",3001800
21850,-100,900,"sd","13:33:41",3001700
21850,-100,500,"sd","13:33:41",3000800
21850,-100,100,"sd","13:33:41",3000300
21850,-100,1500,"sd","13:33:41",3000200
21850,-100,300,"sd","13:33:41",2998700
21850,-100,3400,"sd","13:33:41",2998400
21850,-100,1000,"sd","13:33:41",2995000
21850,-100,100,"sd","13:33:41",2994000
21850,-100,500,"sd","13:33:41",2993900
21850,-100,10100,"sd","13:33:41",2993400
21850,-100,500,"sd","13:33:41",2983300
21850,-100,2200,"sd","13:33:36",2982800
21850,-100,1000,"sd","13:33:21",2980600
21850,-100,200,"sd","13:33:18",2979600
21850,-100,600,"sd","13:33:08",2979400
21850,-100,2800,"sd","13:33:08",2978800
21850,-100,500,"sd","13:33:08",2976000
21850,-100,3800,"sd","13:33:08",2975500
21850,-100,1500,"sd","13:33:08",2971700
21850,-100,17400,"sd","13:33:08",2970200
21850,-100,500,"sd","13:33:08",2952800
21850,-100,100,"sd","13:33:08",2952300
21850,-100,100,"sd","13:33:08",2952200
21850,-100,500,"sd","13:33:08",2952100
21850,-100,500,"sd","13:33:08",2951600
21850,-100,100,"sd","13:33:08",2951100
21850,-100,500,"sd","13:33:08",2951000
21850,-100,1700,"sd","13:33:08",2950500
21850,-100,100,"sd","13:33:03",2948800
21850,-100,1000,"sd","13:32:43",2948700
21850,-100,2200,"sd","13:32:41",2947700
21850,-100,500,"sd","13:32:41",2945500
21850,-100,100,"sd","13:32:41",2945000
21850,-100,1000,"sd","13:32:41",2944900
21850,-100,6200,"sd","13:32:41",2943900
21850,-100,3000,"sd","13:32:28",2937700
21850,-100,1000,"sd","13:32:19",2934700
21850,-100,300,"sd","13:32:04",2933700
21850,-100,100,"sd","13:31:53",2933400
21850,-100,500,"sd","13:30:55",2933300
21850,-100,1900,"sd","13:30:55",2932800
21850,-100,100,"sd","13:30:54",2930900
21850,-100,2200,"sd","13:30:44",2930800
21900,-50,100,"bu","13:30:40",2928600
21850,-100,100,"sd","13:30:37",2928500
21850,-100,300,"sd","13:29:50",2928400
21850,-100,5000,"sd","13:29:23",2928100
21900,-50,100,"bu","13:29:14",2923100
21850,-100,4000,"sd","13:29:13",2923000
21850,-100,6200,"sd","13:29:10",2919000
21850,-100,500,"sd","13:29:07",2912800
21850,-100,4600,"sd","13:28:56",2912300
21850,-100,1400,"sd","13:28:56",2907700
21850,-100,1000,"sd","13:28:54",2906300
21850,-100,600,"sd","13:28:52",2905300
21850,-100,4000,"sd","13:28:41",2904700
21850,-100,5000,"sd","13:28:38",2900700
21850,-100,5000,"sd","13:28:09",2895700
21850,-100,100,"sd","13:27:57",2890700
21850,-100,100,"sd","13:27:15",2890600
21850,-100,500,"sd","13:27:15",2890500
21850,-100,300,"sd","13:27:15",2890000
21850,-100,1000,"sd","13:27:15",2889700
21850,-100,100,"sd","13:27:15",2888700
21850,-100,100,"sd","13:27:15",2888600
21850,-100,2000,"sd","13:27:15",2888500
21850,-100,100,"sd","13:27:15",2886500
21850,-100,300,"sd","13:27:15",2886400
21850,-100,5000,"sd","13:27:15",2886100
21850,-100,200,"sd","13:27:15",2881100
21850,-100,300,"sd","13:27:15",2880900
21850,-100,900,"sd","13:27:15",2880600
21850,-100,100,"sd","13:27:15",2879700
21850,-100,100,"sd","13:27:15",2879600
21850,-100,17400,"sd","13:27:15",2879500
21850,-100,100,"sd","13:27:15",2862100
21850,-100,200,"sd","13:27:15",2862000
21850,-100,100,"sd","13:27:15",2861800
21850,-100,100,"sd","13:27:15",2861700
21850,-100,100,"sd","13:27:15",2861600
21850,-100,800,"sd","13:27:15",2861500
21850,-100,100,"sd","13:27:15",2860700
21850,-100,100,"sd","13:27:15",2860600
21850,-100,100,"sd","13:27:15",2860500
21850,-100,100,"sd","13:27:15",2860400
21850,-100,1000,"sd","13:27:15",2860300
21850,-100,25000,"sd","13:27:15",2859300
21850,-100,500,"sd","13:27:15",2834300
21850,-100,100,"sd","13:27:15",2833800
21850,-100,500,"sd","13:27:15",2833700
21850,-100,1000,"sd","13:27:15",2833200
21850,-100,100,"sd","13:27:15",2832200
21850,-100,19500,"sd","13:27:15",2832100
21850,-100,500,"sd","13:27:15",2812600
21850,-100,20000,"sd","13:27:15",2812100
21850,-100,1500,"sd","13:27:15",2792100
21850,-100,500,"sd","13:27:14",2790600
21850,-100,500,"sd","13:27:14",2790100
21900,-50,10000,"bu","13:26:29",2789600
21850,-100,200,"sd","13:26:18",2779600
21850,-100,300,"sd","13:25:54",2779400
21850,-100,500,"sd","13:25:54",2779100
21850,-100,200,"sd","13:25:54",2778600
21850,-100,1000,"sd","13:25:54",2778400
21850,-100,300,"sd","13:25:47",2777400
21850,-100,100,"sd","13:25:44",2777100
21850,-100,100,"sd","13:25:44",2777000
21850,-100,100,"sd","13:25:44",2776900
21850,-100,200,"sd","13:25:44",2776800
21850,-100,200,"sd","13:25:43",2776600
21850,-100,200,"sd","13:25:43",2776400
21850,-100,100,"sd","13:25:43",2776200
21850,-100,1500,"sd","13:25:43",2776100
21900,-50,10000,"bu","13:25:41",2774600
21850,-100,200,"sd","13:25:11",2764600
21850,-100,300,"sd","13:24:38",2764400
21850,-100,700,"sd","13:24:38",2764100
21850,-100,500,"sd","13:24:35",2763400
21850,-100,500,"sd","13:24:24",2762900
21850,-100,3300,"sd","13:24:09",2762400
21850,-100,100,"sd","13:24:09",2759100
21850,-100,1000,"sd","13:24:09",2759000
21850,-100,100,"sd","13:24:09",2758000
21850,-100,5500,"sd","13:24:09",2757900
21850,-100,200,"sd","13:23:54",2752400
21850,-100,1000,"sd","13:23:30",2752200
21850,-100,100,"sd","13:23:12",2751200
21850,-100,500,"sd","13:23:01",2751100
21900,-50,1000,"bu","13:22:58",2750600
21900,-50,400,"bu","13:22:30",2749600
21900,-50,1000,"bu","13:22:20",2749200
21850,-100,500,"sd","13:22:15",2748200
21900,-50,100,"bu","13:22:02",2747700
21900,-50,7300,"bu","13:21:52",2747600
21900,-50,2700,"bu","13:21:52",2740300
21850,-100,1000,"sd","13:21:46",2737600
21850,-100,1500,"sd","13:21:46",2736600
21850,-100,2700,"sd","13:21:34",2735100
21900,-50,100,"bu","13:21:14",2732400
21900,-50,200,"bu","13:20:39",2732300
21850,-100,3700,"sd","13:20:37",2732100
21900,-50,5000,"bu","13:20:31",2728400
21850,-100,900,"sd","13:19:52",2723400
21900,-50,100,"bu","13:19:07",2722500
21900,-50,300,"bu","13:18:54",2722400
21900,-50,17400,"bu","13:18:07",2722100
21900,-50,500,"bu","13:18:02",2704700
21850,-100,1000,"sd","13:17:25",2704200
21850,-100,300,"sd","13:17:10",2703200
21900,-50,17400,"bu","13:17:05",2702900
21900,-50,100,"bu","13:16:59",2685500
21850,-100,200,"sd","13:16:46",2685400
21900,-50,1800,"bu","13:16:45",2685200
21900,-50,7400,"bu","13:16:29",2683400
21900,-50,3000,"bu","13:16:29",2676000
21900,-50,7000,"bu","13:16:29",2673000
21900,-50,600,"bu","13:16:19",2666000
21850,-100,200,"sd","13:16:19",2665400
21900,-50,40000,"bu","13:16:04",2665200
21850,-100,200,"sd","13:16:03",2625200
21850,-100,2500,"sd","13:16:01",2625000
21850,-100,1000,"sd","13:15:36",2622500
21850,-100,200,"sd","13:15:35",2621500
21850,-100,1000,"sd","13:15:22",2621300
21850,-100,9000,"sd","13:15:20",2620300
21850,-100,1500,"sd","13:14:52",2611300
21850,-100,2000,"sd","13:14:44",2609800
21850,-100,1000,"sd","13:14:28",2607800
21850,-100,4000,"sd","13:14:28",2606800
21850,-100,200,"sd","13:14:28",2602800
21850,-100,100,"sd","13:14:28",2602600
21850,-100,200,"sd","13:14:28",2602500
21850,-100,200,"sd","13:14:28",2602300
21850,-100,1000,"sd","13:14:28",2602100
21850,-100,5000,"sd","13:14:28",2601100
21850,-100,300,"sd","13:14:28",2596100
21850,-100,100,"sd","13:14:28",2595800
21850,-100,100,"sd","13:14:28",2595700
21850,-100,87300,"sd","13:14:28",2595600
21850,-100,500,"sd","13:14:28",2508300
21900,-50,1000,"bu","13:14:26",2507800
21850,-100,1000,"sd","13:14:16",2506800
21900,-50,1400,"bu","13:13:37",2505800
21900,-50,2000,"sd","13:13:29",2504400
21900,-50,300,"bu","13:13:28",2502400
21900,-50,100,"sd","13:13:27",2502100
21900,-50,1000,"sd","13:13:27",2502000
21900,-50,700,"sd","13:13:27",2501000
21900,-50,500,"sd","13:13:27",2500300
21900,-50,100,"sd","13:13:22",2499800
21900,-50,1700,"sd","13:13:11",2499700
21900,-50,300,"sd","13:13:11",2498000
21900,-50,300,"sd","13:13:02",2497700
21900,-50,5000,"sd","13:12:54",2497400
21950,0,100,"bu","13:12:52",2492400
21950,0,400,"bu","13:12:52",2492300
21950,0,500,"bu","13:12:52",2491900
21900,-50,3400,"sd","13:12:50",2491400
21900,-50,100,"sd","13:12:42",2488000
21950,0,500,"bu","13:12:39",2487900
21900,-50,1000,"sd","13:12:39",2487400
21900,-50,200,"sd","13:12:32",2486400
21900,-50,6000,"sd","13:12:30",2486200
21900,-50,3700,"sd","13:12:23",2480200
21900,-50,100,"sd","13:12:23",2476500
21900,-50,500,"sd","13:12:23",2476400
21900,-50,100,"sd","13:12:23",2475900
21900,-50,4800,"sd","13:12:23",2475800
21900,-50,100,"sd","13:12:23",2471000
21900,-50,1000,"sd","13:12:23",2470900
21900,-50,4700,"sd","13:12:23",2469900
21900,-50,15300,"sd","13:12:17",2465200
21900,-50,4700,"sd","13:12:17",2449900
21900,-50,10000,"sd","13:12:12",2445200
21900,-50,300,"sd","13:12:02",2435200
21900,-50,200,"sd","13:12:02",2434900
21900,-50,100,"sd","13:11:46",2434700
21900,-50,100,"sd","13:11:46",2434600
21900,-50,10000,"sd","13:11:45",2434500
21900,-50,1000,"sd","13:11:39",2424500
21900,-50,100,"sd","13:11:30",2423500
21900,-50,2000,"sd","13:11:19",2423400
21900,-50,4000,"sd","13:11:07",2421400
21900,-50,500,"sd","13:11:04",2417400
21900,-50,800,"sd","13:11:04",2416900
21900,-50,200,"sd","13:11:03",2416100
21900,-50,1000,"sd","13:11:00",2415900
21900,-50,500,"sd","13:10:53",2414900
21900,-50,100,"sd","13:10:43",2414400
21900,-50,2000,"sd","13:10:32",2414300
21900,-50,500,"sd","13:09:57",2412300
21900,-50,500,"sd","13:09:40",2411800
21900,-50,100,"sd","13:09:35",2411300
21950,0,1000,"bu","13:08:58",2411200
21900,-50,300,"bu","13:08:54",2410200
21900,-50,500,"bu","13:08:54",2409900
21900,-50,700,"bu","13:08:54",2409400
21900,-50,500,"bu","13:08:54",2408700
21900,-50,600,"bu","13:08:54",2408200
21900,-50,1000,"bu","13:08:40",2407600
21900,-50,2400,"bu","13:08:30",2406600
21900,-50,400,"bu","13:08:30",2404200
21900,-50,1000,"bu","13:08:30",2403800
21900,-50,4400,"bu","13:08:30",2402800
21900,-50,400,"bu","13:08:30",2398400
21900,-50,200,"bu","13:08:30",2398000
21900,-50,100,"bu","13:08:30",2397800
21900,-50,100,"bu","13:08:30",2397700
21900,-50,200,"bu","13:08:30",2397600
21900,-50,1000,"bu","13:08:30",2397400
21900,-50,5000,"bu","13:08:30",2396400
21900,-50,400,"bu","13:08:30",2391400
21900,-50,4200,"bu","13:08:30",2391000
21900,-50,4400,"bu","13:08:30",2386800
21900,-50,5000,"bu","13:08:30",2382400
21900,-50,800,"bu","13:08:30",2377400
21900,-50,4200,"bu","13:08:23",2376600
21900,-50,100,"bu","13:08:23",2372400
21900,-50,100,"bu","13:08:23",2372300
21900,-50,300,"bu","13:08:23",2372200
21900,-50,20000,"bu","13:08:23",2371900
21900,-50,5000,"bu","13:08:23",2351900
21900,-50,100,"bu","13:08:23",2346900
21900,-50,100,"bu","13:08:23",2346800
21900,-50,500,"bu","13:08:23",2346700
21900,-50,600,"bu","13:08:23",2346200
21900,-50,100,"bu","13:08:23",2345600
21900,-50,3600,"bu","13:08:23",2345500
21900,-50,1000,"bu","13:08:23",2341900
21900,-50,300,"bu","13:08:23",2340900
21850,-100,200,"sd","13:08:01",2340600
21850,-100,600,"sd","13:07:35",2340400
21850,-100,4100,"sd","13:07:18",2339800
21850,-100,100,"sd","13:07:18",2335700
21850,-100,100,"sd","13:07:18",2335600
21850,-100,100,"sd","13:07:18",2335500
21850,-100,500,"sd","13:07:18",2335400
21850,-100,5100,"sd","13:07:18",2334900
21900,-50,100,"bu","13:07:17",2329800
21900,-50,4400,"bu","13:07:17",2329700
21900,-50,300,"bu","13:07:11",2325300
21900,-50,100,"bu","13:06:45",2325000
21900,-50,3800,"bu","13:06:43",2324900
21900,-50,100,"bu","13:06:26",2321100
21900,-50,2800,"bu","13:06:13",2321000
21900,-50,700,"bu","13:06:13",2318200
21900,-50,10100,"bu","13:06:13",2317500
21900,-50,3800,"bu","13:06:13",2307400
21900,-50,1000,"bu","13:06:00",2303600
21900,-50,100,"bu","13:05:49",2302600
21900,-50,500,"bu","13:05:19",2302500
21850,-100,4900,"sd","13:04:59",2302000
21850,-100,100,"sd","13:04:59",2297100
21850,-100,900,"sd","13:04:40",2297000
21850,-100,1000,"sd","13:04:40",2296100
21850,-100,100,"sd","13:04:40",2295100
21850,-100,2000,"sd","13:04:40",2295000
21850,-100,500,"sd","13:04:40",2293000
21850,-100,1500,"sd","13:04:40",2292500
21850,-100,400,"sd","13:04:30",2291000
21900,-50,3000,"bu","13:04:14",2290600
21850,-100,3100,"sd","13:04:07",2287600
21850,-100,100,"sd","13:04:07",2284500
21850,-100,3000,"sd","13:04:07",2284400
21850,-100,200,"sd","13:04:07",2281400
21850,-100,1000,"sd","13:04:07",2281200
21850,-100,7600,"sd","13:04:07",2280200
21900,-50,200,"bu","13:03:53",2272600
21850,-100,2000,"sd","13:03:50",2272400
21850,-100,400,"sd","13:03:37",2270400
21850,-100,300,"sd","13:03:37",2270000
21850,-100,1700,"sd","13:03:35",2269700
21850,-100,300,"sd","13:03:35",2268000
21850,-100,2000,"sd","13:03:23",2267700
21850,-100,1000,"sd","13:02:38",2265700
21900,-50,3500,"bu","13:02:31",2264700
21850,-100,100,"sd","13:02:12",2261200
21850,-100,100,"sd","13:02:11",2261100
21900,-50,100,"bu","13:02:09",2261000
21850,-100,300,"sd","13:02:00",2260900
21900,-50,100,"bu","13:01:59",2260600
21850,-100,2400,"sd","13:01:52",2260500
21900,-50,1000,"bu","13:01:26",2258100
21900,-50,100,"bu","13:00:53",2257100
21850,-100,1000,"sd","13:00:50",2257000
21850,-100,100,"sd","13:00:50",2256000
21850,-100,100,"sd","13:00:50",2255900
21850,-100,5000,"sd","13:00:50",2255800
21850,-100,1000,"sd","13:00:50",2250800
21850,-100,5000,"sd","13:00:50",2249800
21850,-100,100,"sd","13:00:50",2244800
21850,-100,10000,"sd","13:00:50",2244700
21850,-100,2200,"sd","13:00:50",2234700
21850,-100,200,"sd","13:00:50",2232500
21850,-100,400,"sd","13:00:50",2232300
21850,-100,12000,"sd","13:00:50",2231900
21850,-100,500,"sd","13:00:50",2219900
21850,-100,5000,"sd","13:00:50",2219400
21850,-100,3000,"sd","13:00:50",2214400
21850,-100,2000,"sd","13:00:50",2211400
21850,-100,1000,"sd","13:00:50",2209400
21850,-100,1000,"sd","13:00:50",2208400
21850,-100,300,"sd","13:00:50",2207400
21850,-100,200,"sd","13:00:50",2207100
21850,-100,1000,"sd","13:00:50",2206900
21850,-100,100,"sd","13:00:50",2205900
21850,-100,100,"sd","13:00:50",2205800
21850,-100,15000,"sd","13:00:50",2205700
21850,-100,100,"sd","13:00:49",2190700
21850,-100,12000,"sd","13:00:49",2190600
21850,-100,1000,"sd","13:00:49",2178600
21850,-100,5000,"sd","13:00:49",2177600
21850,-100,200,"sd","13:00:49",2172600
21850,-100,100,"sd","13:00:49",2172400
21850,-100,100,"sd","13:00:49",2172300
21850,-100,200,"sd","13:00:49",2172200
21850,-100,300,"sd","13:00:49",2172000
21850,-100,300,"sd","13:00:49",2171700
21850,-100,2000,"sd","13:00:49",2171400
21850,-100,100,"sd","13:00:49",2169400
21850,-100,300,"sd","13:00:49",2169300
21850,-100,100,"sd","13:00:49",2169000
21850,-100,500,"sd","13:00:49",2168900
21850,-100,3900,"sd","13:00:49",2168400
21850,-100,200,"sd","13:00:49",2164500
21850,-100,500,"sd","13:00:49",2164300
21850,-100,100,"sd","13:00:49",2163800
21850,-100,3600,"sd","13:00:49",2163700
21900,-50,200,"bu","13:00:29",2160100
21850,-100,1400,"sd","13:00:26",2159900
21850,-100,100,"sd","13:00:26",2158500
21850,-100,3000,"sd","13:00:26",2158400
21850,-100,100,"sd","13:00:26",2155400
21850,-100,400,"sd","13:00:26",2155300
21900,-50,500,"bu","13:00:21",2154900
21900,-50,100,"bu","13:00:20",2154400
21900,-50,200,"bu","13:00:13",2154300
21850,-100,100,"sd","13:00:08",2154100
21850,-100,100,"sd","13:00:08",2154000
21900,-50,500,"bu","13:00:06",2153900
21900,-50,200,"bu","13:00:05",2153400
21900,-50,1100,"bu","13:00:05",2153200
21900,-50,100,"bu","13:00:04",2152100
21900,-50,100,"bu","13:00:04",2152000
21900,-50,100,"bu","13:00:04",2151900
21900,-50,100,"bu","13:00:02",2151800
21900,-50,100,"bu","13:00:02",2151700
21900,-50,4000,"bu","13:00:02",2151600
21850,-100,100,"sd","13:00:00",2147600
21900,-50,100,"bu","13:00:00",2147500
21900,-50,1200,"bu","13:00:00",2147400
21900,-50,100,"bu","13:00:00",2146200
21900,-50,200,"sd","12:59:59",2146100
21900,-50,300,"sd","12:59:59",2145900
21900,-50,5000,"sd","12:59:59",2145600
21900,-50,100,"sd","12:59:59",2140600
21900,-50,16000,"sd","12:59:59",2140500
21900,-50,500,"sd","11:29:17",2124500
21900,-50,5000,"sd","11:29:13",2124000
21900,-50,500,"bu","11:29:12",2119000
21900,-50,2000,"bu","11:29:11",2118500
21900,-50,5000,"bu","11:29:11",2116500
21900,-50,500,"bu","11:29:11",2111500
21900,-50,500,"bu","11:29:11",2111000
21850,-100,100,"sd","11:28:55",2110500
21900,-50,1000,"bu","11:28:55",2110400
21900,-50,100,"bu","11:28:44",2109400
21900,-50,2000,"bu","11:27:40",2109300
21900,-50,1400,"sd","11:27:24",2107300
21900,-50,100,"sd","11:27:08",2105900
21900,-50,1800,"sd","11:26:58",2105800
21900,-50,600,"bu","11:26:32",2104000
21900,-50,5000,"sd","11:26:31",2103400
21900,-50,100,"sd","11:26:31",2098400
21900,-50,100,"sd","11:26:31",2098300
21900,-50,11000,"sd","11:26:31",2098200
21900,-50,5000,"sd","11:26:26",2087200
21900,-50,5000,"sd","11:26:12",2082200
21900,-50,9000,"sd","11:25:49",2077200
21900,-50,1000,"sd","11:25:49",2068200
21900,-50,5000,"sd","11:25:14",2067200
21900,-50,800,"bu","11:24:52",2062200
21900,-50,100,"bu","11:24:51",2061400
21900,-50,100,"sd","11:24:50",2061300
21900,-50,200,"sd","11:24:50",2061200
21900,-50,500,"sd","11:24:50",2061000
21900,-50,4500,"sd","11:24:39",2060500
21900,-50,300,"sd","11:24:39",2056000
21900,-50,200,"sd","11:24:39",2055700
21900,-50,300,"sd","11:24:34",2055500
21900,-50,5000,"sd","11:24:33",2055200
21900,-50,3700,"sd","11:24:23",2050200
21900,-50,1300,"sd","11:24:23",2046500
21900,-50,5000,"sd","11:24:17",2045200
21900,-50,3600,"sd","11:23:56",2040200
21900,-50,200,"sd","11:23:56",2036600
21900,-50,7800,"sd","11:23:56",2036400
21900,-50,2000,"sd","11:23:45",2028600
21900,-50,700,"sd","11:23:36",2026600
21900,-50,19500,"sd","11:23:15",2025900
21900,-50,9000,"sd","11:23:15",2006400
21900,-50,100,"sd","11:23:15",1997400
21900,-50,100,"sd","11:23:15",1997300
21900,-50,5700,"sd","11:23:15",1997200
21900,-50,3800,"sd","11:23:15",1991500
21900,-50,100,"sd","11:23:15",1987700
21900,-50,200,"sd","11:23:15",1987600
21900,-50,100,"sd","11:23:14",1987400
21900,-50,500,"sd","11:23:14",1987300
21900,-50,100,"sd","11:23:14",1986800
21900,-50,1000,"sd","11:23:14",1986700
21900,-50,100,"sd","11:23:14",1985700
21900,-50,100,"sd","11:23:14",1985600
21900,-50,100,"sd","11:23:14",1985500
21900,-50,100,"sd","11:23:14",1985400
21900,-50,2000,"sd","11:23:14",1985300
21900,-50,500,"sd","11:23:14",1983300
21900,-50,500,"sd","11:23:14",1982800
21900,-50,100,"sd","11:23:14",1982300
21900,-50,500,"sd","11:23:14",1982200
21900,-50,500,"sd","11:23:14",1981700
21900,-50,2000,"sd","11:23:14",1981200
21900,-50,300,"sd","11:23:14",1979200
21900,-50,1000,"sd","11:23:14",1978900
21900,-50,1300,"sd","11:23:14",1977900
21900,-50,22500,"sd","11:23:14",1976600
21950,0,100,"bu","11:23:08",1954100
21900,-50,5000,"sd","11:19:31",1954000
21900,-50,100,"sd","11:18:45",1949000
21900,-50,100,"sd","11:17:43",1948900
21900,-50,200,"sd","11:17:27",1948800
21900,-50,500,"sd","11:17:11",1948600
21900,-50,1000,"sd","11:15:41",1948100
21900,-50,600,"sd","11:15:17",1947100
21900,-50,100,"sd","11:15:17",1946500
21900,-50,300,"sd","11:15:17",1946400
21900,-50,200,"sd","11:15:17",1946100
21900,-50,100,"sd","11:15:17",1945900
21900,-50,5000,"sd","11:15:17",1945800
21900,-50,100,"sd","11:15:17",1940800
21900,-50,1200,"sd","11:15:17",1940700
21900,-50,5000,"sd","11:15:17",1939500
21900,-50,100,"sd","11:15:17",1934500
21900,-50,200,"sd","11:15:17",1934400
21900,-50,100,"sd","11:15:17",1934200
21900,-50,17000,"sd","11:15:17",1934100
21900,-50,1300,"sd","11:14:48",1917100
21900,-50,11700,"sd","11:13:23",1915800
21900,-50,10000,"sd","11:13:23",1904100
21900,-50,5000,"sd","11:13:23",1894100
21900,-50,1000,"sd","11:13:23",1889100
21900,-50,200,"sd","11:13:23",1888100
21900,-50,2000,"sd","11:13:23",1887900
21900,-50,1000,"sd","11:13:23",1885900
21900,-50,1000,"sd","11:13:23",1884900
21900,-50,1000,"sd","11:13:23",1883900
21900,-50,1000,"sd","11:13:23",1882900
21900,-50,100,"sd","11:13:23",1881900
21900,-50,3000,"sd","11:13:23",1881800
21900,-50,2500,"sd","11:13:23",1878800
21900,-50,1000,"sd","11:13:23",1876300
21900,-50,200,"sd","11:13:23",1875300
21900,-50,100,"sd","11:13:23",1875100
21900,-50,400,"sd","11:13:23",1875000
21900,-50,100,"sd","11:13:23",1874600
21900,-50,3000,"sd","11:13:23",1874500
21900,-50,300,"sd","11:13:23",1871500
21900,-50,3000,"sd","11:13:23",1871200
21900,-50,500,"sd","11:13:23",1868200
21900,-50,500,"sd","11:13:23",1867700
21900,-50,100,"sd","11:13:23",1867200
21900,-50,500,"sd","11:13:23",1867100
21900,-50,500,"sd","11:13:23",1866600
21900,-50,500,"sd","11:13:23",1866100
21900,-50,200,"sd","11:13:23",1865600
21900,-50,100,"sd","11:13:23",1865400
21900,-50,1000,"sd","11:13:23",1865300
21900,-50,20000,"sd","11:13:23",1864300
21900,-50,3000,"sd","11:13:23",1844300
21900,-50,5000,"sd","11:13:23",1841300
21900,-50,300,"sd","11:13:23",1836300
21900,-50,200,"sd","11:13:23",1836000
21900,-50,5000,"sd","11:13:14",1835800
21900,-50,100,"sd","11:13:14",1830800
21900,-50,5000,"sd","11:13:14",1830700
21900,-50,100,"sd","11:13:14",1825700
21900,-50,5000,"sd","11:13:14",1825600
21900,-50,1000,"sd","11:13:14",1820600
21900,-50,500,"sd","11:13:14",1819600
21900,-50,1800,"sd","11:13:14",1819100
21900,-50,500,"sd","11:13:14",1817300
21900,-50,1000,"sd","11:13:14",1816800
21900,-50,10000,"sd","11:13:14",1815800
21900,-50,300,"sd","11:13:14",1805800
21900,-50,500,"sd","11:13:14",1805500
21900,-50,200,"sd","11:13:14",1805000
21900,-50,100,"sd","11:13:14",1804800
21900,-50,1200,"sd","11:13:14",1804700
21900,-50,100,"sd","11:13:14",1803500
21900,-50,200,"sd","11:13:14",1803400
21900,-50,100,"sd","11:13:14",1803200
21900,-50,10000,"sd","11:13:14",1803100
21900,-50,100,"sd","11:13:14",1793100
21900,-50,5000,"sd","11:13:14",1793000
21900,-50,500,"sd","11:13:14",1788000
21900,-50,200,"sd","11:13:14",1787500
21900,-50,3600,"sd","11:13:14",1787300
21900,-50,1000,"sd","11:13:14",1783700
21900,-50,500,"sd","11:13:14",1782700
21900,-50,2000,"sd","11:13:14",1782200
21900,-50,200,"sd","11:13:14",1780200
21900,-50,100,"sd","11:13:14",1780000
21900,-50,200,"sd","11:13:14",1779900
21900,-50,2000,"sd","11:13:14",1779700
21900,-50,1000,"sd","11:13:14",1777700
21900,-50,200,"sd","11:13:14",1776700
21900,-50,100,"sd","11:13:14",1776500
21900,-50,1000,"sd","11:13:14",1776400
21900,-50,100,"sd","11:13:14",1775400
21900,-50,100,"sd","11:13:14",1775300
21900,-50,500,"sd","11:13:14",1775200
21900,-50,300,"sd","11:13:14",1774700
21900,-50,20200,"sd","11:13:14",1774400
21900,-50,400,"sd","11:13:14",1754200
21900,-50,200,"sd","11:13:14",1753800
21900,-50,200,"sd","11:13:14",1753600
21900,-50,13100,"sd","11:13:14",1753400
21950,0,1000,"bu","11:12:44",1740300
21950,0,1000,"bu","11:12:31",1739300
21950,0,1000,"bu","11:11:45",1738300
21950,0,1500,"bu","11:11:38",1737300
21950,0,1000,"bu","11:11:38",1735800
21950,0,300,"bu","11:11:38",1734800
21950,0,200,"bu","11:11:38",1734500
21950,0,800,"bu","11:11:25",1734300
21950,0,300,"bu","11:11:25",1733500
21950,0,500,"bu","11:11:25",1733200
21950,0,400,"bu","11:11:25",1732700
21950,0,100,"bu","11:11:10",1732300
21950,0,100,"bu","11:10:27",1732200
21950,0,100,"bu","11:09:28",1732100
21950,0,100,"bu","11:09:19",1732000
21950,0,400,"bu","11:09:10",1731900
21950,0,100,"bu","11:09:10",1731500
21950,0,500,"bu","11:08:26",1731400
21900,-50,16900,"sd","11:08:18",1730900
21900,-50,2000,"sd","11:08:18",1714000
21900,-50,300,"sd","11:08:18",1712000
21900,-50,1000,"sd","11:08:18",1711700
21900,-50,6000,"sd","11:08:18",1710700
21900,-50,3800,"sd","11:08:18",1704700
21950,0,100,"bu","11:08:17",1700900
21950,0,300,"bu","11:08:16",1700800
21950,0,19000,"bu","11:08:11",1700500
21950,0,1000,"bu","11:08:11",1681500
21900,-50,200,"sd","11:08:09",1680500
21900,-50,100,"sd","11:08:09",1680300
21900,-50,200,"sd","11:08:09",1680200
21900,-50,100,"sd","11:08:09",1680000
21900,-50,500,"sd","11:08:09",1679900
21900,-50,3500,"sd","11:08:09",1679400
21950,0,200,"bu","11:07:58",1675900
21950,0,500,"bu","11:07:58",1675700
21950,0,3800,"bu","11:07:16",1675200
21950,0,5000,"bu","11:07:13",1671400
21950,0,300,"bu","11:07:04",1666400
21950,0,400,"bu","11:06:53",1666100
21950,0,29200,"bu","11:06:53",1665700
21950,0,400,"bu","11:06:53",1636500
21950,0,200,"bu","11:06:28",1636100
21950,0,5000,"bu","11:06:00",1635900
21950,0,1000,"bu","11:05:58",1630900
21950,0,600,"bu","11:05:49",1629900
21950,0,1000,"bu","11:05:44",1629300
21950,0,1800,"bu","11:05:26",1628300
21950,0,200,"bu","11:05:26",1626500
21950,0,200,"bu","11:05:06",1626300
21950,0,9600,"bu","11:04:45",1626100
21950,0,400,"bu","11:04:45",1616500
21950,0,100,"bu","11:04:39",1616100
21950,0,100,"bu","11:04:39",1616000
21950,0,200,"bu","11:04:17",1615900
21950,0,100,"bu","11:03:06",1615700
21950,0,100,"bu","11:01:49",1615600
21950,0,100,"bu","11:01:28",1615500
21900,-50,300,"sd","11:01:11",1615400
21900,-50,500,"sd","11:01:10",1615100
21900,-50,500,"sd","11:01:08",1614600
21900,-50,500,"sd","11:01:06",1614100
21900,-50,500,"sd","11:01:03",1613600
21900,-50,500,"sd","11:01:01",1613100
21900,-50,500,"sd","11:00:57",1612600
21900,-50,500,"sd","11:00:53",1612100
21900,-50,500,"sd","11:00:46",1611600
21900,-50,500,"sd","11:00:40",1611100
21900,-50,500,"sd","11:00:32",1610600
21900,-50,200,"sd","11:00:17",1610100
21900,-50,500,"sd","11:00:08",1609900
21950,0,100,"bu","11:00:07",1609400
21900,-50,300,"sd","10:59:57",1609300
21900,-50,500,"sd","10:59:56",1609000
21900,-50,500,"sd","10:59:54",1608500
21900,-50,500,"sd","10:59:52",1608000
21900,-50,500,"sd","10:59:50",1607500
21900,-50,500,"sd","10:59:46",1607000
21900,-50,500,"sd","10:59:43",1606500
21900,-50,500,"sd","10:59:39",1606000
21950,0,300,"bu","10:59:38",1605500
21900,-50,500,"sd","10:59:32",1605200
21900,-50,500,"sd","10:59:26",1604700
21900,-50,500,"sd","10:59:18",1604200
21900,-50,500,"sd","10:58:53",1603700
21900,-50,300,"sd","10:58:45",1603200
21900,-50,500,"sd","10:58:44",1602900
21900,-50,500,"sd","10:58:43",1602400
21900,-50,500,"sd","10:58:40",1601900
21900,-50,500,"sd","10:58:37",1601400
21900,-50,9100,"sd","10:58:35",1600900
21900,-50,500,"sd","10:58:33",1591800
21900,-50,500,"sd","10:58:30",1591300
21900,-50,500,"sd","10:58:26",1590800
21900,-50,500,"sd","10:58:18",1590300
21900,-50,500,"sd","10:58:12",1589800
21900,-50,500,"sd","10:58:04",1589300
21900,-50,500,"sd","10:57:39",1588800
21900,-50,300,"sd","10:57:26",1588300
21900,-50,500,"sd","10:57:24",1588000
21900,-50,500,"sd","10:57:23",1587500
21900,-50,500,"sd","10:57:21",1587000
21900,-50,500,"sd","10:57:18",1586500
21900,-50,500,"sd","10:57:14",1586000
21900,-50,500,"sd","10:57:11",1585500
21900,-50,3000,"sd","10:57:07",1585000
21900,-50,500,"sd","10:57:05",1582000
21900,-50,500,"sd","10:56:57",1581500
21900,-50,500,"sd","10:56:50",1581000
21950,0,500,"bu","10:56:29",1580500
21900,-50,500,"sd","10:56:19",1580000
21900,-50,300,"sd","10:56:06",1579500
21900,-50,500,"sd","10:56:05",1579200
21900,-50,500,"sd","10:56:04",1578700
21900,-50,500,"sd","10:56:02",1578200
21900,-50,500,"sd","10:55:59",1577700
21900,-50,500,"sd","10:55:56",1577200
21900,-50,500,"sd","10:55:53",1576700
21900,-50,500,"sd","10:55:49",1576200
21900,-50,500,"sd","10:55:41",1575700
21900,-50,500,"sd","10:55:36",1575200
21950,0,300,"bu","10:55:29",1574700
21950,0,100,"bu","10:55:29",1574400
21950,0,500,"bu","10:55:29",1574300
21950,0,500,"bu","10:55:29",1573800
21950,0,100,"bu","10:55:29",1573300
21900,-50,500,"sd","10:55:29",1573200
21900,-50,2000,"sd","10:55:26",1572700
21950,0,100,"bu","10:55:25",1570700
21900,-50,500,"sd","10:55:05",1570600
21900,-50,300,"sd","10:54:52",1570100
21900,-50,500,"sd","10:54:51",1569800
21900,-50,500,"sd","10:54:49",1569300
21900,-50,500,"sd","10:54:47",1568800
21900,-50,500,"sd","10:54:44",1568300
21900,-50,500,"sd","10:54:41",1567800
21900,-50,500,"sd","10:54:38",1567300
21900,-50,400,"sd","10:54:34",1566800
21900,-50,100,"sd","10:54:34",1566400
21900,-50,100,"sd","10:54:26",1566300
21900,-50,100,"sd","10:54:26",1566200
21900,-50,100,"sd","10:54:26",1566100
21900,-50,100,"sd","10:54:26",1566000
21900,-50,100,"sd","10:54:26",1565900
21900,-50,500,"sd","10:54:21",1565800
21900,-50,100,"sd","10:54:13",1565300
21900,-50,100,"sd","10:54:13",1565200
21900,-50,100,"sd","10:54:13",1565100
21900,-50,200,"sd","10:54:13",1565000
21900,-50,2100,"sd","10:54:03",1564800
21900,-50,500,"sd","10:53:46",1562700
21900,-50,300,"sd","10:53:40",1562200
21900,-50,100,"sd","10:53:38",1561900
21900,-50,400,"sd","10:53:38",1561800
21950,0,300,"sd","10:53:31",1561400
21950,0,500,"sd","10:53:28",1561100
21950,0,500,"sd","10:53:24",1560600
21950,0,500,"sd","10:53:19",1560100
21950,0,500,"bu","10:53:18",1559600
21950,0,500,"bu","10:53:18",1559100
21950,0,200,"bu","10:53:18",1558600
21900,-50,500,"sd","10:53:12",1558400
21900,-50,500,"sd","10:53:05",1557900
21900,-50,500,"sd","10:52:58",1557400
21900,-50,700,"sd","10:52:37",1556900
21900,-50,400,"sd","10:52:34",1556200
21900,-50,100,"sd","10:52:34",1555800
21900,-50,300,"sd","10:52:11",1555700
21900,-50,500,"sd","10:52:10",1555400
21900,-50,500,"sd","10:52:08",1554900
21900,-50,500,"sd","10:52:06",1554400
21900,-50,500,"sd","10:52:04",1553900
21900,-50,500,"sd","10:52:01",1553400
21900,-50,500,"sd","10:51:58",1552900
21900,-50,500,"sd","10:51:53",1552400
21900,-50,500,"sd","10:51:47",1551900
21900,-50,500,"sd","10:51:40",1551400
21900,-50,500,"sd","10:51:33",1550900
21900,-50,500,"sd","10:51:09",1550400
21900,-50,300,"sd","10:51:01",1549900
21900,-50,500,"sd","10:51:00",1549600
21950,0,300,"bu","10:50:57",1549100
21950,0,100,"bu","10:50:56",1548800
21900,-50,500,"sd","10:50:55",1548700
21900,-50,500,"sd","10:50:47",1548200
21950,0,400,"sd","10:50:42",1547700
21950,0,500,"sd","10:50:34",1547300
21950,0,100,"sd","10:50:28",1546800
21950,0,400,"sd","10:50:28",1546700
21950,0,500,"sd","10:50:21",1546300
21950,0,100,"sd","10:50:15",1545800
22000,50,100,"bu","10:50:14",1545700
21950,0,500,"sd","10:49:58",1545600
21950,0,300,"sd","10:49:51",1545100
21950,0,500,"sd","10:49:49",1544800
21950,0,500,"sd","10:49:48",1544300
21950,0,500,"sd","10:49:45",1543800
21950,0,200,"sd","10:49:42",1543300
21950,0,300,"sd","10:49:42",1543100
21950,0,500,"sd","10:49:39",1542800
21950,0,500,"sd","10:49:35",1542300
21950,0,500,"sd","10:49:31",1541800
21950,0,500,"sd","10:49:24",1541300
21950,0,500,"sd","10:49:18",1540800
21950,0,500,"sd","10:49:10",1540300
21950,0,10000,"sd","10:49:08",1539800
21950,0,500,"sd","10:48:46",1529800
21950,0,2000,"sd","10:48:15",1529300
21950,0,300,"sd","10:48:13",1527300
21950,0,500,"sd","10:48:11",1527000
21950,0,500,"sd","10:48:10",1526500
21950,0,500,"sd","10:48:08",1526000
21950,0,500,"sd","10:48:06",1525500
21950,0,500,"sd","10:48:02",1525000
21950,0,500,"sd","10:47:59",1524500
21950,0,500,"sd","10:47:54",1524000
21950,0,400,"sd","10:47:46",1523500
21950,0,500,"sd","10:47:46",1523100
21950,0,500,"sd","10:47:40",1522600
21950,0,500,"sd","10:47:33",1522100
21950,0,3000,"sd","10:47:18",1521600
21950,0,500,"sd","10:47:08",1518600
21950,0,300,"sd","10:47:01",1518100
21950,0,200,"sd","10:47:00",1517800
21950,0,2000,"sd","10:47:00",1517600
21950,0,500,"sd","10:46:59",1515600
21950,0,500,"sd","10:46:58",1515100
21950,0,500,"sd","10:46:56",1514600
21950,0,500,"sd","10:46:54",1514100
21950,0,500,"sd","10:46:50",1513600
21950,0,500,"bu","10:46:47",1513100
21950,0,500,"bu","10:46:47",1512600
21950,0,300,"bu","10:46:47",1512100
21950,0,100,"sd","10:46:35",1511800
21950,0,100,"sd","10:46:35",1511700
21950,0,500,"sd","10:46:34",1511600
21950,0,500,"sd","10:46:28",1511100
21950,0,500,"sd","10:46:26",1510600
21950,0,6200,"sd","10:46:22",1510100
21950,0,500,"sd","10:46:20",1503900
21950,0,200,"sd","10:45:56",1503400
21950,0,500,"sd","10:45:56",1503200
21950,0,300,"sd","10:45:48",1502700
21950,0,500,"sd","10:45:47",1502400
21950,0,500,"sd","10:45:45",1501900
21950,0,500,"sd","10:45:43",1501400
21950,0,500,"sd","10:45:41",1500900
21950,0,500,"sd","10:45:38",1500400
21950,0,7700,"sd","10:45:37",1499900
21950,0,500,"sd","10:45:35",1492200
21950,0,100,"sd","10:45:30",1491700
21950,0,300,"sd","10:45:30",1491600
21950,0,100,"sd","10:45:30",1491300
21950,0,500,"sd","10:45:23",1491200
21950,0,400,"sd","10:45:21",1490700
21950,0,600,"sd","10:45:21",1490300
21950,0,400,"sd","10:45:17",1489700
21950,0,100,"sd","10:45:17",1489300
21950,0,500,"sd","10:45:10",1489200
21950,0,500,"sd","10:44:46",1488700
21950,0,300,"sd","10:44:27",1488200
21950,0,500,"sd","10:44:25",1487900
21950,0,100,"sd","10:44:23",1487400
21950,0,400,"sd","10:44:23",1487300
21950,0,300,"sd","10:44:23",1486900
21950,0,500,"sd","10:44:21",1486600
21950,0,500,"sd","10:44:19",1486100
21950,0,500,"sd","10:44:16",1485600
21950,0,5300,"sd","10:44:16",1485100
21950,0,100,"sd","10:44:16",1479800
21950,0,20000,"sd","10:44:16",1479700
21950,0,600,"sd","10:44:16",1459700
21950,0,500,"sd","10:44:13",1459100
21950,0,500,"sd","10:44:08",1458600
21950,0,500,"sd","10:44:01",1458100
21950,0,100,"sd","10:43:57",1457600
21950,0,500,"sd","10:43:55",1457500
21950,0,500,"sd","10:43:47",1457000
21950,0,11800,"sd","10:43:24",1456500
21950,0,100,"sd","10:43:24",1444700
21950,0,25000,"sd","10:43:24",1444600
21950,0,500,"sd","10:43:24",1419600
21950,0,12600,"sd","10:43:24",1419100
21950,0,500,"sd","10:43:24",1406500
22000,50,10000,"bu","10:43:21",1406000
21950,0,300,"sd","10:43:13",1396000
21950,0,500,"sd","10:43:11",1395700
21950,0,500,"sd","10:43:10",1395200
21950,0,500,"sd","10:43:08",1394700
21950,0,500,"sd","10:43:06",1394200
21950,0,500,"sd","10:43:03",1393700
21950,0,500,"sd","10:42:59",1393200
21950,0,500,"sd","10:42:55",1392700
21950,0,500,"sd","10:42:47",1392200
21950,0,500,"sd","10:42:41",1391700
21950,0,500,"sd","10:42:33",1391200
21950,0,500,"sd","10:42:10",1390700
21950,0,300,"sd","10:42:02",1390200
21950,0,500,"sd","10:42:00",1389900
21950,0,500,"sd","10:41:59",1389400
21950,0,500,"sd","10:41:57",1388900
21950,0,500,"sd","10:41:55",1388400
21950,0,500,"sd","10:41:52",1387900
21950,0,500,"sd","10:41:49",1387400
21950,0,500,"sd","10:41:44",1386900
21950,0,500,"sd","10:41:37",1386400
21950,0,500,"sd","10:41:31",1385900
21950,0,500,"sd","10:41:24",1385400
21950,0,200,"sd","10:41:02",1384900
21950,0,500,"sd","10:41:02",1384700
21950,0,100,"sd","10:40:55",1384200
21950,0,200,"sd","10:40:55",1384100
21950,0,100,"sd","10:40:53",1383900
21950,0,400,"sd","10:40:53",1383800
21950,0,500,"sd","10:40:52",1383400
21950,0,500,"sd","10:40:50",1382900
21950,0,500,"sd","10:40:47",1382400
21950,0,500,"sd","10:40:45",1381900
21950,0,500,"sd","10:40:42",1381400
21950,0,500,"sd","10:40:36",1380900
21950,0,1000,"sd","10:40:29",1380400
21950,0,500,"sd","10:40:29",1379400
21950,0,400,"sd","10:40:23",1378900
21950,0,500,"sd","10:40:23",1378500
21950,0,500,"sd","10:40:15",1378000
21950,0,10000,"sd","10:40:03",1377500
21950,0,500,"sd","10:39:53",1367500
21950,0,300,"sd","10:39:48",1367000
21950,0,300,"sd","10:39:24",1366700
21950,0,500,"sd","10:39:23",1366400
21950,0,500,"sd","10:39:22",1365900
21950,0,500,"sd","10:39:20",1365400
21950,0,500,"sd","10:39:17",1364900
21950,0,500,"sd","10:39:14",1364400
21950,0,500,"sd","10:39:10",1363900
21950,0,200,"sd","10:39:08",1363400
21950,0,500,"sd","10:39:06",1363200
21950,0,500,"sd","10:38:59",1362700
22000,50,800,"bu","10:38:55",1362200
22000,50,30000,"bu","10:38:55",1361400
22000,50,800,"bu","10:38:55",1331400
22000,50,20000,"bu","10:38:55",1330600
22000,50,300,"bu","10:38:55",1310600
22000,50,100,"bu","10:38:55",1310300
22000,50,2000,"bu","10:38:55",1310200
22000,50,100,"bu","10:38:55",1308200
22000,50,4900,"bu","10:38:55",1308100
21950,0,500,"sd","10:38:53",1303200
21950,0,500,"sd","10:38:46",1302700
21950,0,200,"sd","10:38:25",1302200
21950,0,100,"sd","10:38:24",1302000
21950,0,500,"sd","10:38:23",1301900
21950,0,200,"sd","10:38:22",1301400
21950,0,300,"sd","10:38:12",1301200
21950,0,500,"sd","10:38:10",1300900
21950,0,500,"sd","10:38:09",1300400
21950,0,500,"sd","10:38:07",1299900
21950,0,500,"sd","10:38:04",1299400
21950,0,500,"sd","10:38:02",1298900
21950,0,500,"sd","10:37:58",1298400
21950,0,500,"sd","10:37:54",1297900
21950,0,500,"sd","10:37:46",1297400
21950,0,500,"sd","10:37:40",1296900
21950,0,500,"sd","10:37:33",1296400
21950,0,500,"bu","10:37:18",1295900
21950,0,500,"bu","10:37:18",1295400
21950,0,100,"bu","10:37:18",1294900
21900,-50,500,"sd","10:37:11",1294800
21900,-50,300,"sd","10:36:57",1294300
21900,-50,500,"sd","10:36:55",1294000
21900,-50,500,"sd","10:36:54",1293500
21900,-50,500,"sd","10:36:52",1293000
21900,-50,500,"sd","10:36:50",1292500
21900,-50,500,"sd","10:36:46",1292000
21900,-50,500,"sd","10:36:41",1291500
21900,-50,500,"sd","10:36:36",1291000
21950,0,200,"bu","10:36:29",1290500
21950,0,100,"sd","10:36:17",1290300
21950,0,200,"sd","10:36:17",1290200
21950,0,2400,"sd","10:36:17",1290000
21950,0,500,"sd","10:36:16",1287600
21950,0,500,"sd","10:35:52",1287100
21950,0,300,"sd","10:35:42",1286600
21950,0,300,"sd","10:35:41",1286300
21950,0,200,"sd","10:35:41",1286000
21950,0,500,"sd","10:35:40",1285800
21950,0,500,"sd","10:35:37",1285300
21950,0,500,"sd","10:35:35",1284800
21950,0,300,"sd","10:35:32",1284300
21950,0,200,"sd","10:35:32",1284000
21950,0,500,"sd","10:35:29",1283800
21950,0,500,"sd","10:35:24",1283300
21950,0,500,"sd","10:35:17",1282800
21950,0,500,"sd","10:35:11",1282300
21950,0,500,"sd","10:35:03",1281800
21950,0,3000,"bu","10:35:00",1281300
21950,0,2700,"bu","10:35:00",1278300
21950,0,600,"bu","10:35:00",1275600
21950,0,800,"bu","10:35:00",1275000
21950,0,200,"bu","10:35:00",1274200
21900,-50,300,"sd","10:34:44",1274000
21900,-50,500,"sd","10:34:40",1273700
21900,-50,300,"sd","10:34:03",1273200
21900,-50,500,"sd","10:34:02",1272900
21900,-50,500,"sd","10:34:01",1272400
21900,-50,500,"sd","10:33:59",1271900
21900,-50,500,"sd","10:33:56",1271400
21900,-50,500,"sd","10:33:53",1270900
21900,-50,500,"sd","10:33:50",1270400
21900,-50,100,"sd","10:33:48",1269900
21900,-50,500,"sd","10:33:45",1269800
21900,-50,500,"sd","10:33:38",1269300
21900,-50,500,"sd","10:33:32",1268800
21900,-50,500,"sd","10:33:24",1268300
21950,0,300,"sd","10:33:01",1267800
21950,0,3000,"bu","10:32:54",1267500
21950,0,1000,"bu","10:32:44",1264500
21900,-50,300,"sd","10:32:43",1263500
21900,-50,500,"sd","10:32:41",1263200
21900,-50,500,"sd","10:32:40",1262700
21900,-50,500,"sd","10:32:38",1262200
21900,-50,500,"sd","10:32:35",1261700
21900,-50,500,"sd","10:32:32",1261200
21900,-50,500,"sd","10:32:29",1260700
21900,-50,500,"sd","10:32:25",1260200
21950,0,1000,"sd","10:32:18",1259700
21950,0,500,"sd","10:32:17",1258700
21950,0,500,"sd","10:32:11",1258200
21950,0,400,"sd","10:32:09",1257700
21950,0,4100,"sd","10:32:09",1257300
21950,0,700,"sd","10:32:08",1253200
21950,0,500,"sd","10:32:04",1252500
21950,0,4300,"sd","10:31:53",1252000
21950,0,500,"sd","10:31:53",1247700
21950,0,200,"sd","10:31:53",1247200
21950,0,200,"sd","10:31:51",1247000
21950,0,2000,"bu","10:31:25",1246800
21950,0,100,"bu","10:31:25",1244800
21950,0,1000,"bu","10:31:25",1244700
21950,0,1200,"bu","10:31:25",1243700
21900,-50,500,"sd","10:31:23",1242500
21950,0,500,"bu","10:31:22",1242000
21900,-50,500,"sd","10:31:21",1241500
21900,-50,300,"sd","10:31:13",1241000
21950,0,200,"bu","10:31:10",1240700
21900,-50,500,"sd","10:31:10",1240500
21900,-50,500,"sd","10:31:09",1240000
21900,-50,500,"sd","10:31:07",1239500
21900,-50,500,"sd","10:31:05",1239000
21900,-50,500,"sd","10:31:02",1238500
21900,-50,500,"sd","10:30:58",1238000
21900,-50,500,"sd","10:30:54",1237500
21950,0,100,"sd","10:30:48",1237000
21950,0,200,"sd","10:30:48",1236900
21950,0,500,"sd","10:30:48",1236700
21950,0,400,"sd","10:30:48",1236200
21950,0,100,"sd","10:30:48",1235800
21950,0,100,"sd","10:30:46",1235700
21950,0,400,"sd","10:30:46",1235600
21950,0,500,"sd","10:30:40",1235200
21950,0,500,"sd","10:30:32",1234700
21950,0,3600,"sd","10:30:23",1234200
21950,0,1000,"sd","10:30:23",1230600
21950,0,100,"sd","10:30:23",1229600
21950,0,100,"sd","10:30:23",1229500
21950,0,1000,"sd","10:30:23",1229400
21950,0,500,"sd","10:30:23",1228400
