"price","change","match_qtty","side","time","total_vol"
25100,800,48600,"unknown","14:44:59",1060100
25000,700,800,"bu","14:29:51",1011500
25000,700,300,"bu","14:29:51",1010700
25000,700,200,"bu","14:29:51",1010400
25000,700,100,"bu","14:29:51",1010200
25000,700,2400,"bu","14:29:51",1010100
24950,650,200,"bu","14:29:51",1007700
24950,650,1000,"bu","14:29:51",1007500
24900,600,1000,"bu","14:29:03",1006500
24900,600,500,"bu","14:29:03",1005500
24900,600,700,"bu","14:29:03",1005000
24900,600,700,"bu","14:29:03",1004300
24900,600,1000,"bu","14:29:03",1003600
24900,600,500,"bu","14:29:03",1002600
24900,600,100,"bu","14:28:02",1002100
24850,550,700,"bu","14:27:44",1002000
24800,500,300,"bu","14:27:44",1001300
24800,500,200,"sd","14:26:40",1001000
24800,500,4500,"sd","14:26:40",1000800
24800,500,700,"sd","14:26:16",996300
24800,500,394800,"sd","14:26:03",995600
24800,500,5000,"sd","14:26:03",600800
24800,500,200,"sd","14:26:03",595800
24800,500,300,"unknown","14:25:07",595600
24800,500,200,"unknown","14:25:07",595300
24800,500,100,"bu","14:24:57",595100
24800,500,100,"sd","14:23:02",595000
24700,400,600,"sd","14:21:56",594900
24700,400,500,"sd","14:21:32",594300
24900,600,100,"bu","14:20:53",593800
24900,600,300,"bu","14:20:22",593700
24900,600,500,"bu","14:20:07",593400
24900,600,1000,"bu","14:19:57",592900
25000,700,2600,"sd","14:17:13",591900
25000,700,400,"bu","14:17:12",589300
25000,700,2000,"bu","14:17:12",588900
25000,700,100,"sd","14:17:08",586900
25000,700,6400,"sd","14:16:57",586800
25000,700,3000,"sd","14:16:34",580400
25000,700,100,"sd","14:15:52",577400
25000,700,500,"bu","14:15:25",577300
25000,700,1600,"bu","14:15:25",576800
24700,400,100,"sd","14:15:23",575200
24700,400,100,"sd","14:15:23",575100
24700,400,300,"sd","14:15:23",575000
25000,700,1400,"bu","14:15:17",574700
25000,700,100,"bu","14:15:17",573300
25000,700,1000,"bu","14:15:17",573200
25000,700,5000,"bu","14:15:17",572200
25000,700,2500,"bu","14:15:17",567200
24800,500,2000,"bu","14:15:17",564700
24800,500,3000,"sd","14:14:41",562700
25000,700,100,"bu","14:14:16",559700
25000,700,7400,"sd","14:13:57",559600
25000,700,2000,"sd","14:13:56",552200
25000,700,1000,"sd","14:13:49",550200
25000,700,1100,"sd","14:13:46",549200
25000,700,3500,"sd","14:13:41",548100
25000,700,2000,"sd","14:13:15",544600
25100,800,900,"bu","14:13:09",542600
25100,800,100,"bu","14:13:09",541700
25100,800,100,"bu","14:13:09",541600
25050,750,900,"bu","14:13:09",541500
25000,700,1000,"bu","14:12:56",540600
25000,700,100,"bu","14:12:56",539600
25000,700,100,"bu","14:12:56",539500
25000,700,100,"bu","14:12:56",539400
25000,700,4000,"bu","14:12:56",539300
25000,700,1000,"bu","14:12:56",535300
25000,700,200,"bu","14:12:56",534300
25000,700,1000,"bu","14:12:56",534100
25000,700,100,"bu","14:12:56",533100
25000,700,700,"bu","14:12:56",533000
25000,700,600,"bu","14:12:56",532300
25000,700,200,"bu","14:12:56",531700
24950,650,3000,"bu","14:12:56",531500
25000,700,500,"bu","14:12:56",523500
24950,650,5000,"bu","14:12:56",528500
24950,650,500,"bu","14:12:56",523000
24900,600,100,"bu","14:12:56",522500
24900,600,100,"bu","14:12:56",522400
24900,600,100,"bu","14:12:56",522300
24900,600,200,"bu","14:12:56",522200
24900,600,1000,"bu","14:12:56",522000
24900,600,1000,"bu","14:12:56",521000
24900,600,100,"bu","14:12:56",520000
24900,600,2300,"bu","14:12:56",519900
24900,600,400,"bu","14:12:14",517600
24900,600,2300,"bu","14:11:42",517200
24900,600,700,"bu","14:11:42",514900
24900,600,100,"bu","14:11:16",514200
24900,600,100,"bu","14:11:16",514100
24900,600,400,"bu","14:11:16",514000
24900,600,600,"bu","14:10:53",513600
24900,600,100,"bu","14:10:53",513000
24900,600,3000,"bu","14:10:53",512900
24850,550,300,"bu","14:10:53",509900
24850,550,1000,"bu","14:10:53",509600
24850,550,1000,"bu","14:10:53",508600
24850,550,400,"bu","14:10:53",507600
24850,550,100,"bu","14:10:53",507200
24800,500,1500,"sd","14:10:27",507100
24800,500,1000,"bu","14:10:23",505600
24800,500,300,"bu","14:10:23",504600
24800,500,200,"bu","14:10:23",504300
24800,500,9800,"bu","14:10:05",504100
24800,500,1000,"bu","14:10:05",494300
24800,500,400,"bu","14:10:05",493300
24800,500,100,"bu","14:10:05",492900
24800,500,3000,"bu","14:10:05",492800
24800,500,100,"bu","14:10:05",489800
24800,500,2000,"bu","14:10:05",489700
24800,500,100,"bu","14:10:05",487700
24750,450,1000,"bu","14:10:05",487600
24750,450,300,"bu","14:10:05",486600
24750,450,100,"bu","14:10:05",486300
24750,450,800,"bu","14:10:05",486200
24750,450,100,"bu","14:10:05",485400
24750,450,100,"bu","14:10:05",485300
24750,450,100,"bu","14:10:05",485200
24750,450,500,"bu","14:10:05",485100
24750,450,500,"bu","14:10:05",484600
24700,400,100,"sd","14:09:31",484100
24700,400,100,"sd","14:05:42",484000
24700,400,100,"bu","14:05:10",483900
24700,400,4000,"bu","14:05:10",483800
24750,450,100,"bu","14:01:07",479800
24700,400,1000,"sd","14:00:51",479700
24700,400,600,"bu","14:00:31",478700
24700,400,3000,"bu","14:00:30",478100
24700,400,2000,"bu","14:00:30",475100
24700,400,1000,"bu","14:00:30",473100
24700,400,1200,"bu","14:00:30",472100
24700,400,1000,"bu","14:00:30",470900
24700,400,1700,"bu","14:00:30",469900
24700,400,100,"bu","14:00:30",468200
24700,400,200,"bu","14:00:30",468100
24700,400,1200,"bu","14:00:30",467900
24700,400,2000,"bu","14:00:30",466700
24700,400,900,"bu","14:00:30",464700
24650,350,2000,"bu","14:00:30",463800
24650,350,1000,"bu","14:00:30",461800
24650,350,1000,"bu","14:00:30",460800
24650,350,100,"bu","14:00:30",459800
24600,300,500,"bu","13:59:43",459700
24600,300,100,"bu","13:59:43",459200
24600,300,300,"bu","13:59:43",459100
24450,150,500,"sd","13:58:06",458800
24450,150,700,"sd","13:57:49",458300
24500,200,1300,"sd","13:57:49",457600
24500,200,300,"sd","13:57:36",456300
24500,200,400,"sd","13:57:34",456000
24500,200,400,"sd","13:57:34",455600
24500,200,2600,"sd","13:57:23",455200
24500,200,2000,"sd","13:57:23",452600
24500,200,400,"sd","13:57:23",450600
24500,200,400,"sd","13:56:55",450200
24500,200,100,"sd","13:56:55",449800
24500,200,500,"sd","13:56:55",449700
24500,200,1000,"sd","13:56:13",449200
24600,300,100,"bu","13:55:29",448200
24550,250,1900,"sd","13:55:27",448100
24550,250,100,"sd","13:55:26",446200
24550,250,100,"sd","13:54:47",446100
24550,250,100,"sd","13:54:42",446000
24550,250,100,"sd","13:54:42",445900
24550,250,1000,"sd","13:54:42",445800
24550,250,100,"sd","13:54:42",444800
24550,250,2000,"sd","13:54:42",444700
24550,250,500,"bu","13:54:42",442700
24550,250,4100,"bu","13:54:42",442200
24550,250,600,"bu","13:51:42",438100
24500,200,100,"sd","13:51:19",437500
24500,200,500,"sd","13:51:19",437400
24500,200,400,"sd","13:51:19",436900
24500,200,400,"sd","13:49:25",436500
24500,200,500,"sd","13:49:09",436100
24500,200,200,"sd","13:48:47",435600
24500,200,500,"bu","13:48:41",435400
24450,150,1000,"sd","13:47:41",434900
24500,200,200,"bu","13:46:35",433900
24500,200,300,"sd","13:46:09",433700
24500,200,2700,"bu","13:45:43",433400
24500,200,900,"bu","13:44:48",430700
24500,200,1400,"bu","13:44:13",429800
24500,200,600,"bu","13:44:13",428400
24500,200,400,"bu","13:43:50",427800
24500,200,100,"bu","13:43:50",427400
24500,200,100,"bu","13:43:20",427300
24500,200,300,"bu","13:43:20",427200
24500,200,100,"bu","13:43:20",426900
24450,150,100,"sd","13:42:46",426800
24450,150,2100,"sd","13:42:38",426700
24450,150,400,"sd","13:41:15",424600
24450,150,1500,"sd","13:41:15",424200
24450,150,2000,"bu","13:40:11",422700
24450,150,200,"bu","13:40:09",420700
24450,150,500,"bu","13:40:03",420500
24400,100,14900,"sd","13:39:29",420000
24400,100,500,"sd","13:39:23",405100
24400,100,8000,"sd","13:39:17",404600
24450,150,1000,"bu","13:38:32",396600
24450,150,500,"bu","13:38:32",395600
24450,150,500,"bu","13:38:32",395100
24450,150,200,"bu","13:38:32",394600
24450,150,100,"sd","13:38:32",394400
24500,200,2000,"sd","13:37:52",394300
24500,200,100,"sd","13:37:52",392300
24500,200,2000,"sd","13:37:52",392200
24500,200,1000,"sd","13:37:52",390200
24500,200,200,"sd","13:37:39",389200
24500,200,8000,"sd","13:37:22",389000
24500,200,1800,"sd","13:37:18",381000
24500,200,1000,"sd","13:37:18",379200
24500,200,7200,"sd","13:37:18",378200
24500,200,3000,"sd","13:37:14",371000
24500,200,2300,"sd","13:37:07",368000
24500,200,10000,"sd","13:37:02",365700
24500,200,6600,"sd","13:36:53",355700
24500,200,300,"sd","13:36:50",349100
24550,250,200,"sd","13:36:05",348800
24550,250,500,"sd","13:36:05",348600
24550,250,1000,"sd","13:36:05",348100
24550,250,100,"sd","13:36:05",347100
24550,250,100,"sd","13:36:03",347000
24550,250,200,"sd","13:35:38",346900
24550,250,200,"sd","13:35:38",346700
24550,250,100,"sd","13:35:22",346500
24550,250,100,"sd","13:35:20",346400
24600,300,3000,"sd","13:34:45",346300
24650,350,100,"bu","13:30:48",343300
24550,250,14000,"bu","13:28:48",343200
24550,250,11000,"bu","13:28:48",329200
24550,250,1000,"bu","13:26:09",318200
24550,250,500,"bu","13:25:42",317200
24550,250,100,"bu","13:25:42",316700
24550,250,400,"bu","13:25:42",316600
24550,250,100,"bu","13:25:28",316200
24550,250,100,"bu","13:23:43",316100
24500,200,5000,"sd","13:23:39",316000
24500,200,100,"sd","13:23:24",311000
24500,200,400,"sd","13:22:50",310900
24500,200,5000,"bu","13:22:14",310500
24500,200,5000,"bu","13:22:14",305500
24500,200,4700,"bu","13:22:14",300500
24500,200,400,"bu","13:22:14",295800
24500,200,300,"bu","13:22:00",295400
24500,200,200,"bu","13:22:00",295100
24500,200,200,"bu","13:19:12",294900
24500,200,4600,"bu","13:19:03",294700
24500,200,3400,"bu","13:19:03",290100
24500,200,300,"sd","13:19:02",286700
24500,200,6300,"sd","13:19:02",286400
24500,200,20000,"sd","13:18:20",280100
24550,250,300,"bu","13:18:05",260100
24550,250,200,"bu","13:18:05",259800
24500,200,3000,"sd","13:17:55",259600
24500,200,2700,"bu","13:17:48",256600
24450,150,1000,"bu","13:17:48",253900
24450,150,400,"bu","13:17:47",252900
24450,150,1600,"bu","13:17:47",252500
24450,150,500,"bu","13:17:35",250900
24450,150,500,"bu","13:17:14",250400
24450,150,1000,"bu","13:16:55",249900
24450,150,1000,"sd","13:16:09",248900
24450,150,5400,"sd","13:16:09",247900
24450,150,600,"sd","13:15:22",242500
24450,150,400,"sd","13:15:22",241900
24450,150,100,"sd","13:14:12",241500
24500,200,300,"bu","13:14:08",241400
24450,150,500,"sd","13:13:50",241100
24450,150,1300,"sd","13:13:50",240600
24450,150,100,"sd","13:13:50",239300
24450,150,2000,"sd","13:13:50",239200
24450,150,500,"sd","13:13:50",237200
24450,150,2400,"sd","13:13:50",236700
24450,150,2000,"sd","13:13:50",234300
24450,150,1200,"sd","13:13:50",232300
24450,150,300,"sd","13:11:15",231100
24450,150,700,"sd","13:11:15",230800
24450,150,2300,"sd","13:11:07",230100
24450,150,500,"sd","13:11:07",227800
24450,150,100,"sd","13:11:07",227300
24450,150,100,"sd","13:11:07",227200
24450,150,100,"sd","13:10:02",227100
24450,150,1000,"sd","13:09:34",227000
24500,200,1000,"sd","13:07:26",226000
24500,200,300,"sd","13:07:26",225000
24500,200,100,"sd","13:07:26",224700
24500,200,100,"sd","13:07:26",224600
24500,200,100,"sd","13:07:26",224500
24500,200,300,"sd","13:07:26",224400
24500,200,400,"sd","13:07:26",224100
24500,200,2000,"sd","13:07:26",223700
24500,200,300,"sd","13:07:26",221700
24500,200,2400,"sd","13:07:26",221400
24500,200,100,"sd","13:07:26",219000
24500,200,200,"sd","13:07:26",218900
24500,200,300,"sd","13:06:59",218700
24550,250,1800,"bu","13:05:49",218400
24550,250,200,"bu","13:05:49",216600
24550,250,300,"bu","13:05:42",216400
24550,250,900,"sd","13:05:18",216100
24550,250,300,"sd","13:05:17",215200
24550,250,1400,"sd","13:05:17",214900
24550,250,200,"sd","13:05:17",213500
24550,250,100,"sd","13:05:17",213300
24550,250,1100,"sd","13:05:17",213200
24550,250,300,"sd","13:05:17",212100
24550,250,200,"sd","13:05:17",211800
24550,250,100,"sd","13:03:48",211600
24550,250,200,"sd","13:03:43",211500
24550,250,100,"sd","13:03:37",211300
24550,250,100,"sd","13:03:26",211200
24550,250,1100,"sd","13:03:20",211100
24550,250,100,"sd","13:03:17",210000
24550,250,200,"sd","13:03:08",209900
24550,250,1700,"sd","13:03:03",209700
24550,250,1000,"sd","13:03:03",208000
24550,250,200,"sd","13:03:00",207000
24550,250,200,"sd","13:02:50",206800
24550,250,200,"sd","13:02:22",206600
24550,250,400,"sd","13:01:58",206400
24600,300,100,"sd","13:01:58",206000
24600,300,400,"sd","13:01:50",205900
24600,300,1000,"sd","13:01:50",205500
24600,300,600,"sd","13:01:50",204500
24600,300,1400,"sd","13:01:18",203900
24600,300,100,"sd","13:01:18",202500
24600,300,200,"sd","13:01:06",202400
24700,400,100,"sd","13:00:46",202200
24700,400,1000,"sd","13:00:31",202100
24700,400,700,"sd","13:00:31",201100
24700,400,800,"sd","13:00:31",200400
24700,400,1000,"sd","13:00:14",199600
24700,400,500,"bu","13:00:08",198600
24700,400,1000,"bu","13:00:08",198100
24700,400,600,"bu","13:00:08",197100
24700,400,200,"bu","13:00:08",196500
24700,400,100,"bu","13:00:08",196300
24700,400,1500,"bu","13:00:08",196200
24700,400,800,"bu","13:00:08",194700
24700,400,100,"bu","13:00:08",193900
24700,400,200,"bu","13:00:08",193800
24700,400,400,"bu","13:00:08",193600
24650,350,1000,"bu","13:00:08",193200
24600,300,1000,"sd","13:00:02",192200
24600,300,1500,"sd","13:00:02",191200
24600,300,1000,"sd","13:00:01",189700
24700,400,1100,"bu","13:00:00",188700
24700,400,200,"bu","11:28:22",187600
24700,400,200,"bu","11:27:22",187400
24700,400,9000,"bu","11:24:06",187200
24650,350,700,"bu","11:24:06",178200
24650,350,4000,"bu","11:24:06",177500
24700,400,1100,"bu","11:24:06",173500
24700,400,200,"bu","11:24:06",172400
24600,300,2900,"bu","11:22:57",172200
24600,300,500,"bu","11:22:57",169300
24600,300,1800,"bu","11:22:57",168800
24600,300,300,"bu","11:22:12",167000
24600,300,200,"sd","11:19:23",166700
24600,300,200,"sd","11:19:23",166500
24600,300,1500,"sd","11:19:23",166300
24600,300,100,"sd","11:19:23",164800
24600,300,200,"sd","11:19:23",164700
24600,300,100,"sd","11:19:23",164500
24650,350,200,"sd","11:18:03",164400
24650,350,500,"sd","11:18:03",164200
24650,350,300,"sd","11:18:03",163700
24650,350,100,"sd","11:16:39",163400
24650,350,100,"bu","11:13:26",163300
24650,350,200,"bu","11:13:26",163200
24650,350,500,"bu","11:13:18",163000
24650,350,400,"bu","11:11:42",162500
24650,350,1700,"bu","11:11:15",162100
24650,350,1000,"bu","11:09:11",160400
24650,350,300,"bu","11:09:11",159400
24650,350,500,"bu","11:09:11",159100
24650,350,300,"bu","11:09:11",158600
24650,350,300,"bu","11:09:11",158300
24650,350,1500,"bu","11:05:06",158000
24650,350,100,"bu","11:04:35",156500
24650,350,100,"sd","11:04:05",156400
24650,350,8300,"sd","11:04:05",156300
24650,350,2100,"bu","11:03:08",148000
24650,350,500,"bu","11:02:51",145900
24650,350,500,"bu","11:02:25",145400
24650,350,900,"bu","11:01:26",144900
24650,350,1000,"bu","11:01:11",144000
24650,350,200,"bu","11:01:02",143000
24600,300,100,"sd","10:59:35",142800
24650,350,100,"sd","10:59:25",142700
24650,350,400,"sd","10:59:25",142600
24650,350,100,"sd","10:59:25",142200
24650,350,100,"sd","10:59:25",142100
24650,350,600,"sd","10:59:25",142000
24650,350,100,"sd","10:59:25",141400
24650,350,100,"sd","10:59:25",141300
24650,350,600,"sd","10:58:44",141200
24650,350,100,"sd","10:58:44",140600
24650,350,1300,"sd","10:58:44",140500
24650,350,700,"sd","10:58:24",139200
24650,350,200,"sd","10:58:24",138500
24650,350,300,"sd","10:58:24",138300
24650,350,800,"sd","10:58:24",138000
24700,400,2200,"bu","10:58:21",137200
24700,400,2000,"bu","10:58:21",135000
24700,400,500,"bu","10:58:21",133000
24700,400,300,"bu","10:58:21",132500
24700,400,100,"bu","10:57:52",132200
24700,400,400,"bu","10:57:52",132100
24700,400,300,"bu","10:57:52",131700
24700,400,100,"bu","10:56:54",131400
24700,400,100,"bu","10:56:26",131300
24700,400,200,"bu","10:55:27",131200
24700,400,500,"bu","10:55:27",131000
24700,400,300,"bu","10:55:27",130500
24700,400,1600,"bu","10:55:27",130200
24700,400,500,"bu","10:55:27",128600
24700,400,100,"bu","10:55:27",128100
24700,400,900,"bu","10:55:09",128000
24700,400,2500,"bu","10:54:31",127100
24700,400,300,"bu","10:54:31",124600
24700,400,200,"bu","10:54:28",124300
24700,400,200,"bu","10:54:27",124100
24700,400,1300,"bu","10:53:57",123900
24700,400,100,"bu","10:53:57",122600
24700,400,500,"bu","10:53:57",122500
24700,400,400,"bu","10:53:57",122000
24700,400,300,"bu","10:53:57",121600
24650,350,2000,"bu","10:49:54",121300
24650,350,100,"bu","10:49:54",119300
24650,350,1200,"bu","10:49:54",119200
24650,350,1500,"bu","10:49:34",118000
24650,350,2300,"bu","10:48:59",116500
24650,350,600,"bu","10:48:59",114200
24650,350,3000,"bu","10:40:38",113600
24650,350,100,"bu","10:40:38",110600
24650,350,1200,"bu","10:40:38",110500
24650,350,100,"sd","10:40:25",109300
24650,350,100,"bu","10:39:30",109200
24650,350,500,"bu","10:39:30",109100
24650,350,1100,"bu","10:39:30",108600
24600,300,300,"sd","10:39:01",107500
24600,300,7400,"sd","10:32:41",107200
24600,300,2000,"sd","10:32:41",99800
24600,300,600,"sd","10:32:41",97800
24700,400,100,"bu","10:30:29",97200
24600,300,100,"sd","10:29:23",97100
24600,300,100,"sd","10:29:23",97000
24600,300,4200,"sd","10:29:23",96900
24600,300,1000,"bu","10:29:23",92700
24600,300,2700,"bu","10:27:36",91700
24600,300,1400,"bu","10:27:14",89000
24550,250,2000,"sd","10:25:32",87600
24550,250,1000,"sd","10:24:41",85600
24550,250,900,"sd","10:24:41",84600
24550,250,100,"sd","10:24:41",83700
24550,250,100,"sd","10:24:03",83600
24550,250,100,"sd","10:23:59",83500
24550,250,300,"sd","10:19:35",83400
24550,250,1000,"sd","10:19:35",83100
24550,250,500,"sd","10:19:35",82100
24600,300,1700,"bu","10:12:38",81600
24600,300,100,"bu","10:12:38",79900
24600,300,300,"bu","10:12:38",79800
24600,300,500,"bu","10:12:38",79500
24600,300,100,"bu","10:12:38",79000
24600,300,300,"bu","10:12:38",78900
24600,300,7200,"bu","10:07:59",78600
24600,300,2800,"bu","10:07:59",71400
24600,300,100,"bu","10:07:02",68600
24550,250,300,"bu","10:07:02",68500
24550,250,100,"bu","10:07:02",68200
24500,200,100,"bu","10:03:45",68100
24500,200,2400,"bu","10:03:45",68000
24500,200,500,"bu","10:03:01",65600
24500,200,800,"bu","10:01:15",65100
24500,200,2000,"bu","09:59:54",64300
24450,150,500,"sd","09:58:31",62300
24450,150,3300,"sd","09:58:23",61800
24450,150,2000,"sd","09:58:23",58500
24450,150,4200,"sd","09:58:23",56500
24450,150,100,"sd","09:58:23",52300
24450,150,400,"sd","09:58:23",52200
24500,200,1500,"bu","09:56:42",51800
24500,200,100,"bu","09:56:14",50300
24500,200,100,"bu","09:56:09",50200
24500,200,2000,"bu","09:56:09",50100
24500,200,100,"bu","09:56:09",48100
24500,200,100,"bu","09:56:09",48000
24500,200,4400,"bu","09:56:09",47900
24500,200,600,"sd","09:53:33",43500
24500,200,400,"sd","09:53:33",42900
24600,300,200,"bu","09:53:32",42500
24600,300,1000,"bu","09:53:15",42300
24600,300,300,"bu","09:51:05",41300
24700,400,100,"bu","09:48:44",41000
24650,350,100,"bu","09:48:44",40900
24650,350,200,"bu","09:48:44",40800
24650,350,100,"bu","09:48:44",40600
24600,300,100,"bu","09:48:44",40500
24600,300,100,"bu","09:48:44",40400
24500,200,1400,"sd","09:48:39",40300
24500,200,100,"sd","09:48:14",38900
24600,300,100,"bu","09:45:55",38800
24550,250,100,"bu","09:45:55",38700
24500,200,4500,"sd","09:45:44",38600
24500,200,400,"sd","09:45:39",34100
24500,200,9000,"bu","09:45:32",33700
24500,200,1900,"bu","09:45:32",24700
24450,150,2700,"bu","09:45:32",22800
24450,150,1000,"sd","09:45:04",20100
24450,150,100,"sd","09:45:04",19100
24450,150,200,"sd","09:45:04",19000
24500,200,2500,"bu","09:43:08",18800
24500,200,4000,"bu","09:42:06",16300
24500,200,1600,"bu","09:41:24",12300
24500,200,100,"bu","09:41:24",10700
24500,200,100,"bu","09:41:24",10600
24500,200,200,"bu","09:41:24",10500
24500,200,100,"bu","09:40:50",10300
24450,150,100,"bu","09:40:22",10200
24450,150,100,"bu","09:40:22",10100
24450,150,100,"bu","09:40:22",10000
24450,150,100,"bu","09:40:22",9900
24450,150,1000,"bu","09:40:22",9800
24450,150,500,"bu","09:40:22",8800
24450,150,200,"bu","09:40:15",8300
24450,150,100,"bu","09:38:54",8100
24450,150,100,"bu","09:35:36",8000
24450,150,1000,"bu","09:35:36",7900
24450,150,500,"bu","09:32:22",6900
24450,150,1000,"bu","09:29:53",6400
24450,150,100,"bu","09:29:09",5400
24400,100,200,"sd","09:27:41",5300
24400,100,100,"bu","09:27:39",5100
24400,100,2100,"bu","09:27:39",5000
24400,100,200,"bu","09:23:12",2900
24400,100,400,"bu","09:22:42",2700
24450,150,100,"bu","09:20:50",2300
24300,0,100,"sd","09:17:05",2200
24300,0,300,"sd","09:17:05",2100
24450,150,200,"bu","09:16:19",1800
24450,150,100,"bu","09:15:45",1600
24300,0,1400,"sd","09:15:27",1500
24300,0,100,"sd","09:14:59",100
