"price","change","match_qtty","side","time","total_vol"
8500,-110,5500,"bu","14:45:01",39100
8500,-110,2000,"sd","14:25:48",33600
8500,-110,1500,"sd","14:25:48",31600
8600,-10,1300,"sd","14:12:23",30100
8600,-10,1000,"sd","14:12:07",28800
8600,-10,1000,"sd","14:11:39",27800
8600,-10,200,"bu","14:06:12",26800
8600,-10,1800,"bu","14:04:38",26600
8600,-10,400,"bu","14:03:14",24800
8600,-10,500,"bu","14:03:14",24400
8600,-10,100,"bu","14:03:14",23900
8350,-260,1000,"sd","13:54:18",23800
8350,-260,500,"sd","13:54:18",22800
8340,-270,200,"bu","13:52:14",22300
8330,-280,1000,"sd","13:51:45",22100
8340,-270,500,"bu","13:51:37",21100
8320,-290,400,"bu","13:43:04",20600
8320,-290,2000,"bu","13:42:50",20200
8320,-290,2000,"bu","13:42:22",18200
8320,-290,100,"bu","13:42:03",16200
8310,-300,300,"sd","13:41:03",16100
8310,-300,500,"sd","13:41:03",15800
8320,-290,100,"sd","13:39:42",15300
8320,-290,100,"sd","13:39:42",15200
8320,-290,1000,"sd","13:39:42",15100
8500,-110,300,"bu","13:39:00",14100
8500,-110,200,"bu","13:38:43",13800
8490,-120,100,"bu","13:38:43",13600
8500,-110,400,"sd","13:37:49",13500
8500,-110,600,"sd","13:34:47",13100
8500,-110,400,"sd","13:34:47",12500
8530,-80,500,"unknown","13:17:24",12100
8570,-40,900,"sd","13:17:24",11600
8570,-40,200,"sd","13:17:24",10700
8570,-40,200,"sd","13:17:24",10500
8570,-40,100,"sd","13:17:24",10300
8580,-30,100,"sd","13:17:24",10200
8650,40,100,"sd","11:02:59",10100
8650,40,1000,"bu","11:01:26",10000
8650,40,100,"bu","11:01:26",9000
8570,-40,300,"sd","10:38:34",8900
8570,-40,100,"sd","10:38:34",8600
8580,-30,100,"sd","10:38:20",8500
8580,-30,1000,"sd","10:13:49",8400
8690,80,100,"sd","10:02:52",7400
8690,80,300,"sd","10:02:47",7300
8690,80,100,"sd","10:01:21",7000
8690,80,1000,"bu","10:01:09",6900
8660,50,1700,"sd","09:52:23",5900
8660,50,2300,"bu","09:51:17",4200
8650,40,200,"bu","09:51:17",1900
8650,40,100,"bu","09:51:17",1700
8610,0,200,"bu","09:51:17",1600
8610,0,100,"bu","09:46:10",1400
8570,-40,100,"sd","09:45:47",1300
8610,0,500,"sd","09:44:24",1200
8610,0,100,"sd","09:44:24",700
8610,0,100,"sd","09:44:24",600
8610,0,500,"sd","09:20:35",500
