"price","change","match_qtty","side","time","total_vol"
40000,-500,24100,"unknown","14:45:00",134900
40100,-400,500,"bu","14:28:06",110800
39900,-600,100,"sd","14:23:03",110300
39900,-600,200,"sd","14:23:03",110200
40000,-500,100,"bu","14:22:25",110000
39900,-600,300,"sd","14:21:20",109900
39900,-600,500,"sd","14:21:20",109600
39900,-600,100,"sd","14:21:20",109100
40000,-500,100,"sd","14:20:01",109000
39900,-600,400,"unknown","14:16:01",108900
39900,-600,200,"sd","14:15:47",108500
39900,-600,1400,"bu","14:14:20",108300
39800,-700,4700,"sd","14:13:46",106900
39800,-700,100,"sd","14:13:46",102200
39800,-700,200,"sd","14:13:46",102100
39900,-600,100,"sd","14:13:19",101900
39900,-600,200,"bu","14:11:19",101800
39800,-700,400,"sd","14:09:38",101600
39850,-650,100,"sd","14:09:38",101200
39800,-700,100,"sd","14:09:38",101100
39900,-600,100,"bu","14:09:15",101000
39900,-600,100,"sd","14:07:59",100900
39900,-600,400,"bu","14:06:26",100800
39900,-600,600,"bu","14:06:26",100400
39850,-650,100,"bu","14:05:34",99800
39850,-650,100,"bu","14:04:27",99700
39850,-650,100,"sd","14:04:00",99600
39900,-600,200,"bu","14:03:26",99500
39900,-600,200,"bu","14:03:20",99300
39900,-600,300,"sd","14:03:15",99100
39900,-600,600,"sd","14:01:42",98800
39900,-600,200,"sd","14:00:13",98200
39850,-650,200,"sd","13:56:36",98000
39850,-650,500,"sd","13:56:36",97800
40000,-500,1000,"sd","13:56:22",97300
40000,-500,100,"bu","13:55:26",96300
40000,-500,100,"bu","13:53:36",96200
40000,-500,200,"bu","13:52:44",96100
40000,-500,400,"bu","13:52:44",95900
40000,-500,1000,"bu","13:52:44",95500
40000,-500,100,"bu","13:52:44",94500
40000,-500,700,"bu","13:52:11",94400
39900,-600,100,"bu","13:47:33",93700
39900,-600,400,"bu","13:45:56",93600
39900,-600,400,"bu","13:45:56",93200
39850,-650,100,"bu","13:44:23",92800
39850,-650,200,"sd","13:43:58",92700
39800,-700,100,"sd","13:40:19",92500
39700,-800,200,"sd","13:39:58",92400
39900,-600,100,"bu","13:39:49",92200
39700,-800,1400,"sd","13:38:35",92100
39800,-700,100,"bu","13:38:13",90700
39800,-700,400,"sd","13:37:18",90600
39800,-700,400,"sd","13:37:18",90200
39800,-700,100,"sd","13:37:18",89800
39800,-700,100,"sd","13:37:18",89700
39800,-700,200,"sd","13:37:18",89600
39800,-700,200,"sd","13:37:18",89400
39800,-700,1000,"sd","13:37:18",89200
39800,-700,400,"sd","13:37:18",88200
39800,-700,100,"sd","13:35:57",87800
39800,-700,300,"sd","13:35:57",87700
39800,-700,200,"sd","13:35:39",87400
39800,-700,100,"sd","13:35:39",87200
39800,-700,100,"sd","13:35:25",87100
39800,-700,900,"sd","13:35:25",87000
39800,-700,100,"sd","13:33:49",86100
39800,-700,100,"sd","13:33:49",86000
39800,-700,800,"sd","13:33:49",85900
39900,-600,200,"bu","13:33:16",85100
39800,-700,200,"sd","13:26:02",84900
40000,-500,400,"bu","13:24:58",84700
39900,-600,100,"bu","13:24:58",84300
39900,-600,200,"bu","13:24:41",84200
39900,-600,400,"bu","13:24:41",84000
39900,-600,400,"bu","13:24:41",83600
39700,-800,400,"sd","13:23:55",83200
39900,-600,500,"bu","13:22:36",82800
39900,-600,100,"bu","13:21:56",82300
39700,-800,300,"sd","13:19:56",82200
39700,-800,1000,"sd","13:19:47",81900
39700,-800,500,"sd","13:19:35",80900
39700,-800,100,"sd","13:19:35",80400
39700,-800,600,"sd","13:19:35",80300
39700,-800,2400,"sd","13:19:35",79700
39700,-800,500,"sd","13:19:35",77300
39700,-800,100,"sd","13:18:55",76800
39700,-800,1400,"sd","13:18:55",76700
39750,-750,200,"sd","13:18:55",75300
39700,-800,1400,"sd","13:18:55",75100
39700,-800,400,"sd","13:15:55",73700
39700,-800,200,"sd","13:11:55",73300
39700,-800,100,"sd","13:11:55",73100
39700,-800,100,"sd","13:11:55",73000
39650,-850,400,"sd","13:07:55",72900
39650,-850,1200,"sd","13:07:51",72500
39650,-850,400,"sd","13:07:51",71300
39650,-850,100,"sd","13:07:51",70900
39700,-800,2000,"sd","13:07:51",70800
39950,-550,300,"bu","13:05:57",68800
39700,-800,200,"bu","13:05:00",68500
39700,-800,300,"sd","13:03:54",68300
39600,-900,100,"sd","11:29:50",68000
39600,-900,400,"sd","11:29:50",67900
39600,-900,300,"sd","11:29:31",67500
39600,-900,300,"sd","11:29:20",67200
39500,-1000,600,"sd","11:25:51",66900
39500,-1000,100,"sd","11:25:51",66300
39500,-1000,100,"sd","11:25:51",66200
39500,-1000,100,"sd","11:25:51",66100
39500,-1000,100,"sd","11:25:51",66000
39500,-1000,1000,"sd","11:25:51",65900
39300,-1200,100,"sd","11:22:35",64900
39300,-1200,2400,"sd","11:22:25",64800
39300,-1200,2100,"sd","11:22:25",62400
40000,-500,500,"sd","11:22:25",60300
39300,-1200,1900,"sd","11:22:18",59800
39500,-1000,100,"sd","11:22:18",57900
39500,-1000,100,"sd","11:22:18",57800
39550,-950,300,"sd","11:22:18",57700
39600,-900,300,"sd","11:22:18",57400
39750,-750,500,"sd","11:22:18",57100
39850,-650,500,"sd","11:22:18",56600
39850,-650,100,"sd","11:22:17",56100
39900,-600,100,"sd","11:22:17",56000
39900,-600,100,"sd","11:22:17",55900
39950,-550,3000,"sd","11:22:17",55800
40000,-500,100,"sd","11:22:17",52800
40000,-500,300,"sd","11:22:17",52700
40000,-500,5000,"sd","11:22:17",52400
40000,-500,200,"sd","11:22:17",47400
40000,-500,2000,"sd","11:22:17",47200
40000,-500,200,"sd","11:22:17",45200
40000,-500,100,"sd","11:22:17",45000
40000,-500,100,"sd","11:22:17",44900
40000,-500,1000,"sd","11:22:17",44800
40000,-500,100,"sd","11:22:17",43800
40000,-500,3000,"sd","11:22:17",43700
40000,-500,200,"sd","11:22:17",40700
40050,-450,100,"sd","11:22:17",40500
40000,-500,2700,"sd","11:22:17",40400
40050,-450,100,"sd","11:22:17",37700
40000,-500,100,"sd","11:22:17",37600
40050,-450,200,"sd","11:22:17",37500
40050,-450,2300,"sd","11:22:17",37300
40050,-450,4000,"sd","11:22:17",34500
40000,-500,500,"sd","11:22:17",35000
40000,-500,500,"sd","11:22:17",30500
40000,-500,200,"sd","11:22:17",30000
40100,-400,100,"sd","11:22:06",29800
40100,-400,100,"sd","11:22:06",29700
40100,-400,100,"sd","11:22:06",29600
40100,-400,100,"sd","11:22:06",29500
40150,-350,100,"sd","11:22:06",29400
40350,-150,400,"bu","11:15:39",29300
40300,-200,600,"bu","11:15:39",28900
40100,-400,100,"sd","11:15:25",28300
40100,-400,100,"sd","11:15:25",28200
40100,-400,100,"sd","11:15:25",28100
40150,-350,100,"sd","11:13:53",28000
40150,-350,200,"sd","11:13:53",27900
40150,-350,300,"bu","11:10:17",27700
40150,-350,100,"bu","11:09:52",27400
40150,-350,200,"sd","11:05:52",27300
40150,-350,100,"sd","11:05:52",27100
40150,-350,100,"sd","11:05:52",27000
40200,-300,100,"sd","11:04:58",26900
40200,-300,200,"sd","11:04:57",26800
40350,-150,200,"bu","11:01:39",26600
40200,-300,1000,"bu","11:01:26",26400
40200,-300,100,"bu","11:00:21",25400
40200,-300,100,"sd","11:00:20",25300
40200,-300,200,"sd","11:00:20",25200
40200,-300,100,"sd","11:00:20",25000
40200,-300,100,"sd","11:00:20",24900
40200,-300,200,"sd","11:00:20",24800
40200,-300,100,"sd","11:00:20",24600
40200,-300,1700,"sd","11:00:20",24500
40200,-300,300,"sd","11:00:20",22800
40200,-300,100,"sd","11:00:20",22500
40350,-150,100,"bu","10:57:47",22400
40350,-150,100,"bu","10:56:51",22300
40250,-250,200,"sd","10:54:01",22200
40250,-250,300,"sd","10:53:50",22000
40250,-250,100,"sd","10:53:50",21700
40250,-250,400,"sd","10:49:51",21600
40300,-200,100,"bu","10:46:19",21200
40300,-200,100,"sd","10:45:50",21100
40300,-200,100,"sd","10:45:50",21000
40300,-200,100,"bu","10:42:22",20900
40300,-200,100,"sd","10:41:50",20800
40300,-200,100,"sd","10:41:50",20700
40300,-200,100,"sd","10:41:50",20600
40300,-200,200,"sd","10:37:49",20500
40300,-200,100,"sd","10:37:49",20300
40300,-200,100,"sd","10:34:30",20200
40300,-200,400,"sd","10:33:49",20100
40350,-150,100,"sd","10:33:14",19700
40350,-150,100,"sd","10:33:14",19600
40350,-150,100,"sd","10:33:14",19500
40350,-150,100,"sd","10:33:14",19400
40350,-150,100,"sd","10:33:14",19300
40350,-150,100,"sd","10:33:14",19200
40300,-200,100,"sd","10:29:48",19100
40300,-200,100,"sd","10:29:48",19000
40300,-200,100,"sd","10:29:48",18900
40300,-200,100,"sd","10:29:48",18800
40300,-200,100,"sd","10:25:49",18700
40300,-200,200,"sd","10:25:49",18600
40300,-200,100,"sd","10:21:47",18400
40300,-200,100,"sd","10:21:47",18300
40300,-200,200,"sd","10:21:47",18200
40300,-200,100,"sd","10:17:49",18000
40300,-200,100,"sd","10:17:49",17900
40300,-200,100,"sd","10:17:49",17800
40300,-200,400,"sd","10:13:47",17700
40300,-200,200,"sd","10:09:47",17300
40300,-200,200,"sd","10:09:47",17100
40400,-100,100,"unknown","10:08:01",16900
40400,-100,200,"unknown","10:08:01",16800
40400,-100,100,"unknown","10:08:01",16600
40400,-100,100,"sd","10:08:01",16500
40400,-100,200,"sd","10:05:46",16400
40400,-100,100,"sd","10:05:46",16200
40400,-100,100,"sd","10:01:46",16100
40400,-100,200,"sd","10:01:46",16000
40400,-100,100,"sd","10:01:46",15800
40500,0,200,"sd","09:58:56",15700
40500,0,500,"sd","09:58:56",15500
40500,0,500,"sd","09:58:55",15000
40500,0,400,"sd","09:58:55",14500
40500,0,2000,"sd","09:58:55",14100
40500,0,1000,"sd","09:58:55",12100
40500,0,600,"sd","09:58:55",11100
40500,0,100,"sd","09:58:55",10500
40500,0,400,"sd","09:58:55",10400
40500,0,300,"sd","09:58:55",10000
40500,0,100,"sd","09:58:55",9700
40550,50,100,"sd","09:57:45",9600
40550,50,100,"sd","09:57:45",9500
40550,50,400,"sd","09:53:46",9400
40550,50,300,"sd","09:52:35",9000
40550,50,700,"sd","09:52:34",8700
40550,50,500,"sd","09:52:34",8000
40550,50,500,"sd","09:52:34",7500
40600,100,100,"sd","09:52:34",7000
40600,100,200,"sd","09:51:55",6900
40600,100,100,"sd","09:50:50",6700
40600,100,400,"sd","09:49:45",6600
40600,100,100,"bu","09:46:48",6200
40600,100,500,"sd","09:46:22",6100
40600,100,300,"sd","09:45:44",5600
40600,100,200,"sd","09:41:44",5300
40600,100,100,"sd","09:41:44",5100
40600,100,100,"sd","09:41:44",5000
40700,200,100,"bu","09:34:17",4900
40700,200,200,"bu","09:34:17",4800
40700,200,500,"bu","09:34:17",4600
40700,200,200,"bu","09:34:17",4100
40700,200,100,"bu","09:33:17",3900
40700,200,200,"bu","09:29:53",3800
40700,200,800,"bu","09:29:53",3600
40700,200,100,"bu","09:25:38",2800
40700,200,100,"bu","09:25:34",2700
40700,200,200,"bu","09:23:16",2600
40700,200,500,"bu","09:20:07",2400
40700,200,100,"bu","09:20:07",1900
40700,200,400,"bu","09:20:07",1800
40700,200,100,"bu","09:18:06",1400
40550,50,200,"sd","09:15:45",1300
41000,500,1100,"bu","09:15:00",1100
