"price","change","match_qtty","side","time","total_vol"
3860,-70,135800,"unknown","14:45:00",4765900
3870,-60,400,"sd","14:29:47",4630100
3880,-50,100,"bu","14:29:31",4629700
3880,-50,300,"bu","14:29:21",4629600
3880,-50,10000,"bu","14:29:07",4629300
3880,-50,5000,"bu","14:29:07",4619300
3870,-60,4700,"sd","14:28:55",4614300
3870,-60,1000,"sd","14:28:45",4609600
3870,-60,500,"sd","14:28:30",4608600
3870,-60,300,"sd","14:27:59",4608100
3880,-50,200,"bu","14:27:44",4607800
3870,-60,3000,"sd","14:27:06",4607600
3870,-60,1000,"bu","14:26:49",4604600
3870,-60,34800,"bu","14:26:49",4603600
3870,-60,100,"bu","14:26:43",4568800
3870,-60,200,"bu","14:26:35",4568700
3860,-70,2000,"bu","14:26:06",4568500
3860,-70,3900,"bu","14:26:06",4566500
3860,-70,900,"bu","14:26:04",4562600
3860,-70,1000,"bu","14:26:03",4561700
3860,-70,100,"bu","14:25:59",4560700
3860,-70,300,"bu","14:25:58",4560600
3860,-70,100,"bu","14:25:58",4560300
3860,-70,3700,"bu","14:25:55",4560200
3860,-70,6300,"bu","14:25:55",4556500
3860,-70,1000,"bu","14:25:53",4550200
3850,-80,100,"sd","14:25:45",4549200
3850,-80,8000,"sd","14:25:45",4549100
3850,-80,300,"sd","14:25:45",4541100
3850,-80,1000,"sd","14:25:45",4540800
3850,-80,600,"sd","14:25:45",4539800
3860,-70,2000,"bu","14:25:37",4539200
3850,-80,1000,"sd","14:25:31",4537200
3860,-70,300,"bu","14:25:28",4536200
3860,-70,200,"bu","14:25:22",4535900
3860,-70,100,"bu","14:25:00",4535700
3860,-70,100,"bu","14:24:44",4535600
3850,-80,400,"sd","14:24:27",4535500
3850,-80,100,"sd","14:24:27",4535100
3850,-80,500,"sd","14:24:27",4535000
3850,-80,3200,"sd","14:24:27",4534500
3860,-70,2000,"bu","14:24:19",4531300
3860,-70,2000,"sd","14:24:04",4529300
3860,-70,2000,"sd","14:24:04",4527300
3860,-70,500,"sd","14:24:04",4525300
3860,-70,1200,"sd","14:24:03",4524800
3860,-70,500,"sd","14:24:03",4523600
3860,-70,300,"sd","14:24:03",4523100
3860,-70,100,"sd","14:24:03",4522800
3860,-70,1400,"sd","14:24:03",4522700
3860,-70,1100,"sd","14:23:48",4521300
3860,-70,2000,"sd","14:23:15",4520200
3860,-70,2500,"sd","14:23:15",4518200
3860,-70,3000,"sd","14:23:15",4515700
3860,-70,100,"sd","14:23:15",4512700
3860,-70,3500,"sd","14:23:15",4512600
3860,-70,700,"sd","14:23:15",4509100
3860,-70,1100,"sd","14:23:15",4508400
3860,-70,2000,"sd","14:23:15",4507300
3860,-70,1100,"sd","14:23:15",4505300
3860,-70,100,"sd","14:23:15",4504200
3860,-70,1000,"sd","14:23:15",4504100
3860,-70,300,"sd","14:23:15",4503100
3860,-70,2500,"sd","14:23:00",4502800
3860,-70,1000,"sd","14:23:00",4500300
3860,-70,6000,"sd","14:23:00",4499300
3860,-70,5000,"sd","14:23:00",4493300
3860,-70,1000,"sd","14:23:00",4488300
3860,-70,1000,"sd","14:23:00",4487300
3860,-70,1000,"sd","14:23:00",4486300
3860,-70,1000,"sd","14:23:00",4485300
3860,-70,1500,"sd","14:23:00",4484300
3860,-70,1500,"sd","14:22:56",4482800
3860,-70,100,"sd","14:22:56",4481300
3860,-70,100,"sd","14:22:56",4481200
3860,-70,200,"sd","14:22:56",4481100
3860,-70,200,"sd","14:22:56",4480900
3860,-70,7900,"sd","14:22:56",4480700
3860,-70,8700,"sd","14:22:54",4472800
3870,-60,300,"bu","14:22:47",4464100
3870,-60,200,"bu","14:22:39",4463800
3860,-70,3400,"sd","14:22:34",4463600
3860,-70,100,"sd","14:22:34",4460200
3860,-70,500,"sd","14:22:34",4460100
3860,-70,2200,"sd","14:22:34",4459600
3860,-70,30000,"sd","14:22:34",4457400
3860,-70,500,"sd","14:22:34",4427400
3860,-70,1000,"sd","14:22:34",4426900
3860,-70,3000,"sd","14:22:33",4425900
3860,-70,9300,"sd","14:22:33",4422900
3870,-60,12000,"bu","14:22:19",4413600
3870,-60,1000,"bu","14:22:11",4401600
3870,-60,200,"bu","14:22:05",4400600
3870,-60,300,"bu","14:21:45",4400400
3870,-60,900,"bu","14:21:15",4400100
3870,-60,100,"bu","14:21:15",4399200
3870,-60,100,"bu","14:21:06",4399100
3870,-60,1000,"sd","14:21:04",4399000
3870,-60,900,"sd","14:21:04",4398000
3870,-60,100,"sd","14:21:04",4397100
3870,-60,500,"sd","14:21:04",4397000
3870,-60,1000,"sd","14:21:04",4396500
3870,-60,100,"sd","14:21:04",4395500
3870,-60,400,"sd","14:21:04",4395400
3870,-60,1000,"sd","14:21:04",4395000
3870,-60,500,"sd","14:21:04",4394000
3870,-60,500,"sd","14:21:04",4393500
3870,-60,500,"sd","14:21:04",4393000
3870,-60,400,"sd","14:21:04",4392500
3870,-60,192900,"sd","14:21:04",4392100
3870,-60,10000,"sd","14:20:57",4199200
3880,-50,300,"bu","14:20:30",4189200
3880,-50,200,"bu","14:20:30",4188900
3880,-50,100,"bu","14:20:30",4188700
3880,-50,100,"bu","14:20:30",4188600
3870,-60,3000,"sd","14:20:07",4188500
3880,-50,100,"bu","14:20:06",4185500
3870,-60,2000,"sd","14:19:56",4185400
3870,-60,1000,"sd","14:19:49",4183400
3880,-50,100,"bu","14:19:41",4182400
3880,-50,2000,"bu","14:19:38",4182300
3880,-50,1000,"bu","14:19:25",4180300
3880,-50,1000,"bu","14:19:22",4179300
3880,-50,700,"bu","14:19:16",4178300
3880,-50,300,"bu","14:19:16",4177600
3880,-50,700,"bu","14:19:16",4177300
3880,-50,100,"bu","14:19:12",4176600
3880,-50,2000,"bu","14:19:09",4176500
3880,-50,4700,"bu","14:18:43",4174500
3880,-50,200,"bu","14:18:43",4169800
3880,-50,1000,"bu","14:18:43",4169600
3880,-50,3000,"bu","14:18:43",4168600
3880,-50,1000,"bu","14:18:43",4165600
3880,-50,100,"bu","14:18:43",4164600
3880,-50,300,"bu","14:18:36",4164500
3880,-50,100,"bu","14:18:32",4164200
3870,-60,2600,"sd","14:18:15",4164100
3880,-50,400,"bu","14:18:06",4161500
3880,-50,100,"bu","14:17:43",4161100
3870,-60,15200,"sd","14:17:24",4161000
3870,-60,50000,"sd","14:16:26",4145800
3870,-60,4000,"bu","14:16:17",4095800
3870,-60,19300,"bu","14:16:17",4091800
3860,-70,1000,"sd","14:16:04",4072500
3870,-60,700,"sd","14:15:54",4071500
3870,-60,500,"sd","14:15:40",4070800
3870,-60,1000,"sd","14:15:40",4070300
3870,-60,1000,"sd","14:15:40",4069300
3870,-60,100,"sd","14:15:40",4068300
3870,-60,2200,"sd","14:15:40",4068200
3870,-60,5000,"sd","14:15:10",4066000
3870,-60,10000,"sd","14:15:04",4061000
3870,-60,2000,"sd","14:14:44",4051000
3870,-60,2500,"sd","14:14:38",4049000
3880,-50,3000,"bu","14:14:37",4046500
3870,-60,3300,"sd","14:14:30",4043500
3870,-60,2000,"sd","14:14:30",4040200
3870,-60,100,"sd","14:14:30",4038200
3870,-60,2000,"sd","14:14:30",4038100
3870,-60,300,"sd","14:14:30",4036100
3870,-60,500,"sd","14:14:30",4035800
3870,-60,100,"sd","14:14:30",4035300
3870,-60,2000,"sd","14:14:30",4035200
3870,-60,500,"sd","14:14:30",4033200
3870,-60,3000,"sd","14:14:30",4032700
3870,-60,2000,"sd","14:14:30",4029700
3870,-60,30000,"sd","14:14:30",4027700
3870,-60,1000,"sd","14:14:30",3997700
3870,-60,500,"sd","14:14:30",3996700
3870,-60,15800,"sd","14:14:30",3996200
3870,-60,3100,"sd","14:14:30",3980400
3870,-60,100,"sd","14:14:30",3977300
3870,-60,1000,"sd","14:14:30",3977200
3870,-60,1100,"sd","14:14:30",3976200
3870,-60,100,"sd","14:14:30",3975100
3870,-60,1100,"sd","14:14:30",3975000
3870,-60,500,"sd","14:14:30",3973900
3870,-60,2900,"sd","14:14:30",3973400
3880,-50,500,"bu","14:14:23",3970500
3880,-50,500,"bu","14:13:53",3970000
3880,-50,100,"bu","14:13:51",3969500
3870,-60,2100,"sd","14:13:02",3969400
3870,-60,1000,"sd","14:13:02",3967300
3870,-60,500,"sd","14:13:02",3966300
3870,-60,100,"sd","14:13:02",3965800
3870,-60,300,"sd","14:13:02",3965700
3870,-60,200,"sd","14:12:55",3965400
3880,-50,200,"bu","14:12:45",3965200
3880,-50,600,"bu","14:12:03",3965000
3880,-50,1000,"sd","14:12:01",3964400
3880,-50,500,"sd","14:12:01",3963400
3880,-50,100,"sd","14:12:01",3962900
3880,-50,5000,"sd","14:12:01",3962800
3880,-50,400,"sd","14:12:01",3957800
3880,-50,1000,"sd","14:12:01",3957400
3880,-50,3000,"sd","14:12:01",3956400
3880,-50,100,"sd","14:12:01",3953400
3880,-50,500,"sd","14:12:01",3953300
3880,-50,100,"sd","14:12:01",3952800
3880,-50,1000,"sd","14:12:01",3952700
3880,-50,1200,"sd","14:12:01",3951700
3880,-50,200,"sd","14:12:01",3950500
3880,-50,3000,"sd","14:12:01",3950300
3880,-50,3600,"sd","14:12:01",3947300
3880,-50,500,"sd","14:11:54",3943700
3890,-40,300,"bu","14:11:54",3943200
3880,-50,100,"sd","14:11:54",3942900
3880,-50,5800,"sd","14:11:53",3942800
3880,-50,1000,"sd","14:11:53",3937000
3880,-50,2000,"sd","14:11:53",3936000
3880,-50,7000,"sd","14:11:53",3934000
3880,-50,14200,"sd","14:11:53",3927000
3890,-40,3000,"bu","14:11:43",3912800
3880,-50,600,"sd","14:11:35",3909800
3890,-40,200,"bu","14:11:30",3909200
3890,-40,100,"bu","14:10:55",3909000
3880,-50,5000,"sd","14:10:42",3908900
3880,-50,3000,"sd","14:10:42",3903900
3880,-50,100,"sd","14:10:33",3900900
3880,-50,5000,"sd","14:09:33",3900800
3890,-40,4200,"bu","14:08:34",3895800
3890,-40,1000,"bu","14:08:30",3891600
3880,-50,600,"sd","14:08:29",3890600
3890,-40,2500,"bu","14:08:11",3890000
3890,-40,2500,"bu","14:08:11",3887500
3890,-40,500,"bu","14:08:04",3885000
3890,-40,500,"bu","14:07:55",3884500
3890,-40,11900,"bu","14:07:44",3884000
3890,-40,4600,"bu","14:07:26",3872100
3890,-40,400,"bu","14:07:26",3867500
3890,-40,100,"bu","14:07:11",3867100
3890,-40,4900,"bu","14:07:11",3867000
3880,-50,11500,"sd","14:07:08",3862100
3880,-50,1000,"sd","14:07:08",3850600
3880,-50,300,"sd","14:07:08",3849600
3880,-50,100,"sd","14:07:08",3849300
3880,-50,200,"sd","14:07:08",3849200
3880,-50,100,"sd","14:07:08",3849000
3880,-50,400,"sd","14:07:08",3848900
3880,-50,9700,"sd","14:07:08",3848500
3890,-40,100,"bu","14:06:58",3838800
3890,-40,400,"bu","14:06:58",3838700
3880,-50,100,"sd","14:06:01",3838300
3880,-50,10000,"bu","14:05:15",3838200
3880,-50,3000,"bu","14:05:15",3828200
3880,-50,1000,"bu","14:05:15",3825200
3880,-50,22000,"bu","14:05:15",3824200
3880,-50,1000,"bu","14:05:15",3802200
3880,-50,1200,"bu","14:05:15",3801200
3880,-50,500,"bu","14:05:15",3800000
3880,-50,700,"bu","14:05:15",3799500
3880,-50,800,"bu","14:05:15",3798800
3880,-50,200,"bu","14:05:04",3798000
3870,-60,5000,"sd","14:04:15",3797800
3870,-60,100,"bu","14:03:47",3792800
3870,-60,700,"bu","14:03:47",3792700
3870,-60,500,"bu","14:03:44",3792000
3870,-60,100,"bu","14:03:41",3791500
3870,-60,500,"bu","14:03:38",3791400
3870,-60,1000,"bu","14:03:35",3790900
3870,-60,5000,"bu","14:03:35",3789900
3870,-60,2400,"bu","14:03:26",3784900
3870,-60,7600,"bu","14:03:26",3782500
3860,-70,39700,"sd","14:03:26",3774900
3860,-70,1000,"sd","14:03:26",3735200
3860,-70,9300,"sd","14:03:26",3734200
3860,-70,500,"sd","14:03:21",3724900
3870,-60,2400,"bu","14:03:20",3724400
3870,-60,1900,"bu","14:03:20",3722000
3870,-60,500,"bu","14:03:18",3720100
3860,-70,1100,"sd","14:03:14",3719600
3860,-70,5000,"sd","14:03:13",3718500
3860,-70,4000,"sd","14:02:38",3713500
3870,-60,500,"bu","14:02:36",3709500
3870,-60,200,"bu","14:02:17",3709000
3860,-70,100,"sd","14:02:06",3708800
3860,-70,500,"sd","14:02:06",3708700
3860,-70,2000,"sd","14:02:06",3708200
3860,-70,1000,"sd","14:02:06",3706200
3860,-70,100,"sd","14:02:06",3705200
3860,-70,3000,"sd","14:02:06",3705100
3860,-70,600,"sd","14:02:06",3702100
3860,-70,500,"sd","14:02:06",3701500
3860,-70,100,"sd","14:02:06",3701000
3860,-70,100,"sd","14:02:06",3700900
3860,-70,1000,"sd","14:02:06",3700800
3860,-70,1000,"sd","14:02:06",3699800
3870,-60,100,"bu","14:02:03",3698800
3870,-60,2000,"bu","14:01:40",3698700
3860,-70,3000,"sd","14:01:38",3696700
3870,-60,200,"bu","14:01:38",3693700
3870,-60,1800,"bu","14:01:16",3693500
3860,-70,200,"sd","14:00:24",3691700
3870,-60,100,"bu","14:00:14",3691500
3870,-60,500,"bu","13:59:57",3691400
3870,-60,500,"bu","13:59:57",3690900
3870,-60,1700,"bu","13:59:56",3690400
3870,-60,300,"bu","13:59:56",3688700
3860,-70,1500,"sd","13:59:55",3688400
3870,-60,300,"bu","13:59:50",3686900
3870,-60,1900,"bu","13:59:49",3686600
3870,-60,10000,"bu","13:59:43",3684700
3870,-60,5000,"bu","13:59:40",3674700
3870,-60,700,"bu","13:59:40",3669700
3870,-60,40000,"bu","13:59:36",3669000
3870,-60,200,"bu","13:59:36",3629000
3870,-60,3000,"bu","13:59:36",3628800
3870,-60,6800,"bu","13:59:36",3625800
3870,-60,200,"bu","13:59:23",3619000
3870,-60,200,"bu","13:59:18",3618800
3870,-60,3000,"bu","13:58:51",3618600
3870,-60,100,"bu","13:58:45",3615600
3860,-70,2000,"sd","13:58:20",3615500
3870,-60,500,"bu","13:58:20",3613500
3870,-60,500,"bu","13:57:55",3613000
3870,-60,100,"bu","13:57:45",3612500
3870,-60,2600,"bu","13:57:35",3612400
3860,-70,8000,"sd","13:57:18",3609800
3870,-60,1000,"bu","13:57:09",3601800
3870,-60,1000,"bu","13:56:49",3600800
3870,-60,100,"bu","13:56:31",3599800
3870,-60,500,"bu","13:56:20",3599700
3860,-70,100,"sd","13:56:19",3599200
3860,-70,2200,"sd","13:56:00",3599100
3860,-70,300,"sd","13:56:00",3596900
3860,-70,500,"sd","13:55:38",3596600
3860,-70,400,"sd","13:55:38",3596100
3860,-70,200,"sd","13:55:38",3595700
3860,-70,8000,"sd","13:55:38",3595500
3860,-70,400,"sd","13:55:32",3587500
3860,-70,1600,"sd","13:55:14",3587100
3860,-70,100,"sd","13:55:14",3585500
3860,-70,500,"sd","13:55:14",3585400
3860,-70,200,"sd","13:55:14",3584900
3860,-70,2600,"sd","13:55:14",3584700
3870,-60,200,"sd","13:54:57",3582100
3870,-60,100,"sd","13:54:57",3581900
3870,-60,400,"sd","13:54:57",3581800
3870,-60,200,"sd","13:54:57",3581400
3870,-60,400,"sd","13:54:57",3581200
3870,-60,200,"sd","13:54:57",3580800
3870,-60,700,"sd","13:54:57",3580600
3870,-60,2000,"sd","13:54:52",3579900
3870,-60,1000,"sd","13:54:51",3577900
3870,-60,5000,"sd","13:54:32",3576900
3870,-60,500,"sd","13:54:04",3571900
3870,-60,500,"sd","13:53:53",3571400
3870,-60,300,"sd","13:53:45",3570900
3870,-60,100,"sd","13:53:45",3570600
3870,-60,100,"sd","13:53:45",3570500
3870,-60,9500,"sd","13:53:45",3570400
3870,-60,500,"sd","13:53:44",3560900
3870,-60,200,"sd","13:53:31",3560400
3870,-60,200,"sd","13:53:29",3560200
3870,-60,300,"sd","13:53:17",3560000
3870,-60,3200,"sd","13:52:57",3559700
3880,-50,1000,"bu","13:52:38",3556500
3880,-50,100,"bu","13:52:14",3555500
3880,-50,100,"bu","13:52:12",3555400
3880,-50,500,"bu","13:52:02",3555300
3870,-60,800,"sd","13:51:47",3554800
3870,-60,2100,"sd","13:51:31",3554000
3870,-60,100,"sd","13:51:31",3551900
3880,-50,200,"bu","13:51:13",3551800
3880,-50,100,"bu","13:50:53",3551600
3880,-50,1000,"bu","13:50:15",3551500
3880,-50,100,"bu","13:49:53",3550500
3880,-50,2000,"bu","13:49:39",3550400
3880,-50,1000,"bu","13:49:21",3548400
3880,-50,2000,"sd","13:49:18",3547400
3880,-50,600,"sd","13:49:18",3545400
3880,-50,400,"sd","13:49:14",3544800
3880,-50,1600,"sd","13:49:14",3544400
3880,-50,400,"sd","13:49:09",3542800
3880,-50,1600,"sd","13:49:09",3542400
3880,-50,3400,"sd","13:49:04",3540800
3880,-50,500,"sd","13:49:04",3537400
3880,-50,11100,"sd","13:49:04",3536900
3880,-50,1000,"sd","13:48:59",3525800
3880,-50,6800,"sd","13:48:51",3524800
3880,-50,500,"sd","13:48:45",3518000
3890,-40,200,"bu","13:48:44",3517500
3880,-50,1000,"sd","13:48:40",3517300
3880,-50,54500,"sd","13:48:38",3516300
3880,-50,40500,"sd","13:48:32",3461800
3890,-40,800,"bu","13:48:19",3421300
3890,-40,100,"bu","13:48:09",3420500
3890,-40,5000,"bu","13:48:09",3420400
3880,-50,14000,"sd","13:48:03",3415400
3890,-40,500,"bu","13:47:58",3401400
3880,-50,900,"sd","13:47:45",3400900
3890,-40,3000,"bu","13:47:35",3400000
3890,-40,100,"bu","13:47:35",3397000
3890,-40,1200,"bu","13:47:35",3396900
3890,-40,700,"bu","13:47:35",3395700
3890,-40,800,"bu","13:47:32",3395000
3890,-40,3000,"bu","13:47:28",3394200
3890,-40,500,"bu","13:47:20",3391200
3890,-40,100,"bu","13:47:20",3390700
3890,-40,400,"bu","13:47:14",3390600
3890,-40,500,"bu","13:46:58",3390200
3880,-50,45000,"sd","13:46:43",3389700
3880,-50,5300,"sd","13:46:40",3344700
3880,-50,13800,"bu","13:46:12",3339400
3880,-50,5500,"bu","13:46:12",3325600
3880,-50,100,"bu","13:46:12",3320100
3880,-50,100,"bu","13:46:09",3320000
3880,-50,200,"bu","13:46:09",3319900
3860,-70,400,"sd","13:46:01",3319700
3870,-60,100,"sd","13:46:01",3319300
3880,-50,2000,"bu","13:45:56",3319200
3880,-50,500,"bu","13:45:53",3317200
3880,-50,900,"bu","13:45:35",3316700
3880,-50,600,"bu","13:45:35",3315800
3870,-60,200,"sd","13:45:31",3315200
3880,-50,200,"bu","13:45:23",3315000
3880,-50,300,"bu","13:45:23",3314800
3880,-50,100,"bu","13:45:14",3314500
3870,-60,200,"bu","13:44:39",3314400
3870,-60,100,"bu","13:44:39",3314200
3870,-60,100,"bu","13:44:33",3314100
3870,-60,9900,"bu","13:44:33",3314000
3870,-60,100,"bu","13:44:33",3304100
3870,-60,400,"bu","13:44:33",3304000
3870,-60,2000,"bu","13:44:24",3303600
3870,-60,1600,"bu","13:44:20",3301600
3870,-60,8400,"bu","13:44:20",3300000
3860,-70,1000,"sd","13:44:18",3291600
3870,-60,7000,"bu","13:44:01",3290600
3870,-60,3000,"bu","13:44:01",3283600
3860,-70,3000,"sd","13:43:59",3280600
3870,-60,2000,"bu","13:43:56",3277600
3870,-60,3000,"bu","13:43:56",3275600
3860,-70,2500,"sd","13:43:53",3272600
3870,-60,1200,"bu","13:43:45",3270100
3860,-70,1000,"sd","13:43:42",3268900
3870,-60,100,"bu","13:43:27",3267900
3870,-60,1000,"bu","13:43:05",3267800
3870,-60,300,"bu","13:42:47",3266800
3870,-60,1000,"bu","13:42:44",3266500
3870,-60,100,"bu","13:42:34",3265500
3870,-60,500,"bu","13:42:32",3265400
3860,-70,100,"sd","13:42:14",3264900
3870,-60,100,"bu","13:42:11",3264800
3860,-70,13100,"sd","13:42:02",3264700
3860,-70,5100,"sd","13:41:59",3251600
3860,-70,1400,"sd","13:41:53",3246500
3860,-70,3700,"sd","13:41:42",3245100
3860,-70,10000,"sd","13:41:37",3241400
3860,-70,15300,"bu","13:41:27",3231400
3860,-70,2000,"bu","13:41:27",3216100
3860,-70,4800,"bu","13:41:27",3214100
3860,-70,25000,"bu","13:41:27",3209300
3860,-70,2000,"bu","13:41:27",3184300
3850,-80,600,"sd","13:41:19",3182300
3850,-80,400,"sd","13:41:19",3181700
3850,-80,1600,"bu","13:41:16",3181300
3850,-80,200,"bu","13:41:12",3179700
3850,-80,2000,"sd","13:41:02",3179500
3850,-80,100,"sd","13:41:02",3177500
3850,-80,500,"sd","13:41:02",3177400
3850,-80,500,"sd","13:41:02",3176900
3850,-80,100,"sd","13:41:02",3176400
3850,-80,100,"sd","13:40:58",3176300
3850,-80,5000,"bu","13:40:53",3176200
3850,-80,500,"bu","13:40:53",3171200
3850,-80,4300,"bu","13:40:53",3170700
3850,-80,100,"bu","13:40:31",3166400
3840,-90,2000,"sd","13:40:20",3166300
3850,-80,100,"bu","13:40:18",3164300
3840,-90,5600,"sd","13:40:16",3164200
3850,-80,20000,"bu","13:40:09",3158600
3840,-90,600,"sd","13:40:05",3138600
3840,-90,400,"sd","13:40:05",3138000
3850,-80,500,"bu","13:40:04",3137600
3850,-80,300,"sd","13:40:00",3137100
3840,-90,100,"sd","13:39:55",3136800
3850,-80,500,"sd","13:39:55",3136700
3840,-90,600,"sd","13:39:55",3136200
3840,-90,1500,"sd","13:39:55",3135600
3850,-80,500,"sd","13:39:55",3134100
3840,-90,100,"sd","13:39:55",3133600
3850,-80,1000,"sd","13:39:55",3133500
3850,-80,1000,"sd","13:39:55",3132500
3840,-90,1000,"sd","13:39:55",3131500
3850,-80,1000,"sd","13:39:55",3130500
3850,-80,2700,"sd","13:39:55",3129500
3850,-80,200,"sd","13:39:55",3126800
3850,-80,200,"sd","13:39:55",3126600
3850,-80,100,"sd","13:39:55",3126400
3850,-80,5000,"sd","13:39:55",3126300
3850,-80,900,"sd","13:39:55",3121300
3850,-80,1000,"sd","13:39:55",3120400
3850,-80,100,"sd","13:39:55",3119400
3850,-80,500,"sd","13:39:55",3119300
3850,-80,100,"sd","13:39:55",3118800
3850,-80,100,"sd","13:39:55",3118700
3850,-80,500,"sd","13:39:53",3118600
3850,-80,400,"sd","13:39:52",3118100
3850,-80,400,"sd","13:39:52",3117700
3850,-80,1000,"sd","13:39:52",3117300
3850,-80,3000,"sd","13:39:52",3116300
3850,-80,200,"sd","13:39:52",3113300
3850,-80,1800,"sd","13:39:32",3113100
3850,-80,300,"sd","13:39:32",3111300
3850,-80,1000,"sd","13:39:32",3111000
3850,-80,6900,"sd","13:39:32",3110000
3860,-70,100,"bu","13:39:19",3103100
3850,-80,200,"sd","13:39:05",3103000
3850,-80,300,"sd","13:38:57",3102800
3850,-80,7300,"sd","13:38:54",3102500
3850,-80,17000,"sd","13:38:49",3095200
3850,-80,9000,"sd","13:38:48",3078200
3850,-80,9300,"sd","13:38:47",3069200
3850,-80,200,"sd","13:38:47",3059900
3860,-70,500,"bu","13:38:46",3059700
3850,-80,800,"sd","13:38:45",3059200
3850,-80,100,"sd","13:38:45",3058400
3850,-80,200,"sd","13:38:45",3058300
3850,-80,400,"sd","13:38:45",3058100
3850,-80,1000,"sd","13:38:45",3057700
3850,-80,100,"sd","13:38:45",3056700
3850,-80,500,"sd","13:38:45",3056600
3850,-80,600,"sd","13:38:45",3056100
3850,-80,100,"sd","13:38:45",3055500
3850,-80,900,"sd","13:38:45",3055400
3850,-80,500,"sd","13:38:45",3054500
3850,-80,500,"sd","13:38:45",3054000
3850,-80,200,"sd","13:38:45",3053500
3850,-80,100,"sd","13:38:45",3053300
3850,-80,2000,"sd","13:38:45",3053200
3850,-80,200,"sd","13:38:45",3051200
3850,-80,500,"sd","13:38:45",3051000
3850,-80,100,"sd","13:38:45",3050500
3850,-80,200,"sd","13:38:45",3050400
3850,-80,500,"sd","13:38:45",3050200
3850,-80,100,"sd","13:38:45",3049700
3850,-80,500,"sd","13:38:45",3049600
3850,-80,1000,"sd","13:38:45",3049100
3850,-80,100,"sd","13:38:45",3048100
3850,-80,1700,"sd","13:38:45",3048000
3850,-80,4900,"sd","13:38:45",3046300
3850,-80,500,"sd","13:38:45",3041400
3850,-80,3000,"sd","13:38:45",3040900
3850,-80,1000,"sd","13:38:45",3037900
3850,-80,3000,"sd","13:38:45",3036900
3850,-80,1000,"sd","13:38:45",3033900
3850,-80,100,"sd","13:38:45",3032900
3850,-80,1000,"sd","13:38:45",3032800
3850,-80,100,"sd","13:38:37",3031800
3850,-80,200,"sd","13:38:37",3031700
3850,-80,1000,"sd","13:38:28",3031500
3850,-80,2000,"sd","13:38:28",3030500
3850,-80,2000,"sd","13:38:28",3028500
3850,-80,2000,"sd","13:38:28",3026500
3850,-80,800,"sd","13:38:28",3024500
3850,-80,300,"sd","13:38:28",3023700
3850,-80,10000,"sd","13:38:28",3023400
3850,-80,2000,"sd","13:38:25",3013400
3850,-80,200,"sd","13:38:09",3011400
3850,-80,6200,"sd","13:38:04",3011200
3850,-80,9600,"sd","13:37:38",3005000
3850,-80,300,"sd","13:37:38",2995400
3850,-80,100,"sd","13:37:38",2995100
3850,-80,400,"sd","13:37:38",2995000
3850,-80,1000,"sd","13:37:38",2994600
3850,-80,200,"sd","13:37:38",2993600
3850,-80,100,"sd","13:37:38",2993400
3850,-80,2000,"sd","13:37:38",2993300
3850,-80,500,"sd","13:37:38",2991300
3850,-80,1500,"sd","13:37:38",2990800
3850,-80,1000,"sd","13:37:38",2989300
3850,-80,5800,"sd","13:37:38",2988300
3860,-70,100,"bu","13:37:23",2982500
3850,-80,1000,"sd","13:37:19",2982400
3850,-80,5000,"sd","13:37:08",2981400
3850,-80,1000,"sd","13:37:04",2976400
3850,-80,2200,"sd","13:36:55",2975400
3850,-80,2000,"sd","13:36:55",2973200
3850,-80,100,"sd","13:36:55",2971200
3850,-80,300,"sd","13:36:55",2971100
3850,-80,700,"sd","13:36:55",2970800
3850,-80,1000,"sd","13:36:55",2970100
3850,-80,500,"sd","13:36:55",2969100
3850,-80,1000,"sd","13:36:55",2968600
3850,-80,200,"sd","13:36:55",2967600
3850,-80,1000,"sd","13:36:55",2967400
3850,-80,100,"sd","13:36:55",2966400
3850,-80,900,"sd","13:36:55",2966300
3850,-80,1000,"sd","13:36:55",2965400
3850,-80,2000,"sd","13:36:55",2964400
3850,-80,1000,"sd","13:36:55",2962400
3850,-80,2000,"sd","13:36:55",2961400
3850,-80,1000,"sd","13:36:55",2959400
3850,-80,3300,"sd","13:36:55",2958400
3850,-80,1900,"sd","13:36:51",2955100
3850,-80,200,"sd","13:36:51",2953200
3850,-80,2000,"sd","13:36:50",2953000
3850,-80,500,"sd","13:36:50",2951000
3850,-80,100,"sd","13:36:50",2950500
3850,-80,500,"sd","13:36:50",2950400
3850,-80,12000,"sd","13:36:50",2949900
3850,-80,2800,"sd","13:36:50",2937900
3850,-80,3300,"sd","13:36:46",2935100
3850,-80,1000,"sd","13:36:46",2931800
3850,-80,100,"sd","13:36:46",2930800
3850,-80,1000,"sd","13:36:46",2930700
3850,-80,500,"sd","13:36:46",2929700
3850,-80,200,"sd","13:36:46",2929200
3850,-80,100,"sd","13:36:46",2929000
3850,-80,500,"sd","13:36:46",2928900
3850,-80,1000,"sd","13:36:46",2928400
3850,-80,2300,"sd","13:36:46",2927400
3850,-80,100,"sd","13:36:42",2925100
3850,-80,500,"sd","13:36:42",2925000
3850,-80,7000,"sd","13:36:42",2924500
3850,-80,200,"sd","13:36:42",2917500
3850,-80,2000,"sd","13:36:42",2917300
3850,-80,5000,"sd","13:36:42",2915300
3850,-80,100,"sd","13:36:42",2910300
3850,-80,3100,"sd","13:36:42",2910200
3850,-80,5000,"sd","13:36:42",2907100
3850,-80,3000,"sd","13:36:42",2902100
3850,-80,28000,"sd","13:36:42",2899100
3850,-80,2000,"sd","13:36:40",2871100
3850,-80,500,"sd","13:36:40",2869100
3850,-80,10000,"sd","13:36:40",2868600
3850,-80,500,"sd","13:36:40",2858600
3850,-80,500,"sd","13:36:40",2858100
3850,-80,200,"sd","13:36:40",2857600
3850,-80,300,"sd","13:36:37",2857400
3850,-80,100,"sd","13:36:37",2857100
3850,-80,100,"sd","13:36:37",2857000
3850,-80,200,"sd","13:36:37",2856900
3850,-80,100,"sd","13:36:37",2856700
3850,-80,2100,"sd","13:36:35",2856600
3850,-80,200,"sd","13:36:35",2854500
3850,-80,200,"sd","13:36:35",2854300
3850,-80,100,"sd","13:36:24",2854100
3850,-80,100,"sd","13:36:24",2854000
3860,-70,500,"bu","13:36:24",2853900
3850,-80,2000,"sd","13:36:10",2853400
3850,-80,1000,"sd","13:36:05",2851400
3850,-80,5000,"sd","13:36:05",2850400
3850,-80,2000,"sd","13:36:05",2845400
3850,-80,500,"sd","13:36:05",2843400
3850,-80,1000,"sd","13:36:05",2842900
3850,-80,500,"sd","13:36:05",2841900
3860,-70,300,"bu","13:36:01",2841400
3860,-70,1000,"bu","13:35:50",2841100
3860,-70,800,"bu","13:35:50",2840100
3860,-70,300,"bu","13:35:50",2839300
3860,-70,500,"bu","13:35:50",2839000
3860,-70,500,"unknown","13:35:50",2838500
3860,-70,300,"sd","13:35:50",2838000
3860,-70,400,"sd","13:35:50",2837700
3860,-70,100,"sd","13:35:50",2837300
3860,-70,500,"sd","13:35:50",2837200
3860,-70,500,"sd","13:35:50",2836700
3860,-70,6000,"sd","13:35:50",2836200
3860,-70,500,"sd","13:35:50",2830200
3860,-70,200,"sd","13:35:50",2829700
3860,-70,100,"sd","13:35:50",2829500
3860,-70,26000,"sd","13:35:50",2829400
3860,-70,1000,"sd","13:35:50",2803400
3860,-70,3000,"sd","13:35:50",2802400
3860,-70,100,"sd","13:35:50",2799400
3860,-70,1000,"sd","13:35:50",2799300
3860,-70,1200,"sd","13:35:50",2798300
3860,-70,4000,"sd","13:35:47",2797100
3860,-70,800,"sd","13:35:47",2793100
3860,-70,1000,"sd","13:35:47",2792300
3860,-70,300,"sd","13:35:47",2791300
3860,-70,100,"sd","13:35:47",2791000
3860,-70,200,"sd","13:35:47",2790900
3860,-70,100,"sd","13:35:47",2790700
3860,-70,2000,"sd","13:35:47",2790600
3860,-70,200,"sd","13:35:47",2788600
3860,-70,1300,"sd","13:35:47",2788400
3870,-60,200,"bu","13:35:42",2787100
3860,-70,700,"sd","13:35:40",2786900
3860,-70,1700,"sd","13:35:40",2786200
3860,-70,1000,"sd","13:35:40",2784500
3860,-70,2000,"sd","13:35:40",2783500
3860,-70,50000,"sd","13:35:40",2781500
3860,-70,500,"sd","13:35:40",2731500
3860,-70,200,"sd","13:35:40",2731000
3860,-70,1000,"sd","13:35:40",2730800
3860,-70,100,"sd","13:35:40",2729800
3860,-70,400,"sd","13:35:40",2729700
3860,-70,200,"sd","13:35:40",2729300
3860,-70,1000,"sd","13:35:40",2729100
3860,-70,200,"sd","13:35:40",2728100
3860,-70,500,"sd","13:35:40",2727900
3860,-70,2000,"sd","13:35:40",2727400
3860,-70,1000,"sd","13:35:40",2725400
3860,-70,100,"sd","13:35:40",2724400
3860,-70,100,"sd","13:35:40",2724300
3860,-70,1000,"sd","13:35:40",2724200
3860,-70,2000,"sd","13:35:40",2723200
3860,-70,3800,"sd","13:35:40",2721200
3860,-70,5000,"sd","13:35:40",2717400
3860,-70,600,"sd","13:35:40",2712400
3860,-70,300,"sd","13:35:40",2711800
3860,-70,400,"sd","13:35:40",2711500
3860,-70,200,"sd","13:35:40",2711100
3860,-70,2000,"sd","13:35:40",2710900
3860,-70,100,"sd","13:35:40",2708900
3860,-70,100,"sd","13:35:40",2708800
3860,-70,100,"sd","13:35:40",2708700
3860,-70,2000,"sd","13:35:40",2708600
3860,-70,300,"sd","13:35:40",2706600
3860,-70,500,"sd","13:35:40",2706300
3860,-70,200,"sd","13:35:40",2705800
3860,-70,3000,"sd","13:35:40",2705600
3860,-70,100,"sd","13:35:40",2702600
3860,-70,4500,"sd","13:35:40",2702500
3860,-70,500,"sd","13:35:40",2698000
3860,-70,600,"sd","13:35:40",2697500
3860,-70,7000,"sd","13:35:40",2696900
3860,-70,1000,"sd","13:35:40",2689900
3860,-70,1700,"sd","13:35:30",2688900
3870,-60,23300,"sd","13:35:30",2687200
3870,-60,10000,"sd","13:35:18",2663900
3870,-60,100,"bu","13:35:17",2653900
3870,-60,500,"bu","13:35:17",2653800
3870,-60,5000,"bu","13:35:17",2653300
3870,-60,11100,"bu","13:35:17",2648300
3860,-70,1000,"sd","13:34:52",2637200
3870,-60,200,"bu","13:34:46",2636200
3860,-70,4000,"sd","13:34:43",2636000
3870,-60,100,"bu","13:34:39",2632000
3870,-60,800,"bu","13:34:39",2631900
3870,-60,100,"bu","13:34:29",2631100
3870,-60,2100,"bu","13:34:16",2631000
3870,-60,1200,"bu","13:34:16",2628900
3870,-60,3400,"bu","13:34:16",2627700
3860,-70,3000,"sd","13:34:06",2624300
3860,-70,12200,"sd","13:33:58",2621300
3860,-70,500,"sd","13:33:58",2609100
3860,-70,3000,"sd","13:33:43",2608600
3860,-70,3600,"sd","13:33:37",2605600
3870,-60,100,"bu","13:33:15",2602000
3860,-70,9100,"sd","13:32:33",2601900
3870,-60,500,"bu","13:32:31",2592800
3870,-60,200,"bu","13:32:27",2592300
3870,-60,15000,"bu","13:32:14",2592100
3860,-70,3800,"sd","13:32:08",2577100
3860,-70,500,"sd","13:32:08",2573300
3860,-70,1000,"sd","13:32:08",2572800
3860,-70,100,"sd","13:32:08",2571800
3860,-70,200,"sd","13:32:08",2571700
3860,-70,4400,"sd","13:32:08",2571500
3860,-70,10000,"sd","13:31:26",2567100
3860,-70,9000,"sd","13:31:24",2557100
3870,-60,100,"bu","13:30:59",2548100
3870,-60,1600,"bu","13:30:59",2548000
3870,-60,3000,"bu","13:30:53",2546400
3870,-60,500,"bu","13:30:35",2543400
3870,-60,3000,"bu","13:30:08",2542900
3870,-60,1000,"bu","13:30:07",2539900
3870,-60,200,"bu","13:29:57",2538900
3860,-70,100,"sd","13:29:50",2538700
3870,-60,500,"bu","13:29:45",2538600
3870,-60,1300,"bu","13:29:36",2538100
3870,-60,1000,"bu","13:29:34",2536800
3870,-60,3600,"bu","13:29:12",2535800
3860,-70,500,"sd","13:29:09",2532200
3870,-60,1000,"bu","13:28:58",2531700
3870,-60,1000,"bu","13:28:49",2530700
3860,-70,20000,"sd","13:28:31",2529700
3870,-60,100,"bu","13:28:28",2509700
3870,-60,2000,"bu","13:28:27",2509600
3870,-60,500,"bu","13:28:18",2507600
3870,-60,200,"bu","13:28:12",2507100
3870,-60,1000,"bu","13:28:12",2506900
3870,-60,9200,"sd","13:28:11",2505900
3870,-60,800,"bu","13:28:07",2496700
3870,-60,100,"bu","13:28:07",2495900
3870,-60,1000,"bu","13:28:05",2495800
3870,-60,200,"bu","13:28:01",2494800
3870,-60,100,"bu","13:27:48",2494600
3870,-60,5000,"sd","13:27:46",2494500
3870,-60,500,"sd","13:27:46",2489500
3870,-60,500,"sd","13:27:46",2489000
3870,-60,300,"sd","13:27:46",2488500
3870,-60,1500,"sd","13:27:46",2488200
3880,-50,100,"bu","13:27:29",2486700
3870,-60,10600,"sd","13:27:25",2486600
3870,-60,9400,"sd","13:27:16",2476000
3870,-60,600,"sd","13:27:16",2466600
3880,-50,400,"bu","13:27:09",2466000
3880,-50,2300,"bu","13:26:51",2465600
3880,-50,100,"bu","13:26:21",2463300
3860,-70,600,"sd","13:26:07",2463200
3870,-60,600,"bu","13:26:07",2462600
3870,-60,200,"bu","13:26:07",2462000
3870,-60,200,"bu","13:26:07",2461800
3870,-60,14800,"bu","13:26:02",2461600
3870,-60,15200,"bu","13:26:02",2446800
3870,-60,100,"bu","13:26:02",2431600
3870,-60,600,"bu","13:25:53",2431500
3870,-60,10000,"bu","13:25:34",2430900
3860,-70,100,"sd","13:25:19",2420900
3870,-60,100,"bu","13:25:17",2420800
3870,-60,100,"bu","13:25:12",2420700
3870,-60,500,"bu","13:25:04",2420600
3870,-60,200,"bu","13:24:58",2420100
3870,-60,100,"bu","13:24:54",2419900
3870,-60,3000,"bu","13:24:47",2419800
3870,-60,800,"bu","13:24:46",2416800
3870,-60,1500,"bu","13:24:37",2416000
3870,-60,200,"bu","13:24:27",2414500
3870,-60,1000,"bu","13:24:22",2414300
3870,-60,1000,"bu","13:24:20",2413300
3870,-60,100,"bu","13:24:18",2412300
3870,-60,1000,"bu","13:24:05",2412200
3860,-70,4900,"sd","13:24:04",2411200
3870,-60,1000,"bu","13:23:59",2406300
3870,-60,300,"bu","13:23:41",2405300
3870,-60,1000,"bu","13:23:34",2405000
3870,-60,2000,"bu","13:23:22",2404000
3870,-60,3000,"bu","13:23:16",2402000
3870,-60,5700,"bu","13:23:16",2399000
3870,-60,2800,"sd","13:23:13",2393300
3870,-60,1000,"sd","13:23:13",2390500
3870,-60,500,"sd","13:23:13",2389500
3870,-60,500,"sd","13:23:13",2389000
3870,-60,100,"sd","13:23:13",2388500
3870,-60,100,"sd","13:23:13",2388400
3870,-60,800,"sd","13:23:13",2388300
3870,-60,500,"sd","13:23:13",2387500
3870,-60,100,"sd","13:23:13",2387000
3870,-60,600,"sd","13:23:13",2386900
3870,-60,1400,"sd","13:22:36",2386300
3870,-60,1000,"sd","13:22:36",2384900
3870,-60,300,"sd","13:22:36",2383900
3870,-60,300,"sd","13:22:36",2383600
3870,-60,1300,"sd","13:22:26",2383300
3870,-60,500,"sd","13:22:26",2382000
3870,-60,200,"sd","13:22:26",2381500
3870,-60,600,"sd","13:22:19",2381300
3870,-60,400,"sd","13:22:19",2380700
3870,-60,1000,"sd","13:22:19",2380300
3870,-60,8000,"sd","13:22:19",2379300
3870,-60,3300,"sd","13:22:09",2371300
3870,-60,100,"sd","13:22:09",2368000
3870,-60,100,"bu","13:22:02",2367900
3870,-60,300,"bu","13:22:02",2367800
3870,-60,3000,"bu","13:22:02",2367500
3870,-60,200,"bu","13:21:59",2364500
3870,-60,100,"bu","13:21:57",2364300
3870,-60,500,"bu","13:21:56",2364200
3870,-60,100,"bu","13:21:55",2363700
3870,-60,5000,"bu","13:21:54",2363600
3870,-60,100,"bu","13:21:53",2358600
3870,-60,500,"bu","13:21:51",2358500
3870,-60,400,"bu","13:21:50",2358000
3870,-60,300,"bu","13:21:45",2357600
3870,-60,38100,"bu","13:21:45",2357300
3870,-60,1200,"bu","13:21:45",2319200
3870,-60,10700,"bu","13:21:45",2318000
3870,-60,200,"bu","13:21:28",2307300
3860,-70,400,"sd","13:21:11",2307100
3870,-60,1000,"bu","13:21:09",2306700
3870,-60,2000,"bu","13:21:08",2305700
3860,-70,1000,"sd","13:21:00",2303700
3870,-60,2000,"bu","13:20:44",2302700
3870,-60,1000,"bu","13:20:15",2300700
3850,-80,1900,"sd","13:19:58",2299700
3860,-70,100,"unknown","13:19:58",2297800
3870,-60,13100,"bu","13:19:58",2297700
3870,-60,700,"bu","13:19:58",2284600
3870,-60,5200,"bu","13:19:58",2283900
3860,-70,1000,"bu","13:19:58",2278700
3860,-70,7400,"bu","13:19:57",2277700
3860,-70,200,"bu","13:19:53",2270300
3860,-70,400,"bu","13:19:52",2270100
3860,-70,9600,"bu","13:19:50",2269700
3850,-80,2600,"sd","13:19:50",2260100
3850,-80,500,"sd","13:19:50",2257500
3850,-80,500,"sd","13:19:50",2257000
3850,-80,100,"sd","13:19:50",2256500
3850,-80,200,"sd","13:19:50",2256400
3850,-80,1000,"sd","13:19:50",2256200
3850,-80,200,"sd","13:19:50",2255200
3850,-80,100,"sd","13:19:50",2255000
3850,-80,3200,"sd","13:19:50",2254900
3860,-70,100,"bu","13:19:46",2251700
3860,-70,200,"bu","13:19:40",2251600
3860,-70,500,"bu","13:19:33",2251400
3860,-70,200,"bu","13:19:32",2250900
3850,-80,200,"sd","13:19:31",2250700
3850,-80,1000,"sd","13:19:31",2250500
3850,-80,2000,"sd","13:19:31",2249500
3850,-80,1000,"sd","13:19:31",2247500
3850,-80,2000,"sd","13:19:31",2246500
3850,-80,2000,"sd","13:19:31",2244500
3850,-80,1400,"sd","13:19:31",2242500
3850,-80,600,"sd","13:19:31",2241100
3850,-80,1000,"sd","13:19:31",2240500
3850,-80,2800,"sd","13:19:31",2239500
3850,-80,1000,"sd","13:19:31",2236700
3850,-80,3800,"sd","13:19:31",2235700
3850,-80,1000,"sd","13:19:31",2231900
3850,-80,1000,"sd","13:19:31",2230900
3850,-80,1000,"sd","13:19:31",2229900
3850,-80,1000,"sd","13:19:31",2228900
3850,-80,1000,"sd","13:19:31",2227900
3850,-80,500,"sd","13:19:31",2226900
3850,-80,1000,"sd","13:19:31",2226400
3850,-80,1000,"sd","13:19:31",2225400
3850,-80,1000,"sd","13:19:31",2224400
3850,-80,1000,"sd","13:19:31",2223400
3850,-80,1000,"sd","13:19:31",2222400
3850,-80,1000,"sd","13:19:31",2221400
3850,-80,1000,"sd","13:19:31",2220400
3860,-70,500,"bu","13:19:30",2219400
3860,-70,300,"bu","13:19:24",2218900
3860,-70,1000,"bu","13:19:22",2218600
3860,-70,200,"bu","13:19:22",2217600
3850,-80,300,"sd","13:19:21",2217400
3850,-80,1000,"sd","13:19:21",2217100
3850,-80,100,"sd","13:19:21",2216100
3850,-80,100,"sd","13:19:21",2216000
3850,-80,1400,"sd","13:19:21",2215900
3850,-80,1000,"sd","13:19:21",2214500
3850,-80,5000,"sd","13:19:21",2213500
3850,-80,18300,"sd","13:19:21",2208500
3860,-70,5000,"bu","13:19:21",2190200
3860,-70,500,"bu","13:19:20",2185200
3860,-70,1000,"sd","13:19:08",2184700
3860,-70,700,"sd","13:19:08",2183700
3860,-70,1200,"sd","13:19:08",2183000
3860,-70,300,"bu","13:19:01",2181800
3860,-70,1000,"sd","13:18:54",2181500
3850,-80,1700,"sd","13:18:47",2180500
3850,-80,10000,"sd","13:18:47",2178800
3850,-80,300,"sd","13:18:47",2168800
3850,-80,500,"sd","13:18:47",2168500
3850,-80,300,"sd","13:18:47",2168000
3860,-70,100,"sd","13:18:47",2167700
3850,-80,1400,"sd","13:18:47",2167600
3860,-70,2000,"sd","13:18:47",2166200
3860,-70,3000,"sd","13:18:47",2164200
3860,-70,1000,"sd","13:18:47",2161200
3860,-70,100,"sd","13:18:47",2160200
3860,-70,10100,"sd","13:18:47",2160100
3860,-70,13500,"sd","13:18:47",2150000
3860,-70,300,"sd","13:18:47",2136500
3860,-70,1000,"sd","13:18:47",2136200
3860,-70,500,"sd","13:18:47",2135200
3860,-70,1900,"sd","13:18:47",2134700
3860,-70,300,"sd","13:18:47",2132800
3860,-70,2000,"sd","13:18:47",2132500
3870,-60,1000,"bu","13:18:40",2130500
3860,-70,100,"sd","13:18:36",2129500
3860,-70,2000,"sd","13:18:35",2129400
3860,-70,100,"sd","13:18:35",2127400
3860,-70,300,"sd","13:18:35",2127300
3870,-60,3000,"bu","13:18:35",2127000
3870,-60,1000,"bu","13:18:33",2124000
3860,-70,200,"sd","13:18:25",2123000
3860,-70,300,"sd","13:18:25",2122800
3860,-70,100,"sd","13:18:10",2122500
3860,-70,200,"sd","13:18:09",2122400
3860,-70,3400,"sd","13:17:48",2122200
3870,-60,200,"bu","13:17:46",2118800
3860,-70,500,"sd","13:17:39",2118600
3860,-70,1000,"sd","13:17:39",2118100
3860,-70,3000,"sd","13:17:39",2117100
3860,-70,200,"sd","13:17:39",2114100
3850,-80,2600,"sd","13:16:59",2113900
3850,-80,5000,"sd","13:16:59",2111300
3850,-80,400,"sd","13:16:59",2106300
3850,-80,100,"sd","13:16:59",2105900
3850,-80,10000,"sd","13:16:59",2105800
3850,-80,200,"sd","13:16:59",2095800
3850,-80,1000,"sd","13:16:59",2095600
3850,-80,200,"sd","13:16:59",2094600
3850,-80,500,"sd","13:16:59",2094400
3850,-80,100,"sd","13:16:59",2093900
3850,-80,1000,"sd","13:16:59",2093800
3850,-80,100,"sd","13:16:59",2092800
3850,-80,800,"sd","13:16:59",2092700
3850,-80,200,"sd","13:16:59",2091900
3860,-70,100,"sd","13:16:59",2091700
3860,-70,200,"sd","13:16:59",2091600
3860,-70,100,"sd","13:16:56",2091400
3860,-70,100,"sd","13:16:56",2091300
3860,-70,1000,"sd","13:16:56",2091200
3860,-70,800,"sd","13:16:56",2090200
3860,-70,200,"sd","13:16:50",2089400
3860,-70,1100,"sd","13:16:50",2089200
3870,-60,1300,"bu","13:16:48",2088100
3860,-70,900,"sd","13:16:40",2086800
3860,-70,2100,"sd","13:16:40",2085900
3860,-70,200,"sd","13:16:34",2083800
3860,-70,30000,"sd","13:16:34",2083600
3860,-70,3100,"sd","13:16:34",2053600
3860,-70,200,"sd","13:16:34",2050500
3860,-70,5000,"sd","13:16:34",2050300
3860,-70,500,"sd","13:16:34",2045300
3860,-70,300,"sd","13:16:34",2044800
3860,-70,1000,"sd","13:16:34",2044500
3860,-70,5000,"sd","13:16:34",2043500
3860,-70,100,"sd","13:16:34",2038500
3860,-70,50000,"sd","13:16:34",2038400
3860,-70,500,"sd","13:16:34",1988400
3860,-70,300,"sd","13:16:34",1987900
3860,-70,400,"sd","13:16:34",1987600
3860,-70,5000,"sd","13:16:34",1987200
3860,-70,600,"sd","13:16:34",1982200
3860,-70,100,"sd","13:16:34",1981600
3860,-70,200,"sd","13:16:34",1981500
3860,-70,100,"sd","13:16:34",1981300
3860,-70,500,"sd","13:16:34",1981200
3860,-70,2200,"sd","13:16:34",1980700
3860,-70,100,"sd","13:16:34",1978500
3860,-70,1000,"sd","13:16:34",1978400
3860,-70,1000,"sd","13:16:34",1977400
3860,-70,500,"sd","13:16:34",1976400
3860,-70,100,"sd","13:16:34",1975900
3860,-70,100,"sd","13:16:34",1975800
3860,-70,100,"sd","13:16:34",1975700
3860,-70,1000,"sd","13:16:34",1975600
3860,-70,24800,"sd","13:16:34",1974600
3870,-60,400,"bu","13:16:30",1949800
3860,-70,2000,"sd","13:16:20",1949400
3860,-70,200,"sd","13:16:20",1947400
3860,-70,2800,"sd","13:16:20",1947200
3860,-70,1000,"sd","13:16:20",1944400
3870,-60,500,"bu","13:15:58",1943400
3870,-60,200,"sd","13:15:56",1942900
3870,-60,1000,"sd","13:15:55",1942700
3870,-60,1000,"sd","13:15:55",1941700
3870,-60,100,"sd","13:15:55",1940700
3870,-60,500,"sd","13:15:55",1940600
3870,-60,1000,"sd","13:15:55",1940100
3870,-60,2000,"sd","13:15:55",1939100
3870,-60,100,"sd","13:15:55",1937100
3870,-60,2800,"sd","13:15:55",1937000
3870,-60,3000,"sd","13:15:55",1934200
3870,-60,1000,"sd","13:15:55",1931200
3870,-60,300,"sd","13:15:55",1930200
3870,-60,100,"sd","13:15:55",1929900
3870,-60,200,"sd","13:15:55",1929800
3870,-60,300,"sd","13:15:55",1929600
3870,-60,2000,"sd","13:15:55",1929300
3870,-60,200,"sd","13:15:55",1927300
3870,-60,500,"sd","13:15:55",1927100
3870,-60,100,"sd","13:15:55",1926600
3870,-60,200,"sd","13:15:55",1926500
3870,-60,3000,"sd","13:15:55",1926300
3870,-60,500,"sd","13:15:55",1923300
3870,-60,5000,"sd","13:15:55",1922800
3870,-60,2000,"sd","13:15:55",1917800
3870,-60,1000,"sd","13:15:55",1915800
3870,-60,500,"sd","13:15:55",1914800
3870,-60,30000,"sd","13:15:55",1914300
3870,-60,100,"sd","13:15:55",1884300
3870,-60,4600,"sd","13:15:55",1884200
3870,-60,100,"sd","13:15:55",1879600
3870,-60,100,"sd","13:15:55",1879500
3870,-60,100,"sd","13:15:55",1879400
3870,-60,100,"sd","13:15:55",1879300
3870,-60,100,"sd","13:15:55",1879200
3870,-60,2000,"sd","13:15:55",1879100
3870,-60,5000,"sd","13:15:55",1877100
3870,-60,500,"sd","13:15:55",1872100
3870,-60,3700,"sd","13:15:55",1871600
3870,-60,1000,"sd","13:15:55",1867900
3870,-60,100,"sd","13:15:55",1866900
3870,-60,1300,"sd","13:15:48",1866800
3870,-60,1000,"sd","13:15:48",1865500
3870,-60,700,"sd","13:15:48",1864500
3870,-60,300,"sd","13:15:44",1863800
3870,-60,500,"sd","13:15:44",1863500
3870,-60,100,"sd","13:15:44",1863000
3870,-60,100,"sd","13:15:44",1862900
3880,-50,1000,"bu","13:15:31",1862800
3880,-50,1000,"bu","13:15:28",1861800
3880,-50,300,"bu","13:15:11",1860800
3880,-50,600,"bu","13:15:08",1860500
3880,-50,3000,"bu","13:14:56",1859900
3880,-50,300,"bu","13:14:56",1856900
3880,-50,2000,"sd","13:14:54",1856600
3880,-50,200,"sd","13:14:54",1854600
3880,-50,100,"sd","13:14:54",1854400
3880,-50,300,"sd","13:14:54",1854300
3880,-50,400,"sd","13:14:54",1854000
3880,-50,1300,"sd","13:14:54",1853600
3880,-50,1000,"sd","13:14:54",1852300
3880,-50,500,"sd","13:14:54",1851300
3880,-50,100,"sd","13:14:54",1850800
3880,-50,100,"sd","13:14:54",1850700
3880,-50,200,"sd","13:14:54",1850600
3880,-50,2500,"sd","13:14:54",1850400
3880,-50,1000,"sd","13:14:54",1847900
3880,-50,2000,"sd","13:14:54",1846900
3880,-50,100,"sd","13:14:54",1844900
3880,-50,800,"sd","13:14:54",1844800
3880,-50,100,"sd","13:14:54",1844000
3880,-50,100,"sd","13:14:54",1843900
3880,-50,900,"sd","13:14:53",1843800
3880,-50,1000,"sd","13:14:53",1842900
3880,-50,1000,"sd","13:14:53",1841900
3880,-50,500,"sd","13:14:53",1840900
3880,-50,100,"sd","13:14:53",1840400
3880,-50,100,"sd","13:14:53",1840300
3880,-50,100,"sd","13:14:53",1840200
3880,-50,100,"sd","13:14:41",1840100
3880,-50,100,"sd","13:14:41",1840000
3880,-50,1000,"sd","13:14:41",1839900
3880,-50,500,"sd","13:14:41",1838900
3880,-50,3200,"sd","13:14:41",1838400
3880,-50,10100,"sd","13:14:41",1835200
3880,-50,3700,"sd","13:14:34",1825100
3880,-50,2500,"sd","13:14:29",1821400
3880,-50,10000,"sd","13:14:25",1818900
3890,-40,1000,"bu","13:14:25",1808900
3880,-50,12200,"sd","13:14:25",1807900
3880,-50,1800,"sd","13:14:14",1795700
3880,-50,3500,"sd","13:14:04",1793900
3880,-50,1000,"sd","13:14:00",1790400
3880,-50,5000,"sd","13:13:58",1789400
3880,-50,500,"sd","13:13:58",1784400
3880,-50,400,"sd","13:13:58",1783900
3880,-50,10000,"sd","13:13:58",1783500
3880,-50,100,"sd","13:13:58",1773500
3880,-50,3000,"sd","13:13:58",1773400
3880,-50,100,"sd","13:13:58",1770400
3880,-50,5000,"sd","13:13:58",1770300
3880,-50,500,"sd","13:13:58",1765300
3880,-50,2000,"sd","13:13:58",1764800
3880,-50,100,"sd","13:13:58",1762800
3880,-50,200,"sd","13:13:58",1762700
3880,-50,3000,"sd","13:13:58",1762500
3880,-50,2000,"sd","13:13:58",1759500
3880,-50,100,"sd","13:13:58",1757500
3880,-50,100,"sd","13:13:58",1757400
3880,-50,500,"sd","13:13:58",1757300
3880,-50,3000,"sd","13:13:58",1756800
3880,-50,1000,"sd","13:13:58",1753800
3880,-50,500,"sd","13:13:58",1752800
3880,-50,1000,"sd","13:13:58",1752300
3880,-50,1000,"sd","13:13:58",1751300
3880,-50,1000,"sd","13:13:58",1750300
3880,-50,1000,"sd","13:13:58",1749300
3880,-50,700,"sd","13:13:58",1748300
3880,-50,100,"sd","13:13:58",1747600
3880,-50,1000,"sd","13:13:58",1747500
3880,-50,1000,"sd","13:13:58",1746500
3880,-50,2600,"sd","13:13:58",1745500
3880,-50,500,"sd","13:13:58",1742900
3880,-50,500,"sd","13:13:58",1742400
3880,-50,500,"sd","13:13:58",1741900
3880,-50,500,"sd","13:13:58",1741400
3880,-50,100,"sd","13:13:58",1740900
3880,-50,500,"sd","13:13:58",1740800
3880,-50,2100,"sd","13:13:58",1740300
3880,-50,100,"sd","13:13:58",1738200
3880,-50,1000,"sd","13:13:58",1738100
3880,-50,300,"sd","13:13:58",1737100
3880,-50,400,"sd","13:13:58",1736800
3880,-50,10000,"sd","13:13:58",1736400
3880,-50,100,"sd","13:13:58",1726400
3880,-50,1000,"sd","13:13:58",1726300
3880,-50,500,"sd","13:13:58",1725300
3880,-50,100,"sd","13:13:58",1724800
3880,-50,400,"sd","13:13:58",1724700
3880,-50,4900,"sd","13:13:58",1724300
3880,-50,2000,"sd","13:13:58",1719400
3880,-50,100,"sd","13:13:58",1717400
3880,-50,100,"sd","13:13:58",1717300
3880,-50,1000,"sd","13:13:58",1717200
3880,-50,10000,"sd","13:13:58",1716200
3880,-50,100,"sd","13:13:58",1706200
3880,-50,100,"sd","13:13:58",1706100
3880,-50,2900,"sd","13:13:58",1706000
3880,-50,800,"sd","13:13:58",1703100
3880,-50,500,"sd","13:13:58",1702300
3880,-50,3000,"sd","13:13:58",1701800
3880,-50,1000,"sd","13:13:58",1698800
3880,-50,500,"sd","13:13:58",1697800
3880,-50,100,"sd","13:13:58",1697300
3880,-50,7800,"sd","13:13:58",1697200
3880,-50,2200,"sd","13:13:47",1689400
3880,-50,100,"sd","13:13:47",1687200
3880,-50,200,"sd","13:13:47",1687100
3880,-50,500,"sd","13:13:47",1686900
3880,-50,500,"sd","13:13:46",1686400
3880,-50,2000,"sd","13:13:46",1685900
3880,-50,6200,"sd","13:13:46",1683900
3880,-50,1000,"sd","13:13:41",1677700
3880,-50,2400,"sd","13:13:36",1676700
3880,-50,10000,"sd","13:13:14",1674300
3890,-40,200,"bu","13:13:04",1664300
3880,-50,200,"sd","13:13:01",1664100
3890,-40,100,"bu","13:12:54",1663900
3890,-40,1300,"bu","13:12:46",1663800
3890,-40,200,"bu","13:12:37",1662500
3890,-40,200,"bu","13:12:33",1662300
3880,-50,10200,"sd","13:12:14",1662100
3880,-50,1000,"sd","13:12:14",1651900
3880,-50,9100,"sd","13:12:14",1650900
3890,-40,100,"bu","13:12:09",1641800
3890,-40,100,"bu","13:12:01",1641700
3890,-40,2000,"bu","13:11:54",1641600
3890,-40,5000,"sd","13:11:48",1639600
3890,-40,5000,"sd","13:11:48",1634600
3890,-40,4900,"sd","13:11:48",1629600
3890,-40,6500,"sd","13:11:48",1624700
3890,-40,5500,"sd","13:11:45",1618200
3890,-40,100,"sd","13:11:42",1612700
3890,-40,300,"sd","13:11:38",1612600
3890,-40,500,"sd","13:11:38",1612300
3890,-40,1700,"sd","13:11:38",1611800
3890,-40,700,"sd","13:11:38",1610100
3890,-40,200,"sd","13:11:38",1609400
3890,-40,1000,"sd","13:11:38",1609200
3890,-40,100,"sd","13:11:38",1608200
3890,-40,500,"sd","13:11:38",1608100
3890,-40,1000,"sd","13:11:38",1607600
3890,-40,1000,"sd","13:11:38",1606600
3890,-40,300,"sd","13:11:26",1605600
3900,-30,100,"bu","13:10:44",1605300
3900,-30,100,"bu","13:10:44",1605200
3890,-40,3000,"sd","13:10:20",1605100
3890,-40,1000,"sd","13:10:20",1602100
3890,-40,100,"sd","13:10:20",1601100
3890,-40,500,"sd","13:10:20",1601000
3900,-30,100,"bu","13:10:14",1600500
3890,-40,500,"sd","13:09:37",1600400
3890,-40,700,"sd","13:09:32",1599900
3890,-40,600,"bu","13:09:24",1599200
3890,-40,3600,"bu","13:09:14",1598600
3890,-40,1000,"bu","13:09:14",1595000
3890,-40,3600,"bu","13:09:13",1594000
3890,-40,1200,"bu","13:09:11",1590400
3890,-40,10000,"bu","13:09:00",1589200
3890,-40,1000,"bu","13:08:47",1579200
3890,-40,3000,"bu","13:08:46",1578200
3890,-40,2000,"bu","13:08:37",1575200
3890,-40,100,"bu","13:08:18",1573200
3890,-40,700,"bu","13:08:18",1573100
3890,-40,1200,"bu","13:08:18",1572400
3890,-40,300,"bu","13:08:18",1571200
3890,-40,400,"bu","13:08:18",1570900
3890,-40,800,"bu","13:08:18",1570500
3880,-50,900,"sd","13:08:10",1569700
3880,-50,100,"sd","13:08:10",1568800
3880,-50,1000,"sd","13:08:10",1568700
3890,-40,300,"bu","13:08:02",1567700
3890,-40,1500,"bu","13:08:02",1567400
3890,-40,200,"bu","13:08:02",1565900
3890,-40,100,"bu","13:08:01",1565700
3890,-40,200,"bu","13:08:01",1565600
3890,-40,100,"bu","13:08:00",1565400
3890,-40,900,"bu","13:07:57",1565300
3890,-40,10000,"bu","13:07:56",1564400
3890,-40,100,"bu","13:07:53",1554400
3890,-40,2000,"bu","13:07:52",1554300
3890,-40,3000,"bu","13:07:51",1552300
3890,-40,900,"bu","13:07:51",1549300
3890,-40,200,"bu","13:07:47",1548400
3890,-40,100,"bu","13:07:42",1548200
3890,-40,700,"bu","13:07:37",1548100
3890,-40,1000,"bu","13:07:27",1547400
3890,-40,2000,"bu","13:07:24",1546400
3890,-40,800,"bu","13:07:24",1544400
3890,-40,6000,"bu","13:07:24",1543600
3890,-40,11200,"bu","13:07:24",1537600
3890,-40,2000,"bu","13:07:19",1526400
3890,-40,500,"bu","13:07:18",1524400
3890,-40,3000,"bu","13:07:18",1523900
3890,-40,1000,"bu","13:07:12",1520900
3890,-40,5000,"bu","13:07:02",1519900
3880,-50,1000,"sd","13:06:52",1514900
3880,-50,1600,"sd","13:06:52",1513900
3890,-40,1000,"bu","13:06:49",1512300
3890,-40,100,"bu","13:06:33",1511300
3880,-50,300,"sd","13:06:17",1511200
3890,-40,1000,"bu","13:06:11",1510900
3890,-40,600,"bu","13:06:08",1509900
3890,-40,700,"sd","13:06:06",1509300
3890,-40,800,"bu","13:06:04",1508600
3890,-40,700,"bu","13:06:03",1507800
3890,-40,300,"bu","13:06:03",1507100
3890,-40,100,"bu","13:06:00",1506800
3890,-40,500,"bu","13:05:49",1506700
3890,-40,100,"bu","13:05:35",1506200
3890,-40,5000,"bu","13:05:35",1506100
3890,-40,700,"bu","13:05:29",1501100
3890,-40,3300,"bu","13:05:28",1500400
3890,-40,1000,"bu","13:05:28",1497100
3890,-40,3300,"bu","13:05:28",1496100
3890,-40,2400,"bu","13:05:28",1492800
3890,-40,100,"bu","13:05:25",1490400
3890,-40,500,"bu","13:05:25",1490300
3890,-40,1200,"bu","13:05:20",1489800
3890,-40,300,"bu","13:04:59",1488600
3890,-40,200,"bu","13:04:59",1488300
3890,-40,1200,"bu","13:04:57",1488100
3890,-40,800,"bu","13:04:57",1486900
3890,-40,300,"bu","13:04:44",1486100
3880,-50,100,"sd","13:04:19",1485800
3880,-50,700,"sd","13:04:19",1485700
3880,-50,300,"sd","13:04:16",1485000
3880,-50,1000,"sd","13:04:16",1484700
3880,-50,400,"sd","13:04:16",1483700
3880,-50,100,"sd","13:04:16",1483300
3880,-50,200,"sd","13:04:15",1483200
3890,-40,200,"bu","13:04:15",1483000
3890,-40,100,"bu","13:04:14",1482800
3880,-50,2800,"sd","13:04:00",1482700
3880,-50,800,"sd","13:04:00",1479900
3890,-40,100,"sd","13:04:00",1479100
3890,-40,4800,"sd","13:04:00",1479000
3890,-40,59500,"sd","13:04:00",1474200
3890,-40,500,"bu","13:03:50",1414700
3880,-50,5800,"sd","13:03:49",1414200
3880,-50,1000,"sd","13:03:49",1408400
3880,-50,8200,"sd","13:03:49",1407400
3880,-50,500,"sd","13:03:35",1399200
3890,-40,1000,"sd","13:03:33",1398700
3880,-50,300,"sd","13:03:13",1386400
3880,-50,11300,"sd","13:03:13",1397700
3890,-40,500,"sd","13:03:13",1386100
3890,-40,400,"sd","13:03:13",1385600
3890,-40,600,"bu","13:03:08",1385200
3890,-40,1000,"sd","13:03:08",1384600
3890,-40,1500,"sd","13:03:07",1383600
3890,-40,1000,"bu","13:03:05",1382100
3890,-40,6500,"bu","13:03:05",1381100
3890,-40,1000,"bu","13:02:57",1374600
3890,-40,700,"bu","13:02:48",1373600
3890,-40,200,"bu","13:02:41",1372900
3890,-40,500,"bu","13:02:41",1372700
3890,-40,1000,"bu","13:02:41",1372200
3890,-40,100,"bu","13:02:41",1371200
3890,-40,1900,"bu","13:02:41",1371100
3890,-40,1000,"bu","13:02:41",1369200
3890,-40,3100,"sd","13:02:41",1368200
3890,-40,1000,"sd","13:02:41",1365100
3890,-40,600,"sd","13:02:41",1364100
3890,-40,1300,"sd","13:02:24",1363500
3890,-40,500,"sd","13:02:17",1362200
3890,-40,500,"sd","13:02:17",1361700
3890,-40,3200,"sd","13:02:17",1361200
3890,-40,600,"sd","13:02:17",1358000
3890,-40,200,"sd","13:02:17",1357400
3890,-40,100,"sd","13:02:13",1357200
3890,-40,100,"sd","13:02:13",1357100
3890,-40,200,"sd","13:02:13",1357000
3890,-40,300,"sd","13:02:06",1356800
3890,-40,700,"sd","13:02:05",1356500
3890,-40,300,"sd","13:02:05",1355800
3890,-40,400,"sd","13:01:54",1355500
3890,-40,100,"sd","13:01:34",1355100
3890,-40,100,"sd","13:01:34",1355000
3890,-40,100,"sd","13:01:34",1354900
3890,-40,300,"sd","13:01:34",1354800
3890,-40,100,"sd","13:01:34",1354500
3890,-40,500,"sd","13:01:34",1354400
3890,-40,100,"sd","13:01:34",1353900
3890,-40,200,"sd","13:01:34",1353800
3890,-40,100,"sd","13:01:34",1353600
3890,-40,1400,"sd","13:01:34",1353500
3890,-40,600,"sd","13:01:31",1352100
3890,-40,400,"sd","13:01:31",1351500
3890,-40,100,"sd","13:01:10",1351100
3890,-40,500,"sd","13:01:10",1351000
3890,-40,2000,"sd","13:01:10",1350500
3890,-40,100,"sd","13:01:10",1348500
3890,-40,4300,"sd","13:01:10",1348400
3890,-40,800,"sd","13:00:57",1344100
3890,-40,3100,"sd","13:00:37",1343300
3890,-40,3000,"sd","13:00:37",1340200
3890,-40,1000,"sd","13:00:37",1337200
3890,-40,2900,"sd","13:00:37",1336200
3890,-40,100,"sd","13:00:31",1333300
3890,-40,100,"sd","13:00:31",1333200
3890,-40,2100,"sd","13:00:31",1333100
3890,-40,500,"sd","13:00:31",1331000
3890,-40,2000,"sd","13:00:31",1330500
3890,-40,500,"sd","13:00:31",1328500
3890,-40,200,"sd","13:00:31",1328000
3890,-40,1000,"sd","13:00:31",1327800
3890,-40,100,"sd","13:00:31",1326800
3890,-40,400,"sd","13:00:31",1326700
3900,-30,800,"bu","13:00:29",1326300
3900,-30,100,"bu","13:00:26",1325500
3890,-40,1600,"sd","13:00:24",1325400
3890,-40,500,"sd","13:00:24",1323800
3890,-40,2000,"sd","13:00:24",1323300
3890,-40,500,"sd","13:00:24",1321300
3890,-40,300,"sd","13:00:24",1320800
3890,-40,100,"sd","13:00:24",1320500
3890,-40,5000,"sd","13:00:24",1320400
3900,-30,200,"bu","13:00:18",1315400
3900,-30,200,"bu","13:00:13",1315200
3900,-30,200,"bu","13:00:13",1315000
3890,-40,300,"sd","13:00:13",1314800
3900,-30,300,"sd","13:00:12",1314500
3900,-30,100,"sd","13:00:12",1314200
3900,-30,100,"sd","13:00:12",1314100
3900,-30,28200,"sd","13:00:12",1314000
3900,-30,200,"sd","13:00:12",1285800
3900,-30,500,"sd","13:00:12",1285600
3900,-30,1000,"sd","13:00:12",1285100
3900,-30,200,"sd","13:00:11",1284100
3900,-30,100,"sd","13:00:10",1283900
3900,-30,800,"sd","13:00:07",1283800
3900,-30,2500,"sd","13:00:06",1283000
3900,-30,100,"bu","13:00:02",1280500
3900,-30,500,"bu","13:00:02",1280400
3900,-30,200,"bu","13:00:02",1279900
3900,-30,6600,"bu","13:00:02",1279700
3900,-30,800,"bu","13:00:02",1273100
3900,-30,3500,"bu","13:00:01",1272300
3890,-40,3400,"sd","13:00:01",1268800
3890,-40,200,"sd","13:00:01",1265400
3900,-30,500,"bu","13:00:01",1265200
3890,-40,3000,"sd","13:00:01",1264700
3900,-30,5000,"unknown","13:00:00",1261700
3900,-30,200,"unknown","13:00:00",1256700
3900,-30,500,"unknown","13:00:00",1256500
3890,-40,1900,"sd","12:59:59",1256000
3900,-30,100,"unknown","12:59:59",1254100
3900,-30,200,"sd","12:59:59",1254000
3900,-30,200,"sd","12:59:59",1253800
3900,-30,100,"sd","12:59:59",1253600
3900,-30,200,"sd","12:59:59",1253500
3900,-30,1800,"bu","11:29:47",1253300
3900,-30,100,"bu","11:29:39",1251500
3890,-40,7000,"sd","11:29:28",1251400
3890,-40,5000,"sd","11:29:11",1244400
3890,-40,14000,"sd","11:28:47",1239400
3890,-40,8300,"sd","11:28:35",1225400
3890,-40,1900,"sd","11:28:31",1217100
3890,-40,2000,"sd","11:28:31",1215200
3890,-40,5100,"sd","11:28:31",1213200
3890,-40,200,"sd","11:28:31",1208100
3890,-40,300,"sd","11:28:31",1207900
3890,-40,100,"sd","11:28:31",1207600
3890,-40,500,"sd","11:28:31",1207500
3890,-40,100,"sd","11:28:30",1207000
3890,-40,200,"sd","11:28:30",1206900
3890,-40,100,"sd","11:28:30",1206700
3890,-40,1000,"sd","11:28:30",1206600
3890,-40,500,"sd","11:28:30",1205600
3890,-40,10000,"sd","11:28:30",1205100
3890,-40,100,"sd","11:28:30",1195100
3890,-40,400,"sd","11:28:30",1195000
3890,-40,500,"sd","11:28:30",1194600
3890,-40,300,"sd","11:28:30",1194100
3890,-40,1000,"sd","11:28:30",1193800
3890,-40,200,"sd","11:28:30",1192800
3890,-40,100,"sd","11:28:30",1192600
3890,-40,3000,"sd","11:28:30",1192500
3890,-40,2400,"sd","11:28:30",1189500
3900,-30,100,"bu","11:28:22",1187100
3900,-30,500,"bu","11:28:19",1187000
3900,-30,100,"bu","11:28:13",1186500
3900,-30,100,"bu","11:27:54",1186400
3890,-40,600,"sd","11:27:54",1186300
3890,-40,100,"sd","11:27:54",1185700
3890,-40,100,"sd","11:27:54",1185600
3890,-40,200,"sd","11:27:54",1185500
3890,-40,1000,"sd","11:27:54",1185300
3890,-40,200,"sd","11:27:54",1184300
3890,-40,300,"sd","11:27:54",1184100
3890,-40,400,"sd","11:27:54",1183800
3890,-40,200,"sd","11:27:54",1183400
3890,-40,1900,"sd","11:27:54",1183200
3900,-30,900,"bu","11:27:36",1181300
3900,-30,100,"bu","11:27:32",1180400
3890,-40,3100,"sd","11:27:24",1180300
3890,-40,2000,"sd","11:27:24",1177200
3890,-40,100,"sd","11:27:24",1175200
3890,-40,200,"sd","11:27:24",1175100
3890,-40,200,"sd","11:27:24",1174900
3890,-40,1400,"sd","11:27:24",1174700
3890,-40,1600,"sd","11:27:24",1173300
3890,-40,100,"sd","11:27:24",1171700
3890,-40,700,"sd","11:27:24",1171600
3890,-40,400,"sd","11:27:24",1170900
3890,-40,100,"sd","11:27:24",1170500
3890,-40,1000,"sd","11:27:24",1170400
3890,-40,1100,"sd","11:27:24",1169400
3900,-30,1000,"bu","11:27:19",1168300
3900,-30,1000,"bu","11:27:13",1167300
3900,-30,1000,"bu","11:27:09",1166300
3890,-40,600,"sd","11:27:09",1165300
3900,-30,9400,"bu","11:27:08",1164700
3900,-30,600,"bu","11:27:08",1155300
3900,-30,200,"bu","11:27:08",1154700
3900,-30,2000,"sd","11:26:39",1154500
3900,-30,300,"sd","11:26:39",1152500
3900,-30,1000,"sd","11:26:39",1152200
3900,-30,5000,"sd","11:26:39",1151200
3900,-30,100,"sd","11:26:39",1146200
3900,-30,400,"sd","11:26:39",1146100
3900,-30,1000,"sd","11:26:39",1145700
3900,-30,500,"sd","11:26:39",1144700
3900,-30,5200,"sd","11:26:39",1144200
3900,-30,1000,"sd","11:26:39",1139000
3900,-30,100,"sd","11:26:39",1138000
3900,-30,500,"sd","11:26:39",1137900
3900,-30,1000,"sd","11:26:39",1137400
3900,-30,1500,"sd","11:26:39",1136400
3900,-30,100,"sd","11:26:39",1134900
3900,-30,100,"sd","11:26:39",1134800
3900,-30,1000,"sd","11:26:39",1134700
3900,-30,200,"sd","11:26:39",1133700
3900,-30,300,"sd","11:26:39",1133500
3900,-30,200,"sd","11:26:39",1133200
3900,-30,100,"sd","11:26:39",1133000
3900,-30,1000,"sd","11:26:39",1132900
3900,-30,10000,"sd","11:26:39",1131900
3900,-30,400,"sd","11:26:39",1121900
3900,-30,100,"sd","11:26:39",1121500
3900,-30,200,"sd","11:26:39",1121400
3900,-30,100,"sd","11:26:39",1121200
3900,-30,200,"sd","11:26:39",1121100
3900,-30,200,"sd","11:26:39",1120900
3900,-30,200,"sd","11:26:39",1120700
3900,-30,2000,"sd","11:26:39",1120500
3900,-30,200,"sd","11:26:39",1118500
3900,-30,100,"sd","11:26:39",1118300
3900,-30,5000,"sd","11:26:39",1118200
3900,-30,1100,"sd","11:26:39",1113200
3900,-30,5000,"sd","11:26:39",1112100
3900,-30,100,"sd","11:26:39",1107100
3900,-30,1000,"sd","11:26:39",1107000
3900,-30,9000,"sd","11:26:39",1106000
3900,-30,300,"sd","11:26:39",1097000
3900,-30,5600,"sd","11:26:39",1096700
3900,-30,200,"sd","11:26:39",1091100
3900,-30,1800,"sd","11:26:39",1090900
3900,-30,1500,"sd","11:26:39",1089100
3900,-30,15000,"sd","11:26:39",1087600
3900,-30,1000,"sd","11:26:39",1072600
3900,-30,5000,"sd","11:26:39",1071600
3900,-30,300,"sd","11:26:39",1066600
3900,-30,200,"sd","11:26:39",1066300
3900,-30,5000,"sd","11:26:39",1066100
3900,-30,200,"sd","11:26:39",1061100
3900,-30,200,"sd","11:26:39",1060900
3900,-30,400,"sd","11:26:39",1060700
3900,-30,100,"sd","11:26:39",1060300
3900,-30,600,"sd","11:26:39",1060200
3900,-30,500,"sd","11:26:39",1059600
3900,-30,500,"sd","11:26:39",1059100
3900,-30,500,"sd","11:26:39",1058600
3900,-30,800,"sd","11:26:39",1058100
3900,-30,20000,"sd","11:26:39",1057300
3900,-30,100,"sd","11:26:39",1037300
3900,-30,100,"sd","11:26:39",1037200
3900,-30,500,"sd","11:26:39",1037100
3900,-30,10000,"sd","11:26:39",1036600
3900,-30,300,"sd","11:26:39",1026600
3900,-30,1200,"sd","11:26:38",1026300
3900,-30,300,"sd","11:26:38",1025100
3900,-30,700,"sd","11:25:58",1024800
3900,-30,4300,"sd","11:25:58",1024100
3900,-30,700,"sd","11:25:31",1019800
3900,-30,500,"sd","11:25:31",1019100
3900,-30,200,"sd","11:25:31",1018600
3900,-30,300,"sd","11:25:31",1018400
3900,-30,1000,"sd","11:25:31",1018100
3900,-30,2000,"sd","11:25:31",1017100
3900,-30,100,"sd","11:25:31",1015100
3900,-30,1000,"sd","11:25:31",1015000
3900,-30,100,"sd","11:25:31",1014000
3900,-30,1000,"sd","11:25:31",1013900
3900,-30,3000,"sd","11:25:31",1012900
3900,-30,100,"sd","11:25:31",1009900
3910,-20,1000,"bu","11:25:06",1009800
3900,-30,200,"sd","11:25:05",1008800
3900,-30,3000,"sd","11:25:05",1008600
3900,-30,100,"sd","11:25:05",1005600
3900,-30,1000,"sd","11:25:05",1005500
3900,-30,200,"sd","11:25:05",1004500
3900,-30,2000,"sd","11:25:05",1004300
3900,-30,1700,"sd","11:25:05",1002300
3900,-30,3300,"sd","11:24:52",1000600
3900,-30,100,"sd","11:24:52",997300
3900,-30,100,"sd","11:24:52",997200
3900,-30,1500,"sd","11:24:52",997100
3910,-20,200,"bu","11:24:45",995600
3900,-30,100,"sd","11:24:39",995400
3900,-30,3000,"sd","11:24:39",995300
3900,-30,300,"sd","11:24:39",992300
3900,-30,300,"sd","11:24:39",992000
3900,-30,1000,"sd","11:24:39",991700
3900,-30,200,"sd","11:24:39",990700
3900,-30,600,"sd","11:24:39",990500
3900,-30,100,"sd","11:24:39",989900
3900,-30,100,"sd","11:24:39",989800
3900,-30,1000,"sd","11:24:39",989700
3900,-30,500,"sd","11:24:39",988700
3900,-30,4000,"sd","11:24:39",988200
3900,-30,500,"sd","11:24:39",984200
3900,-30,3000,"sd","11:24:39",983700
3900,-30,1500,"sd","11:24:39",980700
3900,-30,200,"sd","11:24:39",979200
3900,-30,2000,"sd","11:24:39",979000
3900,-30,100,"sd","11:24:39",977000
3900,-30,400,"sd","11:24:39",976900
3900,-30,100,"sd","11:24:39",976500
3900,-30,400,"sd","11:24:39",976400
3900,-30,100,"sd","11:24:39",976000
3900,-30,1000,"sd","11:24:39",975900
3900,-30,5000,"sd","11:24:39",974900
3900,-30,1000,"sd","11:24:39",969900
3900,-30,500,"sd","11:24:39",968900
3900,-30,1200,"sd","11:24:39",968400
3900,-30,500,"sd","11:24:39",967200
3900,-30,1000,"sd","11:24:39",966700
3900,-30,100,"sd","11:24:39",965700
3900,-30,300,"sd","11:24:39",965600
3900,-30,7600,"sd","11:24:39",965300
3900,-30,200,"sd","11:24:39",957700
3900,-30,100,"sd","11:24:39",957500
3900,-30,4000,"sd","11:24:39",957400
3900,-30,2000,"sd","11:24:39",953400
3900,-30,100,"sd","11:24:39",951400
3900,-30,300,"sd","11:24:39",951300
3900,-30,100,"sd","11:24:39",951000
3900,-30,500,"sd","11:24:39",950900
3910,-20,500,"bu","11:24:39",950400
3900,-30,900,"sd","11:24:26",949900
3900,-30,100,"sd","11:24:26",949000
3900,-30,500,"sd","11:24:26",948900
3900,-30,5000,"sd","11:24:06",948400
3900,-30,2000,"sd","11:23:45",943400
3900,-30,2500,"sd","11:23:38",941400
3900,-30,5000,"sd","11:23:38",938900
3900,-30,500,"sd","11:23:38",933900
3900,-30,200,"sd","11:23:38",933400
3900,-30,1000,"sd","11:23:38",933200
3900,-30,10000,"sd","11:23:38",932200
3900,-30,400,"sd","11:23:38",922200
3900,-30,1400,"sd","11:23:38",921800
3910,-20,100,"bu","11:22:44",920400
3900,-30,300,"sd","11:22:34",920300
3900,-30,3300,"sd","11:22:31",920000
3900,-30,100,"sd","11:22:31",916700
3900,-30,5000,"sd","11:22:31",916600
3900,-30,400,"sd","11:22:31",911600
3900,-30,100,"sd","11:22:31",911200
3900,-30,400,"sd","11:22:31",911100
3900,-30,200,"sd","11:22:31",910700
3900,-30,100,"sd","11:22:31",910500
3900,-30,5000,"sd","11:22:31",910400
3900,-30,1000,"sd","11:22:31",905400
3900,-30,1000,"sd","11:22:31",904400
3900,-30,100,"sd","11:22:31",903400
3900,-30,1500,"sd","11:22:31",903300
3900,-30,2000,"sd","11:22:31",901800
3900,-30,1000,"sd","11:22:31",899800
3910,-20,100,"bu","11:22:28",898800
3910,-20,100,"bu","11:22:19",898700
3910,-20,200,"bu","11:22:10",898600
3910,-20,100,"bu","11:22:00",898400
3910,-20,100,"bu","11:21:54",898300
3910,-20,100,"bu","11:21:41",898200
3910,-20,100,"bu","11:21:16",898100
3910,-20,500,"bu","11:20:53",898000
3910,-20,300,"bu","11:20:46",897500
3910,-20,1000,"bu","11:20:30",897200
3910,-20,100,"sd","11:20:06",896200
3910,-20,200,"sd","11:20:06",896100
3910,-20,200,"sd","11:20:06",895900
3910,-20,1800,"sd","11:20:06",895700
3910,-20,1000,"sd","11:20:06",893900
3910,-20,200,"sd","11:20:06",892900
3910,-20,1000,"sd","11:20:06",892700
3910,-20,5000,"sd","11:20:06",891700
3910,-20,1000,"sd","11:20:06",886700
3910,-20,1000,"sd","11:20:06",885700
3910,-20,4100,"sd","11:20:06",884700
3910,-20,900,"sd","11:19:56",880600
3910,-20,1000,"sd","11:19:56",879700
3910,-20,100,"sd","11:19:56",878700
3910,-20,1500,"sd","11:18:53",878600
3920,-10,200,"bu","11:18:29",877100
3920,-10,200,"bu","11:18:05",876900
3920,-10,1000,"bu","11:17:34",876700
3920,-10,100,"bu","11:17:24",875700
3920,-10,500,"bu","11:16:05",875600
3910,-20,8500,"bu","11:15:26",875100
3910,-20,500,"sd","11:15:06",866600
3910,-20,300,"sd","11:14:38",866100
3910,-20,4600,"sd","11:14:38",865800
3910,-20,200,"sd","11:14:38",861200
3910,-20,100,"sd","11:14:38",861000
3910,-20,100,"sd","11:14:38",860900
3910,-20,1000,"sd","11:14:38",860800
3910,-20,100,"sd","11:14:38",859800
3910,-20,300,"sd","11:14:38",859700
3910,-20,200,"sd","11:14:34",859400
3910,-20,500,"sd","11:14:18",859200
3910,-20,300,"sd","11:14:18",858700
3910,-20,1000,"sd","11:14:18",858400
3910,-20,1100,"sd","11:14:18",857400
3910,-20,1000,"sd","11:14:18",856300
3910,-20,1000,"sd","11:14:18",855300
3910,-20,300,"sd","11:14:18",854300
3910,-20,200,"sd","11:14:18",854000
3910,-20,1000,"sd","11:14:18",853800
3910,-20,20000,"sd","11:14:18",852800
3910,-20,100,"sd","11:14:18",832800
3910,-20,1000,"sd","11:14:18",832700
3910,-20,3000,"sd","11:14:18",831700
3910,-20,1000,"sd","11:14:18",828700
3910,-20,1000,"sd","11:14:18",827700
3910,-20,500,"sd","11:14:18",826700
3910,-20,1000,"sd","11:14:18",826200
3910,-20,21000,"sd","11:14:18",825200
3910,-20,1000,"sd","11:14:18",804200
3910,-20,200,"sd","11:14:18",803200
3910,-20,1000,"sd","11:14:18",803000
3910,-20,10000,"sd","11:14:18",802000
3910,-20,100,"sd","11:14:18",792000
3910,-20,600,"sd","11:14:18",791900
3910,-20,200,"sd","11:14:18",791300
3910,-20,1000,"sd","11:14:18",791100
3910,-20,500,"sd","11:14:18",790100
3910,-20,3000,"sd","11:14:18",789600
3910,-20,2000,"sd","11:14:18",786600
3910,-20,700,"sd","11:14:18",784600
3910,-20,2000,"sd","11:14:18",783900
3910,-20,1000,"sd","11:14:18",781900
3910,-20,100,"sd","11:14:18",780900
3910,-20,200,"sd","11:14:18",780800
3910,-20,500,"sd","11:14:18",780600
3910,-20,100,"sd","11:14:18",780100
3910,-20,500,"sd","11:14:18",780000
3910,-20,100,"sd","11:14:18",779500
3910,-20,800,"sd","11:14:18",779400
3910,-20,10000,"sd","11:14:18",778600
3910,-20,100,"sd","11:14:18",768600
3910,-20,100,"sd","11:14:18",768500
3910,-20,500,"sd","11:14:18",768400
3910,-20,100,"sd","11:14:18",767900
3910,-20,1000,"sd","11:14:18",767800
3910,-20,1000,"sd","11:14:18",766800
3910,-20,6600,"sd","11:14:18",765800
3920,-10,500,"bu","11:12:58",759200
3910,-20,1100,"sd","11:11:18",758700
3920,-10,4600,"bu","11:11:14",757600
3920,-10,100,"bu","11:10:35",753000
3920,-10,100,"sd","11:09:28",752900
3920,-10,2000,"sd","11:09:28",752800
3920,-10,1000,"sd","11:09:28",750800
3920,-10,1000,"sd","11:09:28",749800
3920,-10,100,"sd","11:09:28",748800
3920,-10,100,"sd","11:09:28",748700
3920,-10,900,"bu","11:06:02",748600
3920,-10,100,"bu","11:06:00",747700
3920,-10,300,"bu","11:05:47",747600
3920,-10,1000,"bu","11:05:37",747300
3920,-10,100,"bu","11:05:37",746300
3920,-10,1300,"bu","11:05:30",746200
3920,-10,1500,"bu","11:05:30",744900
3920,-10,100,"bu","11:04:52",743400
3920,-10,100,"bu","11:04:45",743300
3920,-10,2900,"bu","11:04:16",743200
3920,-10,7100,"bu","11:04:16",740300
3920,-10,100,"bu","11:03:03",733200
3920,-10,200,"bu","11:03:03",733100
3920,-10,400,"bu","11:02:10",732900
3920,-10,1000,"bu","11:02:10",732500
3920,-10,1600,"bu","11:02:10",731500
3920,-10,100,"bu","11:02:06",729900
3920,-10,500,"bu","11:00:08",729800
3920,-10,100,"bu","10:59:49",729300
3920,-10,400,"bu","10:59:49",729200
3920,-10,3200,"bu","10:59:15",728800
3920,-10,1000,"bu","10:59:11",725600
3920,-10,100,"bu","10:58:50",724600
3920,-10,1000,"bu","10:58:37",724500
3920,-10,1000,"bu","10:58:24",723500
3920,-10,3000,"bu","10:58:17",722500
3920,-10,300,"bu","10:56:18",719500
3920,-10,100,"bu","10:55:56",719200
3920,-10,300,"bu","10:55:49",719100
3920,-10,400,"bu","10:55:33",718800
3920,-10,300,"bu","10:54:48",718400
3920,-10,400,"bu","10:54:48",718100
3920,-10,100,"bu","10:54:37",717700
3920,-10,200,"bu","10:53:37",717600
3920,-10,200,"bu","10:53:37",717400
3920,-10,100,"bu","10:53:37",717200
3920,-10,200,"bu","10:53:26",717100
3920,-10,700,"bu","10:53:20",716900
3920,-10,9300,"bu","10:53:20",716200
3920,-10,700,"bu","10:53:06",706900
3920,-10,3300,"bu","10:53:06",706200
3920,-10,4000,"bu","10:52:46",702900
3920,-10,1000,"bu","10:52:45",698900
3920,-10,300,"bu","10:52:34",697900
3920,-10,100,"bu","10:52:01",697600
3920,-10,100,"bu","10:51:35",697500
3910,-20,2300,"sd","10:51:00",697400
3910,-20,2000,"sd","10:51:00",695100
3910,-20,100,"sd","10:51:00",693100
3910,-20,1000,"sd","10:51:00",693000
3910,-20,500,"sd","10:51:00",692000
3910,-20,2000,"sd","10:51:00",691500
3920,-10,400,"bu","10:50:52",689500
3920,-10,100,"bu","10:50:37",689100
3920,-10,500,"bu","10:50:18",689000
3920,-10,200,"bu","10:49:51",688500
3920,-10,4800,"bu","10:49:51",688300
3920,-10,100,"bu","10:49:50",683500
3920,-10,200,"bu","10:49:23",683400
3920,-10,100,"bu","10:49:13",683200
3920,-10,1000,"bu","10:48:46",683100
3920,-10,900,"bu","10:48:17",682100
3920,-10,200,"bu","10:48:05",681200
3920,-10,1000,"bu","10:47:45",681000
3910,-20,900,"sd","10:47:38",680000
3920,-10,1000,"bu","10:47:37",679100
3920,-10,400,"bu","10:46:57",678100
3920,-10,1000,"bu","10:46:46",677700
3920,-10,500,"bu","10:46:20",676700
3920,-10,2000,"bu","10:46:03",676200
3910,-20,100,"sd","10:45:57",674200
3910,-20,200,"sd","10:45:57",674100
3910,-20,200,"sd","10:45:57",673900
3910,-20,100,"sd","10:45:57",673700
3910,-20,100,"sd","10:45:57",673600
3920,-10,200,"sd","10:45:41",673500
3920,-10,200,"sd","10:45:41",673300
3920,-10,1400,"sd","10:45:41",673100
3930,0,100,"bu","10:45:16",671700
3920,-10,600,"sd","10:45:14",671600
3920,-10,2700,"sd","10:45:14",671000
3920,-10,200,"sd","10:45:14",668300
3920,-10,1000,"sd","10:45:14",668100
3920,-10,500,"sd","10:45:14",667100
3920,-10,2000,"sd","10:45:14",666600
3920,-10,200,"sd","10:45:14",664600
3920,-10,100,"sd","10:45:14",664400
3920,-10,200,"sd","10:45:14",664300
3920,-10,3000,"sd","10:45:14",664100
3920,-10,1000,"sd","10:45:14",661100
3920,-10,3000,"sd","10:45:14",660100
3920,-10,200,"sd","10:45:14",657100
3920,-10,100,"sd","10:45:14",656900
3920,-10,200,"sd","10:45:14",656800
3920,-10,1000,"sd","10:45:14",656600
3920,-10,2000,"sd","10:45:14",655600
3920,-10,28500,"sd","10:45:14",653600
3930,0,100,"bu","10:45:05",625100
3920,-10,10000,"sd","10:44:31",625000
3920,-10,1900,"sd","10:44:04",615000
3930,0,100,"bu","10:43:50",613100
3930,0,5000,"bu","10:43:37",613000
3920,-10,1000,"sd","10:43:05",608000
3920,-10,1000,"sd","10:42:18",607000
3930,0,3000,"bu","10:40:40",606000
3930,0,300,"bu","10:40:07",603000
3930,0,300,"sd","10:40:03",602700
3930,0,200,"sd","10:40:03",602400
3930,0,300,"sd","10:40:03",602200
3930,0,1000,"sd","10:40:03",601900
3930,0,100,"sd","10:40:03",600900
3930,0,100,"sd","10:40:03",600800
3930,0,300,"sd","10:40:03",600700
3930,0,100,"sd","10:39:05",600400
3930,0,100,"sd","10:38:49",600300
3930,0,100,"sd","10:38:15",600200
3930,0,1400,"sd","10:38:15",600100
3930,0,900,"bu","10:37:42",598700
3930,0,2800,"bu","10:37:36",597800
3930,0,5000,"bu","10:37:36",595000
3930,0,300,"bu","10:37:36",590000
3930,0,1000,"bu","10:37:36",589700
3930,0,900,"bu","10:37:36",588700
3930,0,10000,"bu","10:37:24",587800
3930,0,100,"bu","10:36:36",577800
3930,0,20000,"bu","10:36:23",577700
3930,0,500,"bu","10:36:14",557700
3930,0,9500,"bu","10:36:05",557200
3930,0,3200,"bu","10:36:05",547700
3930,0,100,"bu","10:32:14",544500
3920,-10,2000,"sd","10:31:44",544400
3930,0,2500,"bu","10:31:34",542400
3930,0,12100,"bu","10:31:20",539900
3930,0,2900,"bu","10:31:20",527800
3930,0,200,"bu","10:30:33",524900
3930,0,100,"bu","10:30:23",524700
3920,-10,5000,"sd","10:30:17",524600
3930,0,4800,"sd","10:30:05",519600
3930,0,200,"bu","10:29:53",514800
3930,0,200,"bu","10:29:39",514600
3930,0,100,"bu","10:29:20",514400
3930,0,100,"bu","10:29:17",514300
3930,0,200,"bu","10:29:17",514200
3930,0,500,"bu","10:29:17",514000
3930,0,1800,"bu","10:29:17",513500
3930,0,100,"bu","10:28:21",511700
3920,-10,100,"sd","10:28:09",511600
3920,-10,200,"sd","10:28:09",511500
3920,-10,1000,"sd","10:28:09",511300
3920,-10,600,"sd","10:28:09",510300
3920,-10,600,"sd","10:28:09",509700
3930,0,100,"bu","10:28:05",509100
3930,0,3000,"bu","10:27:59",509000
3930,0,2600,"bu","10:27:59",506000
3930,0,5000,"bu","10:27:59",503400
3930,0,100,"bu","10:27:59",498400
3930,0,1000,"bu","10:27:59",498300
3930,0,8300,"bu","10:27:59",497300
3930,0,300,"bu","10:27:44",489000
3930,0,200,"bu","10:27:08",488700
3930,0,100,"bu","10:27:06",488500
3930,0,200,"bu","10:26:31",488400
3930,0,5000,"bu","10:26:11",488200
3920,-10,400,"sd","10:24:04",483200
3920,-10,100,"sd","10:24:04",482800
3920,-10,100,"sd","10:23:55",482700
3920,-10,5000,"bu","10:23:54",482600
3920,-10,1000,"bu","10:23:54",477600
3920,-10,500,"bu","10:23:54",476600
3920,-10,1500,"bu","10:23:54",476100
3920,-10,200,"bu","10:23:54",474600
3920,-10,600,"bu","10:23:54",474400
3920,-10,5000,"bu","10:23:53",473800
3920,-10,9200,"bu","10:23:44",468800
3920,-10,2000,"bu","10:23:43",459600
3920,-10,1000,"bu","10:23:25",457600
3920,-10,500,"bu","10:23:15",456600
3920,-10,5500,"bu","10:22:58",456100
3920,-10,500,"bu","10:22:36",450600
3920,-10,500,"bu","10:22:30",450100
3920,-10,100,"bu","10:22:25",449600
3920,-10,1000,"bu","10:21:38",449500
3920,-10,1500,"bu","10:21:14",448500
3920,-10,100,"bu","10:20:41",447000
3910,-20,100,"sd","10:19:10",446900
3910,-20,500,"sd","10:19:10",446800
3910,-20,500,"sd","10:18:20",446300
3920,-10,100,"bu","10:18:00",445800
3910,-20,100,"sd","10:17:54",445700
3910,-20,2400,"sd","10:17:54",445600
3920,-10,100,"bu","10:17:24",443200
3910,-20,7600,"sd","10:17:14",443100
3910,-20,1000,"sd","10:17:14",435500
3910,-20,1000,"sd","10:17:14",434500
3910,-20,1000,"sd","10:17:14",433500
3910,-20,1000,"sd","10:17:14",432500
3910,-20,200,"sd","10:17:14",431500
3910,-20,1000,"sd","10:17:14",431300
3910,-20,200,"sd","10:17:14",430300
3910,-20,100,"sd","10:17:14",430100
3910,-20,1000,"sd","10:17:14",430000
3910,-20,200,"sd","10:17:14",429000
3910,-20,1000,"sd","10:17:14",428800
3910,-20,1000,"sd","10:17:14",427800
3910,-20,100,"sd","10:17:14",426800
3910,-20,1600,"sd","10:17:14",426700
3910,-20,100,"sd","10:16:27",425100
3920,-10,100,"bu","10:15:45",425000
3920,-10,2300,"bu","10:15:44",424900
3920,-10,400,"bu","10:15:40",422600
3920,-10,5000,"bu","10:15:17",422200
3920,-10,500,"bu","10:15:12",417200
3920,-10,10000,"bu","10:15:05",416700
3920,-10,1000,"bu","10:14:53",406700
3920,-10,20000,"bu","10:14:25",405700
3920,-10,100,"bu","10:14:12",385700
3920,-10,100,"bu","10:13:47",385600
3920,-10,100,"bu","10:13:16",385500
3920,-10,600,"bu","10:12:37",385400
3920,-10,200,"bu","10:12:36",384800
3920,-10,500,"bu","10:12:26",384600
3920,-10,5000,"bu","10:11:55",384100
3920,-10,100,"bu","10:11:34",379100
3920,-10,2200,"bu","10:10:59",379000
3920,-10,3000,"bu","10:10:55",376800
3920,-10,7500,"bu","10:10:22",373800
3920,-10,400,"bu","10:09:33",366300
3920,-10,400,"bu","10:09:09",365900
3920,-10,500,"bu","10:08:42",365500
3920,-10,200,"bu","10:08:28",365000
3920,-10,100,"bu","10:08:07",364800
3920,-10,1000,"bu","10:07:54",364700
3920,-10,900,"bu","10:07:43",363700
3920,-10,200,"sd","10:07:34",362800
3920,-10,500,"sd","10:07:34",362600
3920,-10,1000,"sd","10:07:34",362100
3920,-10,8400,"sd","10:07:34",361100
3920,-10,1100,"bu","10:07:09",352700
3920,-10,2000,"bu","10:07:09",351600
3920,-10,100,"bu","10:07:09",349600
3920,-10,1000,"bu","10:07:09",349500
3920,-10,1000,"bu","10:07:09",348500
3920,-10,6400,"bu","10:07:09",347500
3920,-10,200,"bu","10:07:04",341100
3920,-10,5000,"bu","10:07:04",340900
3920,-10,500,"bu","10:07:00",335900
3920,-10,65000,"bu","10:06:50",335400
3920,-10,100,"bu","10:06:28",270400
3920,-10,500,"bu","10:03:54",270300
3920,-10,200,"bu","10:03:53",269800
3920,-10,1000,"bu","10:03:25",269600
3920,-10,100,"bu","10:03:20",268600
3920,-10,20000,"bu","10:03:10",268500
3920,-10,100,"bu","10:02:26",248500
3920,-10,800,"bu","10:02:07",248400
3920,-10,100,"bu","10:01:06",247600
3910,-20,3000,"sd","09:59:07",247500
3910,-20,300,"sd","09:58:55",244500
3910,-20,1000,"sd","09:58:55",244200
3910,-20,200,"sd","09:58:55",243200
3910,-20,300,"sd","09:58:55",243000
3910,-20,200,"sd","09:58:55",242700
3910,-20,800,"sd","09:57:48",242500
3910,-20,1000,"sd","09:57:48",241700
3910,-20,400,"sd","09:57:48",240700
3910,-20,500,"sd","09:57:48",240300
3910,-20,2000,"sd","09:57:48",239800
3910,-20,800,"sd","09:57:48",237800
3910,-20,1000,"sd","09:57:48",237000
3910,-20,100,"sd","09:57:48",236000
3910,-20,100,"sd","09:57:48",235900
3910,-20,3300,"sd","09:57:48",235800
3920,-10,100,"bu","09:57:39",232500
3920,-10,1600,"bu","09:57:06",232400
3920,-10,3200,"bu","09:57:06",230800
3920,-10,2000,"bu","09:57:06",227600
3920,-10,8200,"bu","09:57:06",225600
3920,-10,100,"bu","09:57:00",217400
3910,-20,700,"sd","09:56:19",217300
3910,-20,200,"sd","09:56:19",216600
3910,-20,200,"sd","09:56:19",216400
3910,-20,100,"sd","09:56:19",216200
3910,-20,700,"sd","09:56:19",216100
3920,-10,6000,"bu","09:55:48",215400
3910,-20,200,"sd","09:55:43",209400
3920,-10,500,"bu","09:55:36",209200
3920,-10,1000,"bu","09:55:35",208700
3920,-10,200,"bu","09:55:13",207700
3920,-10,100,"bu","09:55:04",207500
3910,-20,100,"sd","09:54:37",207400
3910,-20,800,"sd","09:54:18",207300
3910,-20,200,"sd","09:54:12",206500
3910,-20,300,"sd","09:54:12",206300
3910,-20,100,"sd","09:54:12",206000
3910,-20,400,"sd","09:54:12",205900
3920,-10,200,"bu","09:53:59",205500
3920,-10,300,"bu","09:53:23",205300
3920,-10,400,"sd","09:52:43",205000
3910,-20,100,"sd","09:52:28",204600
3910,-20,2000,"sd","09:52:28",204500
3920,-10,500,"sd","09:52:28",202500
3920,-10,100,"sd","09:52:28",202000
3920,-10,3300,"sd","09:52:28",201900
3920,-10,200,"sd","09:52:01",198600
3920,-10,1500,"sd","09:52:00",198400
3920,-10,1000,"sd","09:52:00",196900
3920,-10,100,"sd","09:52:00",195900
3920,-10,200,"sd","09:52:00",195800
3920,-10,15000,"sd","09:52:00",195600
3920,-10,200,"sd","09:52:00",180600
3920,-10,200,"sd","09:52:00",180400
3920,-10,1000,"sd","09:52:00",180200
3920,-10,500,"sd","09:52:00",179200
3920,-10,500,"sd","09:52:00",178700
3920,-10,100,"sd","09:52:00",178200
3920,-10,500,"sd","09:52:00",178100
3920,-10,100,"sd","09:52:00",177600
3920,-10,400,"sd","09:52:00",177500
3920,-10,3000,"sd","09:52:00",177100
3920,-10,1000,"sd","09:52:00",174100
3920,-10,4000,"sd","09:52:00",173100
3920,-10,100,"sd","09:52:00",169100
3920,-10,500,"sd","09:52:00",169000
3920,-10,100,"sd","09:52:00",168500
3930,0,1100,"bu","09:51:38",168400
3920,-10,900,"sd","09:51:28",167300
3920,-10,500,"sd","09:51:28",166400
3920,-10,100,"sd","09:51:28",165900
3920,-10,100,"sd","09:51:28",165800
3920,-10,100,"sd","09:51:28",165700
3920,-10,200,"sd","09:51:28",165600
3920,-10,400,"sd","09:51:28",165400
3920,-10,1000,"sd","09:51:28",165000
3920,-10,2000,"sd","09:51:28",164000
3920,-10,1000,"sd","09:51:28",162000
3920,-10,1000,"sd","09:51:28",161000
3920,-10,1000,"sd","09:51:28",160000
3920,-10,1000,"sd","09:51:28",159000
3920,-10,300,"sd","09:51:28",158000
3920,-10,100,"sd","09:51:28",157700
3920,-10,300,"sd","09:51:28",157600
3930,0,500,"bu","09:51:03",157300
3920,-10,500,"sd","09:51:02",156800
3930,0,500,"bu","09:50:38",156300
3930,0,1300,"bu","09:50:10",155800
3920,-10,100,"sd","09:49:43",154500
3920,-10,2100,"sd","09:49:31",154400
3920,-10,100,"sd","09:45:46",152300
3920,-10,1200,"sd","09:45:20",152200
3920,-10,5000,"sd","09:43:09",151000
3920,-10,3700,"sd","09:41:42",146000
3920,-10,100,"sd","09:41:42",142300
3920,-10,400,"sd","09:41:42",142200
3920,-10,100,"sd","09:41:42",141800
3920,-10,200,"sd","09:41:42",141700
3920,-10,100,"sd","09:41:42",141500
3920,-10,400,"sd","09:41:42",141400
3920,-10,200,"sd","09:40:01",141000
3930,0,100,"bu","09:38:59",140800
3930,0,1000,"bu","09:38:57",140700
3930,0,1400,"bu","09:38:31",139700
3930,0,100,"bu","09:38:31",138300
3930,0,500,"bu","09:38:17",138200
3930,0,4300,"sd","09:37:26",137700
3940,10,400,"bu","09:37:26",133400
3930,0,100,"sd","09:37:21",133000
3920,-10,200,"sd","09:36:37",132900
3920,-10,200,"sd","09:35:58",132700
3920,-10,400,"sd","09:35:58",132500
3920,-10,1000,"sd","09:35:58",132100
3920,-10,1400,"sd","09:35:58",131100
3920,-10,600,"sd","09:34:17",129700
3930,0,100,"sd","09:34:17",129100
3940,10,100,"bu","09:34:17",129000
3930,0,2000,"bu","09:33:59",128900
3930,0,700,"bu","09:33:56",126900
3930,0,800,"bu","09:33:56",126200
3930,0,300,"bu","09:33:36",125400
3930,0,100,"bu","09:33:34",125100
3930,0,400,"bu","09:33:13",125000
3930,0,1200,"sd","09:33:04",124600
3930,0,900,"sd","09:33:04",123400
3930,0,8000,"sd","09:33:04",122500
3930,0,2000,"sd","09:32:54",114500
3930,0,900,"sd","09:32:54",112500
3930,0,10000,"sd","09:32:54",111600
3930,0,100,"sd","09:32:54",101600
3930,0,100,"sd","09:32:54",101500
3930,0,100,"sd","09:32:54",101400
3930,0,200,"sd","09:32:54",101300
3930,0,700,"sd","09:32:54",101100
3930,0,500,"sd","09:32:54",100400
3930,0,300,"sd","09:32:54",99900
3930,0,100,"sd","09:32:54",99600
3930,0,5000,"sd","09:32:54",99500
3930,0,300,"sd","09:32:54",94500
3930,0,100,"sd","09:32:54",94200
3930,0,500,"sd","09:32:54",94100
3930,0,1000,"sd","09:32:54",93600
3930,0,100,"sd","09:32:54",92600
3930,0,2500,"sd","09:32:54",92500
3930,0,5000,"sd","09:32:54",90000
3930,0,500,"sd","09:32:54",85000
3930,0,100,"sd","09:32:42",84500
3930,0,1000,"sd","09:32:24",84400
3930,0,5000,"sd","09:32:23",83400
3940,10,200,"bu","09:31:20",78400
3940,10,500,"bu","09:30:56",78200
3940,10,1600,"bu","09:30:40",77700
3940,10,1000,"bu","09:30:40",76100
3940,10,600,"bu","09:29:47",75100
3940,10,100,"bu","09:29:35",74500
3940,10,100,"bu","09:29:25",74400
3930,0,1700,"sd","09:28:59",74300
3930,0,400,"sd","09:28:59",72600
3930,0,100,"sd","09:28:59",72200
3930,0,200,"sd","09:28:59",72100
3930,0,2000,"sd","09:28:59",71900
3930,0,300,"sd","09:28:59",69900
3930,0,300,"sd","09:28:21",69600
3930,0,1000,"sd","09:28:21",69300
3930,0,300,"sd","09:28:20",68300
3930,0,300,"sd","09:28:20",68000
3930,0,200,"sd","09:28:20",67700
3930,0,3000,"sd","09:28:20",67500
3930,0,800,"sd","09:28:20",64500
3930,0,400,"sd","09:28:20",63700
3930,0,100,"sd","09:28:20",63300
3930,0,100,"sd","09:28:20",63200
3930,0,300,"sd","09:28:20",63100
3930,0,300,"sd","09:28:20",62800
3940,10,300,"sd","09:28:03",62500
3940,10,200,"sd","09:28:03",62200
3940,10,1300,"sd","09:28:03",62000
3940,10,3700,"sd","09:28:03",60700
3940,10,300,"sd","09:28:03",57000
3940,10,500,"sd","09:26:16",56700
3950,20,100,"sd","09:25:15",56200
3950,20,5300,"sd","09:25:15",56100
3950,20,500,"sd","09:25:12",50800
3950,20,1500,"bu","09:24:57",50300
3950,20,500,"bu","09:24:57",48800
3950,20,500,"bu","09:24:57",48300
3950,20,1700,"bu","09:24:57",47800
3950,20,300,"bu","09:24:29",46100
3950,20,1000,"bu","09:23:22",45800
3950,20,200,"sd","09:23:13",44800
3950,20,200,"sd","09:23:13",44600
3950,20,200,"sd","09:23:13",44400
3950,20,8300,"sd","09:23:13",44200
3950,20,500,"sd","09:23:08",35900
3950,20,300,"sd","09:22:47",35400
3950,20,7300,"sd","09:21:53",35100
3970,40,600,"bu","09:21:46",26800
3970,40,1000,"bu","09:21:46",27800
3950,20,4300,"bu","09:21:34",26200
3950,20,300,"bu","09:21:34",21900
3950,20,100,"bu","09:21:34",21600
3950,20,500,"bu","09:21:34",21500
3940,10,3000,"bu","09:21:18",21000
3940,10,3900,"bu","09:21:18",18000
3940,10,100,"bu","09:20:50",14100
3930,0,100,"sd","09:17:41",14000
3930,0,300,"sd","09:16:32",13900
3930,0,100,"sd","09:16:26",13600
3930,0,13500,"sd","09:15:00",13500
