"price","change","match_qtty","side","time","total_vol"
6200,-600,199200,"unknown","14:45:02",11702400
6200,-600,16600,"sd","14:29:49",11503200
6200,-600,200,"bu","14:29:43",11486600
6200,-600,1400,"bu","14:29:42",11486400
6200,-600,700,"bu","14:29:36",11485000
6200,-600,2500,"bu","14:29:34",11484300
6200,-600,2500,"bu","14:29:26",11481800
6200,-600,5000,"bu","14:29:25",11479300
6200,-600,500,"bu","14:29:24",11474300
6200,-600,100,"bu","14:29:22",11473800
6200,-600,1200,"bu","14:29:04",11473700
6200,-600,1200,"bu","14:29:00",11472500
6200,-600,200,"bu","14:28:59",11471300
6200,-600,1000,"bu","14:28:52",11471100
6200,-600,1000,"bu","14:28:49",11470100
6200,-600,100,"bu","14:28:47",11469100
6200,-600,500,"bu","14:28:45",11469000
6200,-600,500,"bu","14:28:41",11468500
6200,-600,10300,"bu","14:28:40",11468000
6200,-600,600,"bu","14:28:37",11457700
6200,-600,100,"bu","14:28:31",11457100
6200,-600,200,"bu","14:28:29",11457000
6200,-600,700,"bu","14:28:28",11456800
6200,-600,600,"bu","14:28:27",11456100
6200,-600,100,"bu","14:28:18",11455500
6200,-600,400,"bu","14:28:16",11455400
6200,-600,400,"bu","14:28:14",11455000
6200,-600,1000,"bu","14:28:12",11454600
6200,-600,100,"bu","14:28:11",11453600
6200,-600,1000,"bu","14:28:07",11453500
6200,-600,200,"bu","14:28:04",11452500
6200,-600,100,"bu","14:28:02",11452300
6200,-600,4800,"bu","14:27:57",11452200
6200,-600,250000,"bu","14:27:54",11447400
6200,-600,3000,"bu","14:27:46",11197400
6200,-600,100,"bu","14:27:45",11194400
6200,-600,500,"bu","14:27:35",11194300
6200,-600,100,"bu","14:27:34",11193800
6200,-600,2000,"bu","14:27:33",11193700
6200,-600,6000,"bu","14:27:32",11191700
6200,-600,100,"bu","14:27:27",11185700
6200,-600,100,"bu","14:27:15",11185600
6200,-600,5000,"bu","14:27:04",11185500
6200,-600,10000,"bu","14:26:54",11180500
6200,-600,500,"bu","14:26:33",11170500
6200,-600,900,"bu","14:26:21",11170000
6200,-600,500,"bu","14:26:12",11169100
6200,-600,1000,"bu","14:25:40",11168600
6200,-600,900,"bu","14:25:10",11167600
6200,-600,100,"bu","14:24:36",11166700
6200,-600,9000,"bu","14:24:31",11166600
6200,-600,1000,"bu","14:24:23",11157600
6200,-600,3900,"bu","14:24:08",11156600
6200,-600,200,"bu","14:23:51",11152700
6200,-600,1600,"bu","14:23:49",11152500
6200,-600,200,"bu","14:23:45",11150900
6200,-600,1000,"bu","14:23:28",11150700
6200,-600,100,"bu","14:23:26",11149700
6200,-600,1600,"bu","14:22:26",11149600
6200,-600,15000,"bu","14:22:06",11148000
6200,-600,1700,"bu","14:21:33",11133000
6200,-600,2000,"bu","14:21:27",11131300
6200,-600,100,"bu","14:21:22",11129300
6200,-600,700,"bu","14:21:12",11129200
6200,-600,5000,"bu","14:20:53",11128500
6200,-600,200,"bu","14:20:40",11123500
6200,-600,1000,"bu","14:20:37",11123300
6200,-600,10000,"bu","14:20:32",11122300
6200,-600,1000,"bu","14:20:18",11112300
6200,-600,500,"bu","14:20:10",11111300
6200,-600,400,"bu","14:20:06",11110800
6200,-600,100,"bu","14:20:02",11110400
6200,-600,100,"bu","14:20:00",11110300
6200,-600,1000,"bu","14:19:58",11110200
6200,-600,100,"bu","14:19:56",11109200
6200,-600,2100,"bu","14:19:53",11109100
6200,-600,100,"bu","14:19:51",11107000
6200,-600,3000,"bu","14:19:45",11106900
6200,-600,100,"bu","14:19:44",11103900
6200,-600,24500,"bu","14:19:37",11103800
6200,-600,500,"bu","14:19:36",11079300
6200,-600,100,"bu","14:19:35",11078800
6200,-600,2000,"bu","14:19:18",11078700
6200,-600,300,"bu","14:19:15",11076700
6200,-600,1000,"bu","14:19:11",11076400
6200,-600,1000,"bu","14:19:09",11075400
6200,-600,600,"bu","14:19:07",11074400
6200,-600,200,"bu","14:18:52",11073800
6200,-600,400,"bu","14:18:50",11073600
6200,-600,600,"bu","14:18:49",11073200
6200,-600,500,"bu","14:18:39",11072600
6200,-600,300,"bu","14:18:36",11072100
6200,-600,4000,"bu","14:18:35",11071800
6200,-600,16000,"bu","14:18:32",11067800
6200,-600,300,"bu","14:18:17",11051800
6200,-600,2800,"bu","14:18:03",11051500
6200,-600,500,"bu","14:17:55",11048700
6200,-600,800,"bu","14:17:51",11048200
6200,-600,1000,"bu","14:17:39",11047400
6200,-600,100,"bu","14:17:33",11046400
6200,-600,200,"bu","14:17:26",11046300
6200,-600,500,"bu","14:17:23",11046100
6200,-600,200,"bu","14:17:19",11045600
6200,-600,100,"bu","14:17:14",11045400
6200,-600,200,"bu","14:17:07",11045300
6200,-600,100,"bu","14:17:06",11045100
6200,-600,100,"bu","14:16:57",11045000
6200,-600,1000,"bu","14:16:48",11044900
6200,-600,16000,"bu","14:16:26",11043900
6200,-600,1500,"bu","14:16:20",11027900
6200,-600,1000,"bu","14:16:01",11026400
6200,-600,300,"bu","14:16:00",11025400
6200,-600,200,"bu","14:15:52",11025100
6200,-600,3400,"bu","14:15:50",11024900
6200,-600,1000,"bu","14:15:45",11021500
6200,-600,100,"bu","14:15:42",11020500
6200,-600,500,"bu","14:15:41",11020400
6200,-600,500,"bu","14:15:35",11019900
6200,-600,200,"bu","14:15:34",11019400
6200,-600,200,"bu","14:15:31",11019200
6200,-600,1000,"bu","14:15:26",11019000
6200,-600,500,"bu","14:15:21",11018000
6200,-600,100,"bu","14:15:19",11017500
6200,-600,100,"bu","14:14:55",11017400
6200,-600,900,"bu","14:14:47",11017300
6200,-600,1500,"bu","14:14:44",11016400
6200,-600,200,"bu","14:14:36",11014900
6200,-600,200,"bu","14:14:26",11014700
6200,-600,300,"bu","14:14:23",11014500
6200,-600,2000,"bu","14:14:19",11014200
6200,-600,100,"bu","14:14:16",11012200
6200,-600,200,"bu","14:14:15",11012100
6200,-600,300,"bu","14:14:13",11011900
6200,-600,100,"bu","14:14:05",11011600
6200,-600,800,"bu","14:14:02",11011500
6200,-600,200,"bu","14:14:00",11010700
6200,-600,500,"bu","14:13:58",11010500
6200,-600,600,"bu","14:13:56",11010000
6200,-600,500,"bu","14:13:55",11009400
6200,-600,300,"bu","14:13:51",11008900
6200,-600,1000,"bu","14:13:49",11008600
6200,-600,1000,"bu","14:13:48",11007600
6200,-600,1500,"bu","14:13:44",11006600
6200,-600,14000,"bu","14:13:39",11005100
6200,-600,10000,"bu","14:13:38",10991100
6200,-600,1000,"bu","14:13:33",10981100
6200,-600,1600,"bu","14:13:31",10980100
6200,-600,500,"bu","14:13:29",10978500
6200,-600,500,"bu","14:13:28",10978000
6200,-600,1400,"bu","14:13:21",10977500
6200,-600,3100,"sd","14:13:17",10976100
6200,-600,1000,"sd","14:13:12",10973000
6200,-600,5000,"sd","14:13:05",10972000
6200,-600,100,"sd","14:13:02",10967000
6200,-600,9600,"sd","14:13:00",10966900
6200,-600,5000,"sd","14:12:59",10957300
6200,-600,1500,"sd","14:12:57",10952300
6200,-600,500,"sd","14:12:55",10950800
6200,-600,10800,"sd","14:12:52",10950300
6200,-600,500,"sd","14:12:47",10939500
6200,-600,100,"sd","14:12:46",10939000
6200,-600,52900,"sd","14:12:43",10938900
6200,-600,2000,"sd","14:12:42",10886000
6200,-600,10000,"sd","14:12:40",10884000
6200,-600,100,"sd","14:12:39",10874000
6200,-600,9900,"sd","14:12:33",10873900
6200,-600,7000,"sd","14:12:14",10864000
6200,-600,400,"sd","14:12:13",10857000
6200,-600,1000,"sd","14:11:59",10856600
6200,-600,800,"sd","14:11:52",10855600
6200,-600,1500,"sd","14:11:47",10854800
6200,-600,75000,"sd","14:11:44",10853300
6200,-600,31000,"sd","14:11:38",10778300
6200,-600,31100,"sd","14:11:27",10747300
6200,-600,400,"sd","14:11:20",10716200
6200,-600,200,"sd","14:11:16",10715800
6200,-600,1900,"sd","14:11:00",10715600
6300,-500,1000,"bu","14:10:58",10713700
6200,-600,11000,"sd","14:10:49",10712700
6300,-500,1000,"bu","14:10:45",10701700
6200,-600,300,"sd","14:10:34",10700700
6300,-500,600,"bu","14:10:29",10700400
6300,-500,200,"bu","14:10:19",10699800
6300,-500,2000,"bu","14:10:05",10699600
6300,-500,1000,"bu","14:10:01",10697600
6300,-500,4500,"bu","14:09:58",10696600
6300,-500,200,"bu","14:09:56",10692100
6300,-500,1100,"bu","14:09:55",10691900
6300,-500,700,"sd","14:09:47",10690800
6300,-500,1500,"bu","14:09:46",10690100
6300,-500,600,"unknown","14:09:15",10688600
6300,-500,100,"bu","14:09:12",10688000
6300,-500,1800,"sd","14:09:11",10687900
6300,-500,1800,"bu","14:09:10",10686100
6300,-500,500,"bu","14:09:01",10684300
6300,-500,2700,"bu","14:08:58",10683800
6300,-500,400,"bu","14:08:46",10681100
6300,-500,400,"bu","14:08:44",10680700
6300,-500,800,"bu","14:08:37",10680300
6300,-500,500,"bu","14:08:35",10679500
6300,-500,1000,"bu","14:08:26",10679000
6300,-500,200,"bu","14:08:23",10678000
6300,-500,2000,"bu","14:08:21",10677800
6300,-500,9500,"sd","14:08:17",10675800
6300,-500,10000,"sd","14:08:12",10666300
6300,-500,500,"sd","14:07:48",10656300
6300,-500,100,"sd","14:07:35",10655800
6300,-500,2000,"sd","14:07:34",10655700
6300,-500,1000,"sd","14:07:31",10653700
6300,-500,1500,"sd","14:07:30",10652700
6300,-500,1000,"sd","14:07:24",10651200
6300,-500,41200,"bu","14:07:19",10650200
6300,-500,1000,"bu","14:07:13",10609000
6200,-600,700,"sd","14:07:08",10608000
6300,-500,28000,"bu","14:07:07",10607300
6200,-600,1000,"sd","14:07:05",10579300
6300,-500,100,"bu","14:07:01",10578300
6300,-500,2100,"bu","14:06:58",10578200
6300,-500,18400,"bu","14:06:50",10576100
6200,-600,15000,"sd","14:06:49",10557700
6200,-600,1000,"sd","14:06:30",10542700
6200,-600,1500,"sd","14:06:17",10541700
6300,-500,2100,"bu","14:06:04",10540200
6300,-500,1000,"bu","14:06:00",10538100
6200,-600,8000,"sd","14:05:58",10537100
6200,-600,2100,"sd","14:05:57",10529100
6300,-500,1500,"bu","14:05:40",10527000
6300,-500,1100,"bu","14:05:36",10525500
6300,-500,100,"bu","14:05:21",10524400
6200,-600,3000,"sd","14:05:09",10524300
6200,-600,500,"sd","14:05:06",10521300
6200,-600,500,"sd","14:04:47",10520800
6200,-600,200,"sd","14:04:28",10520300
6200,-600,1800,"bu","14:04:12",10520100
6200,-600,6000,"bu","14:04:10",10518300
6200,-600,2000,"bu","14:04:09",10512300
6200,-600,3100,"bu","14:04:08",10510300
6200,-600,100,"bu","14:04:07",10507200
6200,-600,13000,"bu","14:04:06",10507100
6200,-600,10000,"bu","14:04:01",10494100
6200,-600,8500,"bu","14:03:59",10484100
6200,-600,4000,"bu","14:03:58",10475600
6200,-600,60200,"bu","14:03:57",10471600
6200,-600,500,"bu","14:03:45",10411400
6200,-600,300,"bu","14:03:44",10410900
6200,-600,1000,"bu","14:03:40",10410600
6200,-600,1100,"bu","14:03:38",10409600
6200,-600,11000,"bu","14:03:34",10408500
6200,-600,2000,"bu","14:03:32",10397500
6200,-600,200,"bu","14:03:24",10395500
6200,-600,100,"bu","14:03:22",10395300
6200,-600,1000,"bu","14:03:16",10395200
6200,-600,1000,"bu","14:03:12",10394200
6200,-600,1000,"bu","14:03:10",10393200
6200,-600,5000,"bu","14:03:04",10392200
6200,-600,600,"bu","14:03:00",10387200
6200,-600,2000,"bu","14:02:56",10386600
6200,-600,400,"bu","14:02:55",10384600
6200,-600,1000,"bu","14:02:46",10384200
6200,-600,3900,"bu","14:02:44",10383200
6200,-600,5000,"bu","14:02:43",10379300
6200,-600,2000,"bu","14:02:29",10374300
6200,-600,100,"bu","14:02:26",10372300
6200,-600,2600,"bu","14:02:24",10372200
6200,-600,300,"bu","14:02:19",10369600
6200,-600,13400,"bu","14:02:13",10369300
6200,-600,700,"bu","14:02:05",10355900
6200,-600,900,"bu","14:02:01",10355200
6200,-600,1000,"bu","14:02:00",10354300
6200,-600,20000,"bu","14:01:45",10353300
6200,-600,200,"bu","14:01:43",10333300
6200,-600,100,"bu","14:01:40",10333100
6200,-600,100,"bu","14:01:38",10333000
6200,-600,1200,"bu","14:01:23",10332900
6200,-600,30300,"sd","14:01:16",10331700
6200,-600,100,"sd","14:00:59",10301400
6200,-600,1500,"bu","14:00:48",10301300
6200,-600,1000,"bu","14:00:44",10299800
6200,-600,400,"bu","14:00:34",10298800
6200,-600,2600,"sd","14:00:31",10298400
6200,-600,4300,"sd","14:00:22",10295800
6200,-600,100,"bu","14:00:20",10291500
6200,-600,3200,"bu","14:00:19",10291400
6200,-600,100,"bu","14:00:18",10288200
6200,-600,200,"bu","14:00:16",10288100
6200,-600,100,"bu","14:00:14",10287900
6200,-600,300,"bu","14:00:08",10287800
6200,-600,1000,"bu","13:59:55",10287500
6200,-600,200,"bu","13:59:51",10286500
6200,-600,500,"bu","13:59:48",10286300
6200,-600,3400,"bu","13:59:47",10285800
6200,-600,1200,"bu","13:59:32",10282400
6200,-600,1700,"bu","13:59:31",10281200
6200,-600,1000,"bu","13:59:30",10279500
6200,-600,100,"bu","13:59:28",10278500
6200,-600,4000,"bu","13:59:26",10278400
6200,-600,900,"bu","13:59:25",10274400
6200,-600,800,"bu","13:59:17",10273500
6200,-600,200,"sd","13:59:08",10272700
6200,-600,2800,"sd","13:59:05",10272500
6200,-600,600,"sd","13:59:02",10269700
6200,-600,500,"sd","13:59:00",10269100
6200,-600,1400,"sd","13:58:57",10268600
6200,-600,11500,"sd","13:58:55",10267200
6200,-600,3100,"sd","13:58:35",10255700
6200,-600,500,"sd","13:58:34",10252600
6200,-600,500,"sd","13:58:30",10252100
6200,-600,2000,"sd","13:58:27",10251600
6200,-600,1800,"sd","13:58:22",10249600
6200,-600,3700,"sd","13:58:20",10247800
6200,-600,2500,"sd","13:58:04",10244100
6200,-600,700,"sd","13:58:02",10241600
6200,-600,3400,"bu","13:57:46",10240900
6200,-600,800,"bu","13:57:45",10237500
6200,-600,200,"bu","13:57:44",10236700
6200,-600,2500,"bu","13:57:41",10236500
6200,-600,2000,"bu","13:57:40",10234000
6200,-600,200,"bu","13:57:39",10232000
6200,-600,1000,"bu","13:57:35",10231800
6200,-600,13000,"bu","13:57:34",10230800
6200,-600,2000,"bu","13:57:33",10217800
6200,-600,100,"bu","13:57:28",10215800
6200,-600,600,"bu","13:57:25",10215700
6200,-600,1500,"bu","13:57:22",10215100
6200,-600,100,"bu","13:57:17",10213600
6200,-600,1000,"bu","13:57:15",10213500
6200,-600,900,"bu","13:57:14",10212500
6200,-600,500,"bu","13:57:13",10211600
6200,-600,4400,"bu","13:57:11",10211100
6200,-600,200,"bu","13:57:01",10206700
6200,-600,1000,"bu","13:56:56",10206500
6200,-600,400,"sd","13:56:53",10205500
6200,-600,500,"sd","13:56:50",10205100
6200,-600,700,"bu","13:56:49",10204600
6200,-600,1800,"bu","13:56:48",10203900
6200,-600,5000,"sd","13:56:47",10202100
6200,-600,200,"sd","13:56:43",10197100
6200,-600,1000,"sd","13:56:42",10196900
6200,-600,500,"sd","13:56:41",10195900
6200,-600,2000,"sd","13:56:40",10195400
6200,-600,500,"sd","13:56:33",10193400
6200,-600,300,"sd","13:56:30",10192900
6200,-600,10000,"sd","13:56:24",10192600
6200,-600,6500,"sd","13:56:17",10182600
6200,-600,14300,"bu","13:56:02",10176100
6200,-600,20000,"bu","13:56:01",10161800
6200,-600,500,"bu","13:56:00",10141800
6200,-600,300,"bu","13:55:58",10141300
6200,-600,2000,"bu","13:55:55",10141000
6200,-600,2000,"bu","13:55:51",10139000
6200,-600,2500,"bu","13:55:50",10137000
6200,-600,2000,"bu","13:55:45",10134500
6200,-600,100,"bu","13:55:37",10132500
6200,-600,100,"bu","13:55:36",10132400
6200,-600,500,"bu","13:55:34",10132300
6200,-600,6000,"bu","13:55:33",10131800
6200,-600,100,"bu","13:55:30",10125800
6200,-600,1900,"bu","13:55:29",10125700
6200,-600,1100,"bu","13:55:27",10123800
6200,-600,3300,"bu","13:55:25",10122700
6200,-600,100,"bu","13:55:24",10119400
6200,-600,1100,"bu","13:55:21",10119300
6200,-600,1700,"bu","13:55:19",10118200
6200,-600,1000,"bu","13:55:17",10116500
6200,-600,100,"bu","13:55:12",10115500
6200,-600,5000,"bu","13:55:11",10115400
6200,-600,800,"bu","13:55:10",10110400
6200,-600,100,"bu","13:55:09",10109600
6200,-600,30000,"bu","13:55:00",10109500
6200,-600,1000,"bu","13:54:58",10079500
6200,-600,2600,"bu","13:54:56",10078500
6200,-600,1200,"bu","13:54:42",10075900
6200,-600,6000,"bu","13:54:38",10074700
6200,-600,200,"bu","13:54:37",10068700
6200,-600,1000,"bu","13:54:36",10068500
6200,-600,100,"bu","13:54:30",10067500
6200,-600,200,"bu","13:54:26",10067400
6200,-600,100,"bu","13:54:18",10067200
6200,-600,2000,"bu","13:54:17",10067100
6200,-600,700,"sd","13:54:10",10065100
6200,-600,25000,"sd","13:54:08",10064400
6200,-600,60600,"sd","13:54:07",10039400
6200,-600,800,"sd","13:54:06",9978800
6200,-600,2500,"sd","13:54:03",9978000
6200,-600,4000,"sd","13:54:00",9975500
6200,-600,500,"sd","13:53:59",9971500
6200,-600,1000,"sd","13:53:56",9971000
6200,-600,1000,"sd","13:53:55",9970000
6300,-500,1000,"bu","13:53:53",9969000
6200,-600,500,"sd","13:53:52",9968000
6200,-600,1000,"sd","13:53:48",9967500
6200,-600,1000,"sd","13:53:37",9966500
6300,-500,900,"bu","13:53:33",9965500
6200,-600,7000,"sd","13:53:32",9964600
6200,-600,20000,"sd","13:53:30",9957600
6200,-600,5100,"sd","13:53:20",9937600
6200,-600,100,"sd","13:53:19",9932500
6200,-600,100,"sd","13:53:16",9932400
6200,-600,100,"sd","13:53:11",9932300
6200,-600,700,"sd","13:53:07",9932200
6200,-600,400,"sd","13:52:58",9931500
6200,-600,1500,"sd","13:52:47",9931100
6200,-600,300,"sd","13:52:43",9929600
6300,-500,1700,"bu","13:52:39",9929300
6200,-600,100,"sd","13:52:29",9927600
6200,-600,10000,"sd","13:52:26",9927500
6200,-600,1000,"sd","13:52:23",9917500
6300,-500,100,"bu","13:51:56",9916500
6200,-600,5100,"sd","13:51:52",9916400
6300,-500,200,"bu","13:51:46",9911300
6300,-500,900,"bu","13:51:11",9911100
6300,-500,500,"bu","13:51:02",9910200
6300,-500,1000,"bu","13:50:59",9909700
6200,-600,1500,"sd","13:50:53",9908700
6300,-500,5500,"bu","13:50:46",9907200
6200,-600,500,"sd","13:50:41",9901700
6300,-500,100,"bu","13:50:35",9901200
6200,-600,5000,"sd","13:50:32",9901100
6200,-600,2000,"sd","13:50:16",9896100
6200,-600,1500,"sd","13:50:01",9894100
6200,-600,2100,"sd","13:49:54",9892600
6200,-600,200,"sd","13:49:48",9890500
6200,-600,200,"sd","13:49:45",9890300
6200,-600,2100,"sd","13:49:31",9890100
6200,-600,100,"sd","13:49:13",9888000
6200,-600,900,"sd","13:49:07",9887900
6200,-600,4000,"sd","13:48:42",9887000
6200,-600,5000,"sd","13:48:41",9883000
6200,-600,400,"sd","13:48:38",9878000
6300,-500,30000,"bu","13:48:35",9877600
6300,-500,1000,"bu","13:48:32",9847600
6200,-600,10000,"sd","13:48:31",9846600
6200,-600,2700,"sd","13:48:23",9836600
6200,-600,100,"sd","13:48:21",9833900
6300,-500,500,"bu","13:48:10",9833800
6200,-600,600,"sd","13:48:04",9833300
6200,-600,300,"sd","13:48:01",9832700
6200,-600,100,"sd","13:47:44",9832400
6200,-600,2000,"sd","13:47:37",9832300
6200,-600,2000,"sd","13:47:36",9830300
6200,-600,500,"sd","13:47:28",9828300
6200,-600,20000,"sd","13:47:24",9827800
6200,-600,3000,"sd","13:47:22",9807800
6200,-600,1000,"sd","13:47:17",9804800
6200,-600,2400,"sd","13:47:14",9803800
6200,-600,7000,"sd","13:47:04",9801400
6200,-600,3000,"sd","13:47:00",9794400
6300,-500,1000,"bu","13:46:59",9791400
6200,-600,1900,"sd","13:46:50",9790400
6300,-500,500,"bu","13:46:36",9788500
6300,-500,100,"bu","13:46:34",9788000
6300,-500,6000,"bu","13:46:14",9787900
6200,-600,4000,"sd","13:46:11",9781900
6200,-600,100,"sd","13:45:58",9777900
6200,-600,300,"bu","13:45:57",9777800
6200,-600,10000,"sd","13:45:54",9777500
6200,-600,4600,"sd","13:45:51",9767500
6200,-600,26600,"bu","13:45:50",9762900
6200,-600,1800,"bu","13:45:49",9736300
6200,-600,3000,"bu","13:45:48",9734500
6200,-600,300,"bu","13:45:47",9731500
6200,-600,51000,"bu","13:45:46",9731200
6200,-600,1000,"bu","13:45:45",9680200
6200,-600,2300,"bu","13:45:44",9679200
6200,-600,40000,"bu","13:45:43",9676900
6200,-600,6100,"bu","13:45:42",9636900
6200,-600,30000,"bu","13:45:40",9630800
6200,-600,3200,"bu","13:45:39",9600800
6200,-600,100,"bu","13:45:38",9597600
6200,-600,500,"bu","13:45:37",9597500
6200,-600,100,"bu","13:45:36",9597000
6200,-600,200,"bu","13:45:34",9596900
6200,-600,400,"bu","13:45:33",9596700
6200,-600,500,"bu","13:45:32",9596300
6200,-600,100,"bu","13:45:30",9595800
6200,-600,3300,"bu","13:45:28",9595700
6200,-600,15400,"bu","13:45:27",9592400
6200,-600,800,"bu","13:45:24",9577000
6200,-600,200,"bu","13:45:21",9576200
6200,-600,300,"bu","13:45:18",9576000
6200,-600,400,"bu","13:45:15",9575700
6200,-600,6000,"bu","13:45:14",9575300
6200,-600,30000,"bu","13:45:10",9569300
6200,-600,2000,"bu","13:45:07",9539300
6200,-600,1000,"bu","13:45:06",9537300
6200,-600,100,"bu","13:45:00",9536300
6200,-600,500,"bu","13:44:56",9536200
6200,-600,200,"bu","13:44:54",9535700
6200,-600,200,"bu","13:44:52",9535500
6200,-600,100,"bu","13:44:50",9535300
6200,-600,1000,"bu","13:44:47",9535200
6200,-600,100,"bu","13:44:43",9534200
6200,-600,900,"bu","13:44:35",9534100
6200,-600,1000,"bu","13:44:34",9533200
6200,-600,100,"bu","13:44:31",9532200
6200,-600,1200,"bu","13:44:25",9532100
6200,-600,500,"bu","13:44:20",9530900
6200,-600,100,"bu","13:44:11",9530400
6200,-600,100,"bu","13:44:09",9530300
6200,-600,100,"bu","13:44:02",9530200
6200,-600,700,"bu","13:43:58",9530100
6200,-600,1000,"bu","13:43:50",9529400
6200,-600,10500,"bu","13:43:48",9528400
6200,-600,1000,"bu","13:43:44",9517900
6200,-600,1000,"bu","13:43:39",9516900
6200,-600,100,"bu","13:43:35",9515900
6200,-600,1000,"bu","13:43:33",9515800
6200,-600,1000,"bu","13:43:24",9514800
6200,-600,200,"bu","13:43:17",9513800
6200,-600,300,"bu","13:43:16",9513600
6200,-600,300,"bu","13:43:14",9513300
6200,-600,100,"bu","13:43:08",9513000
6200,-600,5000,"bu","13:43:07",9512900
6200,-600,100,"bu","13:43:06",9507900
6200,-600,8100,"bu","13:43:02",9507800
6200,-600,200,"bu","13:43:01",9499700
6200,-600,5000,"bu","13:42:58",9499500
6200,-600,100,"bu","13:42:54",9494500
6200,-600,500,"bu","13:42:51",9494400
6200,-600,500,"bu","13:42:39",9493900
6200,-600,1000,"bu","13:42:32",9493400
6200,-600,800,"bu","13:42:21",9492400
6200,-600,1000,"bu","13:42:18",9491600
6200,-600,100,"bu","13:42:17",9490600
6200,-600,800,"bu","13:42:11",9490500
6200,-600,200,"bu","13:42:10",9489700
6200,-600,200,"bu","13:42:01",9489500
6200,-600,200,"bu","13:42:00",9489300
6200,-600,400,"bu","13:41:54",9489100
6200,-600,100,"bu","13:41:53",9488700
6200,-600,2000,"bu","13:41:46",9488600
6200,-600,300,"bu","13:41:35",9486600
6200,-600,500,"bu","13:41:26",9486300
6200,-600,2000,"bu","13:41:25",9485800
6200,-600,3000,"bu","13:41:24",9483800
6200,-600,20000,"bu","13:41:21",9480800
6200,-600,100,"bu","13:41:12",9460800
6200,-600,5000,"bu","13:41:03",9460700
6200,-600,1000,"bu","13:41:01",9455700
6200,-600,500,"bu","13:41:00",9454700
6200,-600,100,"bu","13:40:42",9454200
6200,-600,400,"bu","13:40:38",9454100
6200,-600,2500,"bu","13:40:37",9453700
6200,-600,100,"bu","13:40:27",9451200
6200,-600,300,"bu","13:40:08",9451100
6200,-600,100,"bu","13:40:04",9450800
6200,-600,5000,"bu","13:39:41",9450700
6200,-600,100,"bu","13:39:32",9445700
6200,-600,1000,"bu","13:39:20",9445600
6200,-600,1000,"bu","13:39:02",9444600
6200,-600,100,"bu","13:38:47",9443600
6200,-600,4000,"bu","13:38:40",9443500
6200,-600,100,"bu","13:38:39",9439500
6200,-600,300,"bu","13:38:34",9439400
6200,-600,800,"bu","13:38:31",9439100
6200,-600,200,"bu","13:38:27",9438300
6200,-600,200,"bu","13:38:17",9438100
6200,-600,300,"bu","13:38:16",9437900
6200,-600,8900,"bu","13:38:01",9437600
6200,-600,100,"bu","13:37:58",9428700
6200,-600,200,"bu","13:37:57",9428600
6200,-600,1000,"bu","13:37:53",9428400
6200,-600,1700,"bu","13:37:48",9427400
6200,-600,100,"bu","13:37:37",9425700
6200,-600,1000,"bu","13:37:35",9425600
6200,-600,3500,"bu","13:37:26",9424600
6200,-600,100,"bu","13:37:22",9421100
6200,-600,500,"bu","13:37:02",9421000
6200,-600,100,"bu","13:36:59",9420500
6200,-600,300,"bu","13:36:58",9420400
6200,-600,2000,"bu","13:36:56",9420100
6200,-600,3000,"bu","13:36:50",9418100
6200,-600,1800,"bu","13:36:49",9415100
6200,-600,700,"bu","13:36:46",9413300
6200,-600,100,"bu","13:36:42",9412600
6200,-600,3000,"bu","13:36:37",9412500
6200,-600,2500,"bu","13:36:33",9409500
6200,-600,500,"bu","13:36:30",9407000
6200,-600,24800,"bu","13:36:28",9406500
6200,-600,11800,"bu","13:36:21",9381700
6200,-600,1100,"bu","13:36:17",9369900
6200,-600,400,"bu","13:36:16",9368800
6200,-600,100,"bu","13:36:15",9368400
6200,-600,2000,"bu","13:36:12",9368300
6200,-600,200,"bu","13:36:03",9366300
6200,-600,1000,"bu","13:36:01",9366100
6200,-600,500,"bu","13:35:58",9365100
6200,-600,900,"bu","13:35:55",9364600
6200,-600,1000,"bu","13:35:50",9363700
6200,-600,1400,"bu","13:35:47",9362700
6200,-600,10000,"bu","13:35:46",9361300
6200,-600,100,"bu","13:35:45",9351300
6200,-600,100,"bu","13:35:42",9351200
6200,-600,700,"bu","13:35:41",9351100
6200,-600,200,"bu","13:35:37",9350400
6200,-600,4000,"bu","13:35:36",9350200
6200,-600,100,"bu","13:35:33",9346200
6200,-600,1000,"bu","13:35:29",9346100
6200,-600,800,"bu","13:35:28",9345100
6200,-600,300,"bu","13:35:27",9344300
6200,-600,3000,"bu","13:35:26",9344000
6200,-600,300,"bu","13:35:22",9341000
6200,-600,62400,"bu","13:35:21",9340700
6200,-600,300,"bu","13:35:13",9278300
6200,-600,5000,"bu","13:35:09",9278000
6200,-600,200,"bu","13:35:06",9273000
6200,-600,300,"bu","13:35:04",9272800
6200,-600,1300,"bu","13:35:03",9272500
6200,-600,1900,"bu","13:34:58",9271200
6200,-600,3000,"bu","13:34:51",9269300
6200,-600,200,"bu","13:34:47",9266300
6200,-600,100,"bu","13:34:36",9266100
6200,-600,200,"bu","13:34:31",9266000
6200,-600,10300,"bu","13:34:23",9265800
6200,-600,10000,"bu","13:34:07",9255500
6200,-600,400,"bu","13:34:06",9245500
6200,-600,100,"bu","13:34:03",9245100
6200,-600,2800,"bu","13:33:59",9245000
6200,-600,1000,"bu","13:33:57",9242200
6200,-600,1000,"bu","13:33:42",9241200
6200,-600,300,"bu","13:33:34",9240200
6200,-600,4000,"bu","13:33:24",9239900
6200,-600,1200,"bu","13:33:15",9235900
6200,-600,2000,"bu","13:33:12",9234700
6200,-600,2100,"bu","13:33:11",9232700
6200,-600,32200,"bu","13:33:09",9230600
6200,-600,500,"bu","13:33:08",9198400
6200,-600,600,"bu","13:32:59",9197900
6200,-600,100,"bu","13:32:53",9197300
6200,-600,200,"bu","13:32:50",9197200
6200,-600,31200,"sd","13:32:47",9197000
6200,-600,13300,"sd","13:32:44",9165800
6200,-600,10000,"sd","13:32:43",9152500
6200,-600,5700,"sd","13:32:41",9142500
6200,-600,16100,"sd","13:32:40",9136800
6200,-600,1000,"sd","13:32:39",9120700
6200,-600,13300,"sd","13:32:37",9119700
6200,-600,1000,"sd","13:32:35",9106400
6200,-600,1300,"sd","13:32:31",9105400
6200,-600,1000,"sd","13:32:30",9104100
6200,-600,1300,"sd","13:32:26",9103100
6300,-500,100,"bu","13:32:25",9101800
6200,-600,2400,"sd","13:32:21",9101700
6200,-600,6000,"sd","13:32:20",9099300
6200,-600,4800,"sd","13:32:15",9093300
6200,-600,4000,"sd","13:32:13",9088500
6200,-600,500,"sd","13:32:12",9084500
6200,-600,1000,"sd","13:32:07",9084000
6200,-600,15100,"sd","13:32:03",9083000
6200,-600,700,"sd","13:32:01",9067900
6200,-600,900,"sd","13:31:58",9067200
6200,-600,2000,"sd","13:31:57",9066300
6200,-600,6000,"sd","13:31:56",9064300
6200,-600,6000,"sd","13:31:55",9058300
6200,-600,7200,"sd","13:31:54",9052300
6300,-500,39700,"bu","13:31:53",9045100
6200,-600,600,"sd","13:31:52",9005400
6200,-600,2300,"sd","13:31:51",9004800
6200,-600,12100,"sd","13:31:49",9002500
6200,-600,2100,"sd","13:31:48",8990400
6200,-600,17000,"sd","13:31:46",8988300
6200,-600,1000,"sd","13:31:44",8971300
6200,-600,8000,"sd","13:31:43",8970300
6200,-600,5000,"sd","13:31:42",8962300
6200,-600,5000,"sd","13:31:39",8957300
6200,-600,173900,"sd","13:31:37",8952300
6200,-600,4000,"sd","13:31:36",8778400
6200,-600,15000,"sd","13:31:28",8774400
6200,-600,900,"sd","13:31:26",8759400
6200,-600,1500,"sd","13:31:24",8758500
6200,-600,500,"sd","13:31:20",8757000
6200,-600,6100,"sd","13:31:19",8756500
6200,-600,50000,"sd","13:31:18",8750400
6200,-600,7500,"sd","13:31:11",8700400
6200,-600,300,"sd","13:31:07",8692900
6200,-600,6000,"sd","13:31:05",8692600
6200,-600,100,"sd","13:31:04",8686600
6200,-600,2100,"sd","13:31:01",8686500
6200,-600,14700,"sd","13:30:58",8684400
6200,-600,100,"sd","13:30:53",8669700
6200,-600,2400,"sd","13:30:35",8669600
6300,-500,200,"bu","13:30:34",8667200
6200,-600,2000,"sd","13:30:33",8667000
6200,-600,10000,"sd","13:30:29",8665000
6200,-600,100,"sd","13:30:23",8655000
6200,-600,3000,"sd","13:30:22",8654900
6200,-600,2000,"sd","13:30:13",8651900
6200,-600,100,"sd","13:30:08",8649900
6200,-600,300,"sd","13:30:02",8649800
6200,-600,10000,"sd","13:29:58",8649500
6200,-600,1000,"sd","13:29:55",8639500
6200,-600,10000,"sd","13:29:47",8638500
6300,-500,18300,"sd","13:29:29",8628500
6300,-500,600,"sd","13:29:28",8610200
6300,-500,500,"sd","13:29:27",8609600
6300,-500,2100,"sd","13:29:26",8609100
6300,-500,3400,"sd","13:29:23",8607000
6300,-500,152500,"sd","13:29:22",8603600
6300,-500,100,"sd","13:29:21",8451100
6300,-500,100,"sd","13:29:20",8451000
6300,-500,1000,"sd","13:29:18",8450900
6300,-500,100,"sd","13:29:15",8449900
6300,-500,3000,"sd","13:29:10",8449800
6300,-500,1100,"sd","13:29:04",8446800
6300,-500,700,"sd","13:29:00",8445700
6400,-400,5000,"bu","13:28:57",8445000
6300,-500,400,"sd","13:28:56",8440000
6300,-500,1000,"sd","13:28:53",8439600
6300,-500,1400,"sd","13:28:49",8438600
6300,-500,1200,"sd","13:28:47",8437200
6300,-500,1000,"sd","13:28:40",8436000
6300,-500,100,"sd","13:28:37",8435000
6300,-500,800,"sd","13:28:34",8434900
6300,-500,2500,"sd","13:28:33",8434100
6300,-500,1500,"sd","13:28:25",8431600
6300,-500,1000,"sd","13:28:18",8430100
6300,-500,2500,"sd","13:28:15",8429100
6300,-500,500,"sd","13:28:02",8426600
6300,-500,2000,"sd","13:27:58",8426100
6300,-500,100,"sd","13:27:43",8424100
6300,-500,300,"sd","13:27:40",8424000
6400,-400,1000,"bu","13:27:31",8423700
6400,-400,3000,"bu","13:27:27",8422700
6400,-400,2800,"bu","13:27:13",8419700
6300,-500,200,"sd","13:27:12",8416900
6300,-500,500,"sd","13:26:56",8416700
6300,-500,1100,"sd","13:26:47",8416200
6300,-500,400,"sd","13:26:46",8415100
6400,-400,500,"bu","13:26:32",8414700
6300,-500,1000,"sd","13:26:23",8414200
6400,-400,3500,"bu","13:25:57",8413200
6400,-400,3000,"bu","13:25:55",8409700
6300,-500,1000,"sd","13:25:53",8406700
6300,-500,900,"sd","13:25:52",8405700
6300,-500,500,"sd","13:25:43",8404800
6300,-500,100,"sd","13:25:40",8404300
6300,-500,200,"sd","13:25:34",8404200
6400,-400,100,"bu","13:25:27",8404000
6400,-400,100,"bu","13:25:13",8403900
6300,-500,3000,"sd","13:25:12",8403800
6300,-500,1300,"sd","13:25:10",8400800
6300,-500,100,"sd","13:24:53",8399500
6300,-500,600,"sd","13:24:46",8399400
6300,-500,100,"sd","13:24:42",8398800
6300,-500,200,"sd","13:24:41",8398700
6300,-500,3000,"sd","13:24:38",8398500
6300,-500,2000,"sd","13:24:26",8395500
6300,-500,3000,"sd","13:24:19",8393500
6300,-500,800,"sd","13:24:16",8390500
6300,-500,1500,"sd","13:24:08",8389700
6300,-500,1600,"sd","13:24:07",8388200
6300,-500,100,"bu","13:24:06",8386600
6300,-500,1000,"bu","13:24:04",8386500
6300,-500,100,"bu","13:24:03",8385500
6300,-500,1600,"bu","13:23:53",8385400
6300,-500,100,"sd","13:23:52",8383800
6300,-500,6500,"sd","13:23:50",8383700
6300,-500,400,"sd","13:23:48",8377200
6300,-500,100,"sd","13:23:38",8376800
6300,-500,1900,"bu","13:23:35",8376700
6300,-500,2300,"sd","13:23:34",8374800
6300,-500,500,"sd","13:23:33",8372500
6300,-500,100,"sd","13:23:31",8372000
6300,-500,2500,"sd","13:23:30",8371900
6300,-500,100,"sd","13:23:29",8369400
6300,-500,600,"sd","13:23:28",8369300
6300,-500,200,"sd","13:23:26",8368700
6300,-500,6000,"sd","13:23:25",8368500
6300,-500,200,"bu","13:23:24",8362500
6300,-500,1000,"bu","13:23:23",8362300
6300,-500,20000,"bu","13:23:16",8361300
6200,-600,5200,"sd","13:23:10",8341300
6300,-500,100,"bu","13:23:07",8336100
6300,-500,40000,"bu","13:23:04",8336000
6200,-600,6000,"sd","13:22:59",8296000
6200,-600,200,"sd","13:22:58",8290000
6200,-600,100,"sd","13:22:56",8289800
6300,-500,1000,"bu","13:22:52",8289700
6200,-600,3000,"sd","13:22:48",8288700
6200,-600,637300,"bu","13:22:46",8285700
6200,-600,50000,"bu","13:22:37",7648400
6200,-600,1700,"bu","13:22:36",7598400
6200,-600,500,"bu","13:22:09",7596700
6200,-600,2500,"bu","13:22:08",7596200
6200,-600,1000,"bu","13:22:02",7593700
6200,-600,100,"bu","13:21:59",7592700
6200,-600,500,"bu","13:21:56",7592600
6200,-600,800,"bu","13:21:53",7592100
6200,-600,3000,"bu","13:21:51",7591300
6200,-600,100,"bu","13:21:48",7588300
6200,-600,100,"bu","13:21:47",7588200
6200,-600,100,"bu","13:21:45",7588100
6200,-600,1000,"bu","13:21:39",7588000
6200,-600,1000,"bu","13:21:38",7587000
6200,-600,5000,"bu","13:21:37",7586000
6200,-600,2000,"bu","13:21:18",7581000
6200,-600,1000,"bu","13:21:14",7579000
6200,-600,4100,"bu","13:21:09",7578000
6200,-600,2000,"bu","13:20:57",7573900
6200,-600,100,"bu","13:20:55",7571900
6200,-600,100,"bu","13:20:24",7571800
6200,-600,500,"bu","13:20:11",7571700
6200,-600,200,"bu","13:20:00",7571200
6200,-600,100,"bu","13:19:52",7571000
6200,-600,500,"bu","13:19:50",7570900
6200,-600,1000,"bu","13:19:46",7570400
6200,-600,1000,"bu","13:19:24",7569400
6200,-600,2000,"bu","13:19:21",7568400
6200,-600,500,"bu","13:19:15",7566400
6200,-600,100,"bu","13:18:51",7565900
6200,-600,200,"bu","13:18:49",7565800
6200,-600,3000,"bu","13:18:48",7565600
6200,-600,500,"bu","13:18:45",7562600
6200,-600,100,"bu","13:18:42",7562100
6200,-600,500,"bu","13:18:41",7562000
6200,-600,300,"bu","13:18:40",7561500
6200,-600,1500,"bu","13:18:36",7561200
6200,-600,10000,"bu","13:18:15",7559700
6200,-600,2000,"bu","13:18:01",7549700
6200,-600,100,"bu","13:17:57",7547700
6200,-600,100,"bu","13:17:52",7547600
6200,-600,200,"bu","13:17:42",7547500
6200,-600,100,"bu","13:17:40",7547300
6200,-600,4000,"bu","13:17:34",7547200
6200,-600,1000,"bu","13:17:23",7543200
6200,-600,100,"bu","13:17:20",7542200
6200,-600,5000,"bu","13:17:12",7542100
6200,-600,1000,"bu","13:17:02",7537100
6200,-600,500,"bu","13:16:57",7536100
6200,-600,1000,"bu","13:16:55",7535600
6200,-600,1500,"bu","13:16:54",7534600
6200,-600,1000,"bu","13:16:50",7533100
6200,-600,500,"bu","13:16:42",7532100
6200,-600,300,"bu","13:16:27",7531600
6200,-600,11000,"bu","13:16:20",7531300
6200,-600,100,"bu","13:16:04",7520300
6200,-600,5000,"bu","13:16:03",7520200
6200,-600,500,"bu","13:15:43",7515200
6200,-600,1000,"bu","13:15:41",7514700
6200,-600,1600,"bu","13:15:15",7513700
6200,-600,100,"bu","13:14:56",7512100
6200,-600,3200,"bu","13:14:45",7512000
6200,-600,1000,"bu","13:14:43",7508800
6200,-600,6000,"bu","13:14:36",7507800
6200,-600,2000,"bu","13:14:30",7501800
6200,-600,100,"bu","13:14:23",7499800
6200,-600,800,"bu","13:14:20",7499700
6200,-600,100,"bu","13:14:16",7498900
6200,-600,10000,"bu","13:14:13",7498800
6200,-600,100,"bu","13:14:11",7488800
6200,-600,3200,"bu","13:14:06",7488700
6200,-600,100,"bu","13:14:05",7485500
6200,-600,1000,"bu","13:14:01",7485400
6200,-600,200,"bu","13:13:51",7484400
6200,-600,2000,"bu","13:13:49",7484200
6200,-600,100,"bu","13:13:42",7482200
6200,-600,100,"bu","13:13:39",7482100
6200,-600,1000,"bu","13:13:37",7482000
6200,-600,100,"bu","13:13:36",7481000
6200,-600,100,"bu","13:13:34",7480900
6200,-600,1000,"bu","13:13:33",7480800
6200,-600,2300,"bu","13:13:30",7479800
6200,-600,1000,"bu","13:13:29",7477500
6200,-600,200,"bu","13:13:27",7476500
6200,-600,100,"bu","13:13:26",7476300
6200,-600,100,"bu","13:13:24",7476200
6200,-600,1000,"bu","13:13:22",7476100
6200,-600,6500,"bu","13:13:19",7475100
6200,-600,100,"bu","13:13:18",7468600
6200,-600,1000,"bu","13:13:16",7468500
6200,-600,19700,"bu","13:13:15",7467500
6200,-600,200,"bu","13:13:14",7447800
6200,-600,1800,"bu","13:13:11",7447600
6200,-600,600,"bu","13:13:10",7445800
6200,-600,1100,"bu","13:13:05",7445200
6200,-600,600,"bu","13:13:02",7444100
6200,-600,500,"bu","13:13:01",7443500
6200,-600,100,"bu","13:12:56",7443000
6200,-600,200,"bu","13:12:55",7442900
6200,-600,200,"bu","13:12:48",7442700
6200,-600,1000,"bu","13:12:45",7442500
6200,-600,200,"bu","13:12:44",7441500
6200,-600,5700,"bu","13:12:42",7441300
6200,-600,100,"bu","13:12:41",7435600
6200,-600,500,"bu","13:12:39",7435500
6200,-600,10100,"bu","13:12:38",7435000
6200,-600,400,"bu","13:12:37",7424900
6200,-600,9700,"bu","13:12:36",7424500
6200,-600,100,"bu","13:12:35",7414800
6200,-600,100,"bu","13:12:34",7414700
6200,-600,100,"bu","13:12:29",7414600
6200,-600,1000,"bu","13:12:28",7414500
6200,-600,6700,"bu","13:12:26",7413500
6200,-600,400,"bu","13:12:17",7406800
6200,-600,1500,"bu","13:12:16",7406400
6200,-600,400,"bu","13:12:15",7404900
6200,-600,1000,"bu","13:12:08",7404500
6200,-600,100,"bu","13:12:06",7403500
6200,-600,9000,"bu","13:12:03",7403400
6200,-600,16000,"bu","13:12:02",7394400
6200,-600,3600,"bu","13:11:57",7378400
6200,-600,2900,"sd","13:11:55",7374800
6200,-600,10100,"sd","13:11:53",7371900
6200,-600,59200,"sd","13:11:51",7361800
6200,-600,500,"bu","13:11:50",7302600
6200,-600,600,"bu","13:11:49",7302100
6200,-600,200,"bu","13:11:48",7301500
6200,-600,52700,"bu","13:11:47",7301300
6200,-600,2300,"sd","13:11:46",7248600
6200,-600,500,"sd","13:11:45",7246300
6200,-600,3600,"sd","13:11:44",7245800
6200,-600,9300,"sd","13:11:43",7242200
6200,-600,1000,"sd","13:11:42",7232900
6200,-600,5000,"sd","13:11:41",7231900
6200,-600,4500,"sd","13:11:40",7226900
6200,-600,800,"sd","13:11:37",7222400
6200,-600,3600,"sd","13:11:36",7221600
6200,-600,200,"sd","13:11:33",7218000
6200,-600,8200,"sd","13:11:32",7217800
6200,-600,6000,"sd","13:11:31",7209600
6200,-600,5500,"sd","13:11:30",7203600
6200,-600,5400,"sd","13:11:29",7198100
6200,-600,6700,"sd","13:11:28",7192700
6200,-600,2000,"sd","13:11:27",7186000
6200,-600,14400,"sd","13:11:26",7184000
6200,-600,600,"bu","13:11:24",7169600
6200,-600,14300,"sd","13:11:23",7169000
6200,-600,5800,"sd","13:11:22",7154700
6200,-600,1000,"sd","13:11:21",7148900
6200,-600,29300,"sd","13:11:20",7147900
6200,-600,8000,"sd","13:11:18",7118600
6200,-600,57500,"sd","13:11:16",7110600
6200,-600,800,"sd","13:11:15",7053100
6200,-600,1000,"sd","13:11:13",7052300
6200,-600,500,"sd","13:11:12",7051300
6200,-600,7800,"sd","13:11:10",7050800
6200,-600,1200,"sd","13:11:09",7043000
6200,-600,6500,"sd","13:11:08",7041800
6200,-600,20000,"sd","13:11:07",7035300
6200,-600,1500,"sd","13:11:06",7015300
6200,-600,3800,"sd","13:11:05",7013800
6200,-600,13900,"sd","13:11:04",7010000
6200,-600,3700,"sd","13:11:03",6996100
6200,-600,5600,"sd","13:11:02",6992400
6200,-600,500,"sd","13:11:01",6986800
6200,-600,5700,"sd","13:10:59",6986300
6200,-600,57700,"sd","13:10:58",6980600
6200,-600,31000,"sd","13:10:57",6922900
6200,-600,22000,"sd","13:10:56",6891900
6200,-600,300,"sd","13:10:55",6869900
6200,-600,23400,"sd","13:10:54",6869600
6200,-600,29000,"sd","13:10:53",6846200
6200,-600,1700,"sd","13:10:51",6817200
6200,-600,1300,"sd","13:10:50",6815500
6200,-600,2100,"sd","13:10:49",6814200
6200,-600,8600,"sd","13:10:48",6812100
6200,-600,68000,"sd","13:10:47",6803500
6200,-600,3300,"sd","13:10:46",6735500
6300,-500,7900,"bu","13:10:45",6732200
6200,-600,200,"sd","13:10:42",6724300
6200,-600,2000,"sd","13:10:41",6724100
6200,-600,900,"sd","13:10:39",6722100
6200,-600,1000,"sd","13:10:38",6721200
6200,-600,1200,"sd","13:10:37",6720200
6200,-600,100,"sd","13:10:32",6719000
6200,-600,2000,"sd","13:10:29",6718900
6200,-600,1000,"sd","13:10:26",6716900
6200,-600,1100,"sd","13:10:25",6715900
6200,-600,2000,"sd","13:10:22",6714800
6200,-600,100,"sd","13:10:21",6712800
6200,-600,4000,"sd","13:10:20",6712700
6200,-600,1600,"sd","13:10:16",6708700
6300,-500,300,"bu","13:10:11",6707100
6200,-600,2000,"sd","13:10:09",6706800
6200,-600,7100,"sd","13:10:05",6704800
6200,-600,1000,"sd","13:10:04",6697700
6200,-600,2000,"sd","13:10:01",6696700
6200,-600,1800,"sd","13:09:53",6694700
6200,-600,1700,"sd","13:09:51",6692900
6200,-600,600,"sd","13:09:48",6691200
6200,-600,1500,"sd","13:09:46",6690600
6200,-600,500,"sd","13:09:39",6689100
6200,-600,2500,"sd","13:09:35",6688600
6200,-600,100,"sd","13:09:30",6686100
6200,-600,600,"sd","13:09:26",6686000
6200,-600,6600,"sd","13:09:25",6685400
6200,-600,2100,"sd","13:09:24",6678800
6200,-600,1000,"sd","13:09:22",6676700
6200,-600,600,"sd","13:09:21",6675700
6200,-600,600,"sd","13:09:20",6675100
6200,-600,700,"sd","13:09:16",6674500
6200,-600,1200,"sd","13:09:12",6673800
6200,-600,500,"sd","13:09:08",6672600
6200,-600,2000,"sd","13:09:06",6672100
6200,-600,7500,"sd","13:08:59",6670100
6200,-600,500,"sd","13:08:57",6662600
6200,-600,400,"sd","13:08:55",6662100
6200,-600,49000,"sd","13:08:47",6661700
6200,-600,100,"sd","13:08:46",6612700
6200,-600,10000,"sd","13:08:44",6612600
6200,-600,200,"sd","13:08:39",6602600
6200,-600,3000,"sd","13:08:35",6602400
6200,-600,1900,"sd","13:08:31",6599400
6200,-600,700,"sd","13:08:29",6597500
6200,-600,1300,"sd","13:08:25",6596800
6300,-500,100,"bu","13:08:22",6595500
6200,-600,1000,"sd","13:08:21",6595400
6200,-600,100,"sd","13:08:20",6594400
6200,-600,100,"sd","13:08:15",6594300
6200,-600,1600,"sd","13:08:14",6594200
6200,-600,600,"sd","13:08:11",6592600
6300,-500,1700,"bu","13:08:02",6592000
6200,-600,700,"sd","13:07:59",6590300
6200,-600,1200,"sd","13:07:49",6589600
6300,-500,2200,"bu","13:07:46",6588400
6200,-600,500,"sd","13:07:43",6586200
6300,-500,100,"bu","13:07:42",6585700
6300,-500,100,"bu","13:07:38",6585600
6200,-600,2000,"sd","13:07:37",6585500
6300,-500,2300,"bu","13:07:23",6583500
6200,-600,4500,"sd","13:07:21",6581200
6200,-600,500,"sd","13:07:19",6576700
6200,-600,300,"sd","13:07:12",6576200
6200,-600,5300,"sd","13:07:07",6575900
6300,-500,7500,"bu","13:07:06",6570600
6200,-600,500,"sd","13:07:05",6563100
6300,-500,5100,"bu","13:07:04",6562600
6200,-600,700,"sd","13:07:03",6557500
6300,-500,4000,"bu","13:07:02",6556800
6200,-600,100,"sd","13:06:54",6552800
6200,-600,10000,"sd","13:06:51",6552700
6200,-600,2000,"sd","13:06:44",6542700
6200,-600,1000,"sd","13:06:43",6540700
6300,-500,200,"bu","13:06:33",6539700
6200,-600,3000,"sd","13:06:28",6539500
6200,-600,300,"sd","13:06:26",6536500
6200,-600,500,"sd","13:06:16",6536200
6300,-500,2000,"bu","13:06:14",6535700
6300,-500,4300,"bu","13:06:11",6533700
6200,-600,400,"sd","13:06:10",6529400
6300,-500,300,"bu","13:06:03",6529000
6200,-600,2000,"sd","13:06:02",6528700
6300,-500,200,"bu","13:05:52",6526700
6300,-500,500,"bu","13:05:50",6526500
6300,-500,100,"bu","13:05:34",6526000
6200,-600,2000,"sd","13:05:33",6525900
6200,-600,100,"sd","13:05:27",6523900
6200,-600,10000,"sd","13:05:22",6523800
6200,-600,1800,"sd","13:05:11",6513800
6200,-600,1400,"sd","13:05:10",6512000
6200,-600,100,"sd","13:05:09",6510600
6200,-600,5000,"sd","13:05:07",6510500
6200,-600,200,"sd","13:05:04",6505500
6200,-600,300,"sd","13:05:03",6505300
6200,-600,1000,"sd","13:04:56",6505000
6200,-600,5600,"sd","13:04:55",6504000
6200,-600,17000,"sd","13:04:45",6498400
6300,-500,100,"bu","13:04:33",6481400
6200,-600,1000,"sd","13:04:32",6481300
6200,-600,500,"sd","13:04:31",6480300
6200,-600,2000,"sd","13:04:30",6479800
6200,-600,1000,"sd","13:04:28",6477800
6200,-600,1000,"sd","13:04:24",6476800
6200,-600,1900,"sd","13:04:23",6475800
6200,-600,100,"sd","13:04:19",6473900
6200,-600,2000,"sd","13:04:18",6473800
6200,-600,300,"sd","13:04:16",6471800
6200,-600,1000,"sd","13:04:15",6471500
6200,-600,2200,"sd","13:04:13",6470500
6200,-600,6100,"sd","13:04:12",6468300
6200,-600,2300,"sd","13:04:11",6462200
6200,-600,10000,"sd","13:04:10",6459900
6200,-600,6000,"sd","13:04:07",6449900
6200,-600,500,"sd","13:04:06",6443900
6200,-600,600,"sd","13:04:04",6443400
6200,-600,3000,"sd","13:04:02",6442800
6200,-600,20000,"sd","13:04:01",6439800
6200,-600,1700,"sd","13:03:59",6419800
6200,-600,700,"sd","13:03:57",6418100
6200,-600,100,"sd","13:03:55",6417400
6200,-600,300,"sd","13:03:51",6417300
6200,-600,2300,"sd","13:03:50",6417000
6200,-600,200,"sd","13:03:48",6414700
6200,-600,200,"sd","13:03:45",6414500
6200,-600,1500,"sd","13:03:44",6414300
6200,-600,100,"sd","13:03:43",6412800
6200,-600,1000,"sd","13:03:39",6412700
6200,-600,3900,"sd","13:03:38",6411700
6200,-600,11600,"sd","13:03:36",6407800
6200,-600,3000,"sd","13:03:30",6396200
6200,-600,1000,"sd","13:03:29",6393200
6200,-600,1500,"sd","13:03:28",6392200
6200,-600,9000,"sd","13:03:27",6390700
6200,-600,200,"sd","13:03:25",6381700
6200,-600,4500,"sd","13:03:20",6381500
6200,-600,1100,"sd","13:03:19",6377000
6200,-600,50000,"sd","13:03:18",6375900
6200,-600,6500,"sd","13:03:17",6325900
6300,-500,3100,"bu","13:03:16",6319400
6200,-600,5000,"sd","13:03:14",6316300
6200,-600,11500,"sd","13:03:13",6311300
6200,-600,85000,"bu","13:03:12",6299800
6200,-600,100,"bu","13:03:11",6214800
6200,-600,2000,"bu","13:03:09",6214700
6200,-600,5500,"bu","13:03:08",6212700
6200,-600,14200,"bu","13:03:07",6207200
6200,-600,23300,"sd","13:03:06",6193000
6200,-600,10100,"sd","13:03:05",6169700
6200,-600,74000,"sd","13:03:04",6159600
6200,-600,23100,"sd","13:03:03",6085600
6200,-600,31800,"sd","13:03:02",6062500
6200,-600,1000,"sd","13:03:01",6030700
6200,-600,34000,"sd","13:03:00",6029700
6200,-600,30000,"sd","13:02:58",5995700
6200,-600,1200,"sd","13:02:56",5965700
6200,-600,10000,"sd","13:02:55",5964500
6200,-600,1000,"sd","13:02:51",5954500
6200,-600,11200,"sd","13:02:49",5953500
6200,-600,5700,"sd","13:02:48",5942300
6200,-600,2500,"sd","13:02:47",5936600
6200,-600,23600,"sd","13:02:46",5934100
6200,-600,3000,"sd","13:02:44",5910500
6200,-600,2700,"sd","13:02:43",5907500
6200,-600,200,"sd","13:02:42",5904800
6200,-600,5000,"sd","13:02:40",5904600
6200,-600,13200,"sd","13:02:39",5899600
6200,-600,10100,"sd","13:02:35",5886400
6200,-600,7100,"sd","13:02:34",5876300
6200,-600,10000,"sd","13:02:32",5869200
6200,-600,500,"sd","13:02:30",5859200
6200,-600,500,"sd","13:02:29",5858700
6200,-600,2000,"sd","13:02:28",5858200
6200,-600,10000,"sd","13:02:27",5856200
6200,-600,100,"sd","13:02:26",5846200
6200,-600,200,"sd","13:02:19",5846100
6200,-600,5400,"sd","13:02:17",5845900
6200,-600,300,"sd","13:02:15",5840500
6200,-600,300,"sd","13:02:13",5840200
6200,-600,1000,"sd","13:02:12",5839900
6200,-600,1200,"sd","13:02:09",5838900
6200,-600,200,"sd","13:02:07",5837700
6200,-600,3300,"sd","13:02:06",5837500
6200,-600,6400,"sd","13:02:05",5834200
6200,-600,1000,"sd","13:02:04",5827800
6200,-600,2000,"sd","13:02:02",5826800
6200,-600,1100,"sd","13:02:01",5824800
6200,-600,11500,"sd","13:01:59",5823700
6200,-600,1200,"sd","13:01:58",5812200
6200,-600,11000,"sd","13:01:56",5811000
6200,-600,1000,"sd","13:01:55",5800000
6200,-600,5900,"sd","13:01:54",5799000
6200,-600,18000,"sd","13:01:53",5793100
6200,-600,18100,"sd","13:01:51",5775100
6200,-600,5600,"sd","13:01:50",5757000
6200,-600,3000,"sd","13:01:49",5751400
6200,-600,42500,"sd","13:01:48",5748400
6200,-600,5800,"sd","13:01:47",5705900
6200,-600,6700,"sd","13:01:46",5700100
6200,-600,1000,"sd","13:01:45",5693400
6200,-600,10500,"sd","13:01:44",5692400
6200,-600,45300,"sd","13:01:43",5681900
6200,-600,15900,"sd","13:01:42",5636600
6200,-600,11500,"sd","13:01:41",5620700
6200,-600,3000,"sd","13:01:40",5609200
6200,-600,16000,"sd","13:01:39",5606200
6200,-600,4000,"sd","13:01:37",5590200
6200,-600,2000,"sd","13:01:36",5586200
6200,-600,10400,"sd","13:01:35",5584200
6200,-600,21000,"sd","13:01:34",5573800
6200,-600,200,"sd","13:01:33",5552800
6200,-600,9600,"sd","13:01:31",5552600
6200,-600,5000,"sd","13:01:30",5543000
6200,-600,5000,"sd","13:01:29",5538000
6200,-600,15000,"sd","13:01:28",5533000
6200,-600,8000,"sd","13:01:27",5518000
6200,-600,3000,"sd","13:01:26",5510000
6200,-600,2000,"sd","13:01:25",5507000
6200,-600,10200,"sd","13:01:23",5505000
6200,-600,1700,"sd","13:01:21",5494800
6200,-600,200,"sd","13:01:20",5493100
6200,-600,1100,"sd","13:01:18",5492900
6200,-600,900,"sd","13:01:17",5491800
6200,-600,1200,"sd","13:01:16",5490900
6200,-600,1500,"sd","13:01:15",5489700
6200,-600,2000,"sd","13:01:14",5488200
6200,-600,5900,"sd","13:01:13",5486200
6200,-600,15000,"sd","13:01:12",5480300
6200,-600,3800,"sd","13:01:11",5465300
6200,-600,1500,"sd","13:01:10",5461500
6200,-600,21000,"sd","13:01:09",5460000
6200,-600,6800,"sd","13:01:08",5439000
6200,-600,22000,"sd","13:01:07",5432200
6200,-600,19000,"sd","13:01:05",5410200
6200,-600,21500,"sd","13:01:04",5391200
6200,-600,7400,"sd","13:01:03",5369700
6200,-600,19900,"sd","13:01:02",5362300
6200,-600,4700,"sd","13:01:01",5342400
6200,-600,22400,"sd","13:01:00",5337700
6200,-600,2000,"sd","13:00:59",5315300
6200,-600,15100,"sd","13:00:58",5313300
6200,-600,8000,"sd","13:00:57",5298200
6200,-600,87000,"sd","13:00:55",5290200
6200,-600,7300,"sd","13:00:54",5203200
6200,-600,45100,"sd","13:00:53",5195900
6200,-600,200,"sd","13:00:52",5150800
6200,-600,40300,"sd","13:00:51",5150600
6200,-600,100,"sd","13:00:50",5110300
6200,-600,3400,"sd","13:00:49",5110200
6200,-600,2200,"sd","13:00:48",5106800
6200,-600,4000,"sd","13:00:47",5104600
6200,-600,5600,"sd","13:00:45",5100600
6200,-600,68400,"sd","13:00:44",5095000
6200,-600,5900,"sd","13:00:41",5026600
6200,-600,600,"sd","13:00:40",5020700
6200,-600,100,"sd","13:00:39",5020100
6200,-600,70600,"sd","13:00:38",5020000
6200,-600,10000,"sd","13:00:37",4949400
6200,-600,10000,"sd","13:00:35",4939400
6200,-600,800,"sd","13:00:33",4929400
6200,-600,33600,"sd","13:00:32",4928600
6200,-600,6100,"sd","13:00:29",4895000
6200,-600,10000,"sd","13:00:28",4888900
6200,-600,2000,"sd","13:00:26",4878900
6200,-600,400,"sd","13:00:25",4876900
6200,-600,1700,"sd","13:00:23",4876500
6200,-600,12000,"sd","13:00:22",4874800
6200,-600,21300,"sd","13:00:17",4862800
6300,-500,1000,"bu","13:00:16",4841500
6200,-600,100,"sd","13:00:14",4840500
6200,-600,4000,"sd","13:00:09",4840400
6200,-600,48300,"sd","13:00:08",4836400
6300,-500,42900,"bu","13:00:06",4788100
6300,-500,19800,"bu","13:00:05",4745200
6200,-600,2046500,"sd","13:00:04",4725400
6300,-500,60400,"sd","13:00:03",2678900
6400,-400,15900,"bu","13:00:02",2618500
6400,-400,900,"bu","11:29:49",2602600
6400,-400,100,"bu","11:28:58",2601700
6400,-400,100,"bu","11:28:57",2601600
6400,-400,31900,"sd","11:28:42",2601500
6400,-400,1400,"sd","11:28:39",2569600
6400,-400,1000,"sd","11:28:31",2568200
6400,-400,3000,"sd","11:28:30",2567200
6400,-400,3000,"sd","11:28:10",2564200
6400,-400,2800,"sd","11:28:07",2561200
6400,-400,1000,"sd","11:27:58",2558400
6400,-400,1300,"sd","11:27:53",2557400
6400,-400,3000,"sd","11:27:42",2556100
6400,-400,10000,"sd","11:27:35",2553100
6400,-400,800,"sd","11:27:22",2543100
6400,-400,1000,"sd","11:27:18",2542300
6400,-400,10100,"sd","11:27:16",2541300
6400,-400,3000,"sd","11:26:59",2531200
6400,-400,1000,"sd","11:26:25",2528200
6400,-400,1000,"sd","11:26:23",2527200
6400,-400,3100,"sd","11:26:15",2526200
6400,-400,100,"sd","11:26:12",2523100
6400,-400,3000,"sd","11:26:01",2523000
6400,-400,4200,"sd","11:25:45",2520000
6400,-400,15000,"sd","11:25:38",2515800
6400,-400,10200,"sd","11:25:35",2500800
6400,-400,2000,"sd","11:25:15",2490600
6400,-400,200,"sd","11:24:52",2488600
6400,-400,1000,"sd","11:24:44",2488400
6400,-400,400,"sd","11:24:41",2487400
6400,-400,300,"sd","11:24:35",2487000
6400,-400,1000,"sd","11:24:28",2486700
6400,-400,2000,"sd","11:24:19",2485700
6500,-300,100,"bu","11:24:14",2483700
6400,-400,1100,"sd","11:24:02",2483600
6500,-300,800,"bu","11:23:59",2482500
6400,-400,1000,"sd","11:23:47",2481700
6400,-400,10000,"sd","11:23:36",2480700
6400,-400,1000,"sd","11:23:20",2470700
6400,-400,1000,"sd","11:23:03",2469700
6400,-400,2000,"sd","11:22:35",2468700
6400,-400,2000,"sd","11:21:54",2466700
6400,-400,1000,"sd","11:21:51",2464700
6400,-400,1000,"sd","11:21:48",2463700
6400,-400,2000,"sd","11:21:41",2462700
6400,-400,2200,"sd","11:21:33",2460700
6400,-400,300,"sd","11:21:27",2458500
6400,-400,200,"sd","11:21:00",2458200
6400,-400,400,"sd","11:20:46",2458000
6400,-400,700,"sd","11:19:41",2457600
6400,-400,200,"sd","11:19:24",2456900
6400,-400,100,"sd","11:19:07",2456700
6400,-400,500,"sd","11:18:59",2456600
6400,-400,100,"sd","11:18:44",2456100
6400,-400,2000,"sd","11:18:26",2456000
6400,-400,5000,"sd","11:18:18",2454000
6400,-400,500,"sd","11:17:50",2449000
6500,-300,1000,"bu","11:17:48",2448500
6400,-400,2000,"sd","11:17:47",2447500
6400,-400,40000,"sd","11:17:27",2445500
6500,-300,2000,"bu","11:16:33",2405500
6500,-300,16800,"bu","11:16:04",2403500
6400,-400,400,"sd","11:14:55",2386700
6400,-400,1000,"sd","11:14:43",2386300
6400,-400,500,"sd","11:13:31",2385300
6400,-400,10000,"sd","11:12:35",2384800
6500,-300,500,"bu","11:12:21",2374800
6500,-300,1500,"bu","11:12:05",2374300
6500,-300,1000,"bu","11:11:42",2372800
6500,-300,1100,"bu","11:11:35",2371800
6400,-400,100,"sd","11:11:17",2370700
6400,-400,2000,"sd","11:10:50",2370600
6400,-400,5000,"sd","11:10:44",2368600
6400,-400,500,"sd","11:10:12",2363600
6400,-400,700,"sd","11:09:44",2363100
6400,-400,100,"sd","11:08:51",2362400
6400,-400,200,"sd","11:08:33",2362300
6400,-400,1000,"sd","11:08:03",2362100
6400,-400,10100,"sd","11:07:41",2361100
6500,-300,2000,"bu","11:07:19",2351000
6500,-300,1600,"bu","11:07:11",2349000
6500,-300,300,"bu","11:06:41",2347400
6500,-300,300,"bu","11:06:02",2347100
6500,-300,1500,"bu","11:05:40",2346800
6400,-400,1500,"sd","11:05:14",2345300
6500,-300,1000,"bu","11:05:13",2343800
6400,-400,2000,"sd","11:04:59",2342800
6400,-400,200,"sd","11:04:58",2340800
6500,-300,200,"bu","11:04:52",2340600
6500,-300,100,"bu","11:04:51",2340400
6500,-300,1000,"bu","11:04:37",2340300
6500,-300,500,"bu","11:04:14",2339300
6500,-300,100,"bu","11:03:26",2338800
6500,-300,400,"bu","11:03:09",2338700
6500,-300,5000,"bu","11:02:57",2338300
6400,-400,800,"sd","11:02:42",2333300
6500,-300,500,"bu","11:02:35",2332500
6500,-300,500,"bu","11:02:28",2332000
6500,-300,2000,"bu","11:02:19",2331500
6500,-300,400,"bu","11:02:17",2329500
6500,-300,2000,"bu","11:02:15",2329100
6500,-300,200,"bu","11:02:12",2327100
6500,-300,300,"bu","11:02:03",2326900
6500,-300,200,"bu","11:01:58",2326600
6500,-300,3000,"bu","11:01:54",2326400
6500,-300,100,"bu","11:01:44",2323400
6400,-400,100,"sd","11:01:27",2323300
6400,-400,1000,"sd","11:00:28",2323200
6400,-400,300,"sd","11:00:24",2322200
6400,-400,2000,"sd","10:59:58",2321900
6500,-300,300,"bu","10:59:40",2319900
6500,-300,400,"bu","10:59:18",2319600
6400,-400,3000,"sd","10:59:08",2319200
6400,-400,800,"sd","10:59:05",2316200
6400,-400,5000,"sd","10:58:40",2315400
6400,-400,100,"sd","10:57:52",2310400
6400,-400,1000,"sd","10:57:50",2310300
6400,-400,500,"sd","10:57:30",2309300
6400,-400,600,"sd","10:56:52",2308800
6400,-400,300,"sd","10:56:08",2308200
6400,-400,100,"sd","10:55:56",2307900
6500,-300,200,"bu","10:55:28",2307800
6500,-300,300,"bu","10:55:11",2307600
6500,-300,200,"bu","10:55:07",2307300
6400,-400,10000,"sd","10:54:28",2307100
6500,-300,300,"bu","10:53:41",2297100
6500,-300,1000,"bu","10:53:28",2296800
6500,-300,100,"bu","10:53:24",2295800
6500,-300,100,"bu","10:52:55",2295700
6500,-300,1000,"bu","10:52:16",2295600
6400,-400,1000,"sd","10:52:11",2294600
6400,-400,1000,"sd","10:51:03",2293600
6400,-400,1000,"sd","10:50:57",2292600
6400,-400,10000,"sd","10:50:43",2291600
6400,-400,200,"sd","10:49:39",2281600
6500,-300,100,"bu","10:49:37",2281400
6400,-400,7400,"sd","10:49:34",2281300
6500,-300,400,"bu","10:49:27",2273900
6500,-300,10000,"bu","10:49:15",2273500
6500,-300,100,"bu","10:48:52",2263500
6500,-300,900,"bu","10:48:32",2263400
6500,-300,100,"bu","10:48:30",2262500
6500,-300,10000,"bu","10:47:54",2262400
6500,-300,200,"bu","10:47:37",2252400
6500,-300,600,"bu","10:47:11",2252200
6500,-300,100,"bu","10:45:51",2251600
6400,-400,15000,"sd","10:45:39",2251500
6500,-300,300,"bu","10:45:28",2236500
6400,-400,6300,"sd","10:44:44",2236200
6400,-400,1000,"sd","10:44:39",2229900
6400,-400,100,"sd","10:44:15",2228900
6500,-300,100,"bu","10:44:02",2228800
6500,-300,100,"bu","10:42:53",2228700
6500,-300,10000,"bu","10:42:31",2228600
6400,-400,2000,"sd","10:41:49",2218600
6400,-400,1500,"sd","10:41:39",2216600
6400,-400,400,"sd","10:40:53",2215100
6400,-400,200,"sd","10:40:35",2214700
6400,-400,13600,"sd","10:40:04",2214500
6400,-400,100,"bu","10:39:34",2200900
6400,-400,7100,"bu","10:39:28",2200800
6400,-400,1500,"sd","10:39:26",2193700
6400,-400,500,"sd","10:39:00",2192200
6400,-400,10000,"sd","10:37:58",2191700
6400,-400,1800,"sd","10:37:39",2181700
6500,-300,100,"bu","10:37:03",2179900
6400,-400,100,"sd","10:36:40",2179800
6400,-400,100,"sd","10:36:14",2179700
6400,-400,100,"sd","10:36:05",2179600
6400,-400,200,"sd","10:35:37",2179500
6400,-400,100,"sd","10:35:15",2179300
6400,-400,500,"sd","10:34:19",2179200
6400,-400,300,"bu","10:33:38",2178700
6400,-400,1000,"bu","10:33:20",2178400
6400,-400,1000,"bu","10:33:11",2177400
6400,-400,1000,"bu","10:33:05",2176400
6400,-400,100,"bu","10:32:56",2175400
6400,-400,1000,"bu","10:32:41",2175300
6400,-400,300,"bu","10:31:51",2174300
6400,-400,2100,"bu","10:31:41",2174000
6400,-400,1000,"bu","10:31:40",2171900
6400,-400,8400,"sd","10:31:29",2170900
6400,-400,100,"sd","10:31:15",2162500
6400,-400,100,"sd","10:31:14",2162400
6400,-400,100,"sd","10:31:04",2162300
6400,-400,1400,"bu","10:31:02",2162200
6400,-400,600,"sd","10:30:57",2160800
6400,-400,2000,"sd","10:30:55",2160200
6400,-400,4000,"sd","10:30:47",2158200
6400,-400,2000,"sd","10:30:23",2154200
6400,-400,10000,"sd","10:29:59",2152200
6400,-400,10000,"sd","10:29:01",2142200
6400,-400,2000,"sd","10:28:40",2132200
6400,-400,30000,"sd","10:28:26",2130200
6400,-400,500,"sd","10:26:51",2100200
6500,-300,1000,"bu","10:26:50",2099700
6500,-300,100,"bu","10:26:05",2098700
6500,-300,1300,"bu","10:26:02",2098600
6500,-300,200,"bu","10:25:47",2097300
6500,-300,1000,"bu","10:25:45",2097100
6500,-300,200,"bu","10:25:37",2096100
6500,-300,200,"bu","10:25:16",2095900
6400,-400,2100,"sd","10:24:26",2095700
6400,-400,100,"sd","10:24:03",2093600
6400,-400,600,"sd","10:23:57",2093500
6400,-400,1000,"sd","10:23:44",2092900
6400,-400,100,"sd","10:23:41",2091900
6400,-400,900,"sd","10:23:27",2091800
6400,-400,500,"sd","10:23:26",2090900
6400,-400,1000,"sd","10:23:19",2090400
6300,-500,1700,"sd","10:23:00",2089400
6400,-400,22900,"bu","10:22:56",2087700
6400,-400,1100,"bu","10:22:47",2064800
6400,-400,100,"bu","10:22:40",2063700
6400,-400,100,"bu","10:22:35",2063600
6400,-400,500,"bu","10:22:25",2063500
6400,-400,900,"bu","10:22:22",2063000
6400,-400,2000,"bu","10:22:17",2062100
6400,-400,100,"bu","10:22:09",2060100
6400,-400,2000,"bu","10:22:05",2060000
6400,-400,2000,"bu","10:21:59",2058000
6400,-400,2000,"bu","10:21:58",2056000
6400,-400,1000,"bu","10:21:32",2054000
6400,-400,100,"bu","10:21:22",2053000
6400,-400,1000,"bu","10:21:03",2052900
6400,-400,200,"bu","10:21:02",2051900
6400,-400,200,"bu","10:20:54",2051700
6300,-500,500,"sd","10:20:51",2051500
6400,-400,10000,"bu","10:20:44",2051000
6300,-500,100,"sd","10:20:23",2041000
6300,-500,5400,"sd","10:20:10",2040900
6400,-400,1000,"bu","10:20:06",2035500
6300,-500,1000,"sd","10:19:56",2034500
6300,-500,100,"sd","10:19:50",2033500
6300,-500,1000,"sd","10:19:33",2033400
6300,-500,100,"sd","10:19:32",2032400
6300,-500,500,"sd","10:19:09",2032300
6400,-400,1000,"bu","10:18:36",2031800
6400,-400,500,"bu","10:18:34",2030800
6400,-400,2000,"bu","10:18:15",2030300
6300,-500,3000,"sd","10:18:14",2028300
6400,-400,100,"bu","10:18:13",2025300
6400,-400,1900,"bu","10:18:05",2025200
6400,-400,1600,"bu","10:18:04",2023300
6400,-400,4000,"bu","10:17:57",2021700
6400,-400,100,"bu","10:17:09",2017700
6400,-400,3100,"bu","10:17:03",2017600
6400,-400,4700,"bu","10:16:37",2014500
6400,-400,2000,"bu","10:16:22",2009800
6300,-500,1000,"sd","10:16:18",2007800
6300,-500,400,"sd","10:16:13",2006800
6300,-500,100,"sd","10:15:58",2006400
6400,-400,2000,"bu","10:15:34",2006300
6300,-500,1000,"sd","10:15:14",2004300
6400,-400,1300,"bu","10:15:08",2003300
6400,-400,1000,"bu","10:14:33",2002000
6400,-400,100,"bu","10:14:26",2001000
6400,-400,2000,"bu","10:14:10",2000900
6400,-400,2000,"bu","10:14:09",1998900
6400,-400,3000,"bu","10:13:51",1996900
6400,-400,200,"bu","10:13:45",1993900
6400,-400,1500,"bu","10:13:44",1993700
6400,-400,500,"bu","10:13:23",1992200
6400,-400,4400,"bu","10:13:14",1991700
6400,-400,200,"bu","10:13:01",1987300
6300,-500,100,"sd","10:12:46",1987100
6400,-400,1000,"bu","10:12:43",1987000
6300,-500,900,"sd","10:12:31",1986000
6300,-500,200,"sd","10:12:13",1985100
6300,-500,200,"sd","10:12:05",1984900
6300,-500,200,"sd","10:11:34",1984700
6300,-500,7000,"sd","10:10:41",1984500
6300,-500,500,"sd","10:09:49",1977500
6400,-400,1000,"bu","10:09:42",1977000
6300,-500,4800,"sd","10:09:33",1976000
6400,-400,300,"bu","10:09:23",1971200
6400,-400,100,"bu","10:09:11",1970900
6400,-400,200,"bu","10:09:01",1970800
6400,-400,100,"bu","10:08:49",1970600
6400,-400,1000,"bu","10:08:34",1970500
6300,-500,1000,"sd","10:08:28",1969500
6400,-400,2000,"bu","10:07:55",1968500
6400,-400,7000,"bu","10:07:43",1966500
6400,-400,2000,"sd","10:07:36",1959500
6400,-400,1100,"sd","10:07:31",1957500
6400,-400,200,"bu","10:07:30",1956400
6400,-400,100,"bu","10:07:29",1956200
6300,-500,1000,"sd","10:07:24",1956100
6400,-400,300,"bu","10:07:23",1955100
6400,-400,4000,"bu","10:07:20",1954800
6400,-400,1800,"bu","10:07:19",1950800
6400,-400,2000,"bu","10:07:07",1949000
6400,-400,100,"bu","10:07:05",1947000
6400,-400,500,"bu","10:06:59",1946900
6400,-400,300,"bu","10:06:50",1946400
6400,-400,2300,"bu","10:06:45",1946100
6400,-400,3000,"bu","10:06:44",1943800
6400,-400,500,"bu","10:06:28",1940800
6400,-400,1000,"bu","10:06:14",1940300
6400,-400,3000,"bu","10:06:07",1939300
6400,-400,100,"bu","10:06:02",1936300
6400,-400,1400,"bu","10:05:56",1936200
6400,-400,100,"bu","10:05:48",1934800
6300,-500,100,"sd","10:05:43",1934700
6400,-400,500,"bu","10:05:38",1934600
6400,-400,300,"bu","10:05:36",1934100
6400,-400,600,"bu","10:05:29",1933800
6400,-400,1000,"bu","10:05:17",1933200
6400,-400,300,"bu","10:05:00",1932200
6400,-400,500,"bu","10:04:49",1931900
6300,-500,3300,"sd","10:04:40",1931400
6400,-400,100,"bu","10:04:36",1928100
6400,-400,100,"bu","10:04:19",1928000
6400,-400,5000,"bu","10:04:18",1927900
6300,-500,1000,"sd","10:04:13",1922900
6400,-400,3000,"bu","10:03:58",1921900
6300,-500,200,"sd","10:03:52",1918900
6400,-400,2000,"bu","10:03:51",1918700
6400,-400,1000,"bu","10:03:47",1916700
6300,-500,5000,"sd","10:03:38",1915700
6400,-400,500,"bu","10:03:27",1910700
6400,-400,1000,"bu","10:03:12",1910200
6300,-500,2000,"sd","10:03:01",1909200
6400,-400,100,"bu","10:02:34",1907200
6300,-500,200,"sd","10:02:27",1907100
6400,-400,200,"bu","10:02:26",1906900
6400,-400,2500,"bu","10:02:21",1906700
6400,-400,100,"bu","10:02:19",1904200
6400,-400,1000,"bu","10:02:07",1904100
6400,-400,1000,"bu","10:02:06",1903100
6400,-400,100,"bu","10:02:00",1902100
6400,-400,200,"bu","10:01:59",1902000
6400,-400,100,"bu","10:01:15",1901800
6300,-500,500,"sd","10:00:58",1901700
6300,-500,200,"sd","10:00:53",1901200
6300,-500,200,"sd","10:00:31",1901000
6400,-400,2000,"bu","10:00:27",1900800
6400,-400,500,"bu","10:00:26",1898800
6400,-400,100,"bu","10:00:23",1898300
6300,-500,1000,"sd","10:00:15",1898200
6400,-400,100,"bu","10:00:06",1897200
6400,-400,2000,"bu","09:59:57",1897100
6400,-400,200,"bu","09:59:38",1895100
6400,-400,1100,"bu","09:59:32",1894900
6400,-400,100,"bu","09:58:56",1893800
6400,-400,500,"bu","09:58:50",1893700
6400,-400,1100,"bu","09:58:49",1893200
6400,-400,1000,"bu","09:58:45",1892100
6400,-400,100,"bu","09:58:41",1891100
6400,-400,100,"bu","09:58:37",1891000
6400,-400,300,"bu","09:58:32",1890900
6400,-400,100,"bu","09:58:20",1890600
6400,-400,200,"bu","09:58:16",1890500
6400,-400,500,"bu","09:58:11",1890300
6400,-400,2500,"bu","09:58:08",1889800
6400,-400,1000,"bu","09:58:07",1887300
6400,-400,2300,"bu","09:58:02",1886300
6400,-400,200,"bu","09:57:59",1884000
6400,-400,600,"bu","09:57:55",1883800
6400,-400,1000,"bu","09:57:54",1883200
6400,-400,500,"bu","09:57:42",1882200
6400,-400,1000,"bu","09:57:23",1881700
6400,-400,2000,"bu","09:57:08",1880700
6400,-400,2000,"bu","09:57:01",1878700
6400,-400,100,"bu","09:56:43",1876700
6400,-400,200,"bu","09:56:29",1876600
6400,-400,100,"bu","09:56:20",1876400
6400,-400,100,"bu","09:55:58",1876300
6400,-400,1200,"bu","09:55:55",1876200
6400,-400,100,"bu","09:55:45",1875000
6400,-400,1000,"bu","09:55:36",1874900
6400,-400,9200,"bu","09:55:31",1873900
6400,-400,1700,"sd","09:54:36",1864700
6400,-400,1000,"bu","09:54:35",1863000
6400,-400,8300,"bu","09:54:33",1862000
6300,-500,300,"sd","09:54:32",1853700
6400,-400,4200,"bu","09:54:31",1853400
6400,-400,100,"bu","09:54:27",1849200
6400,-400,10000,"bu","09:54:23",1849100
6400,-400,1000,"bu","09:53:55",1839100
6300,-500,400,"sd","09:53:48",1838100
6400,-400,2000,"bu","09:53:33",1837700
6400,-400,1000,"bu","09:53:25",1835700
6400,-400,1400,"bu","09:53:24",1834700
6400,-400,600,"bu","09:52:54",1833300
6400,-400,100,"bu","09:52:37",1832700
6300,-500,2000,"sd","09:52:32",1832600
6300,-500,2200,"sd","09:52:31",1830600
6400,-400,100,"bu","09:52:26",1828400
6400,-400,2000,"bu","09:52:22",1828300
6400,-400,5000,"bu","09:52:17",1826300
6400,-400,4700,"bu","09:52:15",1821300
6300,-500,1700,"sd","09:52:08",1816600
6400,-400,1000,"bu","09:52:02",1814900
6300,-500,4000,"sd","09:51:59",1813900
6300,-500,1000,"sd","09:51:58",1809900
6400,-400,6300,"bu","09:51:49",1808900
6300,-500,100,"sd","09:51:45",1802600
6400,-400,1000,"bu","09:51:29",1802500
6400,-400,100,"bu","09:51:27",1801500
6400,-400,7300,"bu","09:51:09",1801400
6400,-400,6400,"sd","09:51:08",1794100
6400,-400,200,"sd","09:51:06",1787700
6500,-300,26500,"bu","09:51:05",1787500
6400,-400,300,"sd","09:51:03",1761000
6400,-400,900,"sd","09:51:00",1760700
6400,-400,28000,"sd","09:50:54",1759800
6400,-400,3000,"sd","09:50:53",1731800
6400,-400,100,"sd","09:50:50",1728800
6400,-400,100,"sd","09:50:48",1728700
6400,-400,2000,"sd","09:50:45",1728600
6400,-400,1000,"sd","09:50:44",1726600
6400,-400,400,"sd","09:50:35",1725600
6400,-400,100,"sd","09:50:30",1725200
6400,-400,5000,"sd","09:50:28",1725100
6400,-400,200,"sd","09:50:03",1720100
6400,-400,1000,"sd","09:49:52",1719900
6400,-400,200,"sd","09:49:41",1718900
6400,-400,200,"sd","09:49:40",1718700
6400,-400,1000,"sd","09:49:27",1718500
6500,-300,300,"bu","09:49:18",1717500
6400,-400,100,"sd","09:49:12",1717200
6400,-400,1000,"sd","09:48:53",1717100
6400,-400,100,"sd","09:48:42",1716100
6400,-400,200,"sd","09:48:35",1716000
6400,-400,300,"sd","09:48:28",1715800
6400,-400,1100,"sd","09:48:02",1715500
6400,-400,1000,"sd","09:47:57",1714400
6400,-400,2000,"sd","09:47:32",1713400
6400,-400,100,"sd","09:47:03",1711400
6500,-300,200,"bu","09:47:02",1711300
6400,-400,900,"sd","09:46:54",1711100
6400,-400,1000,"sd","09:46:47",1710200
6400,-400,100,"sd","09:46:41",1709200
6400,-400,2700,"sd","09:46:17",1709100
6500,-300,900,"bu","09:46:09",1706400
6400,-400,100,"sd","09:45:55",1705500
6400,-400,200,"sd","09:45:32",1705400
6400,-400,100,"sd","09:45:24",1705200
6500,-300,200,"bu","09:45:22",1705100
6400,-400,200,"sd","09:45:17",1704900
6400,-400,1100,"sd","09:44:55",1704700
6400,-400,20000,"sd","09:44:21",1703600
6500,-300,100,"bu","09:44:06",1683600
6400,-400,1000,"sd","09:44:05",1683500
6400,-400,100,"sd","09:44:00",1682500
6400,-400,100,"sd","09:43:39",1682400
6500,-300,100,"bu","09:43:38",1682300
6400,-400,1000,"sd","09:43:36",1682200
6400,-400,1000,"sd","09:43:26",1681200
6500,-300,100,"bu","09:43:23",1680200
6400,-400,1000,"sd","09:43:01",1680100
6400,-400,1000,"sd","09:42:26",1679100
6400,-400,100,"sd","09:41:57",1678100
6400,-400,4500,"sd","09:41:48",1678000
6400,-400,1000,"sd","09:41:47",1673500
6400,-400,15600,"sd","09:41:29",1672500
6400,-400,300,"sd","09:41:23",1656900
6400,-400,500,"sd","09:41:21",1656600
6400,-400,11500,"bu","09:41:15",1656100
6300,-500,300,"sd","09:41:14",1644600
6400,-400,200,"bu","09:41:10",1644300
6400,-400,200,"bu","09:41:08",1644100
6400,-400,1100,"bu","09:41:05",1643900
6400,-400,20400,"bu","09:41:02",1642800
6400,-400,2000,"bu","09:41:00",1622400
6400,-400,100,"bu","09:40:54",1620400
6400,-400,1200,"bu","09:40:50",1620300
6400,-400,100,"bu","09:40:49",1619100
6400,-400,1000,"bu","09:40:42",1619000
6400,-400,200,"bu","09:40:41",1618000
6400,-400,1000,"bu","09:40:35",1617800
6300,-500,5000,"sd","09:40:29",1616800
6300,-500,600,"sd","09:40:24",1611800
6300,-500,1000,"sd","09:40:22",1611200
6300,-500,500,"sd","09:40:03",1610200
6400,-400,1000,"bu","09:40:01",1609700
6300,-500,2000,"sd","09:39:51",1608700
6300,-500,400,"sd","09:39:46",1606700
6300,-500,200,"sd","09:39:41",1606300
6400,-400,1000,"bu","09:39:33",1606100
6300,-500,500,"sd","09:39:25",1605100
6400,-400,300,"bu","09:39:23",1604600
6300,-500,3800,"sd","09:39:22",1604300
6300,-500,2000,"sd","09:39:15",1600500
6400,-400,3000,"bu","09:39:13",1598500
6300,-500,13100,"sd","09:39:06",1595500
6300,-500,14000,"sd","09:39:04",1582400
6300,-500,2000,"sd","09:39:03",1568400
6300,-500,7000,"sd","09:38:58",1566400
6300,-500,200,"sd","09:38:49",1559400
6400,-400,100,"bu","09:38:46",1559200
6300,-500,2200,"sd","09:38:39",1559100
6300,-500,4000,"sd","09:38:32",1556900
6300,-500,500,"sd","09:38:31",1552900
6300,-500,100,"sd","09:38:30",1552400
6300,-500,1000,"sd","09:38:29",1552300
6300,-500,3600,"bu","09:38:27",1551300
6300,-500,100,"bu","09:38:24",1547700
6300,-500,2000,"bu","09:38:19",1547600
6300,-500,400,"bu","09:38:16",1545600
6200,-600,200,"sd","09:38:15",1545200
6300,-500,100,"bu","09:38:12",1545000
6300,-500,700,"bu","09:38:10",1544900
6300,-500,100,"bu","09:38:09",1544200
6300,-500,200,"bu","09:38:08",1544100
6300,-500,1400,"bu","09:38:07",1543900
6300,-500,100,"bu","09:38:05",1542500
6200,-600,1000,"sd","09:38:04",1542400
6300,-500,1400,"bu","09:38:00",1541400
6300,-500,1200,"bu","09:37:59",1540000
6300,-500,500,"bu","09:37:57",1538800
6300,-500,1300,"bu","09:37:54",1538300
6300,-500,200,"sd","09:37:53",1537000
6300,-500,2300,"bu","09:37:52",1536800
6300,-500,200,"bu","09:37:50",1534500
6300,-500,4600,"bu","09:37:49",1534300
6300,-500,2900,"bu","09:37:48",1529700
6300,-500,9000,"sd","09:37:40",1526800
6300,-500,1600,"sd","09:37:34",1517800
6300,-500,5000,"sd","09:37:30",1516200
6300,-500,2300,"bu","09:37:25",1511200
6300,-500,4600,"bu","09:37:24",1508900
6300,-500,3500,"bu","09:37:23",1504300
6300,-500,10000,"bu","09:37:22",1500800
6300,-500,1200,"bu","09:37:20",1490800
6300,-500,2800,"bu","09:37:19",1489600
6300,-500,1000,"bu","09:37:18",1486800
6300,-500,8800,"bu","09:37:15",1485800
6300,-500,100,"bu","09:37:14",1477000
6300,-500,10200,"bu","09:37:13",1476900
6300,-500,3600,"bu","09:37:12",1466700
6300,-500,5000,"bu","09:37:11",1463100
6300,-500,5500,"bu","09:37:10",1458100
6300,-500,11000,"bu","09:37:09",1452600
6300,-500,200,"bu","09:37:07",1441600
6300,-500,10000,"bu","09:37:06",1441400
6300,-500,200,"bu","09:37:05",1431400
6300,-500,19700,"bu","09:37:04",1431200
6200,-600,10700,"sd","09:37:02",1411500
6300,-500,10500,"bu","09:37:01",1400800
6300,-500,300,"bu","09:36:59",1390300
6300,-500,10000,"bu","09:36:58",1390000
6200,-600,15000,"sd","09:36:57",1380000
6200,-600,100,"sd","09:36:56",1365000
6200,-600,2000,"sd","09:36:48",1364900
6300,-500,3000,"bu","09:36:46",1362900
6300,-500,3600,"bu","09:36:43",1359900
6200,-600,10000,"sd","09:36:42",1356300
6300,-500,2000,"bu","09:36:36",1346300
6300,-500,200,"bu","09:36:35",1344300
6300,-500,600,"bu","09:36:32",1344100
6300,-500,300,"bu","09:36:28",1343500
6200,-600,100,"sd","09:36:27",1343200
6200,-600,4700,"sd","09:36:25",1343100
6300,-500,200,"bu","09:36:22",1338400
6300,-500,2500,"bu","09:36:17",1338200
6300,-500,600,"bu","09:36:16",1335700
6300,-500,100,"bu","09:36:15",1335100
6300,-500,2000,"bu","09:36:09",1335000
6300,-500,500,"bu","09:36:04",1333000
6300,-500,100,"bu","09:35:55",1332500
6200,-600,700,"sd","09:35:54",1332400
6200,-600,100,"sd","09:35:53",1331700
6200,-600,6300,"sd","09:35:52",1331600
6300,-500,100,"bu","09:35:49",1325300
6200,-600,300,"sd","09:35:42",1325200
6300,-500,1500,"bu","09:35:39",1324900
6200,-600,12000,"sd","09:35:38",1323400
6300,-500,200,"bu","09:35:34",1311400
6200,-600,4400,"sd","09:35:33",1311200
6300,-500,100,"bu","09:35:32",1306800
6200,-600,5000,"sd","09:35:29",1306700
6200,-600,1000,"sd","09:35:27",1301700
6200,-600,30000,"sd","09:35:26",1300700
6300,-500,800,"bu","09:35:24",1270700
6300,-500,800,"bu","09:35:22",1269900
6300,-500,500,"bu","09:35:21",1269100
6300,-500,11700,"bu","09:35:20",1268600
6300,-500,2000,"sd","09:35:18",1256900
6300,-500,4800,"sd","09:35:17",1254900
6300,-500,18900,"sd","09:35:16",1250100
6300,-500,4000,"sd","09:35:15",1231200
6300,-500,25200,"sd","09:35:13",1227200
6300,-500,7400,"sd","09:35:12",1202000
6300,-500,39000,"sd","09:35:11",1194600
6300,-500,13800,"sd","09:35:09",1155600
6300,-500,3500,"sd","09:35:08",1141800
6300,-500,1000,"sd","09:35:07",1138300
6300,-500,500,"sd","09:35:05",1137300
6300,-500,400,"sd","09:35:04",1136800
6300,-500,113600,"sd","09:35:01",1136400
6300,-500,30000,"sd","09:34:57",1022800
6300,-500,3000,"sd","09:34:55",992800
6300,-500,27500,"sd","09:34:53",989800
6300,-500,700,"sd","09:34:51",962300
6300,-500,5000,"sd","09:34:50",961600
6300,-500,2000,"sd","09:34:43",956600
6300,-500,6000,"sd","09:34:40",954600
6300,-500,12500,"sd","09:34:37",948600
6300,-500,1000,"sd","09:34:35",936100
6400,-400,100,"bu","09:34:33",935100
6300,-500,3000,"sd","09:34:30",935000
6300,-500,4900,"sd","09:34:29",932000
6300,-500,1000,"sd","09:34:21",927100
6300,-500,300,"sd","09:34:19",926100
6300,-500,5000,"sd","09:34:17",925800
6300,-500,4000,"sd","09:34:16",920800
6300,-500,3000,"sd","09:34:15",916800
6300,-500,46300,"sd","09:34:07",913800
6400,-400,100,"bu","09:34:05",867500
6300,-500,500,"sd","09:34:03",867400
6400,-400,2600,"bu","09:33:56",866900
6400,-400,300,"bu","09:33:50",864300
6300,-500,2000,"sd","09:33:49",864000
6300,-500,1000,"sd","09:33:35",862000
6400,-400,500,"bu","09:33:33",861000
6400,-400,200,"bu","09:33:32",860500
6400,-400,2000,"bu","09:33:22",860300
6300,-500,1000,"sd","09:33:12",858300
6300,-500,6000,"sd","09:33:05",857300
6300,-500,2700,"sd","09:33:00",851300
6300,-500,2900,"sd","09:32:56",848600
6400,-400,100,"bu","09:32:55",845700
6300,-500,2000,"sd","09:32:53",845600
6300,-500,8000,"sd","09:32:47",843600
6300,-500,1500,"sd","09:32:42",835600
6400,-400,300,"bu","09:32:39",834100
6300,-500,3000,"sd","09:32:36",833800
6300,-500,200,"sd","09:32:34",830800
6300,-500,7000,"sd","09:32:32",830600
6300,-500,1000,"sd","09:32:30",823600
6300,-500,300,"sd","09:32:27",822600
6300,-500,100,"sd","09:32:23",822300
6300,-500,1600,"sd","09:32:21",822200
6300,-500,2000,"sd","09:32:18",820600
6300,-500,1200,"sd","09:32:07",818600
6400,-400,500,"bu","09:32:01",817400
6400,-400,1000,"bu","09:32:00",816900
6300,-500,400,"sd","09:31:59",815900
6400,-400,8800,"bu","09:31:54",815500
6300,-500,1500,"sd","09:31:50",806700
6300,-500,5700,"sd","09:31:49",805200
6400,-400,100,"bu","09:31:48",799500
6400,-400,3800,"bu","09:31:46",799400
6400,-400,100,"bu","09:31:42",795600
6400,-400,6800,"bu","09:31:35",795500
6400,-400,400,"bu","09:31:33",788700
6400,-400,600,"bu","09:31:27",788300
6400,-400,3000,"bu","09:31:26",787700
6400,-400,500,"bu","09:31:22",784700
6400,-400,36700,"bu","09:31:15",784200
6400,-400,12000,"sd","09:31:14",747500
6400,-400,46600,"sd","09:31:09",735500
6500,-300,1000,"bu","09:31:06",688900
6400,-400,5000,"sd","09:31:02",687900
6400,-400,9000,"sd","09:30:58",682900
6400,-400,100,"sd","09:30:57",673900
6400,-400,9000,"sd","09:30:50",673800
6400,-400,5000,"sd","09:30:48",664800
6400,-400,6000,"sd","09:30:41",659800
6400,-400,700,"sd","09:30:35",653800
6400,-400,200,"sd","09:30:33",653100
6400,-400,1000,"sd","09:30:32",652900
6400,-400,100,"sd","09:30:30",651900
6500,-300,100,"bu","09:30:28",651800
6400,-400,15000,"sd","09:30:26",651700
6400,-400,13000,"sd","09:30:24",636700
6400,-400,4100,"sd","09:30:13",623700
6400,-400,1000,"sd","09:30:12",619600
6400,-400,300,"sd","09:30:09",618600
6400,-400,200,"sd","09:30:00",618300
6400,-400,2000,"sd","09:29:59",618100
6400,-400,300,"sd","09:29:50",616100
6500,-300,200,"bu","09:29:49",615800
6400,-400,1000,"sd","09:29:41",615600
6400,-400,4000,"sd","09:29:37",614600
6400,-400,300,"sd","09:29:13",610600
6500,-300,100,"bu","09:29:11",610300
6400,-400,3000,"sd","09:29:06",610200
6400,-400,1100,"sd","09:29:00",607200
6400,-400,2000,"sd","09:28:48",606100
6400,-400,500,"sd","09:28:44",604100
6500,-300,1000,"bu","09:28:38",603600
6400,-400,200,"sd","09:28:37",602600
6400,-400,200,"sd","09:28:35",602400
6400,-400,200,"sd","09:28:30",602200
6400,-400,5000,"sd","09:28:22",602000
6400,-400,100,"sd","09:28:16",597000
6400,-400,1000,"sd","09:28:10",596900
6400,-400,500,"sd","09:28:05",595900
6400,-400,3000,"sd","09:28:03",595400
6400,-400,1000,"sd","09:28:01",592400
6400,-400,2000,"sd","09:27:58",591400
6400,-400,1000,"sd","09:27:57",589400
6400,-400,200,"sd","09:27:56",588400
6500,-300,100,"bu","09:27:55",588200
6400,-400,1000,"sd","09:27:54",588100
6400,-400,700,"sd","09:27:49",587100
6400,-400,200,"sd","09:27:43",586400
6400,-400,1700,"sd","09:27:42",586200
6400,-400,200,"sd","09:27:36",584500
6400,-400,11000,"sd","09:27:35",584300
6400,-400,1000,"sd","09:27:34",573300
6400,-400,500,"sd","09:27:33",572300
6400,-400,800,"sd","09:27:27",571800
6400,-400,1500,"sd","09:27:25",571000
6400,-400,200,"sd","09:27:15",569500
6400,-400,15000,"sd","09:27:14",569300
6400,-400,500,"sd","09:27:12",554300
6400,-400,500,"sd","09:27:09",553800
6400,-400,1700,"sd","09:26:55",553300
6400,-400,4700,"sd","09:26:54",551600
6400,-400,100,"sd","09:26:53",546900
6400,-400,100,"sd","09:26:52",546800
6400,-400,700,"sd","09:26:45",546700
6500,-300,100,"bu","09:26:40",546000
6500,-300,500,"bu","09:26:31",545900
6400,-400,700,"sd","09:26:24",545400
6400,-400,3000,"sd","09:26:22",544700
6400,-400,1700,"sd","09:26:15",541700
6400,-400,8100,"sd","09:26:08",540000
6400,-400,400,"sd","09:26:06",531900
6400,-400,2000,"sd","09:25:51",531500
6500,-300,200,"bu","09:25:36",529500
6500,-300,1800,"bu","09:25:30",529300
6500,-300,800,"sd","09:25:21",527500
6500,-300,200,"sd","09:25:18",526700
6500,-300,4400,"sd","09:25:13",526500
6500,-300,2000,"sd","09:25:10",522100
6500,-300,4600,"sd","09:25:05",520100
6500,-300,100,"sd","09:24:54",515500
6500,-300,1000,"sd","09:24:53",515400
6500,-300,13700,"sd","09:24:51",514400
6500,-300,500,"sd","09:24:31",500700
6500,-300,100,"sd","09:24:29",500200
6500,-300,100,"sd","09:24:26",500100
6500,-300,2800,"sd","09:24:21",500000
6500,-300,20000,"sd","09:24:20",497200
6500,-300,1000,"sd","09:24:17",477200
6500,-300,20000,"sd","09:23:59",476200
6500,-300,1000,"sd","09:23:46",456200
6500,-300,1200,"sd","09:23:45",455200
6500,-300,3500,"sd","09:23:44",454000
6500,-300,200,"sd","09:23:38",450500
6500,-300,500,"sd","09:23:36",450300
6500,-300,1700,"sd","09:23:34",449800
6500,-300,1000,"sd","09:23:26",448100
6500,-300,5000,"sd","09:23:22",447100
6500,-300,1000,"sd","09:23:15",442100
6500,-300,100,"sd","09:23:14",441100
6500,-300,200,"sd","09:23:08",441000
6500,-300,300,"sd","09:23:00",440800
6500,-300,8000,"sd","09:22:58",440500
6500,-300,1000,"sd","09:22:56",432500
6500,-300,100,"sd","09:22:53",431500
6600,-200,800,"bu","09:22:48",431400
6500,-300,1000,"sd","09:22:42",430600
6500,-300,500,"sd","09:22:36",429600
6500,-300,200,"sd","09:22:34",429100
6500,-300,10000,"sd","09:22:23",428900
6500,-300,1900,"sd","09:22:21",418900
6500,-300,5000,"sd","09:22:00",417000
6600,-200,200,"bu","09:21:54",412000
6500,-300,400,"sd","09:21:50",411800
6600,-200,200,"bu","09:21:45",411400
6600,-200,800,"bu","09:21:35",411200
6600,-200,600,"bu","09:21:33",410400
6600,-200,5300,"sd","09:21:27",409800
6600,-200,800,"sd","09:21:26",404500
6600,-200,400,"sd","09:21:16",403700
6600,-200,1800,"sd","09:21:13",403300
6600,-200,500,"sd","09:21:08",401500
6600,-200,200,"sd","09:20:47",401000
6600,-200,20000,"bu","09:20:44",400800
6600,-200,100,"bu","09:20:39",380800
6600,-200,15000,"bu","09:20:32",380700
6600,-200,6000,"bu","09:20:24",365700
6600,-200,500,"bu","09:20:22",359700
6600,-200,300,"bu","09:20:21",359200
6600,-200,1000,"bu","09:20:19",358900
6600,-200,1500,"bu","09:20:13",357900
6600,-200,5000,"bu","09:20:11",356400
6600,-200,2400,"bu","09:19:59",351400
6500,-300,100,"sd","09:19:51",349000
6600,-200,88500,"sd","09:19:26",348900
6700,-100,500,"bu","09:19:24",260400
6700,-100,1300,"bu","09:19:21",259900
6700,-100,6000,"bu","09:19:09",258600
6700,-100,900,"bu","09:18:42",252600
6700,-100,4000,"bu","09:18:26",251700
6700,-100,500,"bu","09:18:00",247700
6600,-200,5000,"sd","09:17:36",247200
6700,-100,100,"bu","09:17:23",242200
6700,-100,4800,"bu","09:17:13",242100
6700,-100,200,"bu","09:16:55",237300
6700,-100,800,"bu","09:16:46",237100
6700,-100,1000,"bu","09:16:41",236300
6700,-100,100,"bu","09:16:39",235300
6700,-100,700,"bu","09:16:33",235200
6700,-100,200,"bu","09:16:31",234500
6700,-100,500,"bu","09:15:44",234300
6700,-100,2000,"bu","09:15:38",233800
6600,-200,1000,"sd","09:15:34",231800
6700,-100,500,"bu","09:15:29",230800
6700,-100,100,"bu","09:15:17",230300
6600,-200,300,"sd","09:15:16",230200
6600,-200,200,"sd","09:14:37",229900
6700,-100,200,"bu","09:14:22",229700
6700,-100,200,"bu","09:14:01",229500
6700,-100,100,"bu","09:13:42",229300
6600,-200,100,"sd","09:13:40",229200
6600,-200,100,"sd","09:13:21",229100
6600,-200,500,"sd","09:13:13",229000
6600,-200,5000,"sd","09:13:05",228500
6600,-200,1000,"sd","09:12:52",223500
6600,-200,1000,"sd","09:12:39",222500
6700,-100,100,"bu","09:12:37",221500
6700,-100,200,"bu","09:12:13",221400
6600,-200,2000,"sd","09:12:02",221200
6500,-300,10000,"sd","09:11:47",219200
6600,-200,3000,"sd","09:11:43",209200
6700,-100,100,"bu","09:11:30",206200
6600,-200,300,"sd","09:11:19",206100
6600,-200,500,"sd","09:10:58",205800
6600,-200,1100,"bu","09:10:53",205300
6600,-200,200,"bu","09:10:51",204200
6600,-200,2500,"bu","09:10:50",204000
6600,-200,1000,"bu","09:10:48",201500
6600,-200,100,"bu","09:10:47",200500
6600,-200,200,"bu","09:10:41",200400
6600,-200,100,"bu","09:10:37",200200
6600,-200,100,"bu","09:10:33",200100
6600,-200,100,"bu","09:10:26",200000
6600,-200,2000,"bu","09:10:22",199900
6600,-200,2500,"bu","09:10:18",197900
6600,-200,6900,"bu","09:09:59",195400
6600,-200,10000,"sd","09:09:42",188500
6600,-200,800,"sd","09:09:41",178500
6700,-100,300,"bu","09:09:38",177700
6700,-100,1000,"bu","09:09:36",177400
6700,-100,100,"bu","09:09:31",176400
6700,-100,300,"bu","09:09:02",176300
6600,-200,1000,"sd","09:09:01",176000
6600,-200,500,"sd","09:08:57",175000
6600,-200,100,"sd","09:08:53",174500
6600,-200,1000,"sd","09:08:38",174400
6600,-200,2100,"bu","09:08:37",173400
6600,-200,1500,"bu","09:08:36",171300
6600,-200,5700,"bu","09:08:35",169800
6600,-200,200,"bu","09:08:32",164100
6600,-200,1100,"bu","09:08:31",163900
6600,-200,500,"bu","09:08:29",162800
6600,-200,300,"bu","09:08:24",162300
6600,-200,5000,"bu","09:08:23",162000
6600,-200,15000,"bu","09:08:22",157000
6600,-200,100,"bu","09:08:20",142000
6600,-200,300,"bu","09:08:19",141900
6600,-200,100,"bu","09:08:15",141600
6500,-300,3100,"sd","09:08:13",141500
6500,-300,400,"sd","09:08:12",138400
6600,-200,9000,"bu","09:08:02",138000
6600,-200,5000,"bu","09:07:58",129000
6600,-200,2000,"bu","09:07:50",124000
6500,-300,200,"sd","09:07:30",122000
6600,-200,500,"bu","09:07:25",121800
6500,-300,5000,"sd","09:07:15",121300
6500,-300,5000,"sd","09:07:02",116300
6600,-200,500,"bu","09:06:55",111300
6500,-300,300,"sd","09:06:50",110800
6500,-300,1000,"sd","09:06:30",110500
6500,-300,2000,"sd","09:06:21",109500
6500,-300,5000,"sd","09:06:00",107500
6500,-300,500,"sd","09:05:46",102500
6500,-300,1000,"sd","09:05:45",102000
6500,-300,300,"sd","09:05:38",101000
6600,-200,2000,"bu","09:05:28",100700
6600,-200,3000,"bu","09:05:14",98700
6500,-300,10000,"sd","09:05:13",95700
6500,-300,1000,"sd","09:05:07",85700
6600,-200,100,"bu","09:04:52",84700
6600,-200,100,"bu","09:04:51",84600
6600,-200,300,"bu","09:04:50",84500
6500,-300,500,"sd","09:04:45",84200
6500,-300,5100,"sd","09:04:44",83700
6600,-200,100,"bu","09:04:40",78600
6500,-300,5500,"sd","09:04:37",78500
6600,-200,200,"bu","09:04:31",73000
6600,-200,100,"bu","09:04:25",72800
6600,-200,500,"bu","09:04:18",72700
6500,-300,4000,"sd","09:04:17",72200
6500,-300,300,"sd","09:03:57",68200
6600,-200,2500,"bu","09:03:53",67900
6600,-200,200,"bu","09:03:49",65400
6600,-200,500,"bu","09:03:41",65200
6600,-200,3100,"bu","09:03:35",64700
6600,-200,10000,"sd","09:03:26",61600
6600,-200,500,"sd","09:03:20",51600
6600,-200,3800,"bu","09:03:17",51100
6600,-200,1000,"bu","09:03:16",47300
6600,-200,1000,"bu","09:03:15",46300
6600,-200,1000,"bu","09:03:12",45300
6600,-200,4300,"sd","09:03:09",44300
6600,-200,3400,"sd","09:03:08",40000
6600,-200,300,"bu","09:03:06",36600
6600,-200,5000,"bu","09:03:04",36300
6600,-200,100,"bu","09:03:00",31300
6600,-200,700,"bu","09:02:52",31200
6600,-200,100,"bu","09:02:48",30500
6600,-200,200,"bu","09:02:46",30400
6600,-200,1000,"bu","09:02:44",30200
6600,-200,300,"bu","09:02:43",29200
6600,-200,200,"bu","09:02:38",28900
6600,-200,300,"bu","09:02:33",28700
6600,-200,2800,"sd","09:02:31",28400
6700,-100,100,"bu","09:02:28",25600
6700,-100,100,"bu","09:02:17",25500
6600,-200,1000,"sd","09:02:13",25400
6600,-200,1000,"bu","09:02:04",24400
6500,-300,1000,"sd","09:01:59",23400
6600,-200,1000,"bu","09:01:57",22400
6500,-300,4000,"sd","09:01:32",21400
6500,-300,300,"sd","09:01:12",17400
6500,-300,200,"sd","09:01:03",17100
6500,-300,3900,"bu","09:00:47",16900
6400,-400,200,"sd","09:00:45",13000
6300,-500,200,"sd","09:00:36",12800
6300,-500,500,"sd","09:00:22",12600
6300,-500,3200,"sd","09:00:18",12100
6300,-500,500,"sd","09:00:16",8900
6800,0,300,"bu","09:00:15",8400
6800,0,5900,"bu","09:00:14",8100
6500,-300,700,"bu","09:00:10",2200
6500,-300,100,"bu","09:00:09",1500
6500,-300,600,"bu","09:00:05",1400
6500,-300,500,"bu","09:00:04",800
6500,-300,200,"bu","09:00:03",300
6500,-300,100,"unknown","09:00:02",100
