"price","change","match_qtty","side","time","total_vol"
7850,-150,64100,"unknown","14:45:02",4125000
7840,-160,100,"sd","14:29:50",4060900
7850,-150,5000,"bu","14:29:44",4060800
7850,-150,3000,"bu","14:29:37",4055800
7850,-150,500,"bu","14:29:34",4052800
7840,-160,900,"sd","14:29:34",4052300
7840,-160,1000,"sd","14:29:34",4051400
7840,-160,500,"sd","14:29:33",4050400
7840,-160,500,"sd","14:29:33",4049900
7840,-160,100,"sd","14:29:33",4049400
7850,-150,200,"bu","14:29:27",4049300
7850,-150,500,"bu","14:29:12",4049100
7850,-150,500,"bu","14:29:05",4048600
7850,-150,200,"bu","14:28:56",4048100
7850,-150,5000,"sd","14:28:44",4047900
7850,-150,4200,"sd","14:28:44",4042900
7850,-150,4000,"sd","14:28:35",4038700
7850,-150,2000,"sd","14:28:30",4034700
7850,-150,4300,"sd","14:28:29",4032700
7850,-150,100,"bu","14:28:20",4028400
7850,-150,1200,"sd","14:28:20",4028300
7850,-150,1500,"sd","14:28:20",4027100
7850,-150,100,"sd","14:28:20",4025600
7850,-150,1000,"sd","14:28:20",4025500
7850,-150,400,"sd","14:28:20",4024500
7850,-150,100,"sd","14:28:20",4024100
7850,-150,500,"sd","14:28:20",4024000
7850,-150,1000,"sd","14:28:20",4023500
7850,-150,500,"sd","14:28:20",4022500
7850,-150,100,"sd","14:28:20",4022000
7850,-150,200,"sd","14:28:20",4021900
7850,-150,200,"sd","14:27:23",4021700
7860,-140,900,"sd","14:27:23",4021500
7870,-130,200,"sd","14:27:23",4020600
7900,-100,1700,"bu","14:26:56",4020400
7900,-100,2000,"bu","14:26:56",4018700
7900,-100,500,"bu","14:26:56",4016700
7900,-100,5000,"bu","14:26:56",4016200
7900,-100,700,"bu","14:26:56",4011200
7900,-100,5000,"bu","14:26:56",4010500
7900,-100,100,"bu","14:26:56",4005500
7900,-100,5000,"bu","14:26:56",4005400
7900,-100,5000,"bu","14:26:56",4000400
7890,-110,1000,"bu","14:26:56",3995400
7890,-110,500,"bu","14:26:56",3994400
7890,-110,100,"bu","14:26:56",3993900
7890,-110,5000,"bu","14:26:56",3993800
7870,-130,2600,"bu","14:26:56",3988800
7870,-130,5000,"bu","14:26:56",3986200
7870,-130,8100,"bu","14:26:56",3981200
7860,-140,2700,"bu","14:26:56",3973100
7850,-150,2400,"sd","14:26:56",3970400
7850,-150,200,"sd","14:26:56",3968000
7850,-150,100,"sd","14:26:56",3967800
7850,-150,27000,"sd","14:26:56",3967700
7850,-150,300,"sd","14:26:56",3940700
7860,-140,100,"sd","14:26:52",3940400
7860,-140,900,"bu","14:26:49",3940300
7860,-140,100,"bu","14:26:46",3939400
7860,-140,100,"sd","14:26:34",3939300
7860,-140,100,"bu","14:26:27",3939200
7860,-140,100,"sd","14:26:24",3939100
7860,-140,300,"sd","14:26:24",3939000
7860,-140,500,"sd","14:26:24",3938700
7860,-140,1000,"sd","14:26:15",3938200
7860,-140,100,"sd","14:26:14",3937200
7860,-140,400,"sd","14:25:33",3937100
7850,-150,100,"sd","14:25:22",3936700
7850,-150,100,"sd","14:25:22",3936600
7860,-140,400,"bu","14:25:21",3936500
7850,-150,100,"sd","14:25:19",3936100
7860,-140,200,"bu","14:25:19",3936000
7860,-140,3800,"bu","14:25:19",3935800
7850,-150,300,"sd","14:25:09",3932000
7850,-150,200,"sd","14:25:09",3931700
7850,-150,500,"sd","14:25:09",3931500
7850,-150,200,"sd","14:25:09",3931000
7850,-150,4000,"sd","14:25:09",3930800
7850,-150,2600,"sd","14:25:09",3926800
7850,-150,1000,"sd","14:25:09",3924200
7850,-150,100,"sd","14:25:09",3923200
7850,-150,5000,"sd","14:25:09",3923100
7850,-150,500,"sd","14:25:09",3918100
7850,-150,10000,"sd","14:25:09",3917600
7850,-150,600,"sd","14:25:09",3907600
7860,-140,1000,"bu","14:25:08",3907000
7860,-140,1100,"bu","14:25:02",3906000
7860,-140,2000,"bu","14:24:56",3904900
7860,-140,500,"bu","14:24:53",3902900
7860,-140,200,"bu","14:24:45",3902400
7860,-140,1400,"bu","14:24:45",3902200
7860,-140,600,"bu","14:24:45",3900800
7860,-140,1400,"bu","14:24:39",3900200
7860,-140,1000,"bu","14:24:39",3898800
7860,-140,4400,"bu","14:24:39",3897800
7860,-140,100,"bu","14:24:25",3893400
7860,-140,200,"bu","14:24:17",3893300
7860,-140,300,"bu","14:23:58",3893100
7860,-140,200,"bu","14:23:48",3892800
7860,-140,100,"sd","14:23:26",3892600
7860,-140,500,"sd","14:23:26",3892500
7860,-140,200,"sd","14:23:26",3892000
7870,-130,100,"bu","14:23:23",3891800
7870,-130,900,"bu","14:23:13",3891700
7870,-130,100,"bu","14:23:13",3890800
7870,-130,200,"bu","14:22:24",3890700
7860,-140,1800,"bu","14:22:21",3890500
7860,-140,100,"bu","14:22:19",3888700
7860,-140,2000,"bu","14:22:19",3888600
7860,-140,1100,"bu","14:22:15",3886600
7860,-140,900,"bu","14:22:15",3885500
7860,-140,1300,"bu","14:21:59",3884600
7860,-140,700,"bu","14:21:59",3883300
7860,-140,1000,"bu","14:21:42",3882600
7860,-140,500,"bu","14:21:37",3881600
7860,-140,200,"bu","14:21:17",3881100
7860,-140,100,"bu","14:21:15",3880900
7860,-140,300,"bu","14:20:53",3880800
7860,-140,1000,"bu","14:20:51",3880500
7860,-140,300,"bu","14:20:49",3879500
7860,-140,500,"bu","14:20:43",3879200
7860,-140,100,"bu","14:20:35",3878700
7860,-140,100,"bu","14:20:35",3878600
7860,-140,200,"bu","14:20:33",3878500
7860,-140,400,"bu","14:20:33",3878300
7860,-140,8000,"bu","14:20:23",3877900
7860,-140,400,"bu","14:20:20",3869900
7860,-140,1000,"bu","14:20:19",3869500
7860,-140,100,"bu","14:20:12",3868500
7860,-140,200,"bu","14:20:12",3868400
7850,-150,9400,"sd","14:20:09",3868200
7850,-150,1000,"sd","14:20:09",3858800
7850,-150,3000,"sd","14:20:09",3857800
7850,-150,100,"sd","14:20:09",3854800
7850,-150,200,"sd","14:20:09",3854700
7850,-150,1200,"sd","14:20:09",3854500
7850,-150,2800,"bu","14:19:24",3853300
7850,-150,200,"bu","14:19:21",3850500
7850,-150,100,"bu","14:19:21",3850300
7850,-150,700,"bu","14:19:21",3850200
7840,-160,100,"bu","14:19:14",3849500
7840,-160,100,"bu","14:19:12",3849400
7840,-160,500,"bu","14:19:10",3849300
7840,-160,100,"bu","14:19:09",3848800
7840,-160,100,"bu","14:19:06",3848700
7840,-160,500,"bu","14:18:56",3848600
7830,-170,400,"sd","14:18:29",3848100
7830,-170,500,"sd","14:18:02",3847700
7810,-190,100,"sd","14:17:56",3847200
7820,-180,100,"unknown","14:17:56",3847100
7820,-180,100,"unknown","14:17:56",3847000
7820,-180,100,"unknown","14:17:56",3846900
7820,-180,200,"unknown","14:17:56",3846800
7820,-180,100,"unknown","14:17:56",3846600
7820,-180,200,"unknown","14:17:56",3846500
7820,-180,100,"unknown","14:17:56",3846300
7820,-180,100,"unknown","14:17:56",3846200
7820,-180,1000,"sd","14:17:56",3846100
7820,-180,1000,"sd","14:17:56",3845100
7820,-180,100,"sd","14:17:56",3844100
7820,-180,1000,"sd","14:17:56",3844000
7820,-180,100,"sd","14:17:56",3843000
7820,-180,100,"sd","14:17:56",3842900
7820,-180,1000,"sd","14:17:56",3842800
7820,-180,2000,"sd","14:17:56",3841800
7820,-180,1000,"sd","14:17:56",3839800
7820,-180,2000,"sd","14:17:56",3838800
7820,-180,1000,"sd","14:17:56",3836800
7820,-180,500,"sd","14:17:56",3835800
7820,-180,100,"sd","14:17:56",3835300
7830,-170,100,"sd","14:17:56",3835200
7830,-170,5000,"sd","14:17:56",3835100
7830,-170,500,"sd","14:17:56",3830100
7830,-170,500,"sd","14:17:56",3829600
7830,-170,100,"sd","14:17:56",3829100
7830,-170,200,"sd","14:17:56",3829000
7830,-170,500,"sd","14:17:56",3828800
7830,-170,500,"sd","14:17:56",3828300
7830,-170,500,"sd","14:17:56",3827800
7830,-170,2000,"sd","14:17:56",3827300
7830,-170,5000,"sd","14:17:56",3825300
7830,-170,2000,"sd","14:17:56",3820300
7830,-170,400,"sd","14:17:56",3818300
7830,-170,200,"sd","14:17:56",3817900
7830,-170,300,"sd","14:17:56",3817700
7830,-170,200,"sd","14:17:56",3817400
7830,-170,300,"sd","14:17:52",3817200
7830,-170,400,"sd","14:17:52",3816900
7830,-170,1000,"sd","14:17:52",3816500
7840,-160,100,"bu","14:17:50",3815500
7840,-160,200,"bu","14:17:39",3815400
7830,-170,1000,"sd","14:17:37",3815200
7840,-160,300,"sd","14:17:36",3814200
7840,-160,300,"bu","14:17:29",3813900
7840,-160,1800,"bu","14:17:29",3813600
7840,-160,2000,"bu","14:17:22",3811800
7840,-160,100,"bu","14:17:07",3809800
7840,-160,1000,"sd","14:17:06",3809700
7840,-160,200,"sd","14:17:06",3808700
7840,-160,100,"bu","14:16:58",3808500
7840,-160,2000,"sd","14:16:55",3808400
7840,-160,100,"sd","14:16:55",3806400
7840,-160,3000,"sd","14:16:55",3806300
7840,-160,800,"sd","14:16:55",3803300
7840,-160,1000,"sd","14:16:55",3802500
7840,-160,2000,"sd","14:16:55",3801500
7840,-160,200,"sd","14:16:55",3799500
7840,-160,100,"sd","14:16:55",3799300
7840,-160,100,"sd","14:16:55",3799200
7840,-160,600,"sd","14:16:55",3799100
7840,-160,200,"sd","14:16:52",3798500
7840,-160,100,"sd","14:16:49",3798300
7840,-160,8000,"sd","14:16:49",3798200
7840,-160,1000,"sd","14:16:49",3790200
7840,-160,600,"sd","14:16:49",3789200
7840,-160,100,"sd","14:16:49",3788600
7840,-160,100,"sd","14:16:49",3788500
7840,-160,100,"sd","14:16:49",3788400
7840,-160,400,"sd","14:16:17",3788300
7840,-160,500,"sd","14:16:17",3787900
7840,-160,100,"sd","14:16:17",3787400
7850,-150,200,"bu","14:16:16",3787300
7850,-150,100,"bu","14:16:13",3787100
7850,-150,1000,"bu","14:16:13",3787000
7850,-150,200,"bu","14:16:13",3786000
7850,-150,100,"bu","14:15:46",3785800
7850,-150,900,"bu","14:15:46",3785700
7850,-150,100,"bu","14:15:38",3784800
7850,-150,100,"bu","14:15:37",3784700
7850,-150,100,"bu","14:15:37",3784600
7850,-150,2000,"bu","14:15:25",3784500
7850,-150,300,"bu","14:15:25",3782500
7850,-150,1000,"sd","14:15:22",3782200
7850,-150,500,"sd","14:15:22",3781200
7850,-150,500,"sd","14:15:21",3780700
7850,-150,500,"sd","14:15:21",3780200
7850,-150,100,"sd","14:15:21",3779700
7850,-150,1100,"sd","14:15:21",3779600
7850,-150,500,"sd","14:15:21",3778500
7850,-150,500,"sd","14:15:21",3778000
7850,-150,1000,"sd","14:15:21",3777500
7850,-150,300,"sd","14:15:21",3776500
7850,-150,100,"sd","14:15:21",3776200
7850,-150,200,"sd","14:15:21",3776100
7850,-150,100,"sd","14:15:21",3775900
7850,-150,100,"sd","14:15:21",3775800
7860,-140,2000,"bu","14:15:19",3775700
7850,-150,500,"sd","14:15:12",3773700
7850,-150,200,"sd","14:15:12",3773200
7850,-150,200,"sd","14:15:12",3773000
7850,-150,100,"sd","14:15:12",3772800
7850,-150,1700,"sd","14:15:12",3772700
7850,-150,3300,"sd","14:14:59",3771000
7850,-150,100,"sd","14:14:59",3767700
7850,-150,100,"sd","14:14:59",3767600
7850,-150,100,"sd","14:14:59",3767500
7850,-150,6600,"sd","14:14:59",3767400
7850,-150,3400,"sd","14:14:45",3760800
7850,-150,4300,"sd","14:14:45",3757400
7850,-150,300,"sd","14:14:45",3753100
7850,-150,300,"sd","14:14:45",3752800
7850,-150,100,"sd","14:14:45",3752500
7850,-150,100,"sd","14:14:45",3752400
7850,-150,500,"sd","14:14:45",3752300
7850,-150,1000,"sd","14:14:45",3751800
7860,-140,6000,"bu","14:14:41",3750800
7860,-140,1000,"bu","14:14:40",3744800
7850,-150,300,"sd","14:14:38",3743800
7860,-140,10000,"bu","14:14:31",3743500
7860,-140,500,"sd","14:14:09",3733500
7860,-140,500,"sd","14:14:09",3733000
7860,-140,15000,"sd","14:14:09",3732500
7860,-140,200,"sd","14:14:09",3717500
7860,-140,2500,"sd","14:14:09",3717300
7860,-140,600,"sd","14:14:09",3714800
7860,-140,41300,"sd","14:14:08",3714200
7860,-140,10000,"sd","14:14:04",3672900
7860,-140,600,"sd","14:14:00",3662900
7860,-140,100,"sd","14:13:48",3662300
7860,-140,100,"sd","14:13:48",3662200
7860,-140,5100,"sd","14:13:48",3662100
7870,-130,800,"bu","14:13:42",3657000
7870,-130,1200,"bu","14:13:42",3656200
7860,-140,9900,"sd","14:13:37",3655000
7860,-140,100,"sd","14:13:37",3645100
7870,-130,100,"bu","14:12:56",3645000
7870,-130,1000,"bu","14:12:55",3644900
7870,-130,100,"bu","14:12:54",3643900
7870,-130,100,"bu","14:12:47",3643800
7870,-130,100,"sd","14:12:32",3643700
7870,-130,500,"sd","14:12:32",3643600
7870,-130,500,"sd","14:12:32",3643100
7870,-130,2000,"sd","14:12:32",3642600
7870,-130,800,"sd","14:12:32",3640600
7870,-130,200,"sd","14:12:14",3639800
7870,-130,300,"sd","14:12:14",3639600
7880,-120,300,"bu","14:12:12",3639300
7880,-120,100,"bu","14:12:00",3639000
7880,-120,1000,"sd","14:11:51",3638900
7880,-120,200,"sd","14:11:51",3637900
7880,-120,200,"sd","14:11:51",3637700
7880,-120,4900,"sd","14:11:51",3637500
7880,-120,100,"sd","14:11:51",3632600
7880,-120,200,"sd","14:11:51",3632500
7880,-120,7800,"sd","14:11:51",3632300
7880,-120,10000,"sd","14:11:46",3624500
7890,-110,3400,"bu","14:11:30",3614500
7880,-120,7200,"sd","14:11:27",3611100
7880,-120,1000,"sd","14:11:27",3603900
7880,-120,4800,"sd","14:11:27",3602900
7880,-120,2500,"sd","14:11:27",3598100
7890,-110,200,"bu","14:11:08",3595600
7890,-110,500,"sd","14:11:06",3595400
7890,-110,1000,"sd","14:11:06",3594900
7890,-110,15000,"sd","14:11:06",3593900
7890,-110,200,"sd","14:11:06",3578900
7890,-110,100,"sd","14:11:06",3578700
7890,-110,2000,"sd","14:11:06",3578600
7890,-110,1000,"sd","14:11:06",3576600
7890,-110,6100,"sd","14:11:06",3575600
7890,-110,1000,"sd","14:10:42",3569500
7890,-110,1000,"sd","14:10:39",3568500
7890,-110,1000,"sd","14:10:36",3567500
7890,-110,500,"sd","14:09:52",3566500
7890,-110,1000,"bu","14:09:49",3566000
7890,-110,3000,"bu","14:09:49",3565000
7890,-110,3400,"bu","14:09:49",3562000
7890,-110,400,"bu","14:09:48",3558600
7890,-110,1800,"bu","14:09:45",3558200
7890,-110,4400,"sd","14:09:38",3556400
7890,-110,500,"bu","14:09:26",3552000
7890,-110,3000,"bu","14:09:26",3551500
7890,-110,2100,"bu","14:09:26",3548500
7880,-120,12700,"sd","14:09:26",3546400
7880,-120,7300,"sd","14:09:25",3533700
7890,-110,100,"bu","14:09:23",3526400
7890,-110,100,"bu","14:09:22",3526300
7890,-110,200,"bu","14:09:20",3526200
7890,-110,1000,"bu","14:09:17",3526000
7890,-110,700,"bu","14:09:15",3525000
7890,-110,10000,"bu","14:09:11",3524300
7890,-110,3700,"bu","14:09:00",3514300
7890,-110,4000,"bu","14:08:59",3510600
7890,-110,1000,"bu","14:08:57",3506600
7890,-110,3000,"bu","14:08:56",3505600
7880,-120,500,"sd","14:08:42",3502600
7880,-120,2200,"bu","14:08:32",3502100
7880,-120,500,"sd","14:08:27",3499900
7880,-120,100,"sd","14:08:27",3499400
7880,-120,500,"sd","14:08:27",3499300
7880,-120,200,"sd","14:08:27",3498800
7880,-120,100,"sd","14:08:27",3498600
7880,-120,100,"sd","14:08:27",3498500
7880,-120,1300,"sd","14:08:27",3498400
7880,-120,8700,"sd","14:08:11",3497100
7880,-120,1300,"sd","14:08:11",3488400
7890,-110,5000,"sd","14:07:46",3487100
7890,-110,9000,"sd","14:07:46",3482100
7890,-110,400,"sd","14:07:46",3473100
7890,-110,1000,"sd","14:07:46",3472700
7890,-110,100,"sd","14:07:46",3471700
7890,-110,500,"sd","14:07:46",3471600
7890,-110,300,"sd","14:07:46",3471100
7890,-110,100,"sd","14:07:46",3470800
7890,-110,5000,"sd","14:07:46",3470700
7890,-110,700,"sd","14:07:46",3465700
7890,-110,1000,"sd","14:07:46",3465000
7890,-110,100,"sd","14:07:46",3464000
7890,-110,200,"sd","14:07:46",3463900
7890,-110,700,"sd","14:07:46",3463700
7890,-110,4000,"sd","14:07:14",3463000
7890,-110,7000,"sd","14:06:53",3459000
7890,-110,900,"sd","14:06:48",3452000
7900,-100,1000,"bu","14:06:46",3451100
7890,-110,3000,"sd","14:06:35",3450100
7890,-110,3000,"sd","14:06:17",3447100
7890,-110,2000,"bu","14:05:57",3444100
7890,-110,7500,"bu","14:05:57",3442100
7890,-110,1600,"bu","14:05:57",3434600
7890,-110,300,"bu","14:05:57",3433000
7890,-110,200,"bu","14:05:44",3432700
7890,-110,100,"bu","14:05:30",3432500
7880,-120,700,"sd","14:05:20",3432400
7880,-120,100,"sd","14:05:20",3431700
7880,-120,100,"sd","14:05:20",3431600
7880,-120,100,"sd","14:05:20",3431500
7890,-110,100,"bu","14:05:15",3431400
7890,-110,100,"bu","14:05:13",3431300
7890,-110,1000,"bu","14:05:01",3431200
7880,-120,200,"bu","14:04:18",3430200
7880,-120,2300,"bu","14:04:14",3430000
7880,-120,700,"bu","14:04:14",3427700
7850,-150,5400,"bu","14:03:44",3427000
7850,-150,100,"bu","14:03:42",3421600
7850,-150,2000,"bu","14:03:41",3421500
7850,-150,1000,"bu","14:03:40",3419500
7850,-150,200,"bu","14:03:39",3418500
7850,-150,100,"bu","14:03:38",3418300
7850,-150,200,"bu","14:03:38",3418200
7850,-150,200,"bu","14:03:37",3418000
7850,-150,2000,"bu","14:03:37",3417800
7850,-150,300,"bu","14:03:33",3415800
7850,-150,3000,"bu","14:03:31",3415500
7850,-150,2800,"bu","14:03:30",3412500
7850,-150,100,"sd","14:03:25",3409700
7850,-150,500,"sd","14:03:25",3409600
7850,-150,1000,"sd","14:03:25",3409100
7850,-150,3000,"sd","14:03:25",3408100
7850,-150,500,"sd","14:03:25",3405100
7850,-150,1000,"sd","14:03:25",3404600
7850,-150,100,"sd","14:03:25",3403600
7850,-150,21800,"sd","14:03:25",3403500
7850,-150,5000,"sd","14:03:25",3381700
7850,-150,8300,"sd","14:03:25",3376700
7850,-150,1000,"sd","14:03:25",3368400
7850,-150,1700,"sd","14:03:25",3367400
7850,-150,5000,"sd","14:03:25",3365700
7850,-150,20000,"sd","14:03:25",3360700
7850,-150,200,"sd","14:03:25",3340700
7850,-150,800,"sd","14:03:25",3340500
7860,-140,100,"sd","14:03:25",3339700
7860,-140,10000,"sd","14:03:25",3339600
7860,-140,1000,"sd","14:03:25",3329600
7860,-140,100,"sd","14:03:25",3328600
7860,-140,500,"sd","14:03:25",3328500
7860,-140,1000,"sd","14:03:25",3328000
7880,-120,200,"bu","14:03:24",3327000
7880,-120,100,"bu","14:03:17",3326800
7870,-130,2000,"sd","14:03:08",3326700
7870,-130,1000,"bu","14:02:59",3324700
7870,-130,2000,"bu","14:02:59",3323700
7870,-130,4000,"bu","14:02:52",3321700
7870,-130,500,"bu","14:02:49",3317700
7870,-130,20000,"bu","14:02:45",3317200
7870,-130,200,"bu","14:02:35",3297200
7870,-130,500,"bu","14:02:12",3297000
7870,-130,20000,"sd","14:02:11",3296500
7870,-130,100,"sd","14:02:11",3276500
7880,-120,1500,"sd","14:02:01",3276400
7880,-120,500,"sd","14:01:59",3274900
7880,-120,1500,"bu","14:01:53",3274400
7880,-120,500,"bu","14:01:49",3272900
7880,-120,100,"bu","14:01:49",3272400
7880,-120,400,"bu","14:01:49",3272300
7880,-120,100,"bu","14:01:49",3271900
7880,-120,100,"bu","14:01:44",3271800
7880,-120,200,"bu","14:01:42",3271700
7880,-120,9800,"bu","14:01:42",3271500
7880,-120,1000,"bu","14:01:32",3261700
7880,-120,100,"bu","14:01:25",3260700
7880,-120,200,"bu","14:01:12",3260600
7880,-120,2600,"bu","14:01:06",3260400
7880,-120,1000,"bu","14:00:55",3257800
7850,-150,3900,"sd","13:59:46",3256800
7850,-150,500,"sd","13:59:46",3252900
7850,-150,600,"sd","13:59:46",3252400
7850,-150,2000,"sd","13:59:46",3251800
7850,-150,100,"bu","13:59:25",3249800
7850,-150,5000,"bu","13:59:25",3249700
7850,-150,3100,"bu","13:59:25",3244700
7850,-150,500,"bu","13:59:16",3241600
7850,-150,5000,"bu","13:59:05",3241100
7840,-160,3900,"sd","13:59:02",3236100
7840,-160,200,"bu","13:58:52",3232200
7840,-160,13300,"bu","13:58:52",3232000
7840,-160,5000,"bu","13:58:48",3218700
7840,-160,200,"bu","13:58:40",3213700
7840,-160,10000,"bu","13:58:26",3213500
7840,-160,500,"bu","13:58:24",3203500
7830,-170,500,"sd","13:58:20",3203000
7840,-160,10000,"sd","13:58:18",3202500
7830,-170,1600,"sd","13:58:14",3192500
7840,-160,200,"sd","13:58:14",3190900
7840,-160,1000,"sd","13:58:14",3190700
7840,-160,2200,"sd","13:58:14",3189700
7850,-150,400,"bu","13:58:10",3187500
7850,-150,100,"bu","13:58:10",3187100
7850,-150,500,"bu","13:58:07",3187000
7850,-150,10000,"bu","13:58:07",3186500
7850,-150,500,"bu","13:58:06",3176500
7850,-150,500,"bu","13:57:43",3176000
7850,-150,500,"bu","13:57:41",3175500
7850,-150,100,"bu","13:57:36",3175000
7840,-160,800,"sd","13:57:30",3174900
7840,-160,500,"sd","13:57:30",3174100
7840,-160,1700,"sd","13:57:30",3173600
7850,-150,100,"bu","13:57:15",3171900
7840,-160,300,"sd","13:57:08",3171800
7840,-160,100,"sd","13:57:08",3171500
7840,-160,600,"sd","13:57:08",3171400
7840,-160,800,"sd","13:57:08",3170800
7840,-160,1000,"sd","13:57:08",3170000
7840,-160,1200,"sd","13:57:08",3169000
7850,-150,400,"bu","13:57:08",3167800
7850,-150,500,"bu","13:57:05",3167400
7840,-160,5000,"bu","13:56:40",3166900
7840,-160,300,"bu","13:56:40",3161900
7840,-160,200,"bu","13:56:35",3161600
7830,-170,900,"bu","13:56:31",3161400
7830,-170,200,"bu","13:56:30",3160500
7830,-170,300,"bu","13:56:29",3160300
7830,-170,500,"bu","13:56:25",3160000
7830,-170,600,"bu","13:56:20",3159500
7830,-170,500,"bu","13:56:19",3158900
7830,-170,300,"sd","13:56:19",3158400
7830,-170,20000,"sd","13:56:19",3158100
7830,-170,500,"sd","13:56:19",3138100
7830,-170,300,"sd","13:56:19",3137600
7830,-170,500,"sd","13:56:19",3137300
7830,-170,300,"sd","13:56:19",3136800
7830,-170,100,"sd","13:56:19",3136500
7830,-170,200,"sd","13:56:19",3136400
7830,-170,14800,"sd","13:56:19",3136200
7840,-160,300,"bu","13:56:16",3121400
7830,-170,200,"sd","13:56:15",3121100
7830,-170,200,"sd","13:56:15",3120900
7830,-170,1000,"sd","13:56:15",3120700
7830,-170,500,"sd","13:56:15",3119700
7830,-170,1500,"sd","13:56:15",3119200
7830,-170,3000,"sd","13:56:15",3117700
7830,-170,1000,"sd","13:56:15",3114700
7830,-170,900,"sd","13:56:15",3113700
7830,-170,100,"sd","13:56:15",3112800
7830,-170,600,"sd","13:56:15",3112700
7840,-160,500,"bu","13:56:12",3112100
7840,-160,100,"bu","13:56:10",3111600
7840,-160,1000,"bu","13:56:10",3111500
7840,-160,600,"bu","13:56:03",3110500
7840,-160,2400,"bu","13:56:03",3109900
7840,-160,2000,"bu","13:55:58",3107500
7840,-160,1000,"bu","13:55:50",3105500
7840,-160,1000,"bu","13:55:49",3104500
7840,-160,1200,"sd","13:55:35",3103500
7840,-160,100,"sd","13:55:35",3102300
7840,-160,1500,"sd","13:55:34",3102200
7840,-160,1000,"sd","13:55:34",3100700
7840,-160,1000,"sd","13:55:34",3099700
7840,-160,100,"sd","13:55:34",3098700
7840,-160,100,"sd","13:55:34",3098600
7840,-160,6300,"sd","13:55:34",3098500
7850,-150,1500,"bu","13:55:29",3092200
7840,-160,1600,"sd","13:55:17",3090700
7840,-160,8500,"sd","13:55:15",3089100
7840,-160,1000,"sd","13:55:11",3080600
7840,-160,100,"sd","13:55:05",3079600
7840,-160,100,"sd","13:55:03",3079500
7840,-160,1000,"sd","13:54:51",3079400
7840,-160,1400,"bu","13:54:50",3078400
7840,-160,300,"sd","13:54:49",3077000
7840,-160,100,"sd","13:54:49",3076700
7840,-160,5000,"sd","13:54:49",3076600
7840,-160,300,"sd","13:54:49",3071600
7840,-160,300,"sd","13:54:49",3071300
7840,-160,1700,"sd","13:54:49",3071000
7840,-160,500,"sd","13:54:49",3069300
7840,-160,100,"sd","13:54:49",3068800
7840,-160,100,"sd","13:54:49",3068700
7840,-160,200,"sd","13:54:49",3068600
7840,-160,100,"sd","13:54:43",3068400
7840,-160,900,"sd","13:54:43",3068300
7840,-160,100,"sd","13:54:43",3067400
7840,-160,200,"sd","13:54:43",3067300
7840,-160,100,"sd","13:54:43",3067100
7850,-150,300,"bu","13:54:26",3067000
7850,-150,200,"bu","13:54:18",3066700
7850,-150,2800,"bu","13:54:07",3066500
7850,-150,100,"bu","13:53:56",3063700
7850,-150,2000,"bu","13:53:55",3063600
7850,-150,2000,"bu","13:53:24",3061600
7850,-150,100,"sd","13:53:21",3059600
7850,-150,5000,"sd","13:53:21",3059500
7850,-150,100,"sd","13:53:21",3054500
7850,-150,100,"sd","13:53:21",3054400
7850,-150,2600,"sd","13:53:21",3054300
7880,-120,300,"bu","13:53:18",3051700
7880,-120,1700,"bu","13:53:18",3051400
7880,-120,1800,"bu","13:52:58",3049700
7870,-130,100,"bu","13:52:58",3047900
7870,-130,1000,"bu","13:52:58",3047800
7870,-130,2100,"bu","13:52:58",3046800
7850,-150,1000,"sd","13:52:41",3044700
7850,-150,400,"sd","13:52:41",3043700
7850,-150,500,"sd","13:52:41",3043300
7850,-150,1200,"sd","13:52:41",3042800
7850,-150,100,"sd","13:52:41",3041600
7850,-150,2800,"sd","13:52:41",3041500
7850,-150,2200,"sd","13:52:26",3038700
7850,-150,500,"sd","13:52:26",3036500
7850,-150,1000,"sd","13:52:26",3036000
7850,-150,500,"sd","13:52:26",3035000
7850,-150,300,"sd","13:52:26",3034500
7850,-150,100,"sd","13:52:26",3034200
7850,-150,500,"sd","13:52:26",3034100
7850,-150,100,"sd","13:52:26",3033600
7850,-150,100,"sd","13:52:26",3033500
7850,-150,100,"sd","13:52:26",3033400
7850,-150,300,"sd","13:52:26",3033300
7850,-150,500,"sd","13:52:26",3033000
7860,-140,1500,"sd","13:52:18",3032500
7860,-140,200,"sd","13:52:18",3031000
7860,-140,100,"sd","13:52:18",3030800
7870,-130,500,"bu","13:52:12",3030700
7870,-130,200,"bu","13:52:06",3030200
7870,-130,1000,"bu","13:51:55",3030000
7870,-130,500,"sd","13:51:11",3029000
7870,-130,200,"sd","13:51:11",3028500
7870,-130,500,"sd","13:51:11",3028300
7880,-120,1000,"bu","13:51:11",3027800
7870,-130,500,"sd","13:50:58",3026800
7870,-130,200,"sd","13:50:58",3026300
7870,-130,300,"sd","13:50:58",3026100
7880,-120,500,"sd","13:50:48",3025800
7880,-120,1000,"bu","13:50:47",3025300
7880,-120,300,"sd","13:50:35",3024300
7870,-130,200,"sd","13:50:31",3024000
7870,-130,100,"sd","13:50:31",3023800
7880,-120,600,"sd","13:50:31",3023700
7880,-120,200,"sd","13:50:31",3023100
7880,-120,100,"sd","13:50:31",3022900
7880,-120,2000,"sd","13:50:31",3022800
7880,-120,100,"sd","13:50:31",3020800
7880,-120,200,"sd","13:50:31",3020700
7880,-120,1500,"sd","13:50:31",3020500
7890,-110,900,"bu","13:50:04",3019000
7890,-110,200,"bu","13:49:47",3018100
7890,-110,500,"sd","13:49:27",3017900
7890,-110,6600,"sd","13:49:26",3017400
7890,-110,10400,"sd","13:49:20",3010800
7890,-110,3000,"sd","13:49:10",3000400
7900,-100,500,"bu","13:49:08",2997400
7880,-120,500,"sd","13:48:49",2996900
7890,-110,100,"sd","13:48:49",2996400
7890,-110,1000,"sd","13:48:49",2996300
7890,-110,300,"sd","13:48:49",2995300
7890,-110,100,"sd","13:48:49",2995000
7900,-100,100,"bu","13:48:41",2994900
7900,-100,2000,"bu","13:48:36",2994800
7900,-100,100,"sd","13:48:35",2992800
7910,-90,100,"bu","13:48:35",2992700
7910,-90,200,"bu","13:48:35",2992600
7910,-90,100,"bu","13:48:21",2992400
7910,-90,200,"bu","13:47:57",2992300
7900,-100,200,"bu","13:47:57",2992100
7900,-100,200,"bu","13:47:57",2991900
7900,-100,100,"bu","13:47:50",2991700
7900,-100,200,"bu","13:47:49",2991600
7900,-100,100,"bu","13:47:49",2991400
7900,-100,2200,"bu","13:47:49",2991300
7900,-100,200,"sd","13:47:38",2989100
7900,-100,1000,"sd","13:47:38",2988900
7900,-100,100,"sd","13:47:38",2987900
7900,-100,2700,"sd","13:47:38",2987800
7900,-100,500,"sd","13:47:33",2985100
7900,-100,800,"sd","13:47:29",2984600
7900,-100,3000,"sd","13:47:29",2983800
7900,-100,1200,"sd","13:47:29",2980800
7900,-100,17800,"sd","13:47:23",2979600
7900,-100,200,"sd","13:47:23",2961800
7900,-100,700,"sd","13:47:23",2961600
7900,-100,1000,"sd","13:47:23",2960900
7900,-100,100,"sd","13:47:23",2959900
7900,-100,2000,"sd","13:47:23",2959800
7900,-100,100,"sd","13:47:23",2957800
7900,-100,1200,"sd","13:47:23",2957700
7900,-100,1000,"sd","13:47:23",2956500
7900,-100,100,"sd","13:47:23",2955500
7900,-100,100,"sd","13:47:23",2955400
7900,-100,5000,"sd","13:47:23",2955300
7900,-100,20700,"sd","13:47:23",2950300
7910,-90,100,"bu","13:47:22",2929600
7910,-90,3000,"bu","13:47:22",2929500
7910,-90,100,"bu","13:47:21",2926500
7910,-90,600,"bu","13:47:09",2926400
7910,-90,400,"bu","13:47:09",2925800
7900,-100,5000,"sd","13:47:09",2925400
7900,-100,100,"sd","13:46:54",2920400
7900,-100,1000,"sd","13:46:21",2920300
7910,-90,100,"bu","13:46:05",2919300
7910,-90,1700,"bu","13:45:57",2919200
7900,-100,100,"sd","13:45:51",2917500
7910,-90,2000,"sd","13:45:51",2917400
7910,-90,1200,"sd","13:45:51",2915400
7910,-90,3000,"sd","13:45:51",2914200
7910,-90,100,"sd","13:45:51",2911200
7910,-90,200,"sd","13:45:51",2911100
7910,-90,300,"sd","13:45:51",2910900
7910,-90,1000,"sd","13:45:37",2910600
7910,-90,600,"sd","13:45:30",2909600
7910,-90,100,"sd","13:45:20",2909000
7910,-90,100,"bu","13:45:15",2908900
7900,-100,1000,"sd","13:45:15",2908800
7910,-90,1000,"sd","13:45:06",2907800
7910,-90,900,"sd","13:45:06",2906800
7910,-90,100,"sd","13:45:04",2905900
7910,-90,1000,"sd","13:44:52",2905800
7910,-90,2000,"sd","13:44:51",2904800
7910,-90,1000,"bu","13:44:44",2902800
7910,-90,1000,"bu","13:44:40",2901800
7900,-100,1000,"sd","13:44:40",2900800
7900,-100,2000,"sd","13:44:30",2899800
7920,-80,3200,"bu","13:44:28",2897800
7920,-80,3000,"bu","13:44:28",2894600
7920,-80,900,"bu","13:44:28",2891600
7920,-80,100,"bu","13:44:28",2890700
7910,-90,2000,"bu","13:44:28",2890600
7910,-90,10000,"bu","13:44:28",2888600
7910,-90,800,"bu","13:44:28",2878600
7910,-90,1200,"bu","13:44:24",2877800
7910,-90,1000,"bu","13:44:24",2876600
7910,-90,200,"bu","13:44:24",2875600
7910,-90,700,"bu","13:44:24",2875400
7910,-90,900,"bu","13:44:24",2874700
7910,-90,200,"bu","13:44:24",2873800
7910,-90,1000,"bu","13:44:12",2873600
7910,-90,600,"bu","13:44:07",2872600
7900,-100,100,"sd","13:43:59",2872000
7910,-90,2000,"bu","13:43:57",2871900
7910,-90,200,"bu","13:43:50",2869900
7910,-90,100,"bu","13:43:45",2869700
7900,-100,50000,"bu","13:43:34",2869600
7900,-100,1200,"bu","13:43:34",2819600
7900,-100,100,"bu","13:43:34",2818400
7900,-100,6900,"bu","13:43:34",2818300
7900,-100,5000,"bu","13:43:34",2811400
7900,-100,200,"bu","13:43:34",2806400
7900,-100,300,"bu","13:43:34",2806200
7890,-110,300,"bu","13:43:34",2805900
7890,-110,500,"bu","13:43:34",2805600
7890,-110,100,"bu","13:43:34",2805100
7880,-120,1000,"bu","13:43:34",2805000
7880,-120,3400,"bu","13:43:34",2804000
7880,-120,200,"bu","13:43:31",2800600
7860,-140,300,"sd","13:43:30",2800400
7860,-140,100,"bu","13:43:10",2800100
7860,-140,400,"bu","13:43:08",2800000
7860,-140,500,"bu","13:43:04",2799600
7860,-140,500,"bu","13:43:04",2799100
7860,-140,100,"bu","13:43:04",2798600
7850,-150,200,"bu","13:42:46",2798500
7850,-150,700,"bu","13:42:42",2798300
7850,-150,4300,"bu","13:42:41",2797600
7850,-150,5700,"bu","13:42:41",2793300
7850,-150,100,"bu","13:42:41",2787600
7850,-150,1200,"bu","13:42:35",2787500
7850,-150,500,"bu","13:42:35",2786300
7850,-150,3000,"bu","13:42:35",2785800
7850,-150,300,"bu","13:42:35",2782800
7850,-150,500,"bu","13:42:28",2782500
7850,-150,400,"bu","13:42:27",2782000
7850,-150,2300,"bu","13:42:24",2781600
7850,-150,100,"bu","13:42:19",2779300
7840,-160,200,"sd","13:42:15",2779200
7840,-160,100,"sd","13:42:15",2779000
7840,-160,1000,"sd","13:42:15",2778900
7840,-160,800,"sd","13:42:15",2777900
7840,-160,400,"sd","13:42:15",2777100
7840,-160,600,"sd","13:42:10",2776700
7840,-160,400,"sd","13:42:10",2776100
7850,-150,1400,"sd","13:42:07",2775700
7840,-160,1500,"sd","13:41:49",2774300
7850,-150,2600,"sd","13:41:49",2772800
7850,-150,5900,"sd","13:41:49",2770200
7850,-150,4100,"bu","13:41:44",2764300
7830,-170,700,"sd","13:41:44",2760200
7830,-170,1900,"sd","13:41:44",2759500
7840,-160,500,"sd","13:41:44",2757600
7840,-160,100,"sd","13:41:44",2757100
7850,-150,800,"bu","13:41:37",2757000
7850,-150,100,"bu","13:41:35",2756200
7840,-160,100,"bu","13:41:35",2756100
7840,-160,1000,"sd","13:41:33",2756000
7840,-160,100,"sd","13:41:33",2755000
7840,-160,2000,"sd","13:41:33",2754900
7840,-160,6800,"sd","13:41:33",2752900
7850,-150,1600,"bu","13:41:31",2746100
7850,-150,3500,"sd","13:41:26",2744500
7850,-150,500,"sd","13:41:25",2741000
7850,-150,300,"sd","13:41:23",2740500
7850,-150,5000,"bu","13:41:22",2740200
7850,-150,500,"bu","13:41:22",2735200
7850,-150,5000,"bu","13:41:22",2734700
7850,-150,200,"bu","13:41:22",2729700
7840,-160,1000,"bu","13:41:12",2729500
7840,-160,200,"bu","13:41:12",2728500
7840,-160,2000,"bu","13:41:12",2728300
7830,-170,100,"sd","13:41:10",2726300
7830,-170,100,"sd","13:41:10",2726200
7840,-160,1000,"bu","13:41:09",2726100
7840,-160,100,"bu","13:41:04",2725100
7820,-180,500,"sd","13:41:01",2725000
7820,-180,1500,"sd","13:41:01",2724500
7830,-170,2000,"sd","13:41:01",2723000
7840,-160,2900,"bu","13:41:00",2721000
7840,-160,1500,"bu","13:40:58",2718100
7840,-160,900,"bu","13:40:58",2716600
7840,-160,1000,"bu","13:40:45",2715700
7820,-180,500,"sd","13:40:38",2714700
7840,-160,100,"bu","13:40:33",2714200
7810,-190,1700,"sd","13:40:23",2714100
7810,-190,2000,"sd","13:40:23",2712400
7810,-190,200,"sd","13:40:23",2710400
7810,-190,10000,"sd","13:40:23",2710200
7810,-190,7500,"sd","13:40:23",2700200
7810,-190,2800,"sd","13:40:23",2692700
7820,-180,100,"sd","13:40:23",2689900
7820,-180,1400,"sd","13:40:23",2689800
7820,-180,500,"bu","13:40:22",2688400
7820,-180,300,"sd","13:40:18",2687900
7820,-180,700,"bu","13:40:14",2687600
7820,-180,900,"bu","13:40:14",2686900
7820,-180,100,"bu","13:40:12",2686000
7820,-180,200,"bu","13:40:09",2685900
7820,-180,1000,"bu","13:40:06",2685700
7810,-190,200,"sd","13:40:05",2684700
7810,-190,300,"sd","13:40:05",2684500
7820,-180,1100,"bu","13:40:03",2684200
7820,-180,4400,"bu","13:40:03",2683100
7820,-180,200,"bu","13:40:02",2678700
7810,-190,1700,"sd","13:39:55",2678500
7810,-190,700,"sd","13:39:55",2676800
7820,-180,300,"sd","13:39:53",2676100
7820,-180,100,"sd","13:39:53",2675800
7800,-200,500,"sd","13:39:17",2675700
7800,-200,500,"sd","13:39:17",2675200
7800,-200,1000,"sd","13:39:17",2674700
7800,-200,900,"sd","13:39:17",2673700
7810,-190,2000,"sd","13:39:17",2672800
7810,-190,200,"sd","13:39:17",2670800
7810,-190,1000,"sd","13:39:17",2670600
7810,-190,100,"sd","13:39:17",2669600
7810,-190,100,"sd","13:39:17",2669500
7810,-190,400,"sd","13:39:17",2669400
7810,-190,1100,"sd","13:39:17",2669000
7800,-200,6200,"sd","13:39:17",2667900
7800,-200,800,"sd","13:39:17",2661700
7800,-200,200,"sd","13:39:17",2660900
7810,-190,900,"sd","13:39:04",2660700
7840,-160,100,"sd","13:39:03",2659800
7840,-160,400,"sd","13:39:03",2659700
7850,-150,3000,"bu","13:39:02",2659300
7840,-160,200,"sd","13:38:53",2656300
7800,-200,100,"sd","13:38:48",2656100
7800,-200,500,"sd","13:38:48",2656000
7800,-200,200,"sd","13:38:47",2655500
7800,-200,100,"sd","13:38:47",2655300
7800,-200,300,"sd","13:38:47",2655200
7800,-200,2000,"sd","13:38:47",2654900
7800,-200,5000,"sd","13:38:47",2652900
7800,-200,800,"sd","13:38:47",2647900
7800,-200,2000,"sd","13:38:45",2647100
7800,-200,200,"sd","13:38:45",2645100
7800,-200,5000,"sd","13:38:45",2644900
7800,-200,1000,"sd","13:38:45",2639900
7800,-200,100,"sd","13:38:45",2638900
7810,-190,5000,"sd","13:38:45",2638800
7810,-190,700,"sd","13:38:45",2633800
7810,-190,1000,"sd","13:38:45",2633100
7810,-190,100,"sd","13:38:45",2632100
7810,-190,2000,"sd","13:38:44",2632000
7820,-180,500,"sd","13:38:44",2630000
7820,-180,10000,"sd","13:38:44",2629500
7820,-180,100,"sd","13:38:44",2619500
7820,-180,10800,"sd","13:38:44",2619400
7820,-180,800,"sd","13:38:44",2608500
7820,-180,100,"sd","13:38:44",2608600
7830,-170,500,"sd","13:38:44",2607700
7830,-170,100,"sd","13:38:44",2607200
7830,-170,10000,"sd","13:38:44",2607100
7830,-170,2000,"sd","13:38:44",2597100
7830,-170,5000,"sd","13:38:44",2595100
7840,-160,1000,"unknown","13:38:44",2590100
7840,-160,200,"sd","13:38:42",2589100
7850,-150,1800,"bu","13:38:38",2588900
7840,-160,1000,"bu","13:38:38",2587100
7840,-160,200,"bu","13:38:38",2586100
7840,-160,9800,"sd","13:38:34",2585900
7850,-150,100,"bu","13:38:31",2576100
7840,-160,500,"sd","13:38:29",2576000
7840,-160,100,"sd","13:38:29",2575500
7840,-160,400,"sd","13:38:29",2575400
7850,-150,200,"bu","13:38:29",2575000
7840,-160,600,"sd","13:38:26",2574800
7840,-160,200,"sd","13:38:26",2574200
7830,-170,200,"sd","13:38:11",2574000
7830,-170,100,"sd","13:38:11",2573800
7840,-160,100,"sd","13:38:11",2573700
7840,-160,100,"sd","13:38:11",2573600
7850,-150,2000,"bu","13:38:04",2573500
7850,-150,1000,"bu","13:38:02",2571500
7850,-150,100,"sd","13:37:56",2570500
7850,-150,100,"sd","13:37:56",2570400
7850,-150,100,"sd","13:37:56",2570300
7850,-150,500,"sd","13:37:56",2570200
7850,-150,1000,"sd","13:37:56",2569700
7850,-150,300,"sd","13:37:56",2568700
7850,-150,1000,"sd","13:37:56",2568400
7850,-150,400,"sd","13:37:56",2567400
7850,-150,200,"sd","13:37:56",2567000
7850,-150,1600,"sd","13:37:56",2566800
7850,-150,2000,"sd","13:37:56",2565200
7850,-150,10700,"sd","13:37:56",2563200
7850,-150,2000,"sd","13:37:56",2552500
7860,-140,6200,"sd","13:37:56",2550500
7870,-130,500,"bu","13:37:54",2544300
7860,-140,500,"sd","13:37:53",2543800
7860,-140,800,"bu","13:37:52",2543300
7860,-140,2500,"bu","13:37:52",2542500
7850,-150,1300,"sd","13:37:52",2540000
7850,-150,100,"sd","13:37:52",2538700
7850,-150,100,"sd","13:37:52",2538600
7850,-150,100,"sd","13:37:52",2538500
7850,-150,100,"sd","13:37:52",2538400
7850,-150,100,"sd","13:37:52",2538300
7850,-150,100,"sd","13:37:52",2538200
7850,-150,2000,"sd","13:37:52",2538100
7850,-150,2000,"sd","13:37:52",2536100
7850,-150,1000,"sd","13:37:52",2534100
7850,-150,2000,"sd","13:37:52",2533100
7850,-150,100,"sd","13:37:52",2531100
7850,-150,500,"sd","13:37:52",2531000
7850,-150,200,"sd","13:37:52",2530500
7850,-150,100,"sd","13:37:52",2530300
7850,-150,500,"sd","13:37:52",2530200
7850,-150,500,"sd","13:37:52",2529700
7850,-150,200,"sd","13:37:52",2529200
7860,-140,500,"bu","13:37:40",2529000
7860,-140,100,"sd","13:37:38",2528500
7860,-140,1000,"sd","13:37:38",2528400
7860,-140,100,"sd","13:37:38",2527400
7860,-140,2000,"sd","13:37:38",2527300
7860,-140,1000,"sd","13:37:38",2525300
7860,-140,500,"sd","13:37:38",2524300
7860,-140,1100,"sd","13:37:38",2523800
7860,-140,1000,"sd","13:37:38",2522700
7860,-140,2000,"sd","13:37:38",2521700
7860,-140,600,"sd","13:37:38",2519700
7860,-140,600,"sd","13:37:38",2519100
7860,-140,100,"sd","13:37:38",2518500
7860,-140,1000,"sd","13:37:38",2518400
7860,-140,200,"sd","13:37:38",2517400
7860,-140,2000,"sd","13:37:38",2517200
7870,-130,1100,"bu","13:37:27",2515200
7870,-130,100,"sd","13:37:09",2514100
7870,-130,1900,"sd","13:36:59",2514000
7870,-130,300,"sd","13:36:59",2512100
7870,-130,100,"sd","13:36:59",2511800
7870,-130,100,"sd","13:36:59",2511700
7870,-130,100,"sd","13:36:59",2511600
7870,-130,100,"sd","13:36:59",2511500
7870,-130,300,"sd","13:36:59",2511400
7870,-130,700,"sd","13:36:47",2511100
7870,-130,200,"sd","13:36:47",2510400
7870,-130,3000,"sd","13:36:47",2510200
7870,-130,100,"sd","13:36:47",2507200
7870,-130,1000,"sd","13:36:47",2507100
7880,-120,1000,"bu","13:36:42",2506100
7880,-120,400,"bu","13:36:36",2505100
7890,-110,900,"bu","13:36:29",2504700
7870,-130,500,"sd","13:36:29",2503800
7890,-110,600,"bu","13:36:28",2503300
7880,-120,400,"bu","13:36:28",2502700
7880,-120,100,"sd","13:36:24",2502300
7880,-120,1000,"sd","13:36:24",2502200
7880,-120,200,"sd","13:36:24",2501200
7880,-120,200,"sd","13:36:24",2501000
7880,-120,1000,"sd","13:36:24",2500800
7880,-120,3500,"sd","13:36:24",2499800
7880,-120,1000,"sd","13:36:22",2496300
7880,-120,500,"sd","13:36:18",2495300
7880,-120,200,"sd","13:36:18",2494800
7880,-120,500,"sd","13:36:18",2494600
7880,-120,1000,"sd","13:36:18",2494100
7880,-120,300,"sd","13:36:18",2493100
7880,-120,200,"sd","13:36:18",2492800
7880,-120,2300,"sd","13:36:18",2492600
7890,-110,100,"bu","13:36:15",2490300
7880,-120,700,"sd","13:36:01",2490200
7880,-120,100,"sd","13:36:01",2489500
7880,-120,200,"sd","13:36:01",2489400
7880,-120,100,"sd","13:36:01",2489200
7880,-120,500,"sd","13:36:01",2489100
7880,-120,500,"sd","13:36:01",2488600
7880,-120,1000,"sd","13:36:01",2488100
7880,-120,1000,"sd","13:36:01",2487100
7880,-120,400,"sd","13:36:01",2486100
7880,-120,500,"sd","13:36:01",2485700
7880,-120,500,"sd","13:36:01",2485200
7880,-120,500,"sd","13:36:01",2484700
7880,-120,10000,"sd","13:35:54",2484200
7890,-110,3000,"bu","13:35:52",2474200
7880,-120,700,"sd","13:35:51",2471200
7890,-110,100,"bu","13:35:47",2470500
7890,-110,900,"sd","13:35:41",2470400
7890,-110,100,"sd","13:35:30",2469500
7880,-120,500,"sd","13:35:27",2469400
7890,-110,1000,"bu","13:35:26",2468900
7890,-110,100,"bu","13:35:20",2467900
7890,-110,600,"bu","13:35:13",2467800
7890,-110,100,"bu","13:35:09",2467200
7890,-110,2000,"bu","13:35:08",2467100
7890,-110,100,"bu","13:35:07",2465100
7880,-120,2700,"sd","13:35:07",2465000
7880,-120,300,"sd","13:35:07",2462300
7890,-110,100,"sd","13:35:01",2462000
7890,-110,1000,"sd","13:35:01",2461900
7890,-110,200,"sd","13:35:01",2460900
7890,-110,100,"sd","13:35:01",2460700
7890,-110,1000,"sd","13:35:01",2460600
7890,-110,100,"sd","13:35:01",2459600
7890,-110,900,"sd","13:35:01",2459500
7890,-110,2700,"sd","13:35:01",2458600
7890,-110,2000,"sd","13:34:59",2455900
7890,-110,1300,"sd","13:34:58",2453900
7890,-110,800,"sd","13:34:58",2452600
7890,-110,200,"sd","13:34:58",2451800
7890,-110,1300,"sd","13:34:58",2451600
7890,-110,300,"sd","13:34:45",2450300
7890,-110,900,"sd","13:34:41",2450000
7890,-110,1000,"sd","13:34:41",2449100
7890,-110,100,"sd","13:34:41",2448100
7890,-110,1000,"sd","13:34:41",2448000
7890,-110,3000,"sd","13:34:41",2447000
7890,-110,800,"sd","13:34:38",2444000
7890,-110,10000,"sd","13:34:35",2443200
7900,-100,1000,"bu","13:34:33",2433200
7890,-110,5000,"sd","13:34:32",2432200
7890,-110,300,"sd","13:34:27",2427200
7900,-100,100,"bu","13:34:25",2426900
7890,-110,900,"sd","13:34:24",2426800
7890,-110,1000,"sd","13:34:24",2425900
7890,-110,100,"sd","13:34:24",2424900
7900,-100,100,"sd","13:34:01",2424800
7900,-100,1200,"sd","13:34:01",2424700
7900,-100,500,"sd","13:34:01",2423500
7900,-100,200,"sd","13:34:01",2423000
7900,-100,1000,"sd","13:33:58",2422800
7900,-100,200,"sd","13:33:58",2421800
7900,-100,800,"sd","13:33:56",2421600
7900,-100,1000,"sd","13:33:56",2420800
7900,-100,1000,"sd","13:33:56",2419800
7900,-100,500,"sd","13:33:56",2418800
7900,-100,300,"sd","13:33:56",2418300
7900,-100,2000,"sd","13:33:56",2418000
7900,-100,100,"sd","13:33:56",2416000
7900,-100,1000,"sd","13:33:56",2415900
7900,-100,1000,"sd","13:33:56",2414900
7900,-100,100,"sd","13:33:56",2413900
7900,-100,100,"sd","13:33:56",2413800
7900,-100,200,"sd","13:33:56",2413700
7900,-100,2000,"sd","13:33:56",2413500
7900,-100,2600,"sd","13:33:56",2411500
7900,-100,100,"sd","13:33:56",2408900
7900,-100,100,"sd","13:33:56",2408800
7900,-100,1000,"sd","13:33:56",2408700
7900,-100,20000,"sd","13:33:56",2407700
7900,-100,200,"sd","13:33:56",2387700
7900,-100,1000,"sd","13:33:56",2387500
7900,-100,200,"sd","13:33:56",2386500
7900,-100,100,"sd","13:33:56",2386300
7900,-100,9000,"sd","13:33:52",2386200
7900,-100,500,"sd","13:33:52",2377200
7900,-100,3000,"sd","13:33:52",2376700
7900,-100,100,"sd","13:33:52",2373700
7900,-100,100,"sd","13:33:52",2373600
7900,-100,500,"sd","13:33:52",2373500
7900,-100,100,"sd","13:33:52",2373000
7900,-100,1000,"sd","13:33:52",2372900
7900,-100,500,"sd","13:33:52",2371900
7900,-100,1000,"sd","13:33:52",2371400
7900,-100,500,"sd","13:33:52",2370400
7900,-100,5000,"sd","13:33:52",2369900
7900,-100,1600,"sd","13:33:52",2364900
7900,-100,300,"sd","13:33:52",2363300
7900,-100,100,"sd","13:33:52",2363000
7900,-100,100,"sd","13:33:52",2362900
7900,-100,3000,"sd","13:33:44",2362800
7900,-100,100,"sd","13:33:44",2359800
7900,-100,500,"sd","13:33:44",2359700
7900,-100,100,"sd","13:33:44",2359200
7900,-100,200,"sd","13:33:44",2359100
7900,-100,100,"sd","13:33:44",2358900
7900,-100,500,"sd","13:33:44",2358800
7900,-100,100,"sd","13:33:44",2358300
7900,-100,100,"sd","13:33:44",2358200
7900,-100,100,"sd","13:33:44",2358100
7900,-100,500,"sd","13:33:44",2358000
7900,-100,300,"sd","13:33:44",2357500
7900,-100,2000,"sd","13:33:44",2357200
7900,-100,2000,"sd","13:33:44",2355200
7900,-100,100,"sd","13:33:44",2353200
7900,-100,1200,"sd","13:33:44",2353100
7900,-100,3000,"sd","13:33:44",2351900
7900,-100,100,"sd","13:33:44",2348900
7900,-100,200,"sd","13:33:44",2348800
7900,-100,5000,"sd","13:33:44",2348600
7900,-100,100,"sd","13:33:44",2343600
7900,-100,500,"sd","13:33:44",2343500
7900,-100,200,"sd","13:33:44",2343000
7900,-100,800,"sd","13:33:36",2342800
7900,-100,3200,"sd","13:33:36",2342000
7900,-100,7800,"sd","13:33:31",2338800
7900,-100,1000,"sd","13:33:31",2331000
7900,-100,1000,"sd","13:33:31",2330000
7900,-100,100,"sd","13:33:31",2329000
7900,-100,100,"sd","13:33:31",2328900
7900,-100,300,"sd","13:33:28",2328800
7900,-100,200,"sd","13:33:28",2328500
7900,-100,300,"sd","13:33:28",2328300
7900,-100,200,"sd","13:33:28",2328000
7900,-100,3000,"sd","13:33:28",2327800
7900,-100,100,"sd","13:33:28",2324800
7900,-100,200,"sd","13:33:28",2324700
7900,-100,300,"sd","13:33:28",2324500
7900,-100,500,"sd","13:33:28",2324200
7900,-100,1000,"sd","13:33:28",2323700
7900,-100,5000,"sd","13:33:28",2322700
7900,-100,100,"sd","13:33:28",2317700
7900,-100,29900,"sd","13:33:28",2317600
7900,-100,2000,"sd","13:33:28",2287700
7900,-100,100,"sd","13:33:28",2285700
7900,-100,100,"sd","13:33:28",2285600
7900,-100,200,"sd","13:33:28",2285500
7900,-100,200,"sd","13:33:28",2285300
7900,-100,900,"sd","13:33:28",2285100
7900,-100,300,"sd","13:33:28",2284200
7900,-100,100,"sd","13:33:28",2283900
7900,-100,3000,"sd","13:33:28",2283800
7900,-100,1000,"sd","13:33:28",2280800
7900,-100,500,"sd","13:33:28",2279800
7900,-100,500,"sd","13:33:28",2279300
7900,-100,200,"sd","13:33:24",2278800
7900,-100,800,"sd","13:33:24",2278600
7900,-100,100,"sd","13:33:24",2277800
7900,-100,2000,"sd","13:33:23",2277700
7900,-100,100,"sd","13:33:23",2275700
7900,-100,1000,"sd","13:33:23",2275600
7900,-100,5000,"sd","13:33:23",2274600
7900,-100,1000,"sd","13:33:23",2269600
7900,-100,3000,"sd","13:33:23",2268600
7900,-100,20000,"sd","13:33:23",2265600
7900,-100,400,"sd","13:33:23",2245600
7900,-100,3000,"sd","13:33:23",2245200
7900,-100,900,"sd","13:33:23",2242200
7900,-100,1200,"sd","13:33:23",2241300
7900,-100,1300,"sd","13:33:23",2240100
7900,-100,500,"sd","13:33:23",2238800
7900,-100,30000,"sd","13:33:23",2238300
7900,-100,500,"sd","13:33:23",2208300
7900,-100,30000,"sd","13:33:23",2207800
7910,-90,200,"sd","13:32:53",2177800
7910,-90,2000,"sd","13:32:53",2177600
7910,-90,50000,"sd","13:32:53",2175600
7910,-90,1000,"sd","13:32:53",2125600
7910,-90,5000,"sd","13:32:53",2124600
7910,-90,500,"sd","13:32:53",2119600
7910,-90,500,"sd","13:32:53",2119100
7910,-90,10000,"sd","13:32:53",2118600
7910,-90,1000,"sd","13:32:53",2108600
7910,-90,100,"sd","13:32:53",2107600
7910,-90,2000,"sd","13:32:53",2107500
7910,-90,500,"sd","13:32:53",2105500
7910,-90,2000,"sd","13:32:53",2105000
7910,-90,1000,"sd","13:32:53",2103000
7910,-90,100,"sd","13:32:53",2102000
7910,-90,200,"sd","13:32:53",2101900
7910,-90,100,"sd","13:32:53",2101700
7910,-90,1000,"sd","13:32:53",2101600
7910,-90,200,"sd","13:32:53",2100600
7910,-90,10000,"sd","13:32:53",2100400
7910,-90,100,"sd","13:32:53",2090400
7910,-90,1000,"sd","13:32:53",2090300
7910,-90,6300,"sd","13:32:53",2089300
7910,-90,3000,"sd","13:32:44",2083000
7910,-90,700,"sd","13:31:52",2080000
7910,-90,200,"sd","13:31:52",2079300
7910,-90,700,"sd","13:31:52",2079100
7910,-90,100,"sd","13:31:46",2078400
7910,-90,1200,"sd","13:30:53",2078300
7910,-90,800,"sd","13:30:53",2077100
7920,-80,2100,"bu","13:30:24",2076300
7920,-80,3900,"bu","13:30:24",2074200
7920,-80,1000,"sd","13:29:42",2070300
7920,-80,400,"sd","13:29:42",2069300
7920,-80,24700,"sd","13:29:42",2068900
7920,-80,6000,"sd","13:29:39",2044200
7920,-80,10000,"sd","13:29:21",2038200
7920,-80,1000,"sd","13:29:17",2028200
7920,-80,8000,"sd","13:29:16",2027200
7930,-70,2000,"bu","13:29:08",2019200
7920,-80,300,"sd","13:28:45",2017200
7920,-80,100,"sd","13:28:45",2016900
7920,-80,500,"sd","13:28:45",2016800
7910,-90,200,"sd","13:28:29",2016300
7910,-90,2100,"sd","13:28:29",2016100
7920,-80,2000,"sd","13:28:29",2014000
7920,-80,700,"sd","13:28:29",2012000
7920,-80,700,"bu","13:28:22",2011300
7920,-80,600,"bu","13:28:22",2010600
7910,-90,900,"sd","13:28:20",2010000
7910,-90,2100,"sd","13:28:20",2009100
7920,-80,1000,"bu","13:28:11",2007000
7920,-80,900,"bu","13:27:51",2006000
7920,-80,500,"bu","13:27:47",2005100
7920,-80,5000,"bu","13:27:31",2004600
7920,-80,100,"bu","13:27:25",1999600
7920,-80,1000,"bu","13:27:20",1999500
7920,-80,100,"sd","13:27:20",1998500
7920,-80,1000,"sd","13:27:20",1998400
7920,-80,200,"sd","13:27:20",1997400
7920,-80,1500,"sd","13:27:20",1997200
7920,-80,800,"sd","13:27:20",1995700
7920,-80,100,"sd","13:27:20",1994900
7920,-80,500,"sd","13:27:20",1994800
7920,-80,500,"sd","13:27:20",1994300
7920,-80,100,"sd","13:27:20",1993800
7920,-80,100,"sd","13:27:20",1993700
7920,-80,200,"sd","13:27:13",1993600
7920,-80,500,"sd","13:26:59",1993400
7920,-80,300,"sd","13:26:59",1992900
7920,-80,100,"sd","13:26:59",1992600
7920,-80,1900,"sd","13:26:49",1992500
7920,-80,100,"sd","13:26:49",1990600
7930,-70,100,"bu","13:26:30",1990500
7920,-80,100,"sd","13:26:18",1990400
7920,-80,100,"sd","13:26:18",1990300
7930,-70,200,"bu","13:26:12",1990200
7920,-80,900,"sd","13:25:52",1990000
7920,-80,100,"sd","13:25:52",1989100
7920,-80,1500,"sd","13:25:52",1989000
7920,-80,2500,"sd","13:25:52",1987500
7930,-70,500,"bu","13:25:26",1985000
7930,-70,100,"bu","13:25:20",1984500
7920,-80,100,"sd","13:25:17",1984400
7930,-70,200,"bu","13:24:51",1984300
7930,-70,1200,"bu","13:24:39",1984100
7920,-80,700,"sd","13:24:36",1982900
7930,-70,300,"bu","13:24:35",1982200
7920,-80,100,"sd","13:24:33",1981900
7930,-70,100,"bu","13:24:25",1981800
7930,-70,400,"bu","13:24:25",1981700
7930,-70,100,"bu","13:24:19",1981300
7930,-70,200,"bu","13:24:19",1981200
7930,-70,200,"bu","13:24:18",1981000
7930,-70,500,"bu","13:24:06",1980800
7930,-70,400,"bu","13:24:04",1980300
7930,-70,700,"bu","13:24:04",1979900
7930,-70,300,"bu","13:24:04",1979200
7930,-70,200,"bu","13:23:34",1978900
7930,-70,100,"bu","13:23:26",1978700
7920,-80,1000,"sd","13:23:04",1978600
7920,-80,600,"sd","13:23:03",1977600
7920,-80,2200,"sd","13:23:03",1977000
7920,-80,800,"sd","13:22:34",1974800
7920,-80,200,"sd","13:22:34",1974000
7920,-80,400,"bu","13:22:26",1973800
7920,-80,500,"bu","13:22:26",1973400
7920,-80,600,"bu","13:22:22",1972900
7920,-80,200,"bu","13:22:19",1972300
7910,-90,2100,"sd","13:22:18",1972100
7920,-80,2900,"bu","13:22:14",1970000
7910,-90,800,"sd","13:22:02",1967100
7910,-90,1000,"sd","13:22:02",1966300
7910,-90,100,"sd","13:22:02",1965300
7920,-80,100,"bu","13:21:58",1965200
7920,-80,3000,"bu","13:21:39",1965100
7910,-90,400,"sd","13:21:37",1962100
7910,-90,200,"sd","13:21:37",1961700
7910,-90,400,"sd","13:21:37",1961500
7910,-90,900,"sd","13:21:28",1961100
7910,-90,200,"sd","13:21:28",1960200
7920,-80,700,"bu","13:21:26",1960000
7920,-80,200,"sd","13:21:06",1959300
7910,-90,500,"sd","13:20:59",1959100
7910,-90,100,"sd","13:20:59",1958600
7910,-90,100,"sd","13:20:59",1958500
7910,-90,1000,"sd","13:20:59",1958400
7910,-90,100,"sd","13:20:59",1957400
7910,-90,400,"sd","13:20:59",1957300
7910,-90,100,"sd","13:20:59",1956900
7920,-80,100,"sd","13:20:59",1956800
7920,-80,2600,"sd","13:20:59",1956700
7920,-80,500,"sd","13:20:42",1954100
7920,-80,500,"bu","13:20:30",1953600
7920,-80,2000,"bu","13:20:30",1953100
7920,-80,10500,"bu","13:20:30",1951100
7920,-80,1000,"bu","13:20:28",1940600
7920,-80,100,"bu","13:20:14",1939600
7910,-90,100,"sd","13:20:13",1939500
7920,-80,2000,"bu","13:20:12",1939400
7920,-80,2000,"bu","13:20:10",1937400
7920,-80,400,"bu","13:20:10",1935400
7920,-80,600,"bu","13:20:10",1935000
7920,-80,100,"bu","13:20:02",1934400
7910,-90,300,"sd","13:19:59",1934300
7910,-90,3000,"sd","13:19:49",1934000
7910,-90,500,"sd","13:19:46",1931000
7910,-90,5000,"sd","13:19:46",1930500
7910,-90,1000,"bu","13:19:14",1925500
7910,-90,4000,"bu","13:19:14",1924500
7910,-90,4800,"bu","13:19:04",1920500
7910,-90,1200,"bu","13:19:04",1915700
7910,-90,2900,"bu","13:18:57",1914500
7910,-90,100,"bu","13:18:57",1911600
7910,-90,500,"bu","13:18:52",1911500
7910,-90,100,"bu","13:18:52",1911000
7910,-90,100,"bu","13:18:46",1910900
7900,-100,1000,"sd","13:18:36",1910800
7910,-90,2200,"bu","13:18:35",1909800
7910,-90,7800,"bu","13:18:35",1907600
7900,-100,1100,"sd","13:18:35",1899800
7900,-100,500,"sd","13:18:35",1898700
7900,-100,100,"sd","13:18:35",1898200
7900,-100,10000,"sd","13:18:35",1898100
7900,-100,1000,"sd","13:18:35",1888100
7900,-100,300,"sd","13:18:35",1887100
7900,-100,500,"sd","13:18:35",1886800
7900,-100,1000,"sd","13:18:35",1886300
7900,-100,500,"sd","13:18:35",1885300
7900,-100,1000,"sd","13:18:30",1884800
7900,-100,1000,"sd","13:18:30",1883800
7900,-100,500,"sd","13:18:30",1882800
7900,-100,100,"sd","13:18:30",1882300
7900,-100,500,"sd","13:18:30",1882200
7900,-100,1000,"sd","13:18:30",1881700
7900,-100,2000,"sd","13:18:30",1880700
7900,-100,1500,"sd","13:18:30",1878700
7900,-100,200,"sd","13:18:30",1877200
7900,-100,100,"sd","13:18:30",1877000
7900,-100,300,"sd","13:18:30",1876900
7900,-100,100,"sd","13:18:30",1876600
7900,-100,2000,"sd","13:18:30",1876500
7900,-100,100,"sd","13:18:30",1874500
7900,-100,1000,"sd","13:18:30",1874400
7910,-90,2200,"bu","13:18:29",1873400
7900,-100,200,"sd","13:18:24",1871200
7900,-100,2000,"sd","13:18:24",1871000
7900,-100,200,"sd","13:18:24",1869000
7900,-100,5000,"sd","13:18:24",1868800
7900,-100,2000,"sd","13:18:24",1863800
7900,-100,100,"sd","13:18:24",1861800
7900,-100,500,"sd","13:18:24",1861700
7910,-90,500,"bu","13:18:13",1861200
7910,-90,100,"bu","13:18:08",1860700
7910,-90,200,"bu","13:18:07",1860600
7910,-90,3400,"sd","13:17:51",1860400
7910,-90,100,"sd","13:17:51",1857000
7910,-90,100,"sd","13:17:51",1856900
7910,-90,100,"sd","13:17:51",1856800
7910,-90,1000,"sd","13:17:51",1856700
7910,-90,10000,"sd","13:17:51",1855700
7910,-90,1000,"sd","13:17:51",1845700
7910,-90,3500,"sd","13:17:51",1844700
7910,-90,1500,"sd","13:17:47",1841200
7910,-90,1000,"sd","13:17:47",1839700
7910,-90,500,"sd","13:17:47",1838700
7910,-90,500,"sd","13:17:23",1838200
7910,-90,500,"sd","13:17:23",1837700
7910,-90,8000,"sd","13:17:23",1837200
7910,-90,9000,"sd","13:17:21",1829200
7910,-90,6300,"sd","13:17:18",1820200
7910,-90,100,"sd","13:17:18",1813900
7910,-90,200,"sd","13:17:18",1813800
7910,-90,1000,"sd","13:17:18",1813600
7910,-90,600,"sd","13:17:18",1812600
7910,-90,100,"sd","13:17:18",1812000
7910,-90,700,"sd","13:17:18",1811900
7910,-90,5500,"sd","13:17:16",1811200
7910,-90,6000,"sd","13:17:09",1805700
7910,-90,2800,"sd","13:17:04",1799700
7910,-90,2000,"sd","13:17:04",1796900
7910,-90,100,"sd","13:17:04",1794900
7910,-90,1000,"sd","13:17:04",1794800
7910,-90,1000,"sd","13:17:04",1793800
7910,-90,500,"sd","13:17:04",1792800
7910,-90,1600,"sd","13:17:04",1792300
7910,-90,100,"sd","13:17:04",1790700
7910,-90,200,"sd","13:17:04",1790600
7910,-90,100,"sd","13:17:04",1790400
7910,-90,100,"sd","13:17:04",1790300
7910,-90,2000,"sd","13:17:04",1790200
7910,-90,500,"sd","13:17:04",1788200
7910,-90,100,"sd","13:17:04",1787700
7910,-90,100,"sd","13:17:04",1787600
7910,-90,500,"sd","13:17:04",1787500
7910,-90,500,"sd","13:17:04",1787000
7910,-90,2300,"sd","13:17:04",1786500
7910,-90,500,"sd","13:17:04",1784200
7910,-90,100,"sd","13:17:04",1783700
7910,-90,100,"sd","13:17:04",1783600
7910,-90,2000,"sd","13:17:04",1783500
7910,-90,100,"sd","13:17:04",1781500
7910,-90,200,"sd","13:17:04",1781400
7910,-90,100,"sd","13:17:04",1781200
7910,-90,200,"sd","13:17:04",1781100
7910,-90,10000,"sd","13:17:04",1780900
7910,-90,300,"sd","13:17:04",1770900
7910,-90,200,"sd","13:17:04",1770600
7910,-90,2700,"sd","13:17:02",1770400
7910,-90,300,"sd","13:17:02",1767700
7910,-90,200,"sd","13:17:00",1767400
7910,-90,500,"sd","13:16:58",1767200
7910,-90,1000,"sd","13:16:58",1766700
7910,-90,100,"sd","13:16:58",1765700
7910,-90,400,"sd","13:16:58",1765600
7910,-90,1000,"sd","13:16:58",1765200
7910,-90,100,"sd","13:16:45",1764200
7910,-90,200,"sd","13:16:45",1764100
7910,-90,100,"sd","13:16:45",1763900
7910,-90,1000,"sd","13:16:45",1763800
7910,-90,400,"sd","13:16:45",1762800
7910,-90,2000,"sd","13:16:45",1762400
7910,-90,200,"sd","13:16:45",1760400
7910,-90,500,"sd","13:16:45",1760200
7910,-90,5500,"sd","13:16:45",1759700
7910,-90,3000,"sd","13:16:38",1754200
7910,-90,1500,"sd","13:16:23",1751200
7910,-90,500,"sd","13:16:23",1749700
7910,-90,2400,"sd","13:16:06",1749200
7910,-90,5000,"sd","13:16:06",1746800
7910,-90,1000,"sd","13:16:06",1741800
7910,-90,600,"sd","13:16:06",1740800
7920,-80,300,"sd","13:15:34",1740200
7920,-80,400,"sd","13:15:33",1739900
7920,-80,300,"sd","13:15:23",1739500
7920,-80,100,"sd","13:15:22",1739200
7920,-80,1000,"sd","13:15:22",1739100
7920,-80,100,"sd","13:15:22",1738100
7920,-80,4000,"sd","13:15:22",1738000
7920,-80,6000,"sd","13:15:20",1734000
7920,-80,500,"sd","13:15:19",1728000
7920,-80,1500,"sd","13:15:14",1727500
7920,-80,1000,"sd","13:15:14",1726000
7920,-80,100,"sd","13:15:14",1725000
7920,-80,500,"sd","13:15:14",1724900
7920,-80,6900,"sd","13:15:14",1724400
7920,-80,1000,"sd","13:15:07",1717500
7920,-80,1000,"sd","13:15:05",1716500
7920,-80,900,"sd","13:14:49",1715500
7920,-80,100,"sd","13:14:46",1714600
7920,-80,100,"sd","13:14:43",1714500
7920,-80,100,"sd","13:14:43",1714400
7920,-80,100,"sd","13:14:15",1714300
7920,-80,500,"sd","13:14:15",1714200
7920,-80,500,"sd","13:13:58",1713700
7920,-80,500,"sd","13:13:58",1713200
7920,-80,500,"sd","13:13:52",1712700
7920,-80,500,"sd","13:13:52",1712200
7920,-80,1000,"sd","13:13:43",1711700
7920,-80,100,"sd","13:13:28",1710700
7920,-80,1000,"sd","13:13:15",1710600
7920,-80,200,"sd","13:13:04",1709600
7920,-80,1000,"sd","13:12:59",1709400
7920,-80,5000,"sd","13:12:45",1708400
7920,-80,1200,"sd","13:12:31",1703400
7920,-80,1000,"sd","13:12:31",1702200
7920,-80,100,"sd","13:12:31",1701200
7920,-80,900,"bu","13:12:09",1701100
7920,-80,1000,"bu","13:12:09",1700200
7920,-80,600,"sd","13:11:54",1699200
7920,-80,1400,"sd","13:11:54",1698600
7920,-80,800,"sd","13:11:54",1697200
7920,-80,10000,"sd","13:11:54",1696400
7920,-80,500,"sd","13:11:54",1686400
7920,-80,400,"sd","13:11:54",1685900
7920,-80,600,"sd","13:11:54",1685500
7920,-80,100,"sd","13:11:54",1684900
7920,-80,100,"sd","13:11:54",1684800
7920,-80,600,"sd","13:11:54",1684700
7920,-80,300,"sd","13:11:54",1684100
7920,-80,2000,"sd","13:11:54",1683800
7920,-80,7700,"sd","13:11:54",1681800
7920,-80,2000,"sd","13:11:44",1674100
7930,-70,100,"bu","13:11:31",1672100
7920,-80,300,"sd","13:11:12",1672000
7920,-80,100,"sd","13:11:12",1671700
7920,-80,1500,"sd","13:11:12",1671600
7920,-80,2000,"sd","13:11:04",1670100
7920,-80,200,"sd","13:10:35",1668100
7920,-80,1300,"sd","13:10:24",1667900
7920,-80,500,"sd","13:10:24",1666600
7920,-80,1000,"sd","13:10:24",1666100
7920,-80,100,"sd","13:10:24",1665100
7920,-80,100,"sd","13:10:24",1665000
7920,-80,5000,"sd","13:10:24",1664900
7920,-80,1000,"sd","13:10:24",1659900
7930,-70,100,"bu","13:10:23",1658900
7930,-70,100,"bu","13:10:10",1658800
7930,-70,3200,"bu","13:09:47",1658700
7930,-70,300,"bu","13:09:47",1655500
7930,-70,900,"bu","13:09:47",1655200
7930,-70,600,"bu","13:09:47",1654300
7930,-70,100,"bu","13:09:38",1653700
7920,-80,100,"sd","13:09:37",1653600
7920,-80,1200,"sd","13:09:37",1653500
7920,-80,1000,"sd","13:09:37",1652300
7920,-80,2000,"sd","13:09:37",1651300
7920,-80,500,"sd","13:09:37",1649300
7920,-80,5100,"sd","13:09:37",1648800
7920,-80,100,"sd","13:09:37",1643700
7930,-70,2000,"bu","13:09:37",1643600
7930,-70,300,"bu","13:09:29",1641600
7930,-70,2000,"bu","13:09:03",1641300
7930,-70,100,"bu","13:09:00",1639300
7930,-70,100,"bu","13:08:57",1639200
7930,-70,500,"bu","13:08:56",1639100
7930,-70,600,"bu","13:08:56",1638600
7930,-70,1000,"bu","13:08:46",1638000
7930,-70,3000,"bu","13:08:45",1637000
7930,-70,600,"bu","13:08:45",1634000
7930,-70,5000,"bu","13:08:45",1633400
7930,-70,1400,"bu","13:08:45",1628400
7930,-70,2000,"bu","13:08:43",1627000
7930,-70,1500,"bu","13:08:27",1625000
7930,-70,100,"bu","13:08:26",1623500
7920,-80,900,"sd","13:08:20",1623400
7920,-80,100,"sd","13:08:20",1622500
7920,-80,3600,"sd","13:08:20",1622400
7930,-70,1500,"bu","13:08:16",1618800
7920,-80,1000,"sd","13:08:06",1617300
7930,-70,1500,"bu","13:07:59",1616300
7930,-70,1000,"bu","13:07:59",1614800
7930,-70,1000,"bu","13:07:59",1613800
7930,-70,1500,"bu","13:07:59",1612800
7930,-70,500,"bu","13:07:45",1611300
7920,-80,20000,"sd","13:07:24",1610800
7930,-70,100,"bu","13:07:23",1590800
7920,-80,1000,"sd","13:07:23",1590700
7920,-80,2000,"sd","13:07:04",1589700
7920,-80,1900,"bu","13:06:43",1587700
7920,-80,300,"bu","13:06:43",1585800
7920,-80,4000,"bu","13:06:43",1585500
7920,-80,16200,"bu","13:06:43",1581500
7920,-80,200,"bu","13:06:42",1565300
7920,-80,100,"bu","13:06:39",1565100
7920,-80,200,"bu","13:06:39",1565000
7920,-80,300,"bu","13:06:39",1564800
7920,-80,300,"bu","13:06:38",1564500
7920,-80,100,"bu","13:06:32",1564200
7920,-80,400,"bu","13:06:22",1564100
7920,-80,200,"bu","13:06:22",1563700
7920,-80,2000,"bu","13:06:20",1563500
7910,-90,400,"sd","13:06:17",1561500
7920,-80,100,"bu","13:06:15",1561100
7920,-80,200,"bu","13:05:50",1561000
7920,-80,100,"sd","13:05:33",1560800
7920,-80,700,"sd","13:05:33",1560700
7920,-80,1500,"sd","13:05:33",1560000
7920,-80,5000,"sd","13:05:33",1558500
7920,-80,1000,"sd","13:05:33",1553500
7920,-80,5000,"sd","13:05:33",1552500
7920,-80,3400,"sd","13:05:33",1547500
7920,-80,100,"sd","13:05:24",1544100
7930,-70,200,"bu","13:05:23",1544000
7920,-80,400,"sd","13:05:23",1543800
7930,-70,300,"bu","13:05:20",1543400
7930,-70,400,"bu","13:05:20",1543100
7930,-70,200,"bu","13:05:07",1542700
7930,-70,200,"bu","13:05:00",1542500
7930,-70,300,"bu","13:04:49",1542300
7920,-80,400,"sd","13:04:42",1542000
7920,-80,1100,"sd","13:04:42",1541600
7920,-80,100,"sd","13:04:42",1540500
7920,-80,400,"sd","13:04:42",1540400
7920,-80,500,"sd","13:04:42",1540000
7920,-80,100,"sd","13:04:42",1539500
7930,-70,100,"bu","13:04:22",1539400
7920,-80,700,"sd","13:03:26",1539300
7930,-70,100,"bu","13:03:12",1538600
7920,-80,400,"bu","13:03:06",1538500
7920,-80,100,"bu","13:03:04",1538100
7920,-80,300,"bu","13:03:04",1538000
7920,-80,1000,"sd","13:03:04",1537700
7920,-80,2000,"sd","13:03:04",1536700
7920,-80,2000,"sd","13:03:04",1534700
7920,-80,100,"sd","13:03:04",1532700
7920,-80,600,"sd","13:03:04",1532600
7920,-80,100,"sd","13:03:04",1532000
7920,-80,500,"sd","13:03:04",1531900
7920,-80,2900,"sd","13:03:04",1531400
7920,-80,2000,"sd","13:02:55",1528500
7920,-80,100,"sd","13:02:47",1526500
7920,-80,2600,"sd","13:02:47",1526400
7920,-80,1000,"sd","13:02:20",1523800
7920,-80,4400,"sd","13:02:00",1522800
7920,-80,100,"sd","13:02:00",1518400
7920,-80,500,"sd","13:02:00",1518300
7920,-80,3000,"sd","13:02:00",1517800
7920,-80,100,"sd","13:02:00",1514800
7920,-80,1000,"sd","13:02:00",1514700
7920,-80,200,"sd","13:02:00",1513700
7920,-80,300,"sd","13:02:00",1513500
7920,-80,100,"sd","13:02:00",1513200
7920,-80,5000,"sd","13:02:00",1513100
7920,-80,400,"sd","13:02:00",1508100
7920,-80,500,"sd","13:02:00",1507700
7920,-80,1000,"sd","13:02:00",1507200
7920,-80,100,"sd","13:02:00",1506200
7920,-80,500,"sd","13:02:00",1506100
7920,-80,1000,"sd","13:02:00",1505600
7920,-80,100,"sd","13:02:00",1504600
7920,-80,100,"sd","13:02:00",1504500
7920,-80,1600,"sd","13:02:00",1504400
7920,-80,400,"sd","13:01:50",1502800
7920,-80,200,"sd","13:01:50",1502400
7920,-80,300,"sd","13:01:50",1502200
7920,-80,100,"sd","13:01:50",1501900
7930,-70,3400,"bu","13:01:49",1501800
7930,-70,300,"bu","13:01:27",1498400
7930,-70,500,"bu","13:01:27",1498100
7930,-70,1700,"bu","13:01:27",1497600
7930,-70,1800,"bu","13:00:30",1495900
7930,-70,100,"bu","13:00:15",1494100
7930,-70,1900,"sd","13:00:14",1494000
7930,-70,100,"sd","13:00:14",1492100
7930,-70,200,"sd","13:00:14",1492000
7930,-70,200,"sd","13:00:14",1491800
7930,-70,1000,"sd","13:00:14",1491600
7930,-70,1000,"sd","13:00:14",1490600
7930,-70,2000,"sd","13:00:14",1489600
7930,-70,200,"sd","13:00:07",1487600
7930,-70,2600,"sd","13:00:07",1487400
7940,-60,4100,"bu","13:00:07",1484800
7940,-60,5900,"bu","13:00:07",1480700
7930,-70,4000,"sd","13:00:06",1474800
7930,-70,3200,"sd","13:00:05",1470800
7930,-70,100,"sd","13:00:05",1467600
7930,-70,100,"sd","13:00:05",1467500
7930,-70,500,"sd","13:00:05",1467400
7930,-70,100,"sd","13:00:05",1466900
7930,-70,1000,"sd","13:00:05",1466800
7930,-70,700,"sd","13:00:05",1465800
7930,-70,100,"sd","13:00:05",1465100
7930,-70,6200,"sd","13:00:05",1465000
7930,-70,300,"sd","13:00:04",1458800
7930,-70,2000,"sd","13:00:02",1458500
7930,-70,5000,"sd","13:00:02",1456500
7930,-70,2000,"sd","13:00:02",1451500
7930,-70,1000,"sd","13:00:02",1449500
7940,-60,100,"sd","13:00:01",1448500
7940,-60,100,"sd","13:00:01",1448400
7940,-60,500,"sd","13:00:01",1448300
7940,-60,300,"sd","13:00:01",1447800
7930,-70,1000,"sd","13:00:00",1447500
7930,-70,6000,"sd","13:00:00",1446500
7930,-70,5000,"sd","12:59:59",1440500
7930,-70,1000,"sd","12:59:59",1435500
7930,-70,500,"sd","11:29:51",1434500
7930,-70,100,"sd","11:29:51",1434000
7930,-70,1500,"sd","11:29:28",1433900
7940,-60,200,"sd","11:29:24",1432400
7930,-70,400,"sd","11:28:38",1432200
7930,-70,2000,"sd","11:28:38",1431800
7930,-70,1900,"sd","11:28:07",1429800
7940,-60,1000,"sd","11:28:07",1427900
7940,-60,2000,"sd","11:28:07",1426900
7940,-60,100,"sd","11:28:07",1424900
7950,-50,400,"bu","11:25:56",1424800
7950,-50,300,"bu","11:25:42",1424400
7950,-50,100,"sd","11:24:32",1424100
7950,-50,100,"sd","11:24:32",1424000
7950,-50,100,"sd","11:24:32",1423900
7950,-50,800,"sd","11:24:32",1423800
7950,-50,1200,"sd","11:23:07",1423000
7950,-50,2000,"sd","11:23:07",1421800
7950,-50,200,"sd","11:22:27",1419800
7950,-50,100,"sd","11:22:27",1419600
7960,-40,1000,"sd","11:21:14",1419500
7960,-40,3000,"sd","11:20:57",1418500
7960,-40,800,"sd","11:20:57",1415500
7960,-40,200,"bu","11:20:14",1414700
7960,-40,100,"bu","11:19:19",1414500
7960,-40,700,"bu","11:18:40",1414400
7930,-70,1100,"sd","11:18:39",1413700
7930,-70,100,"sd","11:18:39",1412600
7930,-70,400,"sd","11:18:39",1412500
7930,-70,200,"sd","11:18:39",1412100
7930,-70,100,"sd","11:18:39",1411900
7930,-70,200,"sd","11:18:39",1411800
7930,-70,300,"sd","11:18:39",1411600
7930,-70,200,"sd","11:18:39",1411300
7930,-70,500,"sd","11:18:39",1411100
7930,-70,1000,"sd","11:18:39",1410600
7930,-70,100,"sd","11:18:39",1409600
7930,-70,500,"sd","11:18:39",1409500
7930,-70,1000,"sd","11:18:39",1409000
7930,-70,1000,"sd","11:18:39",1408000
7930,-70,300,"sd","11:18:39",1407000
7930,-70,100,"sd","11:18:28",1406700
7930,-70,4600,"sd","11:17:03",1406600
7930,-70,200,"sd","11:17:03",1402000
7930,-70,10000,"sd","11:17:03",1401800
7930,-70,300,"sd","11:17:03",1391800
7930,-70,100,"sd","11:17:03",1391500
7930,-70,10000,"sd","11:17:03",1391400
7930,-70,200,"sd","11:17:03",1381400
7930,-70,100,"sd","11:17:03",1381200
7930,-70,1000,"sd","11:17:03",1381100
7930,-70,5000,"sd","11:17:03",1380100
7930,-70,400,"sd","11:17:03",1375100
7930,-70,200,"sd","11:17:03",1374700
7930,-70,5000,"sd","11:17:03",1374500
7930,-70,2000,"sd","11:17:03",1369500
7930,-70,100,"sd","11:17:03",1367500
7940,-60,3200,"sd","11:17:03",1367400
7940,-60,1000,"sd","11:17:03",1364200
7940,-60,200,"sd","11:17:03",1363200
7940,-60,100,"sd","11:17:03",1363000
7940,-60,300,"sd","11:17:03",1362900
7930,-70,1000,"sd","11:17:03",1362600
7950,-50,400,"sd","11:17:03",1361600
7930,-70,100,"sd","11:17:03",1361200
7950,-50,20000,"sd","11:17:03",1361100
7930,-70,3000,"sd","11:17:03",1341100
7950,-50,1000,"sd","11:17:03",1338100
7930,-70,3700,"sd","11:17:03",1337100
7950,-50,500,"sd","11:17:03",1333400
7940,-60,1200,"sd","11:17:03",1332900
7950,-50,100,"sd","11:17:03",1331700
7940,-60,500,"sd","11:17:03",1331600
7950,-50,500,"sd","11:17:03",1331100
7940,-60,1000,"sd","11:17:03",1330600
7950,-50,1000,"sd","11:17:03",1329600
7940,-60,200,"sd","11:17:03",1328600
7940,-60,5000,"sd","11:17:03",1328400
7950,-50,1000,"sd","11:17:03",1323400
7940,-60,500,"sd","11:17:03",1322400
7950,-50,5000,"sd","11:17:03",1321900
7940,-60,400,"sd","11:17:03",1316900
7950,-50,10000,"sd","11:17:02",1316500
7940,-60,500,"sd","11:17:02",1306500
7950,-50,2000,"sd","11:17:02",1306000
7940,-60,100,"sd","11:17:02",1304000
7950,-50,500,"sd","11:17:02",1303900
7940,-60,200,"sd","11:17:02",1303400
7950,-50,5000,"sd","11:17:02",1303200
7950,-50,500,"sd","11:17:02",1298200
7950,-50,1000,"sd","11:17:02",1297700
7950,-50,200,"sd","11:17:02",1296700
7950,-50,4900,"sd","11:17:02",1296500
7950,-50,100,"sd","11:16:57",1291600
7950,-50,200,"sd","11:16:57",1291500
7950,-50,100,"sd","11:16:57",1291300
7950,-50,600,"sd","11:16:57",1291200
7950,-50,400,"sd","11:16:44",1290600
7950,-50,300,"sd","11:16:44",1290200
7960,-40,600,"sd","11:16:44",1289900
7950,-50,200,"sd","11:15:08",1289300
7950,-50,100,"sd","11:15:08",1289100
7950,-50,200,"sd","11:15:08",1289000
7950,-50,500,"sd","11:15:08",1288800
7950,-50,2000,"sd","11:15:08",1288300
7950,-50,2500,"sd","11:13:50",1286300
7950,-50,1000,"sd","11:13:50",1283800
7950,-50,1000,"sd","11:13:50",1282800
7950,-50,100,"sd","11:13:50",1281800
7950,-50,1500,"sd","11:13:50",1281700
7950,-50,500,"sd","11:13:50",1280200
7950,-50,200,"sd","11:13:50",1279700
7950,-50,2400,"sd","11:13:50",1279500
7950,-50,1000,"sd","11:13:50",1277100
7950,-50,100,"sd","11:13:50",1276100
7950,-50,700,"sd","11:13:50",1276000
7960,-40,10000,"sd","11:13:50",1275300
7960,-40,500,"sd","11:13:50",1265300
7970,-30,100,"sd","11:13:18",1264800
7970,-30,100,"sd","11:13:18",1264700
7970,-30,500,"sd","11:13:18",1264600
7970,-30,300,"sd","11:12:52",1264100
7970,-30,300,"sd","11:12:51",1263800
7970,-30,800,"sd","11:12:41",1263500
7970,-30,1400,"sd","11:12:20",1262700
7970,-30,6700,"sd","11:12:01",1261300
7970,-30,3300,"sd","11:12:01",1254600
7980,-20,5000,"bu","11:11:35",1251300
7970,-30,10000,"sd","11:11:34",1246300
7970,-30,7200,"sd","11:11:27",1236300
7970,-30,1000,"sd","11:10:22",1229100
7970,-30,1500,"sd","11:08:45",1228100
7970,-30,800,"sd","11:08:32",1226600
7970,-30,2000,"sd","11:08:28",1225800
7970,-30,15000,"sd","11:08:27",1223800
7970,-30,3000,"sd","11:07:36",1208800
7970,-30,6200,"sd","11:06:39",1205800
7970,-30,900,"sd","11:06:39",1199600
7970,-30,2900,"sd","11:06:39",1198700
7970,-30,7100,"sd","11:05:42",1195800
7970,-30,2900,"sd","11:05:42",1188700
7970,-30,2100,"sd","11:04:31",1185800
7980,-20,100,"bu","11:03:33",1183700
7970,-30,400,"sd","11:02:25",1183600
7970,-30,100,"sd","11:02:25",1183200
7970,-30,1000,"sd","11:02:25",1183100
7970,-30,100,"bu","10:59:41",1182100
7960,-40,200,"sd","10:59:26",1182000
7960,-40,3200,"sd","10:59:26",1181800
7960,-40,500,"sd","10:58:52",1178600
7970,-30,500,"bu","10:58:47",1178100
7960,-40,1300,"bu","10:57:52",1177600
7960,-40,5000,"bu","10:57:38",1176300
7960,-40,500,"bu","10:57:35",1171300
7960,-40,100,"bu","10:57:25",1170800
7960,-40,3100,"bu","10:57:18",1170700
7960,-40,1900,"bu","10:57:18",1167600
7960,-40,100,"bu","10:57:02",1165700
7960,-40,5000,"sd","10:56:41",1165600
7960,-40,2000,"sd","10:56:41",1160600
7960,-40,300,"sd","10:56:41",1158600
7960,-40,100,"sd","10:56:41",1158300
7960,-40,16400,"sd","10:56:41",1158200
7970,-30,400,"sd","10:56:26",1141800
7970,-30,400,"sd","10:56:26",1141400
7970,-30,8600,"sd","10:56:26",1141000
7970,-30,11400,"sd","10:56:12",1132400
7970,-30,100,"sd","10:56:12",1121000
7970,-30,500,"sd","10:56:12",1120900
7970,-30,100,"sd","10:56:12",1120400
7970,-30,200,"sd","10:56:12",1120300
7980,-20,200,"bu","10:56:11",1120100
7980,-20,2000,"sd","10:55:58",1119900
7980,-20,3000,"sd","10:55:48",1117900
7980,-20,300,"sd","10:55:48",1114900
7980,-20,700,"sd","10:55:48",1114600
7980,-20,500,"sd","10:54:25",1113900
7980,-20,2000,"sd","10:54:09",1113400
7980,-20,1000,"sd","10:54:09",1111400
7980,-20,20000,"sd","10:53:35",1110400
7990,-10,7700,"bu","10:52:20",1090400
7990,-10,2300,"bu","10:52:20",1082700
7990,-10,300,"bu","10:51:18",1080400
7990,-10,1000,"bu","10:50:34",1080100
7990,-10,2400,"sd","10:49:39",1079100
7990,-10,1000,"sd","10:49:21",1076700
7990,-10,600,"sd","10:47:42",1075700
7990,-10,100,"sd","10:47:42",1075100
7990,-10,300,"sd","10:47:42",1075000
7990,-10,1000,"sd","10:46:49",1074700
7990,-10,200,"sd","10:46:49",1073700
7990,-10,3500,"bu","10:46:02",1073500
7990,-10,6200,"sd","10:45:18",1070000
7990,-10,300,"sd","10:45:18",1063800
7990,-10,2400,"bu","10:43:33",1063500
7990,-10,500,"bu","10:43:33",1061100
7990,-10,900,"bu","10:43:33",1060600
7990,-10,1100,"bu","10:40:54",1059700
7990,-10,100,"bu","10:39:45",1058600
7990,-10,100,"bu","10:39:23",1058500
7990,-10,200,"bu","10:38:36",1058400
7990,-10,5000,"bu","10:38:19",1058200
7990,-10,300,"bu","10:38:15",1053200
7990,-10,3000,"bu","10:37:43",1052900
7990,-10,2000,"sd","10:37:33",1049900
7990,-10,300,"sd","10:37:33",1047900
7990,-10,7000,"sd","10:37:33",1047600
7990,-10,100,"sd","10:37:30",1040600
7990,-10,1000,"sd","10:36:55",1040500
8000,0,3100,"unknown","10:35:34",1039500
7990,-10,1900,"sd","10:35:34",1036400
7990,-10,10000,"sd","10:35:34",1034500
8000,0,200,"sd","10:35:33",1024500
8000,0,1000,"bu","10:35:01",1024300
8000,0,700,"bu","10:35:01",1023300
8000,0,300,"bu","10:34:52",1022600
8000,0,1000,"bu","10:34:33",1022300
8000,0,500,"bu","10:34:33",1021300
8000,0,1000,"bu","10:34:33",1020800
8000,0,200,"bu","10:34:33",1019800
8000,0,2000,"bu","10:34:33",1019600
8000,0,300,"bu","10:34:33",1017600
8000,0,1100,"bu","10:34:20",1017300
8000,0,3000,"bu","10:34:20",1016200
8000,0,900,"bu","10:34:20",1013200
8000,0,300,"bu","10:32:51",1012300
8000,0,10000,"bu","10:32:51",1012000
8000,0,200,"bu","10:32:47",1002000
8000,0,400,"bu","10:31:19",1001800
8000,0,400,"bu","10:31:18",1001400
8000,0,2000,"bu","10:31:18",1001000
8000,0,800,"sd","10:30:33",999000
8000,0,200,"sd","10:30:33",998200
8000,0,1800,"sd","10:30:33",998000
8000,0,3200,"bu","10:30:28",996200
8000,0,6800,"sd","10:30:21",993000
8000,0,3200,"bu","10:30:16",986200
8000,0,50000,"sd","10:30:07",983000
8000,0,100,"sd","10:30:07",933000
8000,0,3700,"sd","10:30:07",932900
8000,0,1000,"sd","10:30:07",929200
8000,0,2000,"sd","10:30:07",928200
8010,10,500,"bu","10:30:01",926200
8010,10,500,"bu","10:29:52",925700
8010,10,9800,"bu","10:29:45",925200
8010,10,200,"bu","10:29:45",915400
8010,10,2800,"sd","10:29:35",915200
8010,10,100,"sd","10:29:31",912400
8010,10,3000,"sd","10:29:30",912300
8010,10,3000,"bu","10:29:27",909300
8010,10,1100,"bu","10:29:27",906300
8010,10,1900,"bu","10:29:27",905200
8010,10,1100,"bu","10:29:27",903300
8010,10,900,"sd","10:29:19",902200
8010,10,400,"sd","10:29:14",901300
8010,10,900,"sd","10:29:14",900900
8010,10,400,"bu","10:29:10",900000
8010,10,2000,"bu","10:29:10",899600
8010,10,5000,"bu","10:29:10",897600
8010,10,3000,"bu","10:29:10",892600
8010,10,3000,"bu","10:29:10",889600
8010,10,3000,"bu","10:29:10",886600
8010,10,1000,"bu","10:29:10",883600
8000,0,500,"sd","10:29:10",882600
8000,0,5000,"sd","10:28:27",882100
8000,0,1500,"sd","10:28:27",877100
8000,0,500,"bu","10:28:21",875600
8000,0,9500,"bu","10:27:58",875100
8000,0,10000,"sd","10:27:51",865600
8000,0,400,"bu","10:27:46",855600
8000,0,100,"bu","10:27:46",855200
8000,0,400,"sd","10:27:34",855100
8000,0,100,"bu","10:27:20",854700
8000,0,400,"bu","10:27:03",854600
8000,0,100,"bu","10:27:03",854200
8000,0,2000,"bu","10:26:46",854100
8000,0,7900,"bu","10:26:30",852100
8000,0,1000,"bu","10:26:30",844200
8000,0,3000,"bu","10:26:30",843200
8000,0,100,"bu","10:26:30",840200
8000,0,1900,"bu","10:25:58",840100
8000,0,400,"bu","10:25:58",838200
8000,0,200,"bu","10:25:58",837800
8000,0,500,"bu","10:25:58",837600
8000,0,8400,"bu","10:25:58",837100
8000,0,1000,"bu","10:25:58",828700
8000,0,6000,"bu","10:25:58",827700
8000,0,2000,"bu","10:25:58",821700
8000,0,500,"bu","10:25:58",819700
8000,0,1000,"bu","10:25:58",819200
8000,0,10000,"bu","10:25:58",818200
8000,0,2000,"bu","10:25:58",808200
8000,0,200,"bu","10:25:58",806200
8000,0,200,"bu","10:25:58",806000
8000,0,3000,"bu","10:25:58",805800
8000,0,2000,"bu","10:25:58",802800
8000,0,100,"bu","10:25:58",800800
8000,0,200,"bu","10:25:57",800700
8000,0,200,"bu","10:25:57",800500
8000,0,500,"bu","10:25:57",800300
8000,0,2000,"bu","10:25:57",799800
8000,0,800,"bu","10:25:57",797800
8000,0,1000,"bu","10:25:57",797000
8000,0,100,"bu","10:25:57",796000
8000,0,1000,"bu","10:25:57",795900
8000,0,2000,"bu","10:25:57",794900
8000,0,2000,"bu","10:25:57",792900
8000,0,600,"bu","10:25:57",790900
8000,0,200,"bu","10:25:57",790300
7990,-10,1300,"sd","10:25:48",790100
7990,-10,3700,"sd","10:25:48",788800
7990,-10,300,"sd","10:25:14",785100
7990,-10,2000,"bu","10:25:04",784800
7990,-10,1000,"sd","10:24:53",782800
7990,-10,3000,"sd","10:24:49",781800
7990,-10,6000,"bu","10:24:17",778800
8000,0,800,"bu","10:23:51",772800
7990,-10,1500,"bu","10:23:51",772000
7990,-10,2000,"bu","10:23:51",770500
7990,-10,5000,"bu","10:23:51",768500
7990,-10,500,"bu","10:23:51",763500
7990,-10,2000,"bu","10:23:51",763000
7980,-20,200,"bu","10:23:51",761000
7980,-20,1300,"bu","10:23:46",760800
7980,-20,500,"bu","10:23:31",759500
7970,-30,5000,"bu","10:23:20",759000
7970,-30,2000,"bu","10:23:20",754000
7970,-30,300,"bu","10:23:20",752000
7970,-30,300,"bu","10:23:20",751700
7970,-30,6400,"bu","10:23:20",751400
7970,-30,300,"bu","10:23:18",745000
7970,-30,100,"bu","10:23:03",744700
7960,-40,100,"sd","10:22:38",744600
7960,-40,3500,"bu","10:22:28",744500
7960,-40,29300,"bu","10:22:15",741000
7960,-40,200,"bu","10:22:15",711700
7960,-40,20000,"bu","10:22:15",711500
7960,-40,500,"bu","10:22:15",691500
7960,-40,100,"bu","10:22:14",691000
7950,-50,300,"bu","10:21:49",690900
7950,-50,300,"bu","10:21:47",690600
7950,-50,1000,"bu","10:21:45",690300
7950,-50,3400,"bu","10:21:28",689300
7950,-50,500,"bu","10:21:28",685900
7950,-50,100,"bu","10:21:28",685400
7950,-50,1000,"bu","10:21:28",685300
7950,-50,800,"bu","10:21:21",684300
7950,-50,100,"bu","10:19:54",683500
7950,-50,1000,"bu","10:19:53",683400
7950,-50,100,"bu","10:19:28",682400
7950,-50,100,"bu","10:19:06",682300
7950,-50,1700,"bu","10:19:00",682200
7950,-50,100,"bu","10:18:51",680500
7950,-50,5000,"bu","10:18:34",680400
7940,-60,400,"sd","10:18:08",675400
7950,-50,100,"bu","10:17:32",675000
7950,-50,2900,"bu","10:17:32",674900
7940,-60,4000,"sd","10:16:32",672000
7940,-60,8300,"sd","10:15:27",668000
7940,-60,100,"sd","10:15:27",659700
7940,-60,1000,"sd","10:15:27",659600
7940,-60,100,"sd","10:15:27",658600
7940,-60,300,"sd","10:15:27",658500
7940,-60,3000,"sd","10:15:27",658200
7940,-60,1300,"sd","10:15:27",655200
7950,-50,500,"bu","10:15:19",653900
7950,-50,100,"bu","10:15:13",653400
7950,-50,1500,"bu","10:14:58",653300
7950,-50,500,"bu","10:14:58",651800
7950,-50,500,"bu","10:14:07",651300
7950,-50,100,"bu","10:14:07",650800
7950,-50,100,"bu","10:14:07",650700
7950,-50,300,"bu","10:14:07",650600
7950,-50,100,"bu","10:13:49",650300
7950,-50,100,"bu","10:13:29",650200
7950,-50,100,"bu","10:13:21",650100
7950,-50,2000,"bu","10:13:20",650000
7950,-50,100,"bu","10:13:13",648000
7950,-50,200,"bu","10:13:07",647900
7950,-50,100,"bu","10:13:05",647700
7950,-50,100,"bu","10:13:03",647600
7940,-60,1500,"sd","10:12:59",647500
7950,-50,100,"bu","10:12:53",646000
7950,-50,5000,"bu","10:12:44",645900
7950,-50,100,"bu","10:12:37",640900
7950,-50,1000,"bu","10:12:15",640800
7950,-50,1100,"bu","10:12:10",639800
7950,-50,100,"bu","10:11:16",638700
7950,-50,700,"bu","10:11:06",638600
7950,-50,200,"bu","10:10:56",637900
7950,-50,200,"bu","10:10:55",637700
7950,-50,100,"bu","10:10:43",637500
7950,-50,1000,"bu","10:10:36",637400
7950,-50,5000,"bu","10:10:35",636400
7950,-50,100,"bu","10:09:47",631400
7950,-50,2200,"sd","10:09:40",631300
7950,-50,3800,"bu","10:09:20",629100
7950,-50,100,"bu","10:09:10",625300
7950,-50,1000,"sd","10:08:59",625200
7950,-50,100,"sd","10:08:59",624200
7950,-50,5400,"sd","10:08:59",624100
7960,-40,300,"bu","10:07:11",618700
7950,-50,2600,"sd","10:07:10",618400
7950,-50,1100,"sd","10:07:10",615800
7950,-50,100,"sd","10:07:10",614700
7950,-50,1200,"sd","10:07:10",614600
7960,-40,500,"bu","10:06:21",613400
7960,-40,500,"bu","10:06:12",612900
7950,-50,300,"bu","10:05:37",612400
7950,-50,3500,"bu","10:05:37",612100
7940,-60,7200,"sd","10:05:37",608600
7940,-60,2800,"sd","10:05:37",601400
7950,-50,200,"bu","10:05:34",598600
7950,-50,100,"bu","10:05:20",598400
7950,-50,1000,"sd","10:05:13",598300
7950,-50,600,"sd","10:05:13",597300
7950,-50,200,"sd","10:05:13",596700
7950,-50,100,"sd","10:05:13",596500
7950,-50,1000,"sd","10:05:13",596400
7950,-50,300,"sd","10:05:13",595400
7950,-50,1000,"sd","10:05:13",595100
7950,-50,1000,"sd","10:05:13",594100
7950,-50,300,"sd","10:05:00",593100
7960,-40,1000,"sd","10:05:00",592800
7960,-40,1000,"bu","10:04:56",591800
7950,-50,100,"bu","10:03:35",590800
7950,-50,500,"bu","10:03:35",590700
7950,-50,1100,"bu","10:03:35",590200
7940,-60,200,"sd","10:03:35",589100
7950,-50,900,"bu","10:03:32",588900
7950,-50,9100,"bu","10:03:32",588000
7950,-50,3600,"bu","10:03:22",578900
7930,-70,400,"sd","10:02:20",575300
7930,-70,300,"sd","10:02:20",574900
7950,-50,300,"bu","10:01:57",574600
7950,-50,30000,"bu","10:01:40",574300
7930,-70,200,"bu","10:01:01",544300
7930,-70,500,"bu","10:00:58",544100
7930,-70,1000,"bu","10:00:57",543600
7930,-70,1000,"bu","10:00:55",542600
7930,-70,400,"bu","10:00:55",541600
7930,-70,100,"bu","10:00:55",541200
7930,-70,6800,"bu","10:00:55",541100
7930,-70,8200,"bu","10:00:20",534300
7920,-80,4600,"sd","10:00:20",526100
7920,-80,300,"sd","10:00:20",521500
7920,-80,100,"sd","10:00:20",521200
7920,-80,2000,"sd","10:00:20",521100
7920,-80,300,"sd","10:00:20",519100
7920,-80,100,"sd","10:00:20",518800
7920,-80,600,"sd","10:00:20",518700
7930,-70,2000,"bu","10:00:15",518100
7930,-70,700,"sd","10:00:13",516100
7930,-70,1000,"sd","10:00:13",515400
7930,-70,2000,"sd","10:00:13",514400
7930,-70,3000,"sd","10:00:13",512400
7930,-70,100,"sd","10:00:13",509400
7930,-70,100,"sd","10:00:13",509300
7930,-70,700,"sd","10:00:13",509200
7930,-70,1900,"sd","10:00:13",508500
7930,-70,100,"sd","10:00:13",506600
7930,-70,5000,"sd","10:00:13",506500
7930,-70,500,"sd","10:00:13",501500
7930,-70,200,"sd","10:00:13",501000
7930,-70,1000,"sd","10:00:13",500800
7930,-70,1000,"sd","10:00:13",499800
7930,-70,500,"sd","10:00:13",498800
7930,-70,800,"sd","10:00:13",498300
7940,-60,200,"sd","10:00:13",497500
7940,-60,1000,"sd","10:00:13",497300
7930,-70,200,"bu","09:58:55",496300
7930,-70,6000,"bu","09:58:33",496100
7930,-70,2000,"sd","09:58:26",490100
7930,-70,200,"sd","09:58:26",488100
7930,-70,1600,"sd","09:58:26",487900
7930,-70,1400,"bu","09:58:08",486300
7930,-70,600,"sd","09:58:05",484900
7930,-70,4100,"bu","09:58:05",484300
7930,-70,10300,"bu","09:58:05",480200
7930,-70,500,"bu","09:58:01",469900
7930,-70,1000,"bu","09:57:59",469400
7930,-70,3000,"bu","09:57:58",468400
7930,-70,400,"bu","09:57:47",465400
7930,-70,100,"bu","09:57:45",465000
7930,-70,400,"bu","09:57:44",464900
7930,-70,200,"bu","09:57:43",464500
7930,-70,100,"bu","09:57:43",464300
7930,-70,400,"bu","09:57:43",464200
7930,-70,300,"bu","09:57:43",463800
7930,-70,100,"bu","09:57:43",463500
7930,-70,100,"bu","09:57:43",463400
7930,-70,500,"bu","09:57:43",463300
7930,-70,2000,"unknown","09:57:43",462800
7930,-70,600,"sd","09:57:43",460800
7930,-70,100,"sd","09:57:40",460200
7930,-70,2300,"bu","09:57:10",460100
7930,-70,100,"bu","09:57:09",457800
7930,-70,1000,"sd","09:57:01",457700
7930,-70,200,"sd","09:57:01",456700
7930,-70,200,"sd","09:57:01",456500
7930,-70,1000,"sd","09:57:01",456300
7930,-70,10000,"sd","09:57:01",455300
7930,-70,100,"sd","09:57:01",445300
7930,-70,5100,"sd","09:57:01",445200
7930,-70,900,"bu","09:56:17",440100
7930,-70,100,"sd","09:56:01",439200
7920,-80,400,"sd","09:55:36",439100
7920,-80,100,"sd","09:55:36",438700
7920,-80,500,"sd","09:55:36",438600
7920,-80,1000,"sd","09:55:33",438100
7920,-80,5500,"sd","09:55:33",437100
7930,-70,400,"sd","09:55:33",431600
7930,-70,200,"sd","09:55:33",431200
7930,-70,100,"sd","09:55:33",431000
7930,-70,2800,"sd","09:55:33",430900
7930,-70,1000,"sd","09:55:15",428100
7930,-70,300,"sd","09:54:30",427100
7930,-70,3000,"sd","09:54:26",426800
7930,-70,5000,"sd","09:54:26",423800
7930,-70,7900,"sd","09:54:26",418800
7920,-80,800,"sd","09:54:20",410900
7920,-80,3700,"sd","09:53:59",410100
7920,-80,500,"sd","09:53:59",406400
7920,-80,800,"sd","09:53:59",405900
7930,-70,4000,"bu","09:53:14",405100
7920,-80,200,"sd","09:52:59",401100
7920,-80,9800,"sd","09:52:59",400900
7930,-70,1000,"bu","09:52:45",391100
7930,-70,500,"sd","09:52:45",390100
7930,-70,600,"sd","09:52:45",389600
7930,-70,400,"sd","09:52:21",389000
7930,-70,9600,"sd","09:52:21",388600
7930,-70,400,"sd","09:51:54",379000
7930,-70,200,"sd","09:51:54",378600
7930,-70,800,"sd","09:51:47",378400
7930,-70,2600,"bu","09:51:30",377600
7930,-70,2400,"bu","09:51:30",375000
7930,-70,6000,"bu","09:51:29",372600
7930,-70,6000,"bu","09:51:28",366600
7930,-70,6000,"bu","09:51:26",360600
7930,-70,40000,"bu","09:51:20",354600
7930,-70,1000,"bu","09:51:16",314600
7930,-70,500,"bu","09:51:12",313600
7930,-70,500,"bu","09:51:01",313100
7930,-70,1000,"bu","09:50:38",312600
7930,-70,1100,"sd","09:50:35",311600
7930,-70,4900,"sd","09:50:26",310500
7930,-70,500,"sd","09:50:26",305600
7930,-70,100,"sd","09:50:26",305100
7930,-70,200,"sd","09:50:26",305000
7930,-70,100,"sd","09:50:17",304800
7930,-70,200,"sd","09:50:11",304700
7920,-80,200,"sd","09:49:54",304500
7930,-70,500,"sd","09:49:54",304300
7930,-70,1000,"sd","09:49:54",303800
7930,-70,500,"sd","09:49:54",302800
7930,-70,800,"sd","09:49:54",302300
7930,-70,300,"sd","09:49:32",301500
7930,-70,100,"sd","09:49:28",301200
7930,-70,800,"sd","09:48:49",301100
7930,-70,200,"sd","09:48:49",300300
7930,-70,800,"bu","09:48:45",300100
7930,-70,500,"bu","09:48:41",299300
7930,-70,1000,"bu","09:48:34",298800
7930,-70,5000,"bu","09:48:34",297800
7930,-70,10000,"bu","09:48:34",292800
7930,-70,500,"bu","09:48:34",282800
7930,-70,100,"bu","09:48:34",282300
7930,-70,300,"bu","09:48:34",282200
7930,-70,200,"sd","09:48:04",281900
7930,-70,4500,"sd","09:47:53",281700
7930,-70,500,"sd","09:47:53",277200
7930,-70,100,"sd","09:47:40",276700
7930,-70,10000,"sd","09:47:30",276600
7930,-70,300,"sd","09:47:30",266600
7930,-70,1000,"sd","09:47:30",266300
7930,-70,600,"sd","09:47:30",265300
7930,-70,3400,"sd","09:47:29",264700
7930,-70,1200,"sd","09:47:29",261300
7930,-70,2000,"sd","09:47:29",260100
7930,-70,5000,"sd","09:47:29",258100
7930,-70,300,"sd","09:47:29",253100
7930,-70,100,"sd","09:47:29",252800
7930,-70,1100,"sd","09:47:29",252700
7940,-60,3800,"bu","09:47:25",251600
7940,-60,300,"bu","09:47:25",247800
7940,-60,1000,"bu","09:47:25",247500
7940,-60,900,"bu","09:47:25",246500
7930,-70,2900,"sd","09:47:03",245600
7940,-60,500,"bu","09:46:57",242700
7940,-60,100,"sd","09:46:48",242200
7940,-60,300,"bu","09:46:48",242100
7940,-60,500,"bu","09:46:40",241800
7940,-60,100,"sd","09:46:26",241300
7940,-60,1000,"sd","09:46:26",241200
7940,-60,800,"sd","09:46:26",240200
7940,-60,300,"sd","09:46:26",239400
7940,-60,700,"bu","09:46:03",239100
7940,-60,100,"bu","09:46:03",238400
7940,-60,300,"bu","09:46:02",238300
7940,-60,500,"bu","09:45:38",238000
7940,-60,100,"bu","09:45:34",237500
7940,-60,400,"bu","09:45:34",237400
7940,-60,1000,"bu","09:45:31",237000
7940,-60,5000,"sd","09:45:22",236000
7940,-60,2000,"sd","09:45:22",231000
7940,-60,1600,"sd","09:45:22",229000
7940,-60,500,"sd","09:45:19",227400
7940,-60,900,"bu","09:44:43",226900
7940,-60,800,"bu","09:44:42",226000
7940,-60,1000,"bu","09:44:41",225200
7930,-70,1000,"sd","09:44:38",224200
7940,-60,500,"bu","09:44:34",223200
7940,-60,100,"sd","09:44:29",222700
7940,-60,400,"sd","09:44:29",222600
7940,-60,100,"sd","09:44:29",222200
7940,-60,200,"sd","09:44:29",222100
7950,-50,2000,"bu","09:44:24",221900
7940,-60,1800,"sd","09:44:20",219900
7940,-60,500,"sd","09:44:20",218100
7940,-60,700,"sd","09:44:20",217600
7940,-60,1500,"sd","09:44:14",216900
7940,-60,2800,"sd","09:43:59",215400
7940,-60,200,"sd","09:43:59",212600
7940,-60,100,"sd","09:43:58",212400
7940,-60,500,"sd","09:43:58",212300
7940,-60,100,"sd","09:43:58",211800
7940,-60,300,"sd","09:43:58",211700
7940,-60,700,"sd","09:43:51",211400
7940,-60,800,"sd","09:43:51",210700
7950,-50,4000,"bu","09:43:45",209900
7950,-50,1000,"bu","09:43:36",205900
7950,-50,500,"bu","09:43:30",204900
7940,-60,200,"sd","09:43:18",204400
7940,-60,200,"sd","09:43:18",204200
7950,-50,500,"bu","09:43:04",204000
7950,-50,500,"bu","09:42:57",203500
7950,-50,500,"bu","09:42:52",203000
7950,-50,5000,"bu","09:42:43",202500
7950,-50,5000,"bu","09:42:40",197500
7950,-50,18500,"sd","09:42:40",192500
7950,-50,1900,"bu","09:42:27",174000
7950,-50,500,"sd","09:42:22",172100
7950,-50,200,"sd","09:42:22",171600
7950,-50,500,"sd","09:42:22",171400
7950,-50,500,"sd","09:42:22",170900
7950,-50,2000,"sd","09:42:22",170400
7950,-50,500,"sd","09:42:22",168400
7950,-50,500,"sd","09:42:22",167900
7950,-50,300,"sd","09:42:22",167400
7950,-50,100,"sd","09:42:22",167100
7950,-50,300,"sd","09:41:46",167000
7950,-50,500,"sd","09:41:46",166700
7950,-50,200,"sd","09:41:46",166200
7950,-50,9000,"sd","09:41:46",166000
7970,-30,100,"bu","09:41:41",157000
7950,-50,1000,"sd","09:41:29",156900
7960,-40,100,"sd","09:41:29",155900
7960,-40,200,"sd","09:41:29",155800
7960,-40,700,"sd","09:41:29",155600
7970,-30,800,"bu","09:41:06",154900
7960,-40,500,"sd","09:40:40",154100
7960,-40,400,"sd","09:40:37",153600
7960,-40,1500,"sd","09:40:19",153200
7960,-40,900,"bu","09:40:18",151700
7960,-40,4100,"bu","09:40:16",150800
7960,-40,400,"bu","09:40:16",146700
7960,-40,500,"bu","09:40:16",146300
7960,-40,100,"bu","09:40:08",145800
7960,-40,400,"bu","09:39:51",145700
7960,-40,900,"bu","09:39:51",145300
7960,-40,600,"bu","09:39:39",144400
7960,-40,500,"sd","09:39:33",143800
7960,-40,600,"bu","09:39:03",143300
7960,-40,2400,"sd","09:38:58",142700
7960,-40,2600,"bu","09:38:30",140300
7960,-40,100,"sd","09:38:26",137700
7960,-40,100,"sd","09:38:26",137600
7960,-40,2000,"sd","09:38:26",137500
7960,-40,500,"sd","09:38:26",135500
7960,-40,1000,"sd","09:38:26",135000
7960,-40,100,"sd","09:38:26",134000
7960,-40,100,"sd","09:38:26",133900
7960,-40,200,"sd","09:38:26",133800
7960,-40,200,"sd","09:38:26",133600
7960,-40,1000,"sd","09:38:26",133400
7960,-40,2100,"sd","09:38:26",132400
7970,-30,100,"bu","09:38:06",130300
7970,-30,500,"bu","09:37:31",130200
7970,-30,500,"bu","09:37:29",129700
7960,-40,400,"sd","09:37:26",129200
7960,-40,900,"sd","09:37:26",128800
7970,-30,200,"bu","09:37:12",127900
7970,-30,200,"bu","09:37:05",127700
7970,-30,300,"bu","09:36:24",127500
7960,-40,100,"sd","09:35:13",127200
7970,-30,500,"bu","09:35:02",127100
7910,-90,1000,"sd","09:34:33",126600
7920,-80,200,"sd","09:34:33",125600
7920,-80,500,"sd","09:34:33",125400
7920,-80,1500,"sd","09:34:33",124900
7920,-80,100,"sd","09:34:33",123400
7920,-80,100,"sd","09:34:33",123300
7940,-60,2000,"unknown","09:34:33",123200
7950,-50,100,"unknown","09:34:33",121200
7950,-50,10000,"unknown","09:34:33",121100
7950,-50,100,"unknown","09:34:33",111100
7950,-50,500,"unknown","09:34:33",111000
7950,-50,1000,"unknown","09:34:33",110500
7950,-50,5000,"unknown","09:34:33",109500
7950,-50,900,"unknown","09:34:33",104500
7950,-50,100,"unknown","09:34:33",103600
7950,-50,1000,"unknown","09:34:33",103500
7950,-50,200,"unknown","09:34:33",102500
7950,-50,500,"sd","09:34:33",102300
7950,-50,6400,"sd","09:34:33",101800
7950,-50,100,"sd","09:34:33",95400
7960,-40,1000,"sd","09:34:33",95300
7960,-40,200,"sd","09:34:33",94300
7960,-40,800,"sd","09:34:33",94100
7960,-40,500,"sd","09:34:33",93300
7960,-40,600,"sd","09:34:33",92800
7960,-40,10000,"sd","09:34:33",92200
7970,-30,500,"sd","09:34:33",82200
7970,-30,800,"sd","09:34:33",81700
7970,-30,500,"sd","09:34:33",80900
7970,-30,3000,"sd","09:34:33",80400
7970,-30,2500,"sd","09:34:33",77400
7970,-30,3000,"sd","09:34:17",74900
7970,-30,4300,"sd","09:34:11",71900
7970,-30,3000,"sd","09:34:11",67600
7980,-20,200,"sd","09:34:11",64600
7980,-20,100,"sd","09:34:11",64400
7980,-20,100,"sd","09:34:11",64300
7980,-20,1000,"sd","09:34:11",64200
7980,-20,500,"sd","09:34:11",63200
7980,-20,500,"sd","09:34:11",62700
7980,-20,200,"sd","09:34:11",62200
7980,-20,1000,"sd","09:34:11",62000
7980,-20,2000,"sd","09:34:11",61000
7980,-20,1000,"sd","09:34:11",59000
7980,-20,2000,"sd","09:34:11",58000
7980,-20,500,"sd","09:34:11",56000
7980,-20,3600,"sd","09:34:11",55500
7990,-10,1000,"bu","09:34:02",51900
7980,-20,400,"sd","09:34:01",50900
7980,-20,1000,"sd","09:33:45",50500
7990,-10,200,"bu","09:33:34",49500
7990,-10,400,"bu","09:32:30",49300
7990,-10,800,"bu","09:32:14",48900
7990,-10,200,"bu","09:31:52",48100
7990,-10,200,"sd","09:31:47",47900
7990,-10,100,"sd","09:31:47",47700
7990,-10,500,"sd","09:31:47",47600
7990,-10,500,"sd","09:31:47",47100
7990,-10,4100,"sd","09:31:47",46600
7990,-10,900,"sd","09:31:08",42500
7990,-10,100,"sd","09:31:08",41600
8000,0,100,"bu","09:30:49",41500
8000,0,5000,"bu","09:30:42",41400
8000,0,100,"bu","09:30:42",36400
8000,0,500,"bu","09:29:15",36300
8000,0,100,"bu","09:29:12",35800
8000,0,500,"bu","09:28:07",35700
8000,0,500,"sd","09:27:57",35200
8000,0,4100,"sd","09:27:37",34700
8000,0,400,"sd","09:27:37",30600
8000,0,200,"bu","09:27:04",30200
8000,0,500,"sd","09:26:21",30000
8000,0,400,"sd","09:26:21",29500
8000,0,100,"sd","09:26:21",29100
8000,0,4500,"sd","09:26:21",29000
8000,0,200,"sd","09:26:02",24500
8000,0,300,"sd","09:23:54",24300
8000,0,200,"sd","09:23:54",24000
8000,0,100,"sd","09:23:23",23800
8000,0,200,"sd","09:23:19",23700
8000,0,1500,"sd","09:21:38",23500
8000,0,100,"sd","09:21:38",22000
8000,0,300,"sd","09:21:38",21900
8000,0,1100,"sd","09:21:38",21600
8000,0,900,"sd","09:21:33",20500
8010,10,100,"sd","09:21:33",19600
8030,30,100,"bu","09:20:52",19500
8020,20,800,"bu","09:20:52",19400
8020,20,500,"bu","09:20:52",18600
8020,20,1500,"bu","09:20:52",18100
8010,10,100,"bu","09:20:52",16600
8010,10,300,"sd","09:20:37",16500
8020,20,1000,"bu","09:19:43",16200
8020,20,2000,"bu","09:19:26",15200
8010,10,1000,"sd","09:18:42",13200
8010,10,300,"bu","09:18:08",12200
8000,0,3500,"bu","09:17:19",11900
8000,0,1000,"bu","09:15:37",8400
8000,0,7400,"bu","09:15:00",7400
