"price","change","match_qtty","side","time","total_vol"
14500,1200,124600,"unknown","14:45:01",4976500
14400,1100,500,"bu","14:29:47",4851900
14400,1100,2000,"bu","14:29:45",4851400
14400,1100,2000,"bu","14:29:35",4849400
14400,1100,200,"bu","14:29:27",4847400
14400,1100,300,"bu","14:29:21",4847200
14300,1000,5000,"sd","14:29:16",4846900
14400,1100,600,"bu","14:29:09",4841900
14400,1100,1200,"bu","14:29:05",4841300
14400,1100,1000,"bu","14:28:58",4840100
14400,1100,100,"bu","14:28:39",4839100
14300,1000,2000,"sd","14:28:33",4839000
14300,1000,800,"bu","14:27:45",4837000
14300,1000,100,"bu","14:27:38",4836200
14300,1000,300,"bu","14:27:35",4836100
14300,1000,100,"bu","14:27:28",4835800
14300,1000,1000,"sd","14:27:24",4835700
14300,1000,1000,"bu","14:27:21",4834700
14300,1000,200,"bu","14:27:16",4833700
14300,1000,8800,"sd","14:27:14",4833500
14300,1000,1000,"sd","14:26:58",4824700
14300,1000,1000,"sd","14:26:32",4823700
14300,1000,5000,"sd","14:26:27",4822700
14300,1000,100,"sd","14:26:09",4817700
14300,1000,2000,"sd","14:26:03",4817600
14300,1000,100,"sd","14:25:42",4815600
14300,1000,400,"sd","14:25:34",4815500
14300,1000,200,"sd","14:25:24",4815100
14300,1000,1300,"sd","14:25:13",4814900
14300,1000,1000,"bu","14:25:12",4813600
14300,1000,400,"bu","14:25:10",4812600
14300,1000,4000,"bu","14:25:09",4812200
14300,1000,10700,"bu","14:25:06",4808200
14300,1000,400,"bu","14:24:59",4797500
14300,1000,1400,"bu","14:24:44",4797100
14300,1000,1000,"bu","14:24:41",4795700
14300,1000,500,"bu","14:24:38",4794700
14300,1000,200,"bu","14:24:33",4794200
14200,900,6000,"sd","14:24:30",4794000
14300,1000,1500,"bu","14:24:29",4788000
14300,1000,300,"bu","14:24:27",4786500
14300,1000,1500,"bu","14:24:26",4786200
14300,1000,900,"bu","14:24:25",4784700
14300,1000,1500,"bu","14:24:24",4783800
14300,1000,30000,"bu","14:24:22",4782300
14300,1000,9000,"bu","14:24:20",4752300
14300,1000,500,"bu","14:24:13",4743300
14300,1000,200,"bu","14:24:09",4742800
14300,1000,600,"bu","14:24:08",4742600
14200,900,100,"sd","14:23:44",4742000
14300,1000,5000,"bu","14:23:42",4741900
14300,1000,3600,"bu","14:23:27",4736900
14200,900,3000,"sd","14:23:23",4733300
14200,900,500,"sd","14:23:17",4730300
14200,900,3400,"sd","14:23:16",4729800
14200,900,17500,"sd","14:23:15",4726400
14100,800,50300,"sd","14:23:14",4708900
14200,900,500,"bu","14:23:07",4658600
14200,900,500,"bu","14:23:00",4658100
14200,900,11800,"sd","14:22:51",4657600
14200,900,3000,"sd","14:22:48",4645800
14200,900,800,"sd","14:22:47",4642800
14200,900,600,"sd","14:22:46",4642000
14200,900,5900,"sd","14:22:45",4641400
14200,900,1100,"sd","14:22:43",4635500
14200,900,800,"sd","14:22:41",4634400
14200,900,100,"sd","14:22:33",4633600
14300,1000,100,"bu","14:22:30",4633500
14200,900,300,"sd","14:22:28",4633400
14200,900,400,"sd","14:22:26",4633100
14300,1000,2100,"bu","14:22:21",4632700
14300,1000,100,"bu","14:22:17",4630600
14300,1000,500,"bu","14:22:06",4630500
14300,1000,8800,"sd","14:21:57",4630000
14300,1000,200,"sd","14:21:49",4621200
14300,1000,1000,"sd","14:21:47",4621000
14300,1000,10100,"sd","14:21:44",4620000
14300,1000,6600,"sd","14:21:36",4609900
14400,1100,100,"bu","14:21:26",4603300
14300,1000,1000,"sd","14:21:19",4603200
14300,1000,300,"sd","14:21:18",4602200
14400,1100,1300,"bu","14:21:12",4601900
14300,1000,500,"sd","14:21:10",4600600
14300,1000,2000,"sd","14:21:09",4600100
14300,1000,3400,"sd","14:21:08",4598100
14300,1000,1700,"sd","14:20:55",4594700
14400,1100,100,"bu","14:20:51",4593000
14300,1000,1000,"sd","14:20:50",4592900
14300,1000,1000,"sd","14:20:47",4591900
14300,1000,300,"sd","14:20:46",4590900
14300,1000,5000,"sd","14:20:40",4590600
14300,1000,1000,"sd","14:20:37",4585600
14300,1000,5000,"sd","14:20:35",4584600
14300,1000,1000,"sd","14:20:33",4579600
14300,1000,100,"sd","14:20:29",4578600
14300,1000,4700,"sd","14:20:27",4578500
14300,1000,100,"sd","14:20:23",4573800
14300,1000,300,"sd","14:20:20",4573700
14300,1000,2700,"sd","14:20:08",4573400
14400,1100,10000,"bu","14:20:01",4570700
14400,1100,500,"bu","14:19:54",4560700
14400,1100,2000,"bu","14:19:39",4560200
14400,1100,2500,"sd","14:19:35",4558200
14400,1100,500,"sd","14:19:33",4555700
14400,1100,1000,"sd","14:19:32",4555200
14400,1100,8000,"sd","14:19:31",4554200
14400,1100,5000,"sd","14:19:29",4546200
14400,1100,2000,"sd","14:19:28",4541200
14400,1100,1000,"sd","14:19:26",4539200
14400,1100,2000,"sd","14:19:25",4538200
14400,1100,5000,"sd","14:19:23",4536200
14400,1100,5000,"sd","14:19:20",4531200
14400,1100,5000,"sd","14:19:18",4526200
14400,1100,1000,"sd","14:19:15",4521200
14400,1100,2700,"sd","14:19:14",4520200
14400,1100,11300,"sd","14:19:12",4517500
14400,1100,4700,"sd","14:19:07",4506200
14400,1100,8000,"sd","14:19:05",4501500
14500,1200,5600,"bu","14:19:04",4493500
14500,1200,40500,"bu","14:19:00",4487900
14400,1100,1000,"sd","14:18:59",4447400
14400,1100,10000,"sd","14:18:56",4446400
14500,1200,500,"bu","14:18:40",4436400
14500,1200,500,"bu","14:18:33",4435900
14500,1200,300,"bu","14:18:28",4435400
14500,1200,100,"bu","14:18:25",4435100
14500,1200,1600,"bu","14:18:20",4435000
14500,1200,2000,"bu","14:18:19",4433400
14500,1200,500,"bu","14:18:14",4431400
14500,1200,100,"bu","14:18:11",4430900
14500,1200,100,"bu","14:18:09",4430800
14500,1200,100,"bu","14:18:08",4430700
14500,1200,2300,"bu","14:18:04",4430600
14500,1200,1000,"bu","14:17:57",4428300
14500,1200,15100,"bu","14:17:52",4427300
14500,1200,100,"bu","14:17:50",4412200
14500,1200,2000,"bu","14:17:47",4412100
14500,1200,1000,"bu","14:17:38",4410100
14500,1200,500,"sd","14:17:36",4409100
14500,1200,1000,"sd","14:17:34",4408600
14500,1200,500,"sd","14:17:33",4407600
14500,1200,10000,"sd","14:17:32",4407100
14500,1200,3000,"sd","14:17:31",4397100
14500,1200,6500,"sd","14:17:30",4394100
14500,1200,1000,"sd","14:17:28",4387600
14500,1200,600,"sd","14:17:24",4386600
14500,1200,10000,"sd","14:17:23",4386000
14500,1200,1000,"sd","14:17:20",4376000
14500,1200,6400,"sd","14:17:19",4375000
14500,1200,3500,"sd","14:17:16",4368600
14500,1200,1000,"sd","14:17:13",4365100
14500,1200,400,"sd","14:17:09",4364100
14500,1200,52000,"sd","14:17:05",4363700
14500,1200,5000,"sd","14:17:02",4311700
14600,1300,3000,"bu","14:17:01",4306700
14600,1300,20000,"bu","14:16:59",4303700
14600,1300,1000,"bu","14:16:50",4283700
14500,1200,500,"sd","14:16:43",4282700
14500,1200,1000,"sd","14:16:42",4282200
14500,1200,4000,"sd","14:16:37",4281200
14500,1200,6000,"sd","14:16:29",4277200
14600,1300,100,"bu","14:16:25",4271200
14500,1200,500,"sd","14:16:22",4271100
14600,1300,800,"bu","14:16:15",4270600
14600,1300,100,"bu","14:16:14",4269800
14500,1200,100,"sd","14:16:04",4269700
14500,1200,200,"sd","14:16:00",4269600
14500,1200,500,"sd","14:15:59",4269400
14500,1200,1000,"sd","14:15:57",4268900
14500,1200,7100,"sd","14:15:50",4267900
14500,1200,3000,"sd","14:15:47",4260800
14600,1300,300,"bu","14:15:43",4257800
14600,1300,300,"bu","14:15:40",4257500
14500,1200,5000,"sd","14:15:19",4257200
14600,1300,5000,"bu","14:15:16",4252200
14600,1300,100,"bu","14:15:12",4247200
14600,1300,100,"bu","14:15:09",4247100
14600,1300,300,"bu","14:15:06",4247000
14600,1300,2000,"bu","14:15:04",4246700
14600,1300,1000,"bu","14:14:48",4244700
14600,1300,700,"bu","14:14:45",4243700
14600,1300,7300,"bu","14:14:38",4243000
14600,1300,400,"bu","14:14:32",4235700
14600,1300,500,"bu","14:14:30",4235300
14600,1300,200,"bu","14:14:29",4234800
14600,1300,2000,"bu","14:14:27",4234600
14500,1200,7000,"sd","14:14:26",4232600
14600,1300,2000,"bu","14:14:17",4225600
14600,1300,500,"bu","14:14:16",4223600
14600,1300,2000,"bu","14:14:11",4223100
14600,1300,2000,"bu","14:13:49",4221100
14500,1200,4600,"sd","14:13:46",4219100
14500,1200,3000,"sd","14:13:43",4214500
14600,1300,200,"bu","14:13:35",4211500
14500,1200,1300,"sd","14:13:25",4211300
14500,1200,300,"sd","14:13:14",4210000
14600,1300,3200,"bu","14:13:13",4209700
14500,1200,1200,"sd","14:13:12",4206500
14500,1200,1000,"sd","14:13:05",4205300
14500,1200,1000,"sd","14:13:01",4204300
14500,1200,1000,"sd","14:12:52",4203300
14600,1300,300,"bu","14:12:51",4202300
14500,1200,300,"sd","14:12:47",4202000
14500,1200,3000,"sd","14:12:34",4201700
14500,1200,1200,"sd","14:12:29",4198700
14500,1200,5000,"sd","14:12:24",4197500
14500,1200,100,"sd","14:12:23",4192500
14500,1200,1000,"sd","14:12:10",4192400
14600,1300,1000,"bu","14:12:09",4191400
14500,1200,2000,"sd","14:12:04",4190400
14500,1200,3000,"sd","14:12:03",4188400
14600,1300,500,"bu","14:11:59",4185400
14500,1200,500,"sd","14:11:51",4184900
14500,1200,1000,"sd","14:11:48",4184400
14500,1200,300,"sd","14:11:45",4183400
14500,1200,5000,"sd","14:11:34",4183100
14500,1200,1400,"sd","14:11:30",4178100
14500,1200,4000,"sd","14:11:29",4176700
14500,1200,500,"sd","14:11:28",4172700
14500,1200,200,"sd","14:11:27",4172200
14500,1200,3000,"sd","14:11:26",4172000
14500,1200,3700,"sd","14:11:12",4169000
14600,1300,200,"bu","14:11:08",4165300
14600,1300,100,"bu","14:11:07",4165100
14500,1200,500,"sd","14:10:55",4165000
14500,1200,14000,"sd","14:10:41",4164500
14600,1300,100,"bu","14:10:32",4150500
14600,1300,200,"bu","14:10:28",4150400
14600,1300,2000,"bu","14:10:21",4150200
14600,1300,1000,"bu","14:10:14",4148200
14500,1200,100,"sd","14:10:13",4147200
14600,1300,500,"bu","14:10:10",4147100
14600,1300,300,"bu","14:10:07",4146600
14600,1300,100,"bu","14:10:02",4146300
14600,1300,16500,"bu","14:09:59",4146200
14600,1300,30000,"bu","14:09:51",4129700
14500,1200,1000,"sd","14:09:48",4099700
14600,1300,100,"bu","14:09:46",4098700
14500,1200,100,"sd","14:09:44",4098600
14600,1300,200,"bu","14:09:08",4098500
14600,1300,100,"bu","14:09:07",4098300
14500,1200,100,"sd","14:09:06",4098200
14500,1200,36800,"sd","14:09:00",4098100
14500,1200,5000,"bu","14:08:57",4061300
14500,1200,100,"bu","14:08:53",4056300
14500,1200,700,"bu","14:08:52",4056200
14500,1200,1000,"bu","14:08:51",4055500
14500,1200,5000,"bu","14:08:46",4054500
14500,1200,2000,"bu","14:08:44",4049500
14500,1200,1000,"bu","14:08:42",4047500
14500,1200,20000,"bu","14:08:40",4046500
14500,1200,4000,"bu","14:08:39",4026500
14500,1200,300,"bu","14:08:34",4022500
14500,1200,1000,"bu","14:08:31",4022200
14500,1200,5000,"bu","14:08:28",4021200
14500,1200,100,"bu","14:08:27",4016200
14500,1200,4400,"bu","14:08:26",4016100
14500,1200,100,"bu","14:08:25",4011700
14500,1200,2000,"bu","14:08:22",4011600
14500,1200,50000,"bu","14:08:19",4009600
14500,1200,200,"bu","14:08:18",3959600
14500,1200,1300,"bu","14:08:09",3959400
14500,1200,1000,"bu","14:08:04",3958100
14500,1200,1000,"bu","14:08:03",3957100
14500,1200,6000,"bu","14:07:51",3956100
14500,1200,1000,"bu","14:07:41",3950100
14500,1200,900,"bu","14:07:40",3949100
14500,1200,2000,"bu","14:07:38",3948200
14500,1200,100,"bu","14:07:34",3946200
14500,1200,800,"bu","14:07:27",3946100
14500,1200,1000,"bu","14:07:09",3945300
14500,1200,21000,"bu","14:06:57",3944300
14500,1200,700,"bu","14:06:51",3923300
14500,1200,700,"bu","14:06:44",3922600
14500,1200,1000,"bu","14:06:32",3921900
14500,1200,200,"bu","14:06:28",3920900
14500,1200,500,"bu","14:06:23",3920700
14500,1200,500,"bu","14:06:04",3920200
14400,1100,1500,"sd","14:05:58",3919700
14400,1100,32300,"bu","14:05:49",3918200
14400,1100,100,"bu","14:05:48",3885900
14400,1100,6000,"bu","14:05:47",3885800
14400,1100,2000,"bu","14:05:43",3879800
14400,1100,5500,"bu","14:05:42",3877800
14400,1100,100,"bu","14:05:40",3872300
14400,1100,500,"bu","14:05:38",3872200
14400,1100,1000,"bu","14:05:36",3871700
14400,1100,100,"bu","14:05:31",3870700
14400,1100,1000,"bu","14:05:28",3870600
14400,1100,300,"bu","14:05:26",3869600
14400,1100,2000,"bu","14:05:25",3869300
14400,1100,3000,"bu","14:05:22",3867300
14400,1100,1000,"bu","14:05:21",3864300
14400,1100,21000,"bu","14:05:20",3863300
14400,1100,500,"bu","14:05:17",3842300
14400,1100,10000,"bu","14:05:05",3841800
14400,1100,5000,"bu","14:04:59",3831800
14400,1100,200,"bu","14:04:54",3826800
14400,1100,1000,"bu","14:04:44",3826600
14400,1100,14300,"bu","14:04:37",3825600
14400,1100,100,"bu","14:04:35",3811300
14400,1100,200,"bu","14:04:34",3811200
14400,1100,6200,"bu","14:04:33",3811000
14400,1100,100,"bu","14:04:31",3804800
14400,1100,3000,"bu","14:04:16",3804700
14300,1000,600,"sd","14:04:05",3801700
14400,1100,500,"bu","14:04:04",3801100
14400,1100,700,"bu","14:04:01",3800600
14400,1100,700,"bu","14:03:52",3799900
14400,1100,8000,"bu","14:03:48",3799200
14400,1100,500,"bu","14:03:40",3791200
14400,1100,6000,"bu","14:03:38",3790700
14400,1100,1000,"bu","14:03:32",3784700
14400,1100,1700,"bu","14:03:30",3783700
14400,1100,700,"bu","14:03:29",3782000
14400,1100,500,"bu","14:03:25",3781300
14300,1000,100,"sd","14:03:22",3780800
14400,1100,3000,"bu","14:03:10",3780700
14300,1000,500,"sd","14:03:00",3777700
14300,1000,100,"sd","14:01:57",3777200
14300,1000,3600,"bu","14:01:52",3777100
14300,1000,2200,"bu","14:01:50",3773500
14300,1000,200,"bu","14:01:49",3771300
14300,1000,35000,"bu","14:01:46",3771100
14300,1000,800,"bu","14:01:39",3736100
14300,1000,60000,"bu","14:01:32",3735300
14300,1000,400,"bu","14:01:30",3675300
14300,1000,200,"bu","14:01:26",3674900
14300,1000,8300,"bu","14:01:22",3674700
14300,1000,3000,"bu","14:01:19",3666400
14300,1000,5000,"bu","14:01:15",3663400
14300,1000,1400,"bu","14:01:01",3658400
14300,1000,1000,"bu","14:01:00",3657000
14300,1000,3000,"bu","14:00:57",3656000
14300,1000,300,"bu","14:00:51",3653000
14300,1000,1600,"bu","14:00:28",3652700
14300,1000,2000,"bu","14:00:18",3651100
14300,1000,1000,"bu","13:59:43",3649100
14300,1000,100,"bu","13:59:30",3648100
14300,1000,1000,"bu","13:59:24",3648000
14300,1000,1000,"bu","13:59:23",3647000
14300,1000,2000,"bu","13:58:57",3646000
14200,900,5700,"bu","13:57:52",3644000
14200,900,1000,"bu","13:57:50",3638300
14200,900,20000,"bu","13:57:47",3637300
14200,900,2000,"bu","13:57:45",3617300
14200,900,10500,"bu","13:57:40",3615300
14200,900,1900,"bu","13:57:38",3604800
14200,900,9000,"bu","13:57:37",3602900
14200,900,1000,"bu","13:57:33",3593900
14200,900,600,"bu","13:57:31",3592900
14200,900,2000,"bu","13:57:19",3592300
14200,900,2000,"bu","13:57:12",3590300
14200,900,15000,"bu","13:57:08",3588300
14200,900,100,"bu","13:56:58",3573300
14200,900,500,"bu","13:56:57",3573200
14200,900,100,"bu","13:56:50",3572700
14200,900,4000,"bu","13:56:41",3572600
14200,900,1000,"bu","13:56:37",3568600
14200,900,300,"bu","13:56:36",3567600
14200,900,100,"bu","13:56:35",3567300
14200,900,5300,"bu","13:56:30",3567200
14200,900,1000,"bu","13:56:27",3561900
14200,900,500,"bu","13:56:23",3560900
14200,900,10000,"bu","13:56:09",3560400
14200,900,1000,"bu","13:55:56",3550400
14200,900,2000,"bu","13:55:53",3549400
14200,900,1200,"bu","13:55:46",3547400
14200,900,5700,"bu","13:55:38",3546200
14200,900,40000,"bu","13:55:28",3540500
14200,900,1300,"bu","13:55:12",3500500
14200,900,9000,"bu","13:54:58",3499200
14200,900,500,"bu","13:54:49",3490200
14100,800,1000,"sd","13:54:12",3489700
14100,800,2600,"sd","13:53:39",3488700
14100,800,100,"sd","13:53:33",3486100
14100,800,300,"sd","13:53:19",3486000
14100,800,12000,"sd","13:52:27",3485700
14100,800,100,"sd","13:52:24",3473700
14100,800,100,"sd","13:51:45",3473600
14100,800,500,"sd","13:51:28",3473500
14200,900,1000,"bu","13:50:31",3473000
14100,800,500,"sd","13:50:30",3472000
14200,900,100,"bu","13:50:27",3471500
14200,900,500,"bu","13:50:21",3471400
14200,900,800,"bu","13:49:48",3470900
14200,900,2000,"bu","13:49:22",3470100
14200,900,1000,"bu","13:48:40",3468100
14100,800,1000,"sd","13:48:38",3467100
14200,900,100,"bu","13:48:17",3466100
14100,800,2000,"sd","13:48:09",3466000
14100,800,7000,"sd","13:48:06",3464000
14100,800,13200,"sd","13:47:18",3457000
14100,800,1000,"sd","13:47:16",3443800
14100,800,100,"sd","13:46:15",3442800
14200,900,100,"bu","13:46:13",3442700
14100,800,300,"sd","13:45:51",3442600
14100,800,2500,"sd","13:44:58",3442300
14100,800,800,"sd","13:44:35",3439800
14100,800,2000,"sd","13:44:13",3439000
14100,800,200,"sd","13:44:04",3437000
14100,800,2200,"sd","13:44:01",3436800
14200,900,16000,"bu","13:43:47",3434600
14200,900,100,"bu","13:43:41",3418600
14100,800,100,"sd","13:43:32",3418500
14100,800,100,"sd","13:43:07",3418400
14200,900,100,"bu","13:43:00",3418300
14200,900,7600,"bu","13:42:05",3418200
14200,900,20000,"bu","13:41:44",3410600
14100,800,2000,"sd","13:40:49",3390600
14100,800,1200,"sd","13:40:47",3388600
14100,800,3000,"sd","13:40:10",3387400
14100,800,1000,"sd","13:39:57",3384400
14100,800,500,"bu","13:39:51",3383400
14100,800,400,"bu","13:39:45",3382900
14100,800,1000,"bu","13:39:38",3382500
14100,800,2900,"bu","13:39:35",3381500
14100,800,10000,"bu","13:39:33",3378600
14100,800,2800,"bu","13:39:32",3368600
14100,800,100,"bu","13:39:29",3365800
14100,800,15800,"bu","13:39:28",3365700
14100,800,2500,"bu","13:39:26",3349900
14100,800,100,"bu","13:39:19",3347400
14100,800,200,"bu","13:39:10",3347300
14100,800,5000,"bu","13:39:04",3347100
14100,800,50000,"bu","13:38:57",3342100
14100,800,1500,"bu","13:38:55",3292100
14100,800,500,"bu","13:38:44",3290600
14100,800,2500,"bu","13:38:07",3290100
14100,800,300,"bu","13:37:56",3287600
14000,700,1000,"sd","13:37:45",3287300
14100,800,1500,"bu","13:37:12",3286300
14100,800,10000,"bu","13:37:02",3284800
14100,800,4100,"bu","13:36:52",3274800
14100,800,1000,"bu","13:36:48",3270700
14100,800,500,"bu","13:36:47",3269700
14000,700,3000,"sd","13:36:33",3269200
14100,800,100,"bu","13:36:28",3266200
14000,700,1000,"sd","13:36:20",3266100
14000,700,500,"sd","13:35:52",3265100
14000,700,100,"sd","13:35:26",3264600
14000,700,1000,"sd","13:35:21",3264500
14000,700,35000,"sd","13:35:17",3263500
14000,700,1000,"sd","13:34:14",3228500
14000,700,1500,"sd","13:33:34",3227500
14000,700,200,"sd","13:33:28",3226000
14000,700,1500,"sd","13:33:07",3225800
14100,800,4000,"bu","13:33:03",3224300
14000,700,100,"sd","13:32:52",3220300
14100,800,500,"bu","13:32:46",3220200
14100,800,100,"bu","13:32:28",3219700
14100,800,500,"bu","13:32:25",3219600
14100,800,1100,"bu","13:32:18",3219100
14100,800,700,"bu","13:32:17",3218000
14100,800,100,"bu","06:31:59",3217300
14100,800,13500,"bu","13:31:58",3217200
14100,800,50000,"sd","13:31:53",3203700
14100,800,2000,"sd","13:31:43",3153700
14200,900,1500,"bu","13:31:23",3151700
14100,800,50000,"sd","13:31:19",3150200
14200,900,500,"bu","13:30:23",3100200
14200,900,1000,"bu","13:29:42",3099700
14100,800,100,"sd","13:29:31",3098700
14100,800,900,"sd","13:29:01",3098600
14100,800,300,"sd","13:28:57",3097700
14100,800,3200,"sd","13:28:54",3097400
14100,800,500,"sd","13:28:12",3094200
14100,800,1000,"sd","13:28:04",3093700
14100,800,1000,"sd","13:27:46",3092700
14100,800,1000,"sd","13:27:44",3091700
14100,800,500,"sd","13:27:27",3090700
14100,800,500,"sd","13:26:39",3090200
14100,800,200,"sd","13:23:28",3089700
14100,800,2000,"sd","13:23:23",3089500
14200,900,300,"bu","13:22:55",3087500
14100,800,4400,"sd","13:22:47",3087200
14200,900,900,"bu","13:22:29",3082800
14200,900,100,"bu","13:22:17",3081900
14200,900,400,"bu","13:22:16",3081800
14200,900,100,"bu","13:22:13",3081400
14200,900,10000,"bu","13:22:06",3081300
14200,900,5000,"bu","13:22:02",3071300
14100,800,27000,"sd","13:22:00",3066300
14200,900,2000,"bu","13:21:58",3039300
14200,900,3500,"bu","13:21:55",3037300
14100,800,2000,"sd","13:21:52",3033800
14200,900,1000,"bu","13:21:51",3031800
14200,900,10000,"bu","13:21:49",3030800
14200,900,1000,"bu","13:21:47",3020800
14200,900,15000,"bu","13:21:44",3019800
14200,900,100,"bu","13:21:37",3004800
14200,900,15000,"bu","13:21:27",3004700
14200,900,1400,"bu","13:21:04",2989700
14100,800,500,"sd","13:20:52",2988300
14200,900,14100,"bu","13:20:49",2987800
14200,900,5000,"bu","13:20:37",2973700
14200,900,2000,"bu","13:19:41",2968700
14100,800,200,"sd","13:19:40",2966700
14200,900,6700,"bu","13:19:38",2966500
14200,900,3000,"bu","13:19:34",2959800
14200,900,1500,"bu","13:19:24",2956800
14200,900,2000,"bu","13:19:21",2955300
14200,900,100,"bu","13:19:13",2953300
14200,900,600,"bu","13:18:53",2953200
14100,800,2000,"sd","13:18:18",2952600
14100,800,100,"sd","13:17:23",2950600
14100,800,100,"sd","13:17:20",2950500
14100,800,1000,"sd","13:17:10",2950400
14100,800,100,"sd","13:16:39",2949400
14100,800,200,"sd","13:16:34",2949300
14100,800,200,"sd","13:16:22",2949100
14200,900,400,"bu","13:16:18",2948900
14200,900,2200,"bu","13:16:13",2948500
14200,900,1000,"bu","13:15:32",2946300
14100,800,1200,"sd","13:15:02",2945300
14100,800,100,"sd","13:14:58",2944100
14100,800,100,"sd","13:14:57",2944000
14100,800,500,"sd","13:14:37",2943900
14100,800,3000,"sd","13:14:14",2943400
14100,800,800,"bu","13:14:05",2940400
14100,800,300,"bu","13:13:45",2939600
14100,800,400,"bu","13:13:23",2939300
14100,800,100,"bu","13:13:19",2938900
14100,800,100,"bu","13:13:15",2938800
14100,800,6800,"bu","13:13:09",2938700
14100,800,500,"bu","13:12:52",2931900
14100,800,800,"bu","13:12:48",2931400
14100,800,800,"bu","13:12:46",2930600
14100,800,2000,"bu","13:12:43",2929800
14100,800,1400,"bu","13:12:24",2927800
14100,800,5000,"bu","13:12:18",2926400
14100,800,4200,"bu","13:11:57",2921400
14100,800,100,"sd","13:11:54",2917200
14100,800,11400,"sd","13:11:51",2917100
14100,800,200,"sd","13:11:17",2905700
14100,800,2900,"bu","13:11:13",2905500
14100,800,200,"bu","13:11:11",2902600
14100,800,5600,"bu","13:11:10",2902400
14100,800,200,"bu","13:11:08",2896800
14100,800,15000,"bu","13:11:07",2896600
14100,800,500,"bu","13:11:03",2881600
14100,800,1000,"bu","13:10:53",2881100
14100,800,1000,"bu","13:10:51",2880100
14100,800,3000,"bu","13:10:40",2879100
14100,800,100,"bu","13:10:39",2876100
14100,800,3000,"bu","13:10:37",2876000
14100,800,1000,"bu","13:10:22",2873000
14000,700,500,"sd","13:10:12",2872000
14000,700,2000,"sd","13:09:58",2871500
14000,700,500,"sd","13:09:24",2869500
14000,700,100,"sd","13:09:11",2869000
14100,800,5000,"bu","13:09:10",2868900
14000,700,100,"sd","13:09:06",2863900
14000,700,44000,"sd","13:08:57",2863800
14000,700,200,"sd","13:08:56",2819800
14000,700,300,"sd","13:08:02",2819600
14000,700,2000,"sd","13:07:55",2819300
14100,800,900,"bu","13:07:47",2817300
14000,700,100,"sd","13:07:26",2816400
14100,800,20000,"bu","13:07:16",2816300
14100,800,100,"bu","13:06:57",2796300
14000,700,100,"sd","13:06:35",2796200
14000,700,200,"sd","13:06:14",2796100
14000,700,13100,"sd","13:06:10",2795900
14000,700,1800,"bu","13:06:08",2782800
14000,700,1000,"bu","13:05:59",2781000
14000,700,1000,"bu","13:05:51",2780000
14000,700,1000,"bu","13:05:46",2779000
14000,700,1800,"bu","13:05:42",2778000
14000,700,100,"bu","13:05:41",2776200
14000,700,100,"bu","13:05:33",2776100
14000,700,5200,"bu","13:05:25",2776000
14000,700,5000,"bu","13:05:16",2770800
14000,700,100,"bu","13:05:15",2765800
14000,700,19700,"sd","13:04:56",2765700
14000,700,100,"sd","13:04:46",2746000
14000,700,500,"sd","13:04:36",2745900
14000,700,100,"sd","13:04:32",2745400
14000,700,500,"sd","13:04:17",2745300
14000,700,400,"sd","13:04:06",2744800
14000,700,1000,"sd","13:04:03",2744400
14000,700,2900,"bu","13:04:02",2743400
14000,700,6100,"sd","13:04:01",2740500
14000,700,200,"sd","13:03:57",2734400
14000,700,20200,"sd","13:03:56",2734200
14000,700,1000,"sd","13:03:48",2714000
14000,700,500,"sd","13:03:47",2713000
14000,700,2800,"sd","13:03:45",2712500
14000,700,11000,"sd","13:03:42",2709700
14000,700,300,"sd","13:03:41",2698700
14000,700,9300,"sd","13:03:39",2698400
14000,700,500,"sd","13:03:35",2689100
14000,700,700,"sd","13:03:27",2688600
14000,700,500,"sd","13:02:37",2687900
14000,700,1000,"sd","13:02:32",2687400
14000,700,100,"sd","13:02:31",2686400
14000,700,200,"sd","13:02:22",2686300
14000,700,1500,"sd","13:02:19",2686100
14000,700,100,"sd","13:02:15",2684600
14000,700,400,"sd","13:02:14",2684500
14000,700,1500,"sd","13:01:44",2684100
14000,700,5000,"sd","13:01:36",2682600
14000,700,1000,"sd","13:01:35",2677600
14100,800,5500,"bu","13:01:16",2676600
14000,700,300,"sd","13:01:05",2671100
14100,800,100,"bu","13:00:57",2670800
14000,700,1800,"sd","13:00:53",2670700
14000,700,100,"sd","13:00:25",2668900
14100,800,5000,"bu","13:00:11",2668800
14100,800,700,"bu","13:00:10",2663800
14100,800,3000,"bu","13:00:09",2663100
14100,800,600,"bu","13:00:08",2660100
14100,800,500,"bu","13:00:07",2659500
14100,800,17000,"bu","13:00:06",2659000
14000,700,1100,"sd","13:00:05",2642000
14000,700,8000,"sd","13:00:04",2640900
14100,800,1000,"bu","11:29:59",2632900
14100,800,4300,"bu","11:29:47",2631900
14100,800,200,"bu","11:29:23",2627600
14100,800,1000,"bu","11:28:48",2627400
14100,800,1000,"bu","11:27:49",2626400
14100,800,500,"bu","11:27:33",2625400
14000,700,100,"sd","11:27:06",2624900
14100,800,200,"bu","11:25:11",2624800
14100,800,200,"bu","11:24:41",2624600
14100,800,4800,"bu","11:24:29",2624400
14100,800,1000,"bu","11:23:50",2619600
14100,800,1500,"bu","11:23:26",2618600
14100,800,5000,"bu","11:22:53",2617100
14100,800,400,"bu","11:22:33",2612100
14100,800,2000,"bu","11:22:21",2611700
14100,800,400,"bu","11:22:02",2609700
14100,800,500,"bu","11:22:01",2609300
14100,800,1000,"bu","11:21:53",2608800
14100,800,1000,"bu","11:21:46",2607800
14100,800,200,"bu","11:21:08",2606800
14100,800,500,"bu","11:21:02",2606600
14100,800,47000,"bu","11:20:22",2606100
14100,800,200,"bu","11:19:13",2559100
14000,700,200,"sd","11:17:26",2558900
14000,700,500,"sd","11:16:58",2558700
14000,700,2500,"sd","11:16:33",2558200
14000,700,100,"sd","11:16:21",2555700
14000,700,1000,"sd","11:15:24",2555600
14000,700,43100,"sd","11:15:20",2554600
14000,700,10000,"bu","11:15:17",2511500
14000,700,7100,"bu","11:14:40",2501500
14000,700,1800,"bu","11:14:28",2494400
14000,700,5000,"bu","11:14:12",2492600
14000,700,300,"bu","11:13:38",2487600
14000,700,100,"bu","11:13:11",2487300
14000,700,6400,"bu","11:12:55",2487200
13900,600,1100,"sd","11:12:32",2480800
14000,700,1400,"bu","11:12:28",2479700
14000,700,2000,"bu","11:12:21",2478300
14000,700,1000,"bu","11:12:18",2476300
14000,700,300,"bu","11:11:41",2475300
14000,700,6500,"bu","11:11:22",2475000
14000,700,1000,"bu","11:11:17",2468500
14000,700,200,"bu","11:10:38",2467500
14000,700,10100,"bu","11:09:49",2467300
14000,700,200,"bu","11:09:46",2457200
14000,700,13600,"bu","11:09:29",2457000
14000,700,30000,"sd","11:09:14",2443400
14100,800,200,"bu","11:08:22",2413400
14100,800,7000,"bu","11:06:19",2413200
14000,700,500,"sd","11:06:06",2406200
14000,700,500,"sd","11:05:48",2405700
14000,700,500,"sd","11:04:39",2405200
14000,700,2000,"sd","11:04:23",2404700
14000,700,61600,"sd","11:04:21",2402700
14000,700,1500,"bu","11:03:31",2341100
14000,700,200,"bu","11:03:30",2339600
14000,700,14500,"bu","11:03:11",2339400
14000,700,1000,"bu","11:03:07",2324900
14000,700,5600,"bu","11:03:03",2323900
14000,700,500,"bu","11:02:55",2318300
14000,700,1000,"bu","11:02:46",2317800
14000,700,200,"bu","11:02:18",2316800
14000,700,1000,"bu","11:01:50",2316600
14000,700,500,"bu","11:01:22",2315600
14000,700,100,"bu","11:01:04",2315100
14000,700,200,"bu","11:00:42",2315000
14000,700,3000,"bu","11:00:38",2314800
14000,700,5000,"bu","11:00:29",2311800
14000,700,500,"bu","10:59:58",2306800
14000,700,5000,"bu","10:59:49",2306300
14000,700,500,"bu","10:59:21",2301300
14000,700,6000,"bu","10:59:03",2300800
14000,700,2000,"bu","10:58:55",2294800
14000,700,5000,"bu","10:58:22",2292800
14000,700,100,"bu","10:58:01",2287800
13900,600,100,"sd","10:57:58",2287700
14000,700,1500,"bu","10:57:57",2287600
14000,700,5000,"bu","10:56:36",2286100
14000,700,2000,"bu","10:55:19",2281100
14000,700,300,"bu","10:54:54",2279100
14000,700,1400,"bu","10:54:53",2278800
14000,700,1000,"bu","10:54:43",2277400
14000,700,1000,"bu","10:54:20",2276400
14000,700,200,"bu","10:54:19",2275400
14000,700,300,"bu","10:53:47",2275200
14000,700,1000,"bu","10:53:22",2274900
14000,700,500,"bu","10:53:08",2273900
14000,700,600,"bu","10:52:43",2273400
14000,700,4400,"bu","10:52:32",2272800
14000,700,2000,"sd","10:52:30",2268400
14000,700,200,"sd","10:52:18",2266400
14000,700,300,"sd","10:52:17",2266200
14000,700,2000,"sd","10:52:11",2265900
14000,700,10000,"sd","10:52:08",2263900
14000,700,600,"sd","10:52:05",2253900
14000,700,1000,"sd","10:52:04",2253300
14000,700,10000,"sd","10:51:56",2252300
14000,700,5000,"sd","10:51:50",2242300
14000,700,23200,"sd","10:51:41",2237300
14000,700,7800,"sd","10:51:40",2214100
14000,700,1100,"sd","10:51:32",2206300
14000,700,200,"sd","10:51:31",2205200
14000,700,400,"sd","10:51:29",2205000
14000,700,200,"sd","10:50:39",2204600
14000,700,1000,"sd","10:50:37",2204400
14000,700,11300,"sd","10:50:34",2203400
14000,700,200,"sd","10:49:37",2192100
14000,700,300,"sd","10:49:30",2191900
14000,700,5000,"sd","10:49:21",2191600
14000,700,500,"sd","10:49:15",2186600
14000,700,1000,"sd","10:49:11",2186100
14000,700,200,"sd","10:49:10",2185100
14000,700,900,"sd","10:48:58",2184900
14000,700,500,"sd","10:48:51",2184000
14000,700,5000,"sd","10:48:41",2183500
14000,700,500,"sd","10:48:17",2178500
14000,700,3000,"sd","10:47:58",2178000
14000,700,5000,"sd","10:47:48",2175000
14000,700,14600,"sd","10:47:32",2170000
14000,700,5000,"sd","10:47:27",2155400
14000,700,100,"sd","10:47:16",2150400
14000,700,7000,"sd","10:46:50",2150300
14000,700,1000,"sd","10:45:44",2143300
14000,700,1000,"sd","10:45:12",2142300
14100,800,100,"bu","10:45:07",2141300
14100,800,1500,"bu","10:42:24",2141200
14100,800,17000,"bu","10:41:56",2139700
14000,700,1700,"sd","10:41:26",2122700
14100,800,2000,"bu","10:40:56",2121000
14100,800,1000,"bu","10:40:29",2119000
14100,800,500,"bu","10:38:51",2118000
14000,700,2000,"sd","10:38:41",2117500
14000,700,500,"sd","10:37:29",2115500
14000,700,100,"sd","10:37:15",2115000
14000,700,4000,"sd","10:36:44",2114900
14000,700,200,"sd","10:36:39",2110900
14000,700,3000,"sd","10:36:35",2110700
14000,700,6700,"sd","10:36:13",2107700
14000,700,500,"sd","10:36:08",2101000
14000,700,15000,"sd","10:35:48",2100500
14000,700,4000,"sd","10:35:10",2085500
14100,800,700,"bu","10:34:57",2081500
14000,700,9000,"sd","10:34:51",2080800
14100,800,5000,"bu","10:34:10",2071800
14100,800,100,"bu","10:34:08",2066800
14100,800,500,"bu","10:34:02",2066700
14100,800,100,"bu","10:33:45",2066200
14100,800,3000,"bu","10:32:21",2066100
14100,800,100,"bu","10:32:06",2063100
14100,800,300,"bu","10:31:15",2063000
14100,800,300,"bu","10:30:38",2062700
14100,800,700,"bu","10:30:27",2062400
14000,700,400,"sd","10:30:25",2061700
14000,700,100,"sd","10:29:53",2061300
14000,700,600,"sd","10:29:31",2061200
14100,800,20000,"bu","10:29:24",2060600
14000,700,10000,"sd","10:29:23",2040600
14000,700,26600,"sd","10:28:57",2030600
14000,700,300,"sd","10:28:48",2004000
14000,700,2000,"sd","10:28:35",2003700
14000,700,500,"sd","10:28:10",2001700
14000,700,2000,"sd","10:28:03",2001200
14000,700,3000,"sd","10:27:52",1999200
14000,700,200,"sd","10:27:49",1996200
14000,700,5000,"sd","10:27:11",1996000
14000,700,2000,"sd","10:26:58",1991000
14000,700,500,"sd","10:26:39",1989000
14000,700,2000,"sd","10:26:34",1988500
14100,800,300,"bu","10:26:13",1986500
14100,800,100,"bu","10:25:50",1986200
14100,800,3500,"bu","10:24:34",1986100
14000,700,10000,"sd","10:24:32",1982600
14000,700,4000,"sd","10:23:35",1972600
14000,700,3300,"sd","10:23:25",1968600
14100,800,126900,"sd","10:22:59",1965300
14100,800,20000,"sd","10:22:06",1838400
14100,800,500,"sd","10:21:33",1818400
14100,800,5000,"sd","10:21:21",1817900
14100,800,10200,"sd","10:21:07",1812900
14100,800,200,"sd","10:20:38",1802700
14100,800,200,"sd","10:20:26",1802500
14100,800,100,"sd","10:19:59",1802300
14100,800,7000,"sd","10:19:55",1802200
14100,800,2000,"sd","10:19:51",1795200
14100,800,2000,"sd","10:19:35",1793200
14200,900,1000,"bu","10:19:33",1791200
14100,800,100,"sd","10:19:24",1790200
14100,800,200,"sd","10:19:13",1790100
14100,800,200,"sd","10:19:01",1789900
14100,800,1100,"sd","10:18:58",1789700
14100,800,8000,"sd","10:18:53",1788600
14100,800,1000,"sd","10:18:49",1780600
14100,800,100,"sd","10:18:30",1779600
14100,800,100,"sd","10:18:04",1779500
14100,800,500,"sd","10:18:03",1779400
14100,800,1000,"sd","10:17:47",1778900
14100,800,15000,"sd","10:17:43",1777900
14100,800,5000,"sd","10:17:33",1762900
14200,900,300,"bu","10:17:06",1757900
14100,800,100,"sd","10:17:05",1757600
14100,800,10000,"sd","10:16:57",1757500
14100,800,14600,"sd","10:16:31",1747500
14100,800,1000,"sd","10:16:13",1732900
14100,800,100,"sd","10:16:10",1731900
14100,800,10000,"sd","10:16:04",1731800
14100,800,400,"sd","10:14:30",1721800
14100,800,1000,"sd","10:14:14",1721400
14100,800,500,"sd","10:13:51",1720400
14200,900,500,"bu","10:13:39",1719900
14100,800,500,"sd","10:13:18",1719400
14200,900,1000,"bu","10:11:36",1718900
14200,900,100,"bu","10:11:35",1717900
14200,900,100,"bu","10:10:13",1717800
14100,800,1100,"sd","10:09:46",1717700
14100,800,10000,"sd","10:09:43",1716600
14100,800,1000,"sd","10:09:10",1706600
14100,800,500,"sd","10:08:51",1705600
14100,800,2000,"sd","10:08:33",1705100
14100,800,2000,"sd","10:08:08",1703100
14200,900,500,"bu","10:07:47",1701100
14100,800,1800,"sd","10:07:21",1700600
14100,800,900,"bu","10:07:20",1698800
14100,800,200,"bu","10:07:13",1697900
14100,800,5000,"bu","10:06:45",1697700
14100,800,300,"bu","10:06:41",1692700
14100,800,12300,"bu","10:06:19",1692400
14100,800,300,"sd","10:06:03",1680100
14100,800,1400,"sd","10:05:11",1679800
14100,800,1400,"sd","10:04:51",1678400
14100,800,500,"sd","10:04:48",1677000
14100,800,500,"sd","10:04:46",1676500
14100,800,1500,"sd","10:04:22",1676000
14100,800,500,"sd","10:04:17",1674500
14100,800,2000,"sd","10:04:02",1674000
14100,800,20900,"sd","10:03:55",1672000
14000,700,1300,"sd","10:03:47",1651100
14000,700,16000,"sd","10:03:23",1649800
14100,800,5000,"bu","10:03:07",1633800
14100,800,300,"bu","10:02:47",1628800
14100,800,13600,"bu","10:02:45",1628500
14100,800,10000,"sd","10:02:42",1614900
14100,800,500,"sd","10:02:32",1604900
14100,800,50000,"sd","10:01:55",1604400
14100,800,5000,"sd","10:01:42",1554400
14200,900,1400,"bu","10:01:33",1549400
14200,900,300,"bu","10:01:09",1548000
14100,800,3000,"sd","10:00:34",1547700
14200,900,100,"bu","10:00:20",1544700
14200,900,100,"bu","10:00:00",1544600
14200,900,900,"bu","09:58:13",1544500
14200,900,500,"sd","09:57:45",1543600
14200,900,100,"sd","09:57:05",1543100
14200,900,100,"sd","09:57:01",1543000
14300,1000,20000,"bu","09:56:56",1542900
14200,900,1700,"sd","09:56:48",1522900
14200,900,1000,"bu","09:56:29",1521200
14200,900,200,"bu","09:56:24",1520200
14200,900,100,"bu","09:56:17",1520000
14100,800,500,"sd","09:56:15",1519900
14200,900,10100,"bu","09:56:07",1519400
14200,900,5000,"bu","09:55:33",1509300
14100,800,400,"sd","09:55:22",1504300
14100,800,15000,"sd","09:55:01",1503900
14100,800,492600,"sd","09:54:43",1488900
14200,900,200,"sd","09:30:41",996300
14200,900,400,"sd","09:30:39",996100
14200,900,2000,"bu","09:30:38",995700
14200,900,300,"bu","09:30:35",993700
14200,900,300,"bu","09:30:33",993400
14200,900,100,"bu","09:30:28",993100
14200,900,1000,"bu","09:30:26",993000
14100,800,8500,"sd","09:30:24",992000
14200,900,2700,"bu","09:30:22",983500
14200,900,1400,"bu","09:30:15",980800
14200,900,2000,"bu","09:30:11",979400
14200,900,300,"bu","09:30:09",977400
14200,900,1000,"bu","09:29:55",977100
14200,900,200,"bu","09:29:54",976100
14200,900,100,"bu","09:29:51",975900
14200,900,800,"bu","09:29:50",975800
14200,900,500,"bu","09:29:48",975000
14200,900,300,"bu","09:29:45",974500
14200,900,300,"bu","09:29:43",974200
14200,900,300,"bu","09:29:42",973900
14200,900,1000,"bu","09:29:41",973600
14200,900,200,"bu","09:29:40",972600
14200,900,100,"bu","09:29:38",972400
14200,900,5000,"bu","09:29:37",972300
14200,900,200,"bu","09:29:35",967300
14200,900,100,"bu","09:29:31",967100
14200,900,5100,"bu","09:29:28",967000
14200,900,100,"bu","09:29:23",961900
14200,900,44000,"bu","09:29:14",961800
14100,800,100,"sd","09:29:13",917800
14100,800,5000,"sd","09:28:57",917700
14100,800,100,"sd","09:28:51",912700
14100,800,200,"sd","09:28:50",912600
14200,900,200,"bu","09:28:49",912400
14100,800,2000,"sd","09:28:44",912200
14100,800,400,"sd","09:28:39",910200
14100,800,500,"unknown","09:28:24",909800
14100,800,9300,"bu","09:28:21",909300
14100,800,1100,"bu","09:28:19",900000
14100,800,1600,"bu","09:28:13",898900
14100,800,700,"bu","09:28:11",897300
14100,800,200,"bu","09:28:08",896600
14100,800,2000,"bu","09:28:03",896400
14100,800,3700,"bu","09:28:00",894400
14100,800,200,"bu","09:27:55",890700
14000,700,300,"sd","09:27:53",890500
14100,800,1000,"bu","09:27:36",890200
14100,800,5000,"bu","09:27:34",889200
14000,700,100,"sd","09:27:30",884200
14100,800,100,"bu","09:27:25",884100
14100,800,9700,"bu","09:27:24",884000
14100,800,200,"bu","09:27:23",874300
14100,800,100,"bu","09:27:18",874100
14100,800,8200,"bu","09:27:14",874000
14100,800,3600,"bu","09:27:08",865800
14100,800,500,"bu","09:27:04",862200
14100,800,400,"bu","09:27:01",861700
14100,800,100,"bu","09:27:00",861300
14000,700,5000,"sd","09:26:47",861200
14100,800,3000,"sd","09:26:46",856200
14100,800,17500,"bu","09:26:45",853200
14100,800,2000,"bu","09:26:44",835700
14100,800,100,"bu","09:26:43",833700
14000,700,2200,"sd","09:26:37",833600
14000,700,500,"sd","09:26:36",831400
14000,700,31200,"sd","09:26:33",830900
14000,700,1000,"bu","09:26:31",799700
14000,700,13100,"bu","09:26:30",798700
14000,700,1200,"bu","09:26:23",785600
14000,700,3000,"bu","09:26:19",784400
14000,700,1200,"bu","09:26:16",781400
14000,700,300,"bu","09:26:06",780200
13900,600,100,"sd","09:25:46",779900
13900,600,100,"sd","09:25:35",779800
13900,600,1000,"sd","09:25:33",779700
14000,700,20500,"bu","09:25:32",778700
13900,600,100,"bu","09:25:31",758200
13900,600,3000,"bu","09:25:30",758100
13900,600,3600,"bu","09:25:29",755100
13900,600,16000,"bu","09:25:27",751500
13900,600,3000,"bu","09:25:24",735500
13900,600,1100,"bu","09:25:21",732500
13900,600,1000,"bu","09:25:11",731400
13900,600,100,"bu","09:25:09",730400
13900,600,2000,"bu","09:25:02",730300
13900,600,10000,"bu","09:25:01",728300
13900,600,10000,"bu","09:24:57",718300
13900,600,1000,"bu","09:24:52",708300
13900,600,500,"bu","09:24:45",707300
13900,600,700,"bu","09:24:41",706800
13900,600,500,"bu","09:24:40",706100
13900,600,2600,"bu","09:24:37",705600
13800,500,100,"sd","09:24:34",703000
13900,600,100,"bu","09:24:29",702900
13800,500,300,"sd","09:24:26",702800
13800,500,400,"sd","09:24:21",702500
13800,500,800,"sd","09:24:18",702100
13800,500,7000,"sd","09:24:11",701300
13900,600,2000,"bu","09:24:10",694300
13900,600,3000,"bu","09:24:05",692300
13800,500,2000,"bu","09:24:03",689300
13800,500,200,"bu","09:24:02",687300
13800,500,1000,"bu","09:23:59",687100
13800,500,25900,"sd","09:23:58",686100
13900,600,1000,"bu","09:23:57",660200
13800,500,5000,"sd","09:23:34",659200
13900,600,1900,"bu","09:23:27",654200
13800,500,20000,"sd","09:23:25",652300
13900,600,4500,"bu","09:23:24",632300
13900,600,2800,"bu","09:23:19",627800
13900,600,600,"bu","09:23:09",625000
13800,500,500,"sd","09:23:08",624400
13800,500,1200,"sd","09:22:47",623900
13800,500,300,"sd","09:22:33",622700
13800,500,1000,"bu","09:22:32",622400
13800,500,100,"bu","09:22:31",621400
13800,500,3000,"bu","09:22:30",621300
13800,500,1000,"bu","09:22:29",618300
13800,500,300,"bu","09:22:28",617300
13800,500,2000,"bu","09:22:26",617000
13800,500,7300,"bu","09:22:25",615000
13800,500,6000,"bu","09:22:23",607700
13800,500,4500,"bu","09:22:15",601700
13800,500,500,"bu","09:22:04",597200
13700,400,200,"sd","09:22:00",596700
13700,400,100,"sd","09:21:41",596500
13700,400,9200,"sd","09:21:38",596400
13600,300,10000,"sd","09:21:35",587200
13700,400,18000,"bu","09:21:29",577200
13700,400,100,"bu","09:21:25",559200
13600,300,100,"sd","09:20:52",559100
13600,300,100,"bu","09:20:51",559000
13600,300,200,"bu","09:20:38",558900
13600,300,300,"bu","09:20:37",558700
13600,300,400,"bu","09:20:35",558400
13600,300,200,"bu","09:20:32",558000
13600,300,1500,"bu","09:20:18",557800
13600,300,5000,"bu","09:20:13",556300
13500,200,45000,"sd","09:20:10",551300
13600,300,50000,"bu","09:20:04",506300
13500,200,1000,"sd","09:19:58",456300
13600,300,100,"bu","09:19:55",455300
13500,200,3200,"sd","09:19:45",455200
13500,200,1600,"sd","09:19:42",452000
13500,200,400,"bu","09:19:41",450400
13500,200,4700,"sd","09:19:39",450000
13500,200,500,"bu","09:19:26",445300
13500,200,100,"bu","09:19:22",444800
13500,200,3000,"bu","09:19:21",444700
13500,200,5700,"bu","09:19:13",441700
13500,200,600,"sd","09:19:07",436000
13500,200,7000,"sd","09:19:00",435400
13500,200,100,"sd","09:18:50",428400
13500,200,800,"bu","09:18:44",428300
13500,200,8800,"bu","09:18:41",427500
13500,200,300,"bu","09:18:40",418700
13400,100,5000,"sd","09:18:34",418400
13500,200,50300,"bu","09:18:33",413400
13400,100,5200,"sd","09:18:30",363100
13400,100,500,"sd","09:18:21",357900
13400,100,600,"sd","09:18:18",357400
13400,100,5000,"sd","09:18:10",356800
13400,100,100,"sd","09:18:09",351800
13400,100,5000,"sd","09:18:05",351700
13400,100,200,"sd","09:18:04",346700
13400,100,10000,"sd","09:17:58",346500
13400,100,5000,"sd","09:17:53",336500
13400,100,3000,"sd","09:17:43",331500
13400,100,200,"sd","09:17:40",328500
13500,200,7000,"bu","09:17:36",328300
13400,100,3000,"sd","09:17:33",321300
13400,100,1100,"sd","09:17:29",318300
13400,100,2500,"sd","09:17:13",317200
13500,200,100,"bu","09:17:12",314700
13400,100,1700,"sd","09:17:10",314600
13400,100,500,"sd","09:17:07",312900
13400,100,5000,"sd","09:17:06",312400
13400,100,5000,"sd","09:16:57",307400
13400,100,3000,"sd","09:16:52",302400
13400,100,200,"sd","09:16:46",299400
13400,100,1000,"sd","09:16:45",299200
13400,100,500,"sd","09:16:43",298200
13400,100,4000,"sd","09:16:40",297700
13400,100,900,"sd","09:16:35",293700
13400,100,3000,"sd","09:16:28",292800
13500,200,100,"bu","09:16:21",289800
13500,200,100,"bu","09:16:04",289700
13500,200,1000,"bu","09:15:58",289600
13500,200,10000,"bu","09:15:56",288600
13500,200,500,"bu","09:15:22",278600
13500,200,100,"bu","09:14:55",278100
13500,200,100,"bu","09:14:22",278000
13500,200,300,"bu","09:14:01",277900
13500,200,10000,"bu","09:13:34",277600
13500,200,500,"bu","09:13:22",267600
13500,200,5000,"bu","09:12:48",267100
13500,200,500,"bu","09:12:45",262100
13500,200,500,"bu","09:12:42",261600
13500,200,100,"bu","09:12:28",261100
13500,200,1000,"bu","09:11:47",261000
13500,200,300,"bu","09:11:45",260000
13500,200,2400,"bu","09:11:44",259700
13500,200,15000,"sd","09:11:31",257300
13500,200,100,"sd","09:11:28",242300
13500,200,5000,"sd","09:11:26",242200
13500,200,200,"sd","09:11:14",237200
13500,200,5000,"sd","09:10:51",237000
13500,200,100,"sd","09:10:43",232000
13500,200,5000,"sd","09:10:31",231900
13600,300,700,"bu","09:10:17",226900
13600,300,100,"bu","09:10:16",226200
13500,200,22500,"sd","09:09:58",226100
13600,300,10000,"bu","09:09:47",203600
13600,300,1000,"bu","09:09:20",193600
13500,200,2300,"bu","09:09:19",192600
13500,200,6000,"bu","09:09:18",190300
13500,200,1500,"bu","09:09:14",184300
13500,200,2000,"bu","09:09:09",182800
13500,200,3000,"bu","09:09:05",180800
13500,200,2000,"bu","09:08:52",177800
13500,200,3000,"bu","09:08:50",175800
13500,200,100,"bu","09:08:43",172800
13500,200,400,"bu","09:08:41",172700
13500,200,200,"bu","09:08:40",172300
13500,200,4000,"bu","09:08:34",172100
13500,200,500,"bu","09:08:33",168100
13500,200,1000,"bu","09:08:24",167600
13500,200,2200,"bu","09:08:23",166600
13500,200,6000,"bu","09:08:20",164400
13500,200,2000,"bu","09:08:13",158400
13500,200,300,"bu","09:07:59",156400
13500,200,100,"bu","09:07:57",156100
13500,200,500,"bu","09:07:54",156000
13500,200,1500,"bu","09:07:49",155500
13500,200,8800,"bu","09:07:47",154000
13500,200,100,"bu","09:07:42",145200
13500,200,100,"bu","09:07:27",145100
13500,200,2000,"bu","09:07:14",145000
13500,200,15000,"bu","09:06:51",143000
13500,200,3200,"bu","09:06:39",128000
13400,100,1000,"sd","09:06:23",124800
13400,100,300,"sd","09:06:05",123800
13400,100,1000,"sd","09:06:03",123500
13500,200,2200,"bu","09:06:02",122500
13500,200,10300,"bu","09:06:00",120300
13500,200,3000,"bu","09:05:54",110000
13500,200,1000,"bu","09:05:37",107000
13500,200,100,"bu","09:05:18",106000
13500,200,300,"bu","09:05:03",105900
13500,200,300,"bu","09:04:53",105600
13500,200,500,"bu","09:04:45",105300
13500,200,600,"bu","09:04:42",104800
13400,100,1100,"sd","09:04:38",104200
13500,200,3000,"bu","09:04:34",103100
13500,200,3000,"bu","09:04:30",100100
13500,200,4000,"bu","09:04:18",97100
13500,200,1000,"bu","09:04:16",93100
13500,200,3500,"bu","09:04:14",92100
13500,200,1000,"bu","09:04:09",88600
13500,200,200,"bu","09:04:06",87600
13500,200,900,"bu","09:04:03",87400
13500,200,500,"bu","09:04:01",86500
13500,200,1000,"bu","09:03:54",86000
13500,200,200,"bu","09:03:52",85000
13500,200,200,"bu","09:03:48",84800
13500,200,100,"bu","09:03:46",84600
13500,200,2000,"bu","09:03:40",84500
13500,200,1900,"bu","09:03:37",82500
13500,200,2000,"bu","09:03:31",80600
13500,200,1000,"bu","09:03:30",78600
13500,200,100,"bu","09:03:27",77600
13500,200,5000,"bu","09:02:54",77500
13500,200,500,"bu","09:02:53",72500
13500,200,1400,"bu","09:02:18",72000
13400,100,2000,"sd","09:02:00",70600
13400,100,1800,"sd","09:01:50",68600
13500,200,5200,"bu","09:01:43",66800
13500,200,1000,"bu","09:01:32",61600
13500,200,400,"bu","09:01:26",60600
13500,200,200,"bu","09:01:21",60200
13400,100,10000,"sd","09:01:09",60000
13500,200,4500,"bu","09:01:03",50000
13500,200,900,"bu","09:00:36",45500
13400,100,200,"sd","09:00:26",44600
13400,100,1800,"sd","09:00:25",44400
13500,200,14400,"bu","09:00:17",42600
13400,100,300,"sd","09:00:16",28200
13400,100,100,"sd","09:00:15",27900
13400,100,5000,"sd","09:00:14",27800
13400,100,1900,"sd","09:00:12",22800
13300,0,8300,"sd","09:00:11",20900
13500,200,100,"bu","09:00:10",12600
13500,200,300,"bu","09:00:09",12500
13500,200,1200,"bu","09:00:07",12200
13300,0,10000,"sd","09:00:06",11000
13400,100,800,"unknown","09:00:05",1000
13300,0,200,"sd","09:00:04",200
