"price","change","match_qtty","side","time","total_vol"
9110,-10,74000,"unknown","14:45:03",962100
9100,-20,200,"bu","14:29:47",888100
9100,-20,600,"bu","14:29:35",887900
9100,-20,500,"bu","14:29:35",887300
9100,-20,1000,"bu","14:29:35",886800
9060,-60,1000,"sd","14:29:17",885800
9050,-70,1000,"sd","14:28:38",884800
9060,-60,1000,"sd","14:28:29",883800
9050,-70,200,"sd","14:28:15",882800
9050,-70,2300,"sd","14:28:04",882600
9050,-70,100,"sd","14:28:04",880300
9050,-70,800,"sd","14:28:04",880200
9050,-70,5300,"sd","14:28:04",879400
9060,-60,500,"sd","14:28:04",874100
9060,-60,1000,"sd","14:28:04",873600
9050,-70,500,"sd","14:27:38",872600
9060,-60,500,"sd","14:27:38",872100
9060,-60,500,"bu","14:27:35",871600
9060,-60,1000,"sd","14:27:25",871100
9060,-60,600,"sd","14:27:25",870100
9070,-50,200,"sd","14:27:25",869500
9100,-20,1000,"bu","14:26:40",869300
9100,-20,900,"bu","14:26:33",868300
9100,-20,100,"bu","14:26:30",867400
9100,-20,500,"bu","14:25:49",867300
9100,-20,100,"bu","14:25:49",866800
9060,-60,1000,"sd","14:25:37",866700
9050,-70,2000,"sd","14:25:01",865700
9050,-70,2200,"sd","14:24:27",863700
9050,-70,500,"sd","14:24:27",861500
9050,-70,2000,"sd","14:24:27",861000
9050,-70,100,"sd","14:24:27",859000
9060,-60,100,"sd","14:24:27",858900
9060,-60,100,"sd","14:24:27",858800
9060,-60,400,"sd","14:23:29",858700
9060,-60,600,"sd","14:23:29",858300
9060,-60,1400,"bu","14:23:10",857700
9060,-60,200,"sd","14:23:03",856300
9060,-60,600,"sd","14:23:03",856100
9060,-60,800,"sd","14:23:03",855500
9060,-60,4200,"sd","14:22:51",854700
9060,-60,5000,"sd","14:22:51",850500
9060,-60,800,"sd","14:22:51",845500
9060,-60,600,"sd","14:22:47",844700
9070,-50,1000,"sd","14:22:47",844100
9070,-50,1000,"bu","14:22:40",843100
9060,-60,1000,"sd","14:22:33",842100
9060,-60,2600,"sd","14:21:53",841100
9060,-60,1000,"sd","14:21:53",838500
9060,-60,700,"sd","14:21:53",837500
9060,-60,100,"sd","14:21:53",836800
9060,-60,500,"sd","14:21:53",836700
9070,-50,300,"sd","14:21:53",836200
9070,-50,4800,"sd","14:21:53",835900
9070,-50,1200,"sd","14:21:10",831100
9070,-50,1000,"sd","14:21:10",829900
9070,-50,100,"sd","14:21:10",828900
9100,-20,100,"sd","14:20:50",828800
9100,-20,900,"sd","14:20:50",828700
9100,-20,100,"sd","14:20:25",827800
9100,-20,1900,"sd","14:20:25",827700
9100,-20,1000,"sd","14:20:18",825800
9110,-10,5000,"sd","14:19:52",824800
9110,-10,200,"sd","14:19:26",819800
9120,0,1200,"sd","14:19:01",819600
9120,0,28800,"sd","14:18:58",818400
9120,0,100,"sd","14:18:58",789600
9120,0,400,"sd","14:18:49",789500
9130,10,1000,"sd","14:16:21",789100
9120,0,2000,"bu","14:14:46",788100
9120,0,3500,"bu","14:14:46",786100
9120,0,15000,"bu","14:14:24",782600
9120,0,300,"bu","14:14:03",767600
9120,0,900,"sd","14:12:45",767300
9120,0,300,"sd","14:12:45",766400
9120,0,3200,"bu","14:11:55",766100
9120,0,300,"bu","14:10:57",762900
9120,0,5000,"sd","14:09:48",762600
9120,0,3000,"sd","14:09:48",757600
9120,0,1200,"sd","14:09:48",754600
9120,0,200,"sd","14:09:48",753400
9120,0,300,"sd","14:06:02",753200
9130,10,2000,"sd","14:05:10",752900
9130,10,100,"sd","14:05:10",750900
9130,10,100,"sd","14:04:44",750800
9130,10,4900,"sd","14:04:44",750700
9130,10,1000,"sd","14:04:01",745800
9120,0,200,"bu","14:03:40",744800
9120,0,1000,"bu","14:03:40",744600
9120,0,1000,"bu","14:03:40",743600
9120,0,1900,"bu","14:03:40",742600
9110,-10,1000,"sd","14:03:04",740700
9100,-20,900,"sd","14:00:23",739700
9100,-20,1000,"sd","14:00:23",738800
9100,-20,100,"sd","14:00:23",737800
9110,-10,1000,"sd","13:59:59",737700
9120,0,2000,"bu","13:59:30",736700
9120,0,500,"bu","13:59:10",734700
9120,0,2000,"bu","13:58:43",734200
9120,0,600,"bu","13:58:35",732200
9100,-20,100,"sd","13:57:34",731600
9100,-20,900,"sd","13:57:34",731500
9100,-20,800,"bu","13:57:14",730600
9100,-20,1900,"bu","13:57:13",729800
9100,-20,100,"bu","13:57:13",727900
9060,-60,100,"sd","13:55:21",727800
9080,-40,800,"sd","13:55:21",727700
9090,-30,100,"sd","13:55:21",726900
9100,-20,400,"bu","13:55:08",726800
9100,-20,200,"bu","13:55:08",726400
9100,-20,400,"bu","13:55:08",726200
9080,-40,200,"bu","13:53:35",725800
9060,-60,1000,"sd","13:51:05",725600
9060,-60,100,"bu","13:50:31",724600
9060,-60,100,"sd","13:50:21",724500
9060,-60,1000,"sd","13:49:19",724400
9050,-70,100,"sd","13:46:04",723400
9040,-80,200,"sd","13:44:13",723300
9040,-80,1800,"sd","13:44:13",723100
9040,-80,200,"sd","13:43:57",721300
9050,-70,300,"sd","13:43:57",721100
9030,-90,3000,"sd","13:42:32",720800
9010,-110,3000,"sd","13:39:01",717800
9010,-110,600,"sd","13:38:55",714800
9050,-70,5000,"sd","13:38:55",714200
9050,-70,500,"sd","13:38:55",709200
9050,-70,200,"sd","13:38:55",708700
9050,-70,12000,"sd","13:38:55",708500
9060,-60,500,"sd","13:38:55",696500
9060,-60,2000,"sd","13:38:55",696000
9060,-60,100,"sd","13:38:55",694000
9070,-50,1000,"sd","13:38:55",693900
9080,-40,200,"sd","13:38:55",692900
9080,-40,300,"sd","13:38:55",692700
9090,-30,300,"sd","13:38:55",692400
9090,-30,100,"sd","13:38:55",692100
9100,-20,200,"bu","13:38:42",692000
9100,-20,800,"bu","13:38:42",691800
9090,-30,900,"sd","13:38:14",691000
9090,-30,100,"sd","13:38:14",690100
9100,-20,1000,"bu","13:36:25",690000
9090,-30,100,"sd","13:36:12",689000
9100,-20,200,"bu","13:36:01",688900
9100,-20,700,"bu","13:34:25",688700
9090,-30,100,"sd","13:33:32",688000
9090,-30,900,"sd","13:33:03",687900
9100,-20,800,"bu","13:32:54",687000
9100,-20,1000,"bu","13:32:39",686200
9100,-20,500,"bu","13:31:26",685200
9110,-10,300,"bu","13:29:31",684700
9100,-20,200,"sd","13:29:26",684400
9100,-20,2000,"sd","13:29:26",684200
9100,-20,300,"sd","13:29:26",682200
9100,-20,1000,"sd","13:29:22",681900
9110,-10,500,"sd","13:27:50",680900
9110,-10,1000,"bu","13:26:13",680400
9110,-10,300,"bu","13:25:45",679400
9110,-10,100,"bu","13:25:33",679100
9110,-10,1000,"sd","13:25:14",679000
9110,-10,1000,"sd","13:25:14",678000
9110,-10,400,"sd","13:25:14",677000
9110,-10,600,"bu","13:24:24",676600
9100,-20,9000,"sd","13:24:23",676000
9100,-20,300,"sd","13:24:23",667000
9110,-10,100,"bu","13:24:19",666700
9100,-20,200,"sd","13:23:59",666600
9100,-20,500,"sd","13:23:59",666400
9100,-20,300,"sd","13:23:59",665900
9110,-10,100,"sd","13:23:43",665600
9110,-10,200,"sd","13:23:43",665500
9120,0,100,"bu","13:23:34",665300
9120,0,2400,"bu","13:23:28",665200
9120,0,1600,"bu","13:23:09",662800
9110,-10,400,"bu","13:23:09",661200
9110,-10,500,"sd","13:22:57",660800
9120,0,400,"bu","13:22:44",660300
9120,0,1000,"bu","13:22:32",659900
9120,0,100,"bu","13:22:20",658900
9120,0,1000,"bu","13:21:46",658800
9120,0,500,"sd","13:21:12",657800
9120,0,200,"sd","13:21:12",657300
9120,0,300,"sd","13:21:12",657100
9130,10,200,"sd","13:21:12",656800
9130,10,200,"sd","13:21:12",656600
9150,30,200,"bu","13:20:33",656400
9140,20,1000,"sd","13:19:30",656200
9150,30,200,"sd","13:19:02",655200
9150,30,200,"sd","13:19:02",655000
9150,30,1500,"sd","13:18:46",654800
9150,30,500,"sd","13:18:44",653300
9160,40,100,"bu","13:18:18",652800
9160,40,1000,"bu","13:18:00",652700
9150,30,3000,"sd","13:17:52",651700
9140,20,500,"bu","13:17:24",648700
9140,20,200,"bu","13:17:24",648200
9140,20,2300,"bu","13:17:24",648000
9140,20,1000,"bu","13:17:20",645700
9140,20,100,"bu","13:16:50",644700
9130,10,300,"bu","13:16:21",644600
9130,10,500,"bu","13:15:42",644300
9120,0,200,"bu","13:14:07",643800
9120,0,1500,"bu","13:14:07",643600
9120,0,100,"bu","13:13:45",642100
9110,-10,500,"bu","13:13:31",642000
9110,-10,500,"bu","13:13:25",641500
9110,-10,1000,"bu","13:13:06",641000
9110,-10,2000,"bu","13:12:55",640000
9110,-10,1000,"bu","13:12:16",638000
9100,-20,500,"sd","13:11:53",637000
9120,0,3400,"bu","13:11:37",636500
9120,0,1600,"bu","13:11:37",633100
9100,-20,2200,"bu","13:11:13",631500
9100,-20,2000,"bu","13:11:07",629300
9100,-20,100,"bu","13:11:04",627300
9100,-20,700,"sd","13:10:42",627200
9100,-20,300,"bu","13:10:32",626500
9100,-20,500,"bu","13:08:41",626200
9100,-20,200,"sd","13:08:14",625700
9100,-20,1700,"bu","13:07:35",625500
9100,-20,10000,"bu","13:07:14",623800
9100,-20,300,"sd","13:06:53",613800
9100,-20,800,"sd","13:06:53",613500
9100,-20,200,"sd","13:06:16",612700
9100,-20,200,"sd","13:06:16",612500
9100,-20,300,"sd","13:04:52",612300
9100,-20,100,"sd","13:04:52",612000
9100,-20,400,"sd","13:04:52",611900
9100,-20,500,"sd","13:04:48",611500
9100,-20,100,"sd","13:04:21",611000
9100,-20,3000,"sd","13:04:10",610900
9100,-20,4000,"sd","13:03:53",607900
9100,-20,700,"sd","13:03:43",603900
9100,-20,100,"sd","13:03:37",603200
9100,-20,100,"bu","13:03:17",603100
9100,-20,500,"bu","13:03:17",603000
9100,-20,3700,"bu","13:03:17",602500
9100,-20,2100,"bu","13:03:17",598800
9100,-20,200,"bu","13:02:19",596700
9100,-20,700,"bu","13:02:06",596500
9100,-20,300,"bu","13:02:06",595800
9060,-60,3900,"bu","13:01:44",595500
9060,-60,6700,"sd","13:01:27",591600
9060,-60,300,"sd","13:01:22",584900
9060,-60,2000,"sd","13:01:11",584600
9060,-60,1000,"sd","13:01:08",582600
9050,-70,20000,"sd","13:00:54",581600
9050,-70,18000,"sd","13:00:43",561600
9050,-70,2000,"sd","13:00:43",543600
9070,-50,2000,"sd","13:00:27",541600
9100,-20,200,"bu","13:00:15",539600
9100,-20,200,"bu","13:00:15",539400
9100,-20,11600,"sd","13:00:11",539200
9110,-10,3100,"bu","13:00:09",527600
9100,-20,3200,"sd","13:00:06",524500
9100,-20,4900,"sd","13:00:04",521300
9100,-20,300,"sd","13:00:02",516400
9100,-20,500,"sd","13:00:02",516100
9100,-20,100,"sd","13:00:02",515600
9100,-20,2000,"sd","13:00:01",515500
9100,-20,3300,"sd","13:00:01",513500
9100,-20,100,"sd","13:00:01",510200
9100,-20,2000,"sd","13:00:01",510100
9100,-20,100,"sd","13:00:01",508100
9110,-10,1000,"sd","13:00:01",508000
9110,-10,2000,"sd","13:00:01",507000
9110,-10,2000,"sd","13:00:01",505000
9120,0,1600,"sd","13:00:01",503000
9120,0,5000,"sd","13:00:01",501400
9120,0,1800,"sd","13:00:01",496400
9120,0,200,"sd","13:00:01",494600
9120,0,5000,"sd","13:00:01",494400
9120,0,200,"sd","13:00:01",489400
9120,0,500,"sd","13:00:01",489200
9120,0,100,"sd","13:00:01",488700
9130,10,5000,"sd","11:28:28",488600
9140,20,200,"bu","11:20:40",483600
9140,20,300,"bu","11:19:38",483400
9140,20,100,"sd","11:19:27",483100
9140,20,1000,"sd","11:19:27",483000
9140,20,2000,"sd","11:19:26",482000
9140,20,2000,"sd","11:19:03",480000
9130,10,700,"sd","11:18:41",478000
9130,10,2000,"sd","11:18:41",477300
9130,10,800,"sd","11:18:41",475300
9140,20,500,"sd","11:18:41",474500
9140,20,700,"bu","11:18:19",474000
9140,20,400,"sd","11:17:59",473300
9140,20,2000,"bu","11:17:03",472900
9150,30,500,"bu","11:15:48",470900
9130,10,200,"sd","11:14:37",470400
9120,0,500,"sd","11:08:56",470200
9120,0,4500,"sd","11:06:43",469700
9120,0,600,"sd","11:06:43",465200
9120,0,1000,"sd","11:06:43",464600
9130,10,500,"sd","11:06:43",463600
9130,10,1000,"sd","11:06:43",463100
9130,10,400,"sd","11:06:43",462100
9130,10,500,"sd","11:04:19",461700
9120,0,3600,"sd","10:57:01",461200
9120,0,100,"sd","10:57:01",457600
9120,0,1900,"sd","10:57:01",457500
9120,0,1100,"sd","10:56:51",455600
9120,0,500,"sd","10:56:51",454500
9120,0,2000,"sd","10:56:51",454000
9120,0,100,"sd","10:56:51",452000
9120,0,200,"sd","10:56:51",451900
9130,10,500,"sd","10:56:51",451700
9130,10,600,"sd","10:56:51",451200
9130,10,500,"bu","10:55:53",450600
9130,10,500,"sd","10:55:41",450100
9130,10,100,"sd","10:55:41",449600
9130,10,300,"sd","10:55:11",449500
9140,20,2200,"sd","10:55:01",449200
9150,30,100,"sd","10:54:42",447000
9150,30,1400,"sd","10:52:52",446900
9150,30,8600,"sd","10:52:52",445500
9160,40,100,"sd","10:52:37",436900
9160,40,100,"sd","10:52:37",436800
9160,40,100,"sd","10:52:37",436700
9160,40,400,"sd","10:51:08",436600
9160,40,600,"sd","10:50:19",436200
9160,40,1400,"sd","10:50:19",435600
9160,40,1100,"sd","10:49:41",434200
9170,50,1800,"sd","10:46:56",433100
9170,50,2200,"bu","10:46:31",431300
9170,50,100,"bu","10:45:54",429100
9170,50,100,"bu","10:45:40",429000
9170,50,100,"sd","10:45:11",428900
9170,50,3900,"sd","10:44:33",428800
9170,50,100,"sd","10:44:33",424900
9170,50,3000,"sd","10:44:33",424800
9180,60,100,"sd","10:42:38",421800
9180,60,1300,"sd","10:42:38",421700
9180,60,9500,"sd","10:41:07",420400
9180,60,500,"sd","10:41:07",410900
9180,60,1000,"sd","10:39:11",410400
9180,60,100,"sd","10:35:54",409400
9180,60,300,"sd","10:35:03",409300
9180,60,600,"sd","10:34:22",409000
9190,70,200,"bu","10:32:59",408400
9190,70,500,"bu","10:30:54",408200
9190,70,2000,"bu","10:29:59",407700
9190,70,600,"bu","10:26:22",405700
9170,50,1000,"bu","10:21:32",405100
9160,40,200,"sd","10:21:07",404100
9160,40,1500,"sd","10:20:02",403900
9160,40,400,"sd","10:19:52",402400
9160,40,400,"sd","10:19:45",402000
9160,40,300,"sd","10:19:07",401600
9170,50,100,"sd","10:19:07",401300
9160,40,10000,"bu","10:17:53",401200
9150,30,1400,"bu","10:16:45",391200
9150,30,1100,"bu","10:16:41",389800
9150,30,1000,"bu","10:15:52",388700
9150,30,1500,"bu","10:14:09",387700
9150,30,500,"bu","10:14:09",386200
9140,20,300,"bu","10:13:42",385700
9140,20,400,"bu","10:13:42",385400
9140,20,2000,"bu","10:13:30",385000
9140,20,600,"bu","10:13:28",383000
9140,20,2000,"sd","10:13:15",382400
9150,30,500,"sd","10:12:40",380400
9150,30,500,"sd","10:12:12",379900
9150,30,100,"sd","10:11:43",379400
9150,30,100,"bu","10:11:23",379300
9150,30,500,"sd","10:11:07",379200
9150,30,1000,"bu","10:11:02",378700
9150,30,700,"sd","10:10:43",377700
9150,30,1000,"sd","10:10:43",377000
9150,30,2300,"sd","10:10:43",376000
9150,30,3000,"sd","10:10:43",373700
9150,30,4700,"sd","10:10:15",370700
9160,40,20000,"sd","10:10:15",366000
9170,50,1000,"sd","10:10:15",346000
9170,50,500,"sd","10:10:15",345000
9170,50,100,"sd","10:10:15",344500
9170,50,1000,"sd","10:09:34",344400
9170,50,300,"sd","10:09:09",343400
9170,50,700,"bu","10:06:53",343100
9170,50,100,"sd","10:06:44",342400
9170,50,1500,"sd","10:06:44",342300
9180,60,100,"bu","10:06:33",340800
9170,50,100,"sd","10:06:16",340700
9180,60,1300,"sd","10:05:35",340600
9180,60,200,"sd","10:05:35",339300
9180,60,100,"sd","10:05:35",339100
9200,80,100,"sd","10:02:07",339000
9200,80,21900,"sd","10:01:50",338900
9210,90,6000,"sd","10:01:50",317000
9210,90,100,"sd","10:01:50",311000
9210,90,1000,"sd","10:01:34",310900
9220,100,100,"bu","10:01:20",309900
9210,90,100,"sd","10:00:25",309800
9220,100,500,"sd","10:00:25",309700
9220,100,400,"sd","10:00:25",309200
9220,100,100,"bu","09:59:27",308800
9220,100,100,"bu","09:59:12",308700
9220,100,200,"bu","09:58:57",308600
9210,90,5300,"bu","09:58:43",308400
9210,90,3600,"bu","09:58:43",303100
9210,90,400,"bu","09:58:41",299500
9210,90,400,"bu","09:58:41",299100
9200,80,2000,"bu","09:58:23",298700
9200,80,1000,"bu","09:58:23",296700
9200,80,9000,"bu","09:58:05",295700
9200,80,1000,"bu","09:58:05",286700
9200,80,800,"bu","09:57:19",285700
9200,80,1000,"sd","09:53:53",284900
9200,80,3200,"sd","09:53:53",283900
9210,90,1000,"bu","09:51:59",280700
9200,80,3000,"sd","09:51:51",279700
9200,80,10000,"sd","09:51:40",276700
9200,80,3800,"sd","09:51:15",266700
9200,80,200,"sd","09:51:15",262900
9210,90,100,"bu","09:51:12",262700
9210,90,4900,"bu","09:51:12",262600
9210,90,1100,"bu","09:51:07",257700
9210,90,1000,"bu","09:51:03",256600
9200,80,500,"sd","09:49:59",255600
9200,80,300,"bu","09:49:40",255100
9200,80,200,"sd","09:49:28",254800
9200,80,100,"bu","09:49:27",254600
9200,80,1000,"bu","09:49:27",254500
9200,80,2700,"bu","09:49:27",253500
9170,50,400,"sd","09:49:24",250800
9170,50,300,"sd","09:49:24",250400
9200,80,300,"bu","09:48:56",250100
9200,80,1000,"bu","09:48:56",249800
9200,80,400,"bu","09:48:56",248800
9200,80,100,"bu","09:48:25",248400
9200,80,400,"bu","09:47:09",248300
9200,80,100,"sd","09:45:57",247900
9200,80,400,"sd","09:45:47",247800
9200,80,100,"sd","09:45:47",247400
9210,90,100,"bu","09:44:59",247300
9200,80,200,"sd","09:44:58",247200
9200,80,1000,"sd","09:44:52",247000
9200,80,1000,"bu","09:44:33",246000
9200,80,700,"bu","09:44:33",245000
9200,80,300,"sd","09:43:02",244300
9210,90,3000,"bu","09:42:54",244000
9210,90,200,"bu","09:42:28",241000
9210,90,2000,"sd","09:42:27",240800
9240,120,800,"bu","09:41:46",238800
9240,120,100,"sd","09:41:08",238000
9250,130,100,"sd","09:41:08",237900
9300,180,100,"bu","09:40:18",237800
9300,180,100,"bu","09:40:18",237700
9300,180,2100,"sd","09:39:01",237600
9300,180,1100,"sd","09:39:01",235500
9300,180,1000,"sd","09:39:01",234400
9300,180,700,"sd","09:39:01",233400
9300,180,1300,"sd","09:38:53",232700
9320,200,5000,"sd","09:38:42",231400
9330,210,600,"sd","09:38:26",226400
9330,210,1100,"sd","09:38:14",225800
9400,280,3600,"bu","09:37:33",224700
9400,280,100,"bu","09:37:33",221100
9400,280,200,"bu","09:37:33",221000
9400,280,1800,"bu","09:37:25",220800
9400,280,3100,"bu","09:37:25",219000
9400,280,900,"bu","09:37:14",215900
9350,230,1200,"bu","09:36:58",215000
9350,230,2800,"bu","09:36:57",213800
9350,230,1100,"sd","09:36:53",211000
9400,280,4900,"sd","09:36:53",209900
9400,280,10000,"bu","09:36:52",205000
9400,280,4000,"bu","09:36:52",195000
9350,230,2000,"bu","09:36:50",191000
9350,230,200,"bu","09:36:50",189000
9350,230,3500,"bu","09:36:50",188800
9350,230,1500,"bu","09:36:44",185300
9350,230,2000,"bu","09:36:44",183800
9350,230,500,"bu","09:36:44",181800
9350,230,3000,"bu","09:36:44",181300
9320,200,100,"sd","09:36:28",178300
9310,190,1000,"bu","09:36:25",178200
9300,180,4000,"sd","09:36:12",177200
9300,180,300,"bu","09:36:07",173200
9300,180,4100,"bu","09:36:07",172900
9300,180,3000,"bu","09:36:07",168800
9300,180,25000,"bu","09:36:07",165800
9300,180,5000,"bu","09:36:07",140800
9290,170,4100,"bu","09:36:07",135800
9290,170,500,"bu","09:36:06",131700
9250,130,1100,"bu","09:35:55",131200
9250,130,300,"bu","09:35:55",130100
9250,130,2000,"bu","09:35:55",129800
9250,130,4000,"bu","09:35:54",127800
9250,130,1000,"bu","09:35:50",123800
9240,120,1800,"bu","09:35:43",122800
9240,120,200,"bu","09:35:42",121000
9240,120,9800,"bu","09:35:42",120800
9240,120,1800,"bu","09:35:37",111000
9240,120,3000,"bu","09:35:35",109200
9240,120,3000,"bu","09:35:32",106200
9240,120,400,"bu","09:35:25",103200
9240,120,2000,"bu","09:35:17",102800
9220,100,1000,"bu","09:35:16",100800
9220,100,1000,"bu","09:35:14",99800
9200,80,100,"bu","09:34:55",98800
9200,80,1000,"bu","09:34:55",98700
9200,80,1000,"bu","09:34:45",97700
9200,80,5000,"bu","09:34:42",96700
9200,80,10000,"bu","09:34:42",91700
9200,80,5000,"bu","09:34:42",81700
9170,50,500,"bu","09:34:33",76700
9170,50,1200,"bu","09:34:33",76200
9170,50,300,"bu","09:34:26",75000
9170,50,200,"bu","09:34:26",74700
9150,30,2000,"bu","09:34:15",74500
9150,30,5000,"bu","09:34:15",72500
9150,30,13500,"bu","09:34:15",67500
9150,30,3500,"bu","09:34:15",54000
9150,30,1500,"bu","09:34:15",50500
9140,20,2000,"bu","09:34:00",49000
9140,20,500,"bu","09:34:00",47000
9130,10,1000,"bu","09:33:14",46500
9120,0,800,"sd","09:32:52",45500
9120,0,400,"sd","09:32:52",44700
9120,0,500,"bu","09:31:49",44300
9130,10,500,"sd","09:31:18",43800
9130,10,200,"sd","09:31:18",43300
9130,10,200,"bu","09:31:03",43100
9130,10,100,"bu","09:30:36",42900
9130,10,200,"bu","09:30:20",42800
9130,10,1000,"bu","09:30:20",42600
9130,10,500,"bu","09:30:20",41600
9110,-10,300,"bu","09:30:20",41100
9110,-10,100,"bu","09:30:15",40800
9110,-10,100,"sd","09:30:11",40700
9110,-10,100,"sd","09:30:11",40600
9110,-10,700,"sd","09:30:11",40500
9110,-10,200,"sd","09:30:11",39800
9110,-10,5000,"sd","09:30:11",39600
9110,-10,1000,"sd","09:30:11",34600
9110,-10,1000,"sd","09:30:11",33600
9110,-10,500,"sd","09:30:11",32600
9110,-10,500,"sd","09:29:51",32100
9110,-10,5000,"sd","09:25:53",31600
9120,0,5000,"sd","09:25:53",26600
9120,0,400,"bu","09:25:50",21600
9100,-20,4000,"bu","09:25:04",21200
9100,-20,1000,"bu","09:24:40",17200
9090,-30,100,"bu","09:24:35",16200
9090,-30,100,"bu","09:24:19",16100
9090,-30,600,"bu","09:24:18",16000
9090,-30,200,"bu","09:24:05",15400
9090,-30,500,"bu","09:23:05",15200
9000,-120,800,"bu","09:22:47",14700
9000,-120,500,"bu","09:22:41",13900
9000,-120,500,"sd","09:22:37",13400
9000,-120,100,"sd","09:22:37",12900
9000,-120,500,"sd","09:22:37",12800
9000,-120,100,"sd","09:22:37",12300
9000,-120,900,"sd","09:22:36",12200
9000,-120,100,"sd","09:22:36",11300
9000,-120,100,"sd","09:19:09",11200
8950,-170,11100,"sd","09:15:02",11100
