"price","change","match_qtty","side","time","total_vol"
18350,0,1069600,"unknown","14:44:59",7671300
18400,50,4000,"sd","14:29:54",6601700
18450,100,3000,"bu","14:29:46",6597700
18450,100,900,"bu","14:29:36",6594700
18450,100,600,"bu","14:29:36",6593800
18450,100,300,"bu","14:29:36",6593200
18450,100,200,"bu","14:29:36",6592900
18450,100,300,"bu","14:29:36",6592700
18450,100,500,"bu","14:29:36",6592400
18450,100,200,"bu","14:29:36",6591900
18400,50,100,"sd","14:29:26",6591700
18400,50,100,"sd","14:29:18",6591600
18400,50,800,"sd","14:28:32",6591500
18400,50,200,"sd","14:28:32",6590700
18400,50,3400,"bu","14:28:26",6590500
18400,50,1000,"bu","14:28:26",6587100
18400,50,5000,"bu","14:28:21",6586100
18400,50,1800,"bu","14:28:18",6581100
18400,50,5000,"sd","14:28:17",6579300
18400,50,10000,"sd","14:28:17",6574300
18400,50,2000,"sd","14:28:17",6564300
18400,50,100,"sd","14:28:17",6562300
18400,50,5000,"sd","14:28:17",6562200
18400,50,100,"sd","14:28:17",6557200
18400,50,2000,"sd","14:28:17",6557100
18400,50,500,"sd","14:28:17",6555100
18400,50,100,"sd","14:28:17",6554600
18400,50,2000,"sd","14:28:17",6554500
18400,50,100,"sd","14:28:17",6552500
18400,50,100,"sd","14:28:17",6552400
18400,50,8600,"sd","14:28:17",6552300
18400,50,3200,"sd","14:28:17",6543700
18400,50,1000,"sd","14:28:13",6540500
18400,50,200,"sd","14:28:13",6539500
18400,50,6800,"sd","14:28:13",6539300
18400,50,700,"sd","14:28:10",6532500
18400,50,100,"sd","14:28:09",6531800
18400,50,100,"sd","14:28:09",6531700
18400,50,5500,"sd","14:28:09",6531600
18400,50,200,"sd","14:28:09",6526100
18400,50,800,"sd","14:28:09",6525900
18400,50,1000,"sd","14:28:09",6525100
18400,50,1000,"sd","14:28:09",6524100
18400,50,1000,"sd","14:28:09",6523100
18400,50,1000,"sd","14:28:09",6522100
18400,50,4300,"sd","14:28:09",6521100
18400,50,200,"sd","14:28:09",6516800
18400,50,3700,"sd","14:28:09",6516600
18400,50,2000,"sd","14:28:09",6512900
18400,50,8900,"sd","14:28:09",6510900
18400,50,200,"sd","14:28:09",6502000
18400,50,1100,"sd","14:28:02",6501800
18400,50,3000,"sd","14:28:02",6500700
18400,50,500,"sd","14:28:02",6497700
18400,50,20000,"sd","14:28:02",6497200
18400,50,20000,"sd","14:28:02",6477200
18400,50,5400,"sd","14:28:02",6457200
18400,50,4600,"sd","14:27:22",6451800
18400,50,300,"sd","14:27:22",6447200
18400,50,1000,"sd","14:27:22",6446900
18400,50,30000,"sd","14:27:22",6445900
18400,50,100,"sd","14:27:22",6415900
18400,50,1000,"sd","14:27:22",6415800
18400,50,3000,"sd","14:27:22",6414800
18400,50,5000,"sd","14:27:22",6411800
18400,50,500,"sd","14:27:05",6406800
18400,50,100,"sd","14:27:05",6406300
18400,50,400,"sd","14:27:05",6406200
18400,50,300,"sd","14:26:15",6405800
18400,50,3300,"sd","14:25:31",6405500
18400,50,500,"sd","14:25:31",6402200
18400,50,1000,"sd","14:25:31",6401700
18400,50,50000,"sd","14:25:31",6400700
18400,50,200,"sd","14:25:31",6350700
18400,50,100,"sd","14:25:31",6350500
18400,50,20000,"sd","14:25:31",6350400
18400,50,100,"sd","14:25:31",6330400
18400,50,500,"sd","14:25:31",6330300
18400,50,100,"sd","14:25:31",6329800
18400,50,200,"sd","14:25:31",6329700
18400,50,500,"sd","14:25:31",6329500
18400,50,500,"sd","14:25:31",6329000
18400,50,200,"sd","14:25:31",6328500
18400,50,1000,"sd","14:25:31",6328300
18400,50,900,"sd","14:25:31",6327300
18400,50,2000,"sd","14:25:31",6326400
18400,50,3000,"sd","14:25:31",6324400
18400,50,300,"sd","14:25:31",6321400
18400,50,1000,"sd","14:25:31",6321100
18400,50,200,"sd","14:25:31",6320100
18400,50,500,"sd","14:25:31",6319900
18400,50,2400,"sd","14:25:31",6319400
18400,50,1500,"sd","14:25:31",6317000
18400,50,10000,"sd","14:25:31",6315500
18450,100,10000,"bu","14:25:30",6305500
18450,100,3600,"bu","14:24:51",6295500
18450,100,100,"bu","14:24:30",6291900
18450,100,10000,"bu","14:24:24",6291800
18450,100,500,"bu","14:24:18",6281800
18450,100,5300,"sd","14:24:14",6281300
18450,100,30000,"sd","14:24:11",6276000
18450,100,2300,"sd","14:24:06",6246000
18450,100,500,"bu","14:24:06",6243700
18450,100,10000,"bu","14:24:06",6243200
18450,100,30000,"bu","14:24:06",6233200
18450,100,21900,"bu","14:24:06",6203200
18450,100,100,"bu","14:24:04",6181300
18450,100,3000,"bu","14:24:01",6181200
18450,100,3000,"bu","14:23:57",6178200
18450,100,2000,"sd","14:23:49",6175200
18450,100,18000,"sd","14:23:49",6173200
18450,100,1000,"bu","14:23:36",6155200
18450,100,1700,"bu","14:23:36",6154200
18450,100,50000,"bu","14:23:36",6152500
18450,100,29300,"bu","14:23:36",6102500
18450,100,500,"bu","14:23:28",6073200
18400,50,1800,"sd","14:23:20",6072700
18400,50,700,"sd","14:23:20",6070900
18400,50,100,"sd","14:23:20",6070200
18400,50,200,"sd","14:23:20",6070100
18400,50,7200,"sd","14:23:20",6069900
18450,100,100,"bu","14:23:10",6062700
18450,100,100,"bu","14:23:10",6062600
18450,100,1900,"bu","14:23:10",6062500
18450,100,400,"bu","14:23:05",6060600
18450,100,1000,"bu","14:23:02",6060200
18450,100,200,"bu","14:23:02",6059200
18450,100,26500,"sd","14:23:00",6059000
18450,100,30000,"sd","14:22:57",6032500
18450,100,1000,"bu","14:22:52",6002500
18450,100,30000,"bu","14:22:52",6001500
18450,100,3000,"bu","14:22:52",5971500
18450,100,3500,"bu","14:22:52",5968500
18450,100,6000,"bu","14:22:52",5965000
18450,100,5000,"bu","14:22:51",5959000
18450,100,200,"bu","14:22:43",5954000
18450,100,1000,"bu","14:22:42",5953800
18450,100,1000,"bu","14:22:40",5952800
18450,100,36800,"bu","14:22:35",5951800
18450,100,3200,"bu","14:22:35",5915000
18450,100,78800,"bu","14:22:23",5911800
18450,100,21200,"bu","14:22:23",5833000
18450,100,1000,"bu","14:22:14",5811800
18450,100,1000,"sd","14:22:07",5810800
18450,100,100,"sd","14:22:07",5809800
18450,100,500,"sd","14:22:07",5809700
18450,100,500,"sd","14:22:07",5809200
18450,100,2700,"sd","14:22:07",5808700
18450,100,20000,"sd","14:22:07",5806000
18450,100,3000,"sd","14:22:07",5786000
18500,150,100,"bu","14:22:06",5783000
18450,100,2000,"sd","14:22:05",5782900
18450,100,3000,"sd","14:22:05",5780900
18450,100,2000,"sd","14:22:04",5777900
18450,100,48000,"sd","14:22:04",5775900
18450,100,5000,"sd","14:21:51",5727900
18450,100,20000,"sd","14:21:40",5722900
18450,100,2000,"sd","14:21:36",5702900
18450,100,1400,"sd","14:21:36",5700900
18450,100,3600,"sd","14:21:34",5699500
18450,100,5000,"sd","14:21:34",5695900
18450,100,300,"sd","14:21:34",5690900
18450,100,500,"sd","14:21:34",5690600
18450,100,100,"sd","14:21:34",5690100
18450,100,500,"sd","14:21:34",5690000
18450,100,2700,"sd","14:21:34",5689500
18450,100,7300,"sd","14:21:34",5686800
18450,100,7600,"sd","14:21:18",5679500
18450,100,100,"sd","14:20:51",5671900
18450,100,5000,"sd","14:20:24",5671800
18500,150,3000,"bu","14:20:11",5666800
18500,150,12200,"bu","14:19:59",5663800
18450,100,5000,"sd","14:19:55",5651600
18450,100,10000,"sd","14:19:28",5646600
18450,100,1000,"sd","14:19:13",5636600
18450,100,5000,"sd","14:18:23",5635600
18450,100,9000,"sd","14:17:59",5630600
18450,100,500,"sd","14:17:59",5621600
18450,100,900,"sd","14:17:59",5621100
18450,100,400,"sd","14:17:59",5620200
18450,100,5200,"sd","14:17:59",5619800
18450,100,100,"sd","14:17:39",5614600
18450,100,600,"sd","14:16:53",5614500
18450,100,20000,"sd","14:16:45",5613900
18450,100,300,"sd","14:16:31",5593900
18450,100,300,"bu","14:16:22",5593600
18450,100,500,"bu","14:16:22",5593300
18450,100,1000,"bu","14:16:22",5592800
18450,100,200,"bu","14:16:22",5591800
18450,100,20000,"bu","14:16:22",5591600
18450,100,2000,"bu","14:16:22",5571600
18450,100,30000,"bu","14:16:22",5569600
18450,100,19800,"bu","14:16:22",5539600
18450,100,3000,"bu","14:16:15",5519800
18400,50,500,"sd","14:16:05",5516800
18450,100,10000,"bu","14:16:02",5516300
18450,100,500,"bu","14:15:44",5506300
18450,100,200,"bu","14:15:33",5505800
18450,100,1000,"bu","14:14:56",5505600
18450,100,10000,"bu","14:14:39",5504600
18450,100,1000,"sd","14:14:28",5494600
18450,100,200,"sd","14:14:28",5493600
18450,100,1000,"sd","14:14:28",5493400
18450,100,3000,"sd","14:14:28",5492400
18450,100,300,"sd","14:14:28",5489400
18500,150,500,"bu","14:14:20",5489100
18500,150,1000,"bu","14:13:38",5488600
18450,100,900,"sd","14:13:26",5487600
18450,100,200,"sd","14:13:26",5486700
18450,100,100,"sd","14:13:26",5486500
18450,100,27200,"sd","14:13:26",5486400
18450,100,100,"sd","14:13:26",5459200
18450,100,100,"sd","14:13:26",5459100
18450,100,300,"sd","14:13:26",5459000
18450,100,300,"sd","14:13:26",5458700
18450,100,500,"sd","14:13:26",5458400
18450,100,5000,"sd","14:13:26",5457900
18450,100,1000,"sd","14:13:26",5452900
18450,100,2000,"sd","14:13:26",5451900
18450,100,100,"sd","14:13:26",5449900
18450,100,1000,"sd","14:13:26",5449800
18450,100,2700,"sd","14:13:26",5448800
18450,100,2000,"sd","14:13:26",5446100
18450,100,500,"sd","14:13:26",5444100
18500,150,1000,"bu","14:13:03",5443600
18500,150,100,"bu","14:12:58",5442600
18450,100,300,"bu","14:11:05",5442500
18450,100,200,"bu","14:11:05",5442200
18450,100,500,"sd","14:11:00",5442000
18450,100,500,"sd","14:10:50",5441500
18450,100,49500,"sd","14:10:50",5441000
18500,150,1000,"bu","14:10:40",5391500
18450,100,500,"sd","14:10:39",5390500
18450,100,1000,"sd","14:10:39",5390000
18450,100,500,"sd","14:10:39",5389000
18450,100,200,"sd","14:10:33",5388500
18450,100,1000,"sd","14:10:33",5388300
18450,100,800,"sd","14:10:33",5387300
18500,150,100,"bu","14:10:09",5386500
18450,100,700,"sd","14:09:13",5386400
18450,100,2000,"sd","14:09:13",5385700
18450,100,300,"sd","14:09:13",5383700
18450,100,700,"sd","14:09:00",5383400
18450,100,1100,"sd","14:09:00",5382700
18450,100,200,"sd","14:09:00",5381600
18450,100,1300,"sd","14:08:57",5381400
18450,100,5000,"sd","14:08:57",5380100
18450,100,3700,"sd","14:08:57",5375100
18450,100,1300,"sd","14:08:57",5371400
18450,100,5000,"sd","14:08:57",5370100
18450,100,1000,"sd","14:08:57",5365100
18450,100,5000,"sd","14:08:57",5364100
18450,100,7700,"sd","14:08:57",5359100
18450,100,22300,"sd","14:08:48",5351400
18450,100,3000,"sd","14:08:48",5329100
18450,100,1200,"sd","14:08:48",5326100
18450,100,300,"sd","14:08:46",5324900
18450,100,200,"sd","14:08:35",5324600
18450,100,1000,"sd","14:08:21",5324400
18500,150,100,"bu","14:08:19",5323400
18450,100,100,"sd","14:08:01",5323300
18450,100,1300,"sd","14:08:01",5323200
18450,100,700,"sd","14:08:01",5321900
18450,100,100,"sd","14:07:48",5321200
18450,100,500,"sd","14:07:41",5321100
18450,100,8000,"sd","14:07:41",5320600
18450,100,2900,"sd","14:07:11",5312600
18450,100,300,"sd","14:07:04",5309700
18450,100,5300,"sd","14:07:02",5309400
18500,150,1000,"bu","14:05:55",5304100
18450,100,500,"bu","14:05:26",5303100
18450,100,2000,"bu","14:05:26",5302600
18450,100,1000,"bu","14:05:26",5300600
18450,100,500,"bu","14:05:12",5299600
18450,100,5500,"bu","14:05:04",5299100
18450,100,14500,"bu","14:05:04",5293600
18450,100,200,"bu","14:04:37",5279100
18450,100,300,"sd","14:04:37",5278900
18400,50,1000,"sd","14:04:13",5278600
18500,150,1600,"bu","14:03:51",5277600
18500,150,1800,"bu","14:03:51",5276000
18450,100,500,"bu","14:03:51",5274200
18450,100,1100,"bu","14:03:51",5273700
18450,100,400,"bu","14:03:48",5272600
18450,100,3000,"bu","14:03:48",5272200
18450,100,1000,"bu","14:03:48",5269200
18450,100,5600,"bu","14:03:48",5268200
18450,100,1000,"bu","14:03:48",5262600
18450,100,2900,"bu","14:03:05",5261600
18450,100,4500,"bu","14:03:01",5258700
18450,100,500,"bu","14:03:01",5254200
18450,100,1000,"bu","14:02:53",5253700
18450,100,3000,"bu","14:02:39",5252700
18450,100,400,"bu","14:02:20",5249700
18450,100,300,"bu","14:02:10",5249300
18450,100,200,"bu","14:02:10",5249000
18450,100,200,"bu","14:02:02",5248800
18450,100,300,"bu","14:01:52",5248600
18450,100,500,"bu","14:01:52",5248300
18450,100,100,"bu","14:01:52",5247800
18450,100,1100,"bu","14:01:52",5247700
18450,100,3900,"bu","14:01:34",5246600
18450,100,5000,"bu","14:01:34",5242700
18450,100,2000,"bu","14:01:34",5237700
18450,100,200,"bu","14:01:34",5235700
18450,100,1000,"bu","14:01:34",5235500
18450,100,50000,"bu","14:01:34",5234500
18450,100,1400,"bu","14:01:34",5184500
18450,100,1000,"bu","14:01:34",5183100
18450,100,100,"bu","14:01:34",5182100
18450,100,1000,"bu","14:01:34",5182000
18450,100,10000,"bu","14:01:34",5181000
18450,100,50000,"bu","14:01:34",5171000
18450,100,6000,"bu","14:01:34",5121000
18450,100,500,"bu","14:01:34",5115000
18450,100,100,"bu","14:01:34",5114500
18450,100,7700,"bu","14:01:34",5114400
18450,100,5000,"bu","14:01:04",5106700
18450,100,300,"bu","14:00:27",5101700
18450,100,500,"bu","14:00:16",5101400
18450,100,500,"bu","13:59:46",5100900
18450,100,2000,"bu","13:59:21",5100400
18400,50,10000,"sd","13:59:19",5098400
18400,50,1000,"sd","13:58:59",5088400
18400,50,1000,"sd","13:58:06",5087400
18400,50,9000,"sd","13:58:03",5086400
18400,50,100,"sd","13:57:58",5077400
18450,100,3200,"bu","13:57:54",5077300
18400,50,200,"sd","13:57:37",5074100
18400,50,600,"sd","13:57:37",5073900
18450,100,1000,"bu","13:56:48",5073300
18450,100,100,"bu","13:55:48",5072300
18400,50,200,"sd","13:55:27",5072200
18450,100,9700,"bu","13:55:21",5072000
18450,100,300,"bu","13:55:21",5062300
18400,50,300,"sd","13:55:11",5062000
18450,100,1000,"bu","13:55:06",5061700
18450,100,100,"bu","13:54:50",5060700
18450,100,100,"bu","13:54:13",5060600
18450,100,300,"bu","13:53:47",5060500
18450,100,500,"bu","13:53:36",5060200
18400,50,900,"sd","13:53:32",5059700
18400,50,3000,"sd","13:53:32",5058800
18400,50,100,"sd","13:53:32",5055800
18400,50,1000,"sd","13:53:32",5055700
18400,50,10000,"sd","13:53:32",5054700
18400,50,100,"sd","13:53:32",5044700
18400,50,2000,"sd","13:53:32",5044600
18400,50,200,"sd","13:53:32",5042600
18400,50,1000,"sd","13:53:32",5042400
18400,50,2000,"sd","13:53:32",5041400
18400,50,15000,"sd","13:53:32",5039400
18400,50,1000,"sd","13:53:32",5024400
18400,50,500,"sd","13:53:32",5023400
18400,50,200,"sd","13:53:32",5022900
18400,50,14300,"sd","13:53:32",5022700
18400,50,3000,"sd","13:53:32",5008400
18400,50,1100,"sd","13:53:32",5005400
18400,50,3000,"sd","13:53:32",5004300
18400,50,10000,"sd","13:53:32",5001300
18400,50,5000,"sd","13:53:32",4991300
18400,50,5000,"sd","13:53:32",4986300
18400,50,200,"sd","13:53:32",4981300
18400,50,100,"sd","13:53:32",4981100
18400,50,2000,"sd","13:53:32",4981000
18400,50,1000,"sd","13:53:32",4979000
18400,50,3000,"sd","13:53:32",4978000
18400,50,1000,"sd","13:53:32",4975000
18400,50,1000,"sd","13:53:32",4974000
18400,50,3800,"sd","13:53:32",4973000
18400,50,400,"sd","13:53:32",4969200
18400,50,500,"sd","13:53:32",4968800
18400,50,500,"sd","13:53:32",4968300
18400,50,500,"sd","13:53:32",4967800
18400,50,7200,"sd","13:53:32",4967300
18400,50,100,"sd","13:53:32",4960100
18400,50,300,"sd","13:53:32",4960000
18450,100,1200,"bu","13:53:05",4959700
18450,100,16500,"bu","13:52:59",4958500
18450,100,500,"bu","13:52:59",4942000
18450,100,1000,"bu","13:52:59",4941500
18450,100,5000,"bu","13:52:59",4940500
18450,100,4300,"bu","13:52:59",4935500
18450,100,22700,"bu","13:52:59",4931200
18450,100,600,"bu","13:52:54",4908500
18450,100,100,"bu","13:52:08",4907900
18450,100,6600,"bu","13:52:06",4907800
18450,100,3400,"bu","13:52:06",4901200
18450,100,1000,"bu","13:51:58",4897800
18450,100,1000,"bu","13:51:50",4896800
18450,100,100,"sd","13:51:25",4895800
18450,100,300,"sd","13:51:25",4895700
18450,100,1000,"sd","13:51:25",4895400
18450,100,100,"sd","13:51:25",4894400
18450,100,200,"sd","13:51:25",4894300
18450,100,2900,"sd","13:51:25",4894100
18450,100,17100,"sd","13:51:23",4891200
18450,100,10000,"sd","13:51:23",4874100
18450,100,100,"sd","13:51:23",4864100
18450,100,5000,"sd","13:51:23",4864000
18450,100,5000,"sd","13:51:23",4859000
18450,100,1000,"sd","13:51:23",4854000
18450,100,6000,"sd","13:51:23",4853000
18450,100,100,"sd","13:51:23",4847000
18450,100,500,"sd","13:51:23",4846900
18450,100,1000,"sd","13:51:23",4846400
18450,100,900,"sd","13:51:23",4845400
18450,100,200,"sd","13:51:23",4844500
18450,100,3100,"sd","13:51:23",4844300
18450,100,1000,"sd","13:51:20",4841200
18450,100,100,"sd","13:51:12",4840200
18450,100,500,"sd","13:51:12",4840100
18450,100,7500,"sd","13:51:12",4839600
18450,100,100,"sd","13:51:12",4832100
18450,100,300,"sd","13:51:12",4832000
18450,100,10000,"sd","13:51:12",4831700
18450,100,1000,"sd","13:51:12",4821700
18450,100,100,"sd","13:51:12",4820700
18450,100,1000,"sd","13:51:12",4820600
18450,100,100,"sd","13:51:12",4819600
18450,100,2000,"sd","13:51:12",4819500
18450,100,1500,"sd","13:51:12",4817500
18450,100,1000,"sd","13:51:12",4816000
18450,100,4800,"sd","13:51:12",4815000
18450,100,200,"sd","13:51:03",4810200
18450,100,500,"sd","13:51:03",4810000
18450,100,500,"sd","13:51:03",4809500
18450,100,5200,"sd","13:51:03",4809000
18450,100,100,"sd","13:51:03",4803800
18450,100,1000,"sd","13:51:03",4803700
18450,100,500,"sd","13:51:03",4802700
18450,100,20000,"sd","13:51:03",4802200
18450,100,2000,"sd","13:51:03",4782200
18450,100,10000,"sd","13:50:39",4780200
18450,100,300,"sd","13:50:35",4770200
18450,100,10000,"sd","13:50:27",4769900
18450,100,3000,"sd","13:50:21",4759900
18450,100,900,"sd","13:50:14",4756900
18450,100,10100,"sd","13:50:14",4756000
18450,100,500,"sd","13:48:55",4745900
18450,100,500,"sd","13:48:14",4745400
18500,150,1000,"bu","13:47:43",4744900
18500,150,3300,"bu","13:47:19",4743900
18500,150,1000,"bu","13:46:37",4740600
18500,150,1000,"bu","13:46:34",4739600
18500,150,1700,"bu","13:46:05",4738600
18500,150,200,"bu","13:45:44",4736900
18500,150,100,"bu","13:45:44",4736700
18500,150,2000,"bu","13:45:44",4736600
18500,150,15000,"bu","13:45:43",4734600
18500,150,300,"bu","13:45:43",4719600
18500,150,200,"bu","13:45:01",4719300
18500,150,500,"bu","13:44:55",4719100
18500,150,2700,"bu","13:44:44",4718600
18500,150,500,"bu","13:44:34",4715900
18500,150,5800,"bu","13:43:52",4715400
18500,150,4200,"bu","13:43:52",4709600
18500,150,2000,"bu","13:43:26",4705400
18500,150,900,"bu","13:43:25",4703400
18500,150,1000,"bu","13:43:17",4702500
18450,100,8900,"sd","13:43:11",4701500
18450,100,500,"sd","13:43:11",4692600
18450,100,500,"sd","13:43:11",4692100
18450,100,100,"sd","13:43:11",4691600
18500,150,200,"bu","13:42:55",4691500
18500,150,20000,"bu","13:42:39",4691300
18500,150,1700,"bu","13:42:32",4671300
18500,150,300,"bu","13:42:32",4669600
18500,150,1200,"bu","13:42:08",4669300
18500,150,1800,"bu","13:42:08",4668100
18500,150,1100,"bu","13:42:05",4666300
18500,150,1000,"bu","13:42:05",4665200
18500,150,900,"bu","13:42:05",4664200
18500,150,3100,"bu","13:41:51",4663300
18500,150,1900,"bu","13:41:51",4660200
18500,150,1000,"bu","13:41:26",4658300
18500,150,100,"bu","13:41:23",4657300
18500,150,100,"bu","13:41:23",4657200
18500,150,100,"bu","13:41:20",4657100
18500,150,200,"bu","13:41:11",4657000
18500,150,500,"bu","13:41:11",4656800
18500,150,500,"bu","13:41:11",4656300
18500,150,700,"bu","13:41:11",4655800
18500,150,1000,"bu","13:41:10",4655100
18500,150,1000,"bu","13:40:52",4654100
18500,150,100,"bu","13:40:46",4653100
18500,150,5200,"bu","13:40:44",4653000
18500,150,500,"bu","13:40:44",4647800
18500,150,2000,"bu","13:40:44",4647300
18500,150,200,"bu","13:40:44",4645300
18500,150,100,"bu","13:40:44",4645100
18500,150,1800,"bu","13:40:44",4645000
18500,150,10000,"bu","13:40:44",4643200
18500,150,5500,"bu","13:40:44",4633200
18500,150,5200,"bu","13:40:44",4627700
18500,150,2000,"bu","13:40:44",4622500
18500,150,3000,"bu","13:40:44",4620500
18500,150,100,"bu","13:40:44",4617500
18500,150,500,"bu","13:40:44",4617400
18500,150,300,"bu","13:40:44",4616900
18500,150,100,"bu","13:40:44",4616600
18500,150,500,"bu","13:40:44",4616500
18500,150,3000,"bu","13:40:44",4616000
18500,150,9700,"bu","13:40:44",4613000
18500,150,300,"bu","13:40:37",4603300
18500,150,2000,"bu","13:40:37",4603000
18500,150,2700,"bu","13:40:37",4601000
18500,150,2000,"bu","13:40:31",4598300
18450,100,200,"sd","13:40:00",4596300
18450,100,200,"sd","13:40:00",4596100
18450,100,5000,"sd","13:40:00",4595900
18450,100,4600,"sd","13:40:00",4590900
18500,150,200,"bu","13:39:59",4586300
18500,150,5000,"bu","13:39:51",4586100
18500,150,300,"bu","13:39:27",4581100
18450,100,10000,"sd","13:38:49",4580800
18500,150,9800,"bu","13:35:51",4570800
18500,150,100,"bu","13:35:51",4561000
18500,150,100,"bu","13:35:51",4560900
18450,100,800,"sd","13:35:36",4560800
18500,150,1500,"bu","13:35:35",4560000
18450,100,300,"sd","13:34:45",4558500
18450,100,2800,"sd","13:34:30",4558200
18450,100,7200,"sd","13:34:30",4555400
18450,100,800,"sd","13:34:23",4548200
18450,100,2000,"sd","13:33:46",4547400
18450,100,1000,"sd","13:33:12",4545400
18500,150,3900,"bu","13:33:11",4544400
18500,150,1100,"bu","13:33:11",4540500
18500,150,300,"bu","13:33:01",4539400
18500,150,600,"bu","13:32:26",4539100
18500,150,100,"bu","13:32:26",4538500
18500,150,2300,"bu","13:32:26",4538400
18500,150,200,"bu","13:32:25",4536100
18500,150,500,"bu","13:32:16",4535900
18500,150,5000,"bu","13:31:08",4535400
18500,150,1000,"bu","13:31:08",4530400
18500,150,6000,"sd","13:30:42",4529400
18500,150,4000,"sd","13:30:37",4523400
18500,150,800,"sd","13:30:37",4519400
18500,150,500,"sd","13:30:37",4518600
18500,150,2000,"sd","13:30:37",4518100
18500,150,1000,"sd","13:30:37",4516100
18500,150,500,"sd","13:30:37",4515100
18500,150,900,"sd","13:30:37",4514600
18500,150,1000,"sd","13:30:37",4513700
18500,150,1000,"sd","13:30:37",4512700
18500,150,1400,"sd","13:30:37",4511700
18500,150,2700,"sd","13:30:37",4510300
18500,150,100,"sd","13:30:37",4507600
18500,150,500,"sd","13:30:37",4507500
18500,150,500,"sd","13:30:37",4507000
18500,150,5000,"sd","13:30:37",4506500
18500,150,1000,"sd","13:30:37",4501500
18500,150,1000,"sd","13:30:37",4500500
18500,150,5000,"sd","13:30:37",4499500
18500,150,1000,"sd","13:30:37",4494500
18500,150,1000,"sd","13:30:37",4493500
18500,150,15000,"sd","13:30:37",4492500
18500,150,1000,"sd","13:30:37",4477500
18500,150,2000,"sd","13:30:37",4476500
18500,150,10000,"sd","13:30:37",4474500
18500,150,5000,"sd","13:30:37",4464500
18500,150,1000,"sd","13:30:37",4459500
18500,150,18300,"sd","13:30:37",4458500
18500,150,10000,"sd","13:30:37",4440200
18500,150,1500,"sd","13:30:37",4430200
18500,150,100,"sd","13:30:37",4428700
18500,150,1000,"sd","13:30:37",4428600
18500,150,500,"sd","13:30:37",4427600
18500,150,300,"sd","13:30:37",4427100
18500,150,100,"sd","13:30:37",4426800
18500,150,1000,"sd","13:30:37",4426700
18500,150,200,"sd","13:30:37",4425700
18500,150,500,"sd","13:30:37",4425500
18500,150,1600,"sd","13:30:37",4425000
18500,150,100,"sd","13:30:21",4423400
18500,150,1900,"sd","13:30:12",4423300
18500,150,2000,"sd","13:30:12",4421400
18500,150,100,"sd","13:30:12",4419400
18500,150,1000,"sd","13:30:12",4419300
18500,150,1000,"sd","13:30:12",4418300
18500,150,4000,"sd","13:30:12",4417300
18500,150,10000,"sd","13:30:10",4413300
18500,150,100,"sd","13:30:08",4403300
18500,150,10900,"sd","13:29:53",4403200
18500,150,9100,"sd","13:29:53",4392300
18500,150,900,"sd","13:29:38",4383200
18500,150,100,"sd","13:29:38",4382300
18500,150,1000,"sd","13:29:38",4382200
18500,150,200,"sd","13:29:38",4381200
18500,150,1000,"sd","13:29:38",4381000
18500,150,1000,"sd","13:29:38",4380000
18500,150,100,"sd","13:29:38",4379000
18500,150,500,"sd","13:29:38",4378900
18500,150,300,"sd","13:29:38",4378400
18500,150,1000,"sd","13:29:38",4378100
18500,150,1000,"sd","13:29:38",4377100
18500,150,2000,"sd","13:29:38",4376100
18500,150,900,"sd","13:29:38",4374100
18500,150,100,"sd","13:29:23",4373200
18500,150,200,"sd","13:29:23",4373100
18500,150,1000,"sd","13:29:23",4372900
18500,150,700,"sd","13:29:23",4371900
18500,150,800,"sd","13:29:17",4371200
18500,150,1000,"sd","13:29:17",4370400
18500,150,900,"sd","13:29:17",4369400
18500,150,100,"sd","13:28:55",4368500
18500,150,3000,"sd","13:28:55",4368400
18500,150,200,"sd","13:28:55",4365400
18500,150,6700,"sd","13:28:55",4365200
18550,200,500,"bu","13:28:30",4358500
18500,150,100,"sd","13:28:20",4358000
18500,150,100,"sd","13:27:59",4357900
18500,150,3100,"sd","13:27:28",4357800
18500,150,1100,"sd","13:27:28",4354700
18500,150,500,"sd","13:27:28",4353600
18500,150,100,"sd","13:27:28",4353100
18500,150,1000,"sd","13:27:28",4353000
18500,150,1000,"sd","13:27:28",4352000
18500,150,1000,"sd","13:27:28",4351000
18500,150,3000,"sd","13:27:28",4350000
18500,150,4200,"sd","13:27:28",4347000
18500,150,800,"sd","13:27:16",4342800
18500,150,1000,"sd","13:27:16",4342000
18500,150,7000,"sd","13:27:16",4341000
18500,150,1000,"sd","13:27:16",4334000
18500,150,200,"sd","13:27:16",4333000
18550,200,200,"bu","13:27:12",4332800
18500,150,400,"sd","13:26:41",4332600
18500,150,400,"sd","13:26:39",4332200
18500,150,1000,"sd","13:26:39",4331800
18500,150,600,"sd","13:26:39",4330800
18500,150,1000,"sd","13:26:32",4330200
18500,150,2000,"sd","13:26:31",4329200
18500,150,5000,"sd","13:26:14",4327200
18500,150,5000,"sd","13:26:10",4322200
18500,150,5000,"sd","13:26:09",4317200
18550,200,500,"bu","13:25:04",4312200
18500,150,1400,"sd","13:24:50",4311700
18500,150,500,"sd","13:24:50",4310300
18500,150,200,"sd","13:24:50",4309800
18500,150,700,"sd","13:24:50",4309600
18500,150,1200,"sd","13:24:50",4308900
18500,150,1000,"sd","13:24:36",4307700
18500,150,100,"sd","13:24:07",4306700
18550,200,5000,"bu","13:24:04",4306600
18550,200,200,"bu","13:23:49",4301600
18500,150,7700,"sd","13:23:47",4301400
18500,150,2300,"sd","13:23:47",4293700
18500,150,200,"sd","13:23:43",4291400
18500,150,2000,"sd","13:23:38",4291200
18550,200,200,"bu","13:23:35",4289200
18500,150,100,"sd","13:23:34",4289000
18500,150,100,"sd","13:23:32",4288900
18500,150,4000,"sd","13:23:29",4288800
18500,150,1300,"sd","13:23:25",4284800
18500,150,3700,"sd","13:23:25",4283500
18500,150,2200,"sd","13:23:19",4279800
18500,150,300,"sd","13:23:04",4277600
18500,150,700,"sd","13:22:51",4277300
18500,150,100,"sd","13:22:45",4276600
18500,150,3000,"sd","13:22:22",4276500
18500,150,1000,"sd","13:22:22",4273500
18500,150,1000,"sd","13:22:22",4272500
18500,150,1000,"sd","13:22:13",4271500
18500,150,100,"sd","13:22:13",4270500
18500,150,500,"sd","13:22:10",4270400
18500,150,400,"sd","13:22:05",4269900
18500,150,100,"sd","13:22:05",4269500
18500,150,900,"sd","13:21:54",4269400
18500,150,600,"sd","13:21:54",4268500
18500,150,400,"sd","13:21:54",4267900
18500,150,2000,"sd","13:21:54",4267500
18500,150,500,"sd","13:21:54",4265500
18500,150,600,"sd","13:21:54",4265000
18500,150,1000,"sd","13:21:38",4264400
18500,150,1000,"sd","13:21:24",4263400
18500,150,400,"sd","13:21:11",4262400
18500,150,1500,"sd","13:21:11",4262000
18550,200,1000,"bu","13:21:03",4260500
18550,200,2000,"bu","13:20:57",4259500
18550,200,500,"bu","13:20:55",4257500
18550,200,10000,"bu","13:20:23",4257000
18550,200,5000,"bu","13:20:12",4247000
18550,200,2000,"bu","13:20:08",4242000
18500,150,2000,"sd","13:20:07",4240000
18550,200,1900,"bu","13:20:02",4238000
18550,200,1000,"bu","13:20:02",4236100
18550,200,10900,"bu","13:20:02",4235100
18550,200,1500,"bu","13:20:02",4224200
18550,200,5000,"bu","13:19:31",4222700
18550,200,100,"bu","13:19:29",4217700
18550,200,700,"bu","13:19:10",4217600
18550,200,1000,"bu","13:19:05",4216900
18550,200,1000,"bu","13:19:02",4215900
18550,200,2000,"sd","13:18:44",4214900
18550,200,3500,"sd","13:18:44",4212900
18550,200,4300,"sd","13:18:44",4209400
18550,200,1200,"bu","13:18:31",4205100
18550,200,30000,"bu","13:18:31",4203900
18550,200,10000,"bu","13:18:31",4173900
18550,200,44500,"bu","13:18:31",4163900
18550,200,10000,"bu","13:18:22",4119400
18550,200,19000,"bu","13:18:21",4109400
18550,200,10000,"sd","13:18:08",4090400
18550,200,600,"sd","13:18:08",4080400
18550,200,2000,"sd","13:18:08",4079800
18550,200,5000,"sd","13:18:08",4077800
18550,200,100,"sd","13:18:08",4072800
18550,200,5000,"sd","13:18:08",4072700
18550,200,200,"sd","13:18:08",4067700
18550,200,200,"sd","13:18:08",4067500
18550,200,300,"sd","13:18:08",4067300
18550,200,600,"sd","13:18:08",4067000
18550,200,300,"sd","13:18:08",4066400
18550,200,200,"sd","13:18:08",4066100
18550,200,2000,"sd","13:18:08",4065900
18550,200,500,"sd","13:17:54",4063900
18550,200,500,"sd","13:17:49",4063400
18550,200,2300,"sd","13:17:43",4062900
18550,200,100,"sd","13:17:43",4060600
18550,200,2000,"sd","13:17:43",4060500
18550,200,16500,"sd","13:17:43",4058500
18550,200,600,"sd","13:17:43",4042000
18550,200,10000,"sd","13:17:43",4041400
18550,200,18500,"sd","13:17:43",4031400
18550,200,500,"sd","13:17:33",4012900
18550,200,500,"sd","13:17:23",4012400
18550,200,500,"sd","13:17:23",4011900
18550,200,400,"sd","13:17:23",4011400
18550,200,2300,"sd","13:17:23",4011000
18550,200,500,"sd","13:17:10",4008700
18550,200,500,"sd","13:17:00",4008200
18550,200,500,"sd","13:16:55",4007700
18550,200,5000,"sd","13:16:28",4007200
18550,200,1000,"sd","13:16:22",4002200
18600,250,200,"bu","13:15:34",4001200
18600,250,1500,"bu","13:15:34",4001000
18600,250,5000,"bu","13:15:34",3999500
18600,250,500,"bu","13:15:34",3994500
18600,250,2800,"bu","13:15:34",3994000
18600,250,200,"bu","13:15:18",3991200
18600,250,800,"bu","13:15:18",3991000
18600,250,200,"bu","13:15:16",3990200
18600,250,1700,"bu","13:15:01",3990000
18600,250,3800,"bu","13:14:35",3988300
18600,250,200,"bu","13:14:35",3984500
18600,250,1000,"bu","13:14:35",3984300
18600,250,100,"bu","13:14:35",3983300
18600,250,400,"bu","13:14:35",3983200
18600,250,100,"bu","13:14:35",3982800
18600,250,200,"bu","13:14:35",3982700
18600,250,2000,"bu","13:14:35",3982500
18600,250,200,"bu","13:14:35",3980500
18600,250,100,"bu","13:14:35",3980300
18600,250,4000,"bu","13:14:35",3980200
18600,250,100,"bu","13:14:35",3976200
18600,250,200,"bu","13:14:35",3976100
18600,250,500,"bu","13:14:35",3975900
18600,250,300,"bu","13:14:35",3975400
18600,250,13000,"bu","13:14:35",3975100
18600,250,500,"bu","13:14:35",3962100
18600,250,2000,"bu","13:14:35",3961600
18600,250,1000,"bu","13:14:35",3959600
18600,250,25000,"bu","13:14:35",3958600
18600,250,1000,"bu","13:14:35",3933600
18600,250,42100,"bu","13:14:35",3932600
18600,250,200,"bu","13:14:35",3890500
18600,250,2000,"bu","13:14:35",3890300
18550,200,800,"sd","13:14:32",3888300
18550,200,5000,"sd","13:14:18",3887500
18600,250,8300,"bu","13:14:06",3882500
18550,200,1600,"sd","13:14:02",3874200
18550,200,200,"sd","13:14:02",3872600
18550,200,3200,"sd","13:14:02",3872400
18550,200,100,"sd","13:13:57",3869200
18550,200,200,"sd","13:13:40",3869100
18550,200,500,"sd","13:13:27",3868900
18550,200,100,"sd","13:13:26",3868400
18550,200,200,"sd","13:13:25",3868300
18550,200,300,"sd","13:13:05",3868100
18550,200,1000,"bu","13:12:59",3867800
18550,200,1000,"bu","13:12:59",3866800
18550,200,500,"bu","13:12:59",3865800
18550,200,10000,"bu","13:12:59",3865300
18550,200,300,"bu","13:12:57",3855300
18550,200,200,"bu","13:12:55",3855000
18550,200,1000,"sd","13:12:34",3854800
18550,200,1000,"sd","13:12:34",3853800
18550,200,2000,"sd","13:12:34",3852800
18550,200,500,"sd","13:12:34",3850800
18550,200,700,"sd","13:12:34",3850300
18550,200,500,"sd","13:12:34",3849600
18550,200,500,"sd","13:12:34",3849100
18550,200,500,"sd","13:12:34",3848600
18550,200,600,"sd","13:12:34",3848100
18550,200,7200,"sd","13:12:34",3847500
18550,200,2800,"sd","13:12:26",3840300
18550,200,700,"sd","13:12:26",3837500
18550,200,100,"sd","13:12:26",3836800
18550,200,1400,"sd","13:12:26",3836700
18550,200,3000,"sd","13:12:24",3835300
18550,200,300,"sd","13:12:22",3832300
18550,200,100,"sd","13:12:19",3832000
18550,200,5200,"sd","13:12:11",3831900
18550,200,200,"sd","13:12:11",3826700
18550,200,3000,"sd","13:12:11",3826500
18550,200,100,"sd","13:12:11",3823500
18550,200,1000,"sd","13:12:11",3823400
18550,200,1000,"sd","13:12:11",3822400
18550,200,5000,"sd","13:12:11",3821400
18550,200,100,"sd","13:12:11",3816400
18550,200,2000,"sd","13:12:11",3816300
18550,200,10000,"sd","13:12:11",3814300
18550,200,10000,"sd","13:12:11",3804300
18550,200,12400,"sd","13:12:11",3794300
18550,200,4000,"sd","13:11:47",3781900
18550,200,3100,"sd","13:11:43",3777900
18550,200,500,"sd","13:11:28",3774800
18550,200,200,"sd","13:11:28",3774300
18550,200,100,"sd","13:11:25",3774100
18550,200,300,"sd","13:11:14",3774000
18550,200,200,"sd","13:11:11",3773700
18550,200,200,"sd","13:10:44",3773500
18550,200,100,"sd","13:09:49",3773300
18550,200,1000,"sd","13:09:49",3773200
18550,200,900,"sd","13:09:32",3772200
18550,200,100,"sd","13:09:29",3771300
18550,200,4500,"sd","13:09:25",3771200
18550,200,15000,"bu","13:09:00",3766700
18550,200,7400,"bu","13:09:00",3751700
18550,200,1000,"bu","13:08:48",3744300
18550,200,1000,"sd","13:08:30",3743300
18550,200,100,"sd","13:08:30",3742300
18550,200,15500,"sd","13:08:30",3742200
18550,200,1700,"sd","13:08:01",3726700
18550,200,3000,"sd","13:08:00",3725000
18550,200,7000,"bu","13:07:52",3722000
18550,200,1000,"bu","13:07:52",3715000
18550,200,200,"bu","13:07:52",3714000
18550,200,10000,"bu","13:07:52",3713800
18550,200,200,"bu","13:07:52",3703800
18550,200,1000,"bu","13:07:52",3703600
18550,200,10000,"bu","13:07:52",3702600
18550,200,100,"bu","13:07:52",3692600
18550,200,300,"bu","13:07:52",3692500
18550,200,100,"bu","13:07:32",3692200
18550,200,900,"bu","13:07:32",3692100
18550,200,100,"sd","13:07:00",3691200
18550,200,500,"sd","13:06:57",3691100
18550,200,100,"sd","13:06:54",3690600
18550,200,3000,"sd","13:06:48",3690500
18550,200,100,"sd","13:06:47",3687500
18550,200,100,"sd","13:06:38",3687400
18550,200,100,"sd","13:06:30",3687300
18550,200,1000,"sd","13:06:30",3687200
18550,200,5000,"sd","13:06:24",3686200
18550,200,1000,"sd","13:06:24",3681200
18550,200,200,"sd","13:06:24",3680200
18550,200,400,"sd","13:06:24",3680000
18550,200,2000,"sd","13:06:24",3679600
18550,200,1400,"sd","13:06:24",3677600
18550,200,200,"sd","13:06:24",3676200
18550,200,100,"sd","13:05:56",3676000
18550,200,100,"sd","13:05:55",3675900
18550,200,100,"sd","13:05:45",3675800
18550,200,100,"sd","13:05:45",3675700
18550,200,1200,"sd","13:05:41",3675600
18550,200,700,"sd","13:05:33",3674400
18550,200,100,"sd","13:05:33",3673700
18550,200,200,"sd","13:05:33",3673600
18550,200,3000,"sd","13:05:32",3673400
18550,200,1000,"sd","13:05:31",3670400
18550,200,100,"sd","13:05:31",3669400
18550,200,1000,"sd","13:05:28",3669300
18550,200,18700,"sd","13:05:06",3668300
18550,200,16300,"sd","13:05:06",3649600
18550,200,3000,"sd","13:04:56",3633300
18550,200,1300,"sd","13:04:52",3630300
18550,200,10000,"sd","13:04:52",3629000
18550,200,5000,"sd","13:04:22",3619000
18550,200,200,"sd","13:04:11",3614000
18550,200,5600,"sd","13:04:11",3613800
18550,200,100,"sd","13:04:09",3608200
18550,200,5000,"sd","13:04:03",3608100
18550,200,3000,"sd","13:03:54",3603100
18550,200,100,"sd","13:03:38",3600100
18550,200,100,"sd","13:03:34",3600000
18550,200,300,"sd","13:03:13",3599900
18550,200,100,"sd","13:03:13",3599600
18600,250,300,"bu","13:02:54",3599500
18550,200,100,"sd","13:02:53",3599200
18550,200,200,"sd","13:02:23",3599100
18550,200,3000,"sd","13:01:46",3598900
18550,200,4000,"sd","13:01:44",3595900
18550,200,10000,"sd","13:00:40",3591900
18550,200,6900,"bu","13:00:35",3581900
18550,200,200,"bu","13:00:35",3575000
18550,200,10000,"bu","13:00:35",3574800
18550,200,1000,"bu","13:00:35",3564800
18550,200,13600,"bu","13:00:35",3563800
18550,200,3000,"bu","13:00:35",3550200
18550,200,100,"bu","13:00:35",3547200
18550,200,600,"bu","13:00:35",3547100
18550,200,100,"bu","13:00:35",3546500
18550,200,200,"bu","13:00:35",3546400
18550,200,400,"bu","13:00:35",3546200
18550,200,200,"bu","13:00:35",3545800
18550,200,100,"bu","13:00:35",3545600
18550,200,1000,"bu","13:00:35",3545500
18550,200,1500,"bu","13:00:35",3544500
18550,200,500,"bu","13:00:35",3543000
18550,200,800,"bu","13:00:35",3542500
18550,200,1000,"bu","13:00:35",3541700
18550,200,16800,"bu","13:00:35",3540700
18550,200,500,"bu","13:00:35",3523900
18550,200,100,"bu","13:00:35",3523400
18550,200,500,"bu","13:00:35",3523300
18550,200,10000,"bu","13:00:35",3522800
18550,200,1000,"bu","13:00:35",3512800
18550,200,900,"bu","13:00:35",3511800
18550,200,500,"bu","13:00:35",3510900
18550,200,100,"bu","13:00:35",3510400
18550,200,500,"bu","13:00:35",3510300
18550,200,2000,"bu","13:00:35",3509800
18550,200,100,"bu","13:00:35",3507800
18550,200,5500,"bu","13:00:35",3507700
18550,200,100,"bu","13:00:35",3502200
18550,200,5000,"bu","13:00:35",3502100
18550,200,200,"bu","13:00:35",3497100
18550,200,500,"bu","13:00:35",3496900
18550,200,500,"bu","13:00:35",3496400
18550,200,100,"bu","13:00:35",3495900
18550,200,1000,"bu","13:00:35",3495800
18550,200,45500,"bu","13:00:35",3494800
18550,200,1100,"bu","13:00:26",3449300
18550,200,900,"bu","13:00:20",3448200
18500,150,200,"sd","13:00:17",3447300
18550,200,200,"bu","13:00:15",3447100
18550,200,100,"bu","13:00:15",3446900
18550,200,100,"bu","13:00:09",3446800
18550,200,1000,"bu","13:00:03",3446700
18550,200,1000,"bu","13:00:03",3445700
18550,200,100,"bu","13:00:02",3444700
18550,200,500,"bu","13:00:02",3444600
18550,200,1000,"bu","13:00:02",3444100
18550,200,1200,"bu","13:00:02",3443100
18550,200,100,"bu","13:00:00",3441900
18550,200,3800,"bu","11:29:33",3441800
18550,200,6200,"bu","11:29:33",3438000
18550,200,600,"bu","11:29:13",3431800
18550,200,1000,"bu","11:27:15",3431200
18550,200,400,"bu","11:26:50",3430200
18550,200,1800,"bu","11:26:27",3429800
18550,200,400,"bu","11:26:27",3428000
18550,200,2800,"bu","11:26:27",3427600
18500,150,1000,"sd","11:26:23",3424800
18500,150,5000,"sd","11:25:48",3423800
18500,150,2600,"sd","11:25:35",3418800
18550,200,200,"bu","11:25:24",3416200
18550,200,1000,"bu","11:24:47",3416000
18550,200,5000,"bu","11:24:43",3415000
18550,200,1000,"bu","11:24:41",3410000
18550,200,4000,"bu","11:24:41",3409000
18550,200,100,"bu","11:24:29",3405000
18550,200,900,"bu","11:24:16",3404900
18550,200,2500,"bu","11:24:16",3404000
18550,200,2400,"bu","11:24:16",3401500
18550,200,100,"bu","11:24:10",3399100
18550,200,100,"bu","11:24:10",3399000
18550,200,100,"bu","11:24:10",3398900
18550,200,2000,"bu","11:24:10",3398800
18550,200,10000,"bu","11:24:10",3396800
18550,200,600,"bu","11:24:10",3386800
18550,200,5500,"bu","11:24:10",3386200
18550,200,100,"bu","11:24:10",3380700
18550,200,100,"bu","11:24:10",3380600
18550,200,900,"bu","11:24:10",3380500
18550,200,500,"bu","11:24:10",3379600
18550,200,18200,"bu","11:23:55",3379100
18550,200,1000,"bu","11:23:55",3360900
18550,200,30800,"bu","11:23:55",3359900
18550,200,9200,"bu","11:23:37",3329100
18550,200,1000,"bu","11:23:37",3319900
18550,200,4800,"bu","11:23:37",3318900
18550,200,2000,"bu","11:23:25",3314100
18550,200,600,"bu","11:23:22",3312100
18550,200,10000,"bu","11:23:03",3311500
18550,200,5000,"bu","11:22:40",3301500
18500,150,100,"sd","11:21:47",3296500
18500,150,5800,"sd","11:21:44",3296400
18500,150,500,"sd","11:21:44",3290600
18500,150,100,"sd","11:21:44",3290100
18500,150,2000,"sd","11:21:44",3290000
18500,150,600,"sd","11:21:44",3288000
18500,150,300,"sd","11:20:59",3287400
18500,150,200,"sd","11:20:59",3287100
18500,150,100,"sd","11:20:59",3286900
18500,150,100,"sd","11:20:59",3286800
18500,150,1300,"sd","11:20:59",3286700
18500,150,200,"sd","11:20:47",3285400
18500,150,100,"sd","11:20:47",3285200
18500,150,700,"sd","11:20:47",3285100
18500,150,1000,"sd","11:20:33",3284400
18500,150,500,"sd","11:19:52",3283400
18550,200,600,"bu","11:18:57",3282900
18550,200,100,"bu","11:18:37",3282300
18550,200,1500,"bu","11:17:25",3282200
18550,200,400,"sd","11:17:17",3280700
18550,200,900,"bu","11:17:16",3280300
18550,200,100,"bu","11:17:13",3279400
18550,200,300,"bu","11:17:13",3279300
18550,200,3000,"sd","11:17:05",3279000
18550,200,300,"bu","11:17:01",3276000
18550,200,6100,"bu","11:17:01",3275700
18500,150,1000,"sd","11:16:40",3269600
18550,200,200,"bu","11:16:33",3268600
18550,200,500,"bu","11:16:33",3268400
18550,200,1000,"bu","11:16:33",3267900
18550,200,100,"bu","11:16:33",3266900
18550,200,18200,"bu","11:16:33",3266800
18550,200,1800,"bu","11:16:20",3248600
18550,200,500,"bu","11:16:20",3246800
18550,200,900,"bu","11:16:20",3246300
18550,200,1000,"bu","11:16:20",3245400
18550,200,15800,"bu","11:16:20",3244400
18550,200,2200,"bu","11:16:11",3228600
18550,200,2000,"bu","11:15:52",3226400
18550,200,900,"bu","11:15:52",3224400
18550,200,1000,"bu","11:15:52",3223500
18550,200,1100,"bu","11:15:52",3222500
18550,200,300,"bu","11:15:40",3221400
18550,200,1600,"bu","11:15:29",3221100
18550,200,300,"bu","11:15:29",3219500
18550,200,200,"bu","11:15:29",3219200
18550,200,800,"bu","11:14:04",3219000
18550,200,700,"bu","11:14:04",3218200
18550,200,1000,"bu","11:13:50",3217500
18550,200,2000,"bu","11:13:31",3216500
18550,200,3500,"bu","11:13:23",3214500
18550,200,700,"bu","11:12:42",3211000
18550,200,100,"bu","11:12:34",3210300
18550,200,1000,"bu","11:12:14",3210200
18550,200,100,"bu","11:12:11",3209200
18550,200,200,"bu","11:11:43",3209100
18550,200,200,"bu","11:11:30",3208900
18550,200,1000,"bu","11:11:25",3208700
18550,200,300,"sd","11:11:14",3207700
18550,200,300,"sd","11:11:14",3207400
18550,200,1300,"sd","11:11:14",3207100
18550,200,300,"sd","11:11:14",3205800
18550,200,5000,"sd","11:11:14",3205500
18550,200,2000,"sd","11:11:14",3200500
18550,200,4000,"sd","11:11:14",3198500
18550,200,200,"sd","11:11:05",3194500
18550,200,800,"sd","11:11:04",3194300
18550,200,700,"sd","11:11:04",3193500
18550,200,5000,"sd","11:10:55",3192800
18600,250,1000,"bu","11:10:21",3187800
18550,200,3000,"sd","11:10:17",3186800
18550,200,500,"bu","11:09:55",3183800
18550,200,200,"bu","11:09:55",3183300
18550,200,200,"bu","11:09:55",3183100
18550,200,500,"bu","11:09:55",3182900
18550,200,9900,"bu","11:09:55",3182400
18550,200,100,"bu","11:09:54",3172500
18550,200,100,"bu","11:09:54",3172400
18550,200,100,"bu","11:09:54",3172300
18550,200,2000,"bu","11:09:54",3172200
18550,200,1900,"bu","11:09:53",3170200
18550,200,500,"bu","11:09:53",3168300
18550,200,13000,"bu","11:09:53",3167800
18550,200,4000,"bu","11:09:53",3154800
18550,200,600,"bu","11:09:53",3150800
18550,200,20000,"bu","11:09:50",3150200
18550,200,1700,"bu","11:09:48",3130200
18550,200,20000,"bu","11:09:47",3128500
18550,200,600,"bu","11:09:42",3108500
18550,200,5000,"bu","11:09:42",3107900
18550,200,3000,"bu","11:09:42",3102900
18550,200,1000,"bu","11:09:42",3099900
18550,200,5000,"bu","11:09:42",3098900
18550,200,35400,"bu","11:09:42",3093900
18550,200,2000,"bu","11:09:39",3058500
18550,200,1000,"bu","11:09:39",3056500
18550,200,1000,"bu","11:09:32",3055500
18550,200,20000,"bu","11:09:28",3054500
18550,200,100,"bu","11:09:02",3034500
18550,200,200,"bu","11:08:44",3034400
18500,150,5900,"sd","11:07:57",3034200
18500,150,200,"sd","11:07:54",3028300
18500,150,1000,"sd","11:07:47",3028100
18500,150,500,"sd","11:07:39",3027100
18500,150,500,"sd","11:07:36",3026600
18500,150,2000,"sd","11:07:20",3026100
18500,150,2000,"sd","11:06:27",3024100
18500,150,200,"sd","11:06:19",3022100
18500,150,400,"sd","11:06:06",3021900
18500,150,1000,"sd","11:05:53",3021500
18500,150,3000,"sd","11:05:39",3020500
18500,150,100,"sd","11:05:30",3017500
18500,150,10000,"sd","11:05:20",3017400
18500,150,100,"sd","11:05:16",3007400
18500,150,1000,"sd","11:05:15",3007300
18550,200,1000,"bu","11:04:58",3006300
18500,150,3000,"sd","11:04:49",3005300
18550,200,200,"bu","11:04:41",3002300
18550,200,500,"bu","11:04:27",3002100
18550,200,7400,"sd","11:04:21",3001600
18550,200,2000,"sd","11:04:21",2994200
18550,200,400,"sd","11:04:21",2992200
18550,200,10000,"sd","11:04:20",2991800
18550,200,100,"sd","11:04:20",2981800
18550,200,10000,"sd","11:04:20",2981700
18550,200,500,"sd","11:04:20",2971700
18550,200,3500,"sd","11:04:20",2971200
18550,200,200,"sd","11:04:20",2967700
18550,200,500,"sd","11:04:20",2967500
18550,200,2000,"sd","11:04:20",2967000
18550,200,200,"sd","11:04:20",2965000
18550,200,3100,"sd","11:04:20",2964800
18550,200,12600,"sd","11:04:20",2961700
18550,200,5400,"sd","11:04:20",2949100
18550,200,2600,"sd","11:04:20",2943700
18550,200,5000,"sd","11:04:14",2941100
18550,200,500,"sd","11:04:14",2936100
18550,200,500,"sd","11:04:11",2935600
18550,200,2700,"sd","11:04:11",2935100
18550,200,1800,"sd","11:04:11",2932400
18550,200,200,"sd","11:04:11",2930600
18550,200,1600,"sd","11:04:11",2930400
18550,200,1000,"sd","11:04:09",2928800
18550,200,200,"sd","11:04:05",2927800
18550,200,7200,"sd","11:04:04",2927600
18550,200,500,"sd","11:04:04",2920400
18550,200,100,"sd","11:04:04",2919900
18550,200,200,"sd","11:04:04",2919800
18550,200,800,"sd","11:04:04",2919600
18550,200,1000,"sd","11:04:04",2918800
18550,200,1000,"sd","11:04:04",2917800
18550,200,2200,"sd","11:04:04",2916800
18550,200,10000,"sd","11:04:02",2914600
18550,200,500,"sd","11:04:01",2904600
18600,250,5000,"bu","11:04:00",2904100
18550,200,1000,"sd","11:03:53",2899100
18550,200,1000,"sd","11:03:50",2898100
18550,200,38300,"sd","11:03:48",2897100
18550,200,11700,"sd","11:03:48",2858800
18550,200,200,"sd","11:03:47",2847100
18550,200,8100,"sd","11:03:31",2846900
18550,200,5000,"sd","11:03:31",2838800
18550,200,1000,"sd","11:03:31",2833800
18550,200,3900,"sd","11:03:31",2832800
18600,250,3300,"bu","11:03:20",2828900
18600,250,300,"bu","11:03:20",2825600
18600,250,500,"bu","11:03:20",2825300
18600,250,200,"bu","11:03:20",2824800
18600,250,5000,"bu","11:03:20",2824600
18600,250,200,"bu","11:03:20",2819600
18600,250,2000,"bu","11:03:20",2819400
18600,250,200,"bu","11:03:20",2817400
18600,250,2000,"bu","11:03:20",2817200
18600,250,100,"bu","11:03:20",2815200
18600,250,500,"bu","11:03:20",2815100
18600,250,100,"bu","11:03:20",2814600
18600,250,500,"bu","11:03:20",2814500
18600,250,5100,"bu","11:03:20",2814000
18600,250,300,"bu","11:02:49",2808900
18600,250,400,"bu","11:02:37",2808600
18550,200,1000,"sd","11:02:30",2808200
18600,250,1000,"bu","11:02:29",2807200
18600,250,500,"bu","11:02:25",2806200
18550,200,1000,"sd","11:02:20",2805700
18600,250,2000,"bu","11:01:40",2804700
18550,200,600,"sd","11:01:32",2802700
18550,200,3000,"sd","11:01:15",2802100
18600,250,700,"bu","11:01:06",2799100
18600,250,300,"bu","11:01:06",2798400
18600,250,100,"bu","11:01:06",2798100
18600,250,1500,"bu","11:01:06",2798000
18600,250,400,"bu","11:00:56",2796500
18600,250,1000,"bu","11:00:56",2796100
18600,250,100,"bu","11:00:56",2795100
18600,250,200,"bu","11:00:56",2795000
18600,250,500,"bu","11:00:56",2794800
18600,250,800,"bu","11:00:56",2794300
18600,250,200,"bu","11:00:55",2793500
18600,250,200,"bu","11:00:55",2793300
18600,250,10000,"bu","11:00:55",2793100
18600,250,100,"bu","11:00:55",2783100
18600,250,4500,"bu","11:00:55",2783000
18600,250,5000,"bu","11:00:52",2778500
18600,250,300,"bu","11:00:49",2773500
18600,250,200,"bu","11:00:48",2773200
18600,250,5400,"bu","11:00:48",2773000
18600,250,4600,"bu","11:00:46",2767600
18600,250,1000,"bu","11:00:46",2763000
18600,250,3700,"bu","11:00:46",2762000
18600,250,300,"bu","11:00:45",2758300
18600,250,600,"bu","11:00:45",2758000
18600,250,1700,"bu","11:00:45",2757400
18600,250,4000,"bu","11:00:44",2755700
18600,250,3700,"bu","11:00:42",2751700
18600,250,100,"bu","11:00:42",2748000
18600,250,4000,"bu","11:00:42",2747900
18600,250,100,"bu","11:00:42",2743900
18600,250,10000,"bu","11:00:42",2743800
18600,250,3000,"bu","11:00:42",2733800
18600,250,4700,"bu","11:00:42",2730800
18600,250,17100,"bu","11:00:42",2726100
18600,250,2000,"bu","11:00:32",2709000
18600,250,1000,"bu","11:00:05",2707000
18600,250,500,"bu","11:00:03",2706000
18600,250,500,"bu","10:59:56",2705500
18550,200,2000,"sd","10:59:55",2705000
18600,250,1400,"bu","10:59:46",2703000
18600,250,100,"bu","10:59:39",2701600
18600,250,11700,"bu","10:59:18",2701500
18600,250,7300,"bu","10:59:18",2689800
18600,250,3000,"bu","10:59:18",2682500
18600,250,7000,"bu","10:59:03",2679500
18550,200,1000,"sd","10:59:02",2672500
18550,200,1000,"bu","10:58:47",2671500
18550,200,200,"bu","10:58:47",2670500
18550,200,50000,"bu","10:58:47",2670300
18550,200,3100,"bu","10:58:47",2620300
18550,200,3000,"bu","10:58:35",2617200
18550,200,1000,"bu","10:58:34",2614200
18550,200,200,"bu","10:58:34",2613200
18550,200,3800,"bu","10:58:34",2613000
18550,200,5000,"bu","10:58:34",2609200
18550,200,5000,"bu","10:58:33",2604200
18550,200,40000,"bu","10:58:24",2599200
18550,200,100,"bu","10:58:22",2559200
18550,200,2000,"bu","10:58:22",2559100
18550,200,2700,"bu","10:58:15",2557100
18550,200,1000,"bu","10:58:15",2554400
18550,200,200,"bu","10:58:15",2553400
18550,200,1000,"bu","10:58:15",2553200
18550,200,5000,"bu","10:58:15",2552200
18550,200,100,"bu","10:58:15",2547200
18550,200,900,"bu","10:58:10",2547100
18550,200,100,"bu","10:58:10",2546200
18550,200,1000,"bu","10:58:10",2546100
18550,200,20000,"bu","10:58:10",2545100
18550,200,2000,"bu","10:58:10",2525100
18550,200,1000,"bu","10:58:10",2523100
18550,200,5300,"bu","10:58:10",2522100
18550,200,100,"bu","10:58:10",2516800
18550,200,38500,"bu","10:58:10",2516700
18550,200,700,"bu","10:58:10",2478200
18550,200,300,"bu","10:58:10",2477500
18550,200,5000,"bu","10:58:10",2477200
18550,200,900,"bu","10:58:10",2472200
18550,200,500,"bu","10:58:10",2471300
18550,200,200,"bu","10:58:10",2470800
18550,200,18800,"bu","10:58:10",2470600
18550,200,400,"bu","10:58:10",2451800
18550,200,100,"bu","10:58:10",2451400
18550,200,2200,"bu","10:58:10",2451300
18550,200,100,"bu","10:58:08",2449100
18550,200,2000,"bu","10:58:08",2449000
18550,200,600,"bu","10:58:08",2447000
18550,200,900,"bu","10:58:08",2446400
18550,200,500,"bu","10:58:04",2445500
18550,200,500,"bu","10:57:40",2445000
18550,200,200,"bu","10:57:19",2444500
18550,200,2900,"bu","10:57:14",2444300
18550,200,1000,"bu","10:57:14",2441400
18550,200,1000,"bu","10:56:57",2440400
18550,200,1300,"bu","10:56:57",2439400
18550,200,200,"bu","10:56:57",2438100
18550,200,2000,"bu","10:56:57",2437900
18550,200,5000,"bu","10:56:57",2435900
18550,200,500,"bu","10:56:57",2430900
18550,200,10000,"bu","10:56:52",2430400
18550,200,200,"bu","10:56:51",2420400
18550,200,2000,"bu","10:56:44",2420200
18550,200,2300,"bu","10:56:44",2418200
18550,200,3600,"bu","10:56:44",2415900
18550,200,4100,"bu","10:56:44",2412300
18550,200,100,"bu","10:56:19",2408200
18550,200,100,"bu","10:56:14",2408100
18550,200,700,"bu","10:56:03",2408000
18550,200,500,"bu","10:56:03",2407300
18550,200,1000,"bu","10:56:03",2406800
18550,200,800,"bu","10:56:03",2405800
18550,200,200,"bu","10:55:45",2405000
18500,150,200,"sd","10:55:18",2404800
18500,150,10000,"sd","10:55:02",2404600
18550,200,100,"bu","10:54:57",2394600
18550,200,100,"bu","10:54:57",2394500
18550,200,800,"bu","10:54:57",2394400
18550,200,300,"bu","10:54:43",2393600
18550,200,100,"bu","10:54:43",2393300
18550,200,300,"bu","10:54:43",2393200
18550,200,100,"bu","10:54:43",2392900
18550,200,100,"bu","10:54:43",2392800
18550,200,1000,"bu","10:54:43",2392700
18550,200,3000,"bu","10:54:43",2391700
18550,200,1000,"bu","10:54:43",2388700
18550,200,100,"bu","10:54:43",2387700
18550,200,500,"bu","10:54:43",2387600
18550,200,200,"bu","10:54:43",2387100
18550,200,500,"bu","10:54:43",2386900
18550,200,100,"bu","10:54:43",2386400
18550,200,2000,"bu","10:54:43",2386300
18550,200,100,"bu","10:54:43",2384300
18550,200,200,"bu","10:54:43",2384200
18550,200,300,"bu","10:54:43",2384000
18550,200,100,"bu","10:54:43",2383700
18550,200,5000,"bu","10:54:43",2383600
18500,150,3000,"sd","10:54:25",2378600
18500,150,1000,"sd","10:54:18",2375600
18550,200,10000,"bu","10:54:14",2374600
18500,150,200,"sd","10:54:10",2364600
18500,150,1000,"sd","10:53:59",2364400
18550,200,500,"bu","10:53:52",2363400
18500,150,300,"sd","10:53:36",2362900
18500,150,200,"sd","10:53:31",2362600
18550,200,900,"bu","10:53:18",2362400
18550,200,100,"bu","10:53:18",2361500
18550,200,5000,"bu","10:53:10",2361400
18550,200,5000,"bu","10:53:05",2356400
18550,200,1000,"bu","10:53:05",2351400
18550,200,100,"bu","10:53:05",2350400
18550,200,500,"bu","10:53:05",2350300
18550,200,200,"bu","10:53:05",2349800
18550,200,800,"bu","10:53:05",2349600
18550,200,400,"bu","10:53:05",2348800
18550,200,2000,"bu","10:53:05",2348400
18550,200,100,"bu","10:53:03",2346400
18550,200,300,"bu","10:53:03",2346300
18550,200,1600,"bu","10:53:03",2346000
18550,200,2000,"bu","10:53:03",2344400
18550,200,2000,"bu","10:53:03",2342400
18550,200,1500,"bu","10:53:03",2340400
18550,200,500,"bu","10:52:59",2338900
18550,200,5200,"bu","10:52:59",2338400
18550,200,2000,"bu","10:52:41",2333200
18550,200,2800,"bu","10:52:40",2331200
18550,200,1700,"bu","10:52:40",2328400
18550,200,700,"bu","10:52:39",2326700
18550,200,1100,"bu","10:52:35",2326000
18550,200,800,"bu","10:52:35",2324900
18550,200,1000,"bu","10:52:35",2324100
18550,200,500,"bu","10:52:35",2323100
18550,200,100,"bu","10:52:35",2322600
18550,200,3000,"bu","10:52:35",2322500
18550,200,200,"bu","10:52:35",2319500
18550,200,3300,"bu","10:52:35",2319300
18550,200,2700,"bu","10:52:35",2316000
18550,200,200,"bu","10:52:35",2313300
18550,200,100,"bu","10:52:35",2313100
18550,200,200,"bu","10:52:35",2313000
18550,200,5000,"bu","10:52:35",2312800
18550,200,1800,"bu","10:52:35",2307800
18550,200,8200,"bu","10:52:34",2306000
18550,200,10000,"bu","10:52:34",2297800
18550,200,1800,"bu","10:52:34",2287800
18550,200,7000,"bu","10:52:25",2286000
18550,200,1200,"bu","10:52:23",2279000
18550,200,100,"bu","10:52:23",2277800
18550,200,5000,"bu","10:52:23",2277700
18550,200,500,"bu","10:52:23",2272700
18550,200,3200,"bu","10:52:23",2272200
18500,150,4300,"sd","10:52:19",2269000
18500,150,700,"sd","10:52:19",2264700
18500,150,100,"sd","10:52:14",2264000
18500,150,500,"sd","10:52:11",2263900
18550,200,6800,"bu","10:52:11",2263400
18550,200,1000,"bu","10:52:11",2256600
18550,200,100,"bu","10:52:11",2255600
18550,200,2100,"bu","10:52:11",2255500
18550,200,16000,"bu","10:51:59",2253400
18500,150,1700,"sd","10:51:57",2237400
18500,150,300,"sd","10:51:57",2235700
18550,200,1600,"bu","10:51:47",2235400
18550,200,6800,"bu","10:51:38",2233800
18550,200,7300,"bu","10:51:38",2227000
18550,200,100,"bu","10:51:38",2219700
18550,200,500,"bu","10:51:38",2219600
18550,200,300,"bu","10:51:38",2219100
18500,150,1000,"sd","10:51:17",2218800
18500,150,200,"sd","10:51:14",2217800
18500,150,500,"sd","10:50:45",2217600
18500,150,3000,"bu","10:50:41",2217100
18500,150,1900,"bu","10:50:41",2214100
18500,150,1000,"bu","10:50:41",2212200
18500,150,2000,"bu","10:50:41",2211200
18500,150,1600,"bu","10:50:41",2209200
18500,150,600,"bu","10:50:19",2207600
18500,150,500,"bu","10:50:19",2207000
18500,150,3000,"bu","10:50:16",2206500
18500,150,300,"bu","10:50:16",2203500
18500,150,1000,"bu","10:50:16",2203200
18500,150,100,"bu","10:50:16",2202200
18500,150,1000,"bu","10:50:16",2202100
18500,150,500,"bu","10:50:16",2201100
18500,150,2000,"bu","10:50:16",2200600
18500,150,100,"bu","10:50:16",2198600
18500,150,1000,"bu","10:50:10",2198500
18500,150,3000,"bu","10:50:04",2197500
18500,150,1000,"bu","10:50:04",2194500
18500,150,500,"bu","10:50:02",2193500
18450,100,5000,"sd","10:50:01",2193000
18500,150,5000,"bu","10:49:59",2188000
18500,150,100,"bu","10:49:47",2183000
18500,150,10000,"bu","10:49:46",2182900
18500,150,1500,"bu","10:49:43",2172900
18500,150,1000,"bu","10:49:31",2171400
18500,150,300,"bu","10:49:29",2170400
18500,150,500,"bu","10:49:29",2170100
18500,150,100,"bu","10:49:29",2169600
18500,150,1100,"bu","10:49:29",2169500
18500,150,1400,"bu","10:49:27",2168400
18500,150,500,"bu","10:49:27",2167000
18500,150,1000,"bu","10:49:27",2166500
18500,150,2100,"bu","10:49:27",2165500
18500,150,1000,"bu","10:49:26",2163400
18500,150,400,"bu","10:49:26",2162400
18500,150,100,"bu","10:49:26",2162000
18500,150,1300,"bu","10:49:26",2161900
18500,150,100,"bu","10:49:26",2160600
18500,150,1200,"bu","10:49:26",2160500
18500,150,400,"bu","10:49:26",2159300
18500,150,200,"bu","10:49:26",2158900
18500,150,1000,"bu","10:49:26",2158700
18500,150,300,"bu","10:49:26",2157700
18500,150,1300,"bu","10:49:24",2157400
18500,150,200,"bu","10:49:24",2156100
18500,150,700,"bu","10:49:22",2155900
18500,150,300,"bu","10:49:22",2155200
18500,150,5000,"bu","10:49:21",2154900
18500,150,7700,"bu","10:49:17",2149900
18500,150,100,"bu","10:49:17",2142200
18500,150,27200,"bu","10:49:17",2142100
18500,150,13000,"bu","10:49:17",2114900
18500,150,2000,"bu","10:49:17",2101900
18500,150,1000,"bu","10:49:15",2099900
18500,150,500,"bu","10:49:04",2098900
18500,150,500,"bu","10:49:04",2098400
18500,150,1700,"bu","10:49:04",2097900
18500,150,1000,"bu","10:49:04",2096200
18500,150,1300,"bu","10:49:04",2095200
18500,150,200,"bu","10:49:03",2093900
18500,150,3000,"bu","10:49:03",2093700
18500,150,5000,"bu","10:49:03",2090700
18500,150,300,"bu","10:49:03",2085700
18500,150,300,"bu","10:49:03",2085400
18500,150,200,"bu","10:49:03",2085100
18500,150,2500,"bu","10:49:03",2084900
18500,150,2000,"bu","10:49:03",2082400
18500,150,10000,"bu","10:49:03",2080400
18500,150,1000,"bu","10:49:03",2070400
18500,150,500,"bu","10:49:03",2069400
18500,150,2500,"bu","10:48:52",2068900
18500,150,500,"bu","10:48:52",2066400
18500,150,200,"bu","10:48:52",2065900
18500,150,500,"bu","10:48:52",2065700
18500,150,500,"bu","10:48:52",2065200
18500,150,600,"bu","10:48:52",2064700
18500,150,300,"bu","10:48:52",2064100
18500,150,600,"bu","10:48:52",2063800
18500,150,200,"bu","10:48:52",2063200
18500,150,200,"bu","10:48:52",2063000
18500,150,100,"bu","10:48:52",2062800
18500,150,200,"bu","10:48:52",2062700
18500,150,1000,"bu","10:48:52",2062500
18500,150,5000,"bu","10:48:52",2061500
18500,150,200,"bu","10:48:52",2056500
18500,150,1000,"bu","10:48:52",2056300
18500,150,600,"bu","10:48:52",2055300
18500,150,3200,"bu","10:48:52",2054700
18500,150,600,"bu","10:48:52",2051500
18500,150,3000,"bu","10:48:52",2050900
18500,150,5000,"bu","10:48:52",2047900
18500,150,2000,"bu","10:48:52",2042900
18500,150,800,"bu","10:48:52",2040900
18500,150,500,"bu","10:48:52",2040100
18500,150,500,"bu","10:48:52",2039600
18500,150,200,"bu","10:48:52",2039100
18500,150,15000,"bu","10:48:52",2038900
18500,150,200,"bu","10:48:52",2023900
18500,150,500,"bu","10:48:52",2023700
18500,150,10000,"bu","10:48:52",2023200
18500,150,500,"bu","10:48:52",2013200
18500,150,2000,"bu","10:48:52",2012700
18500,150,2700,"bu","10:48:52",2010700
18500,150,600,"bu","10:48:52",2008000
18500,150,500,"bu","10:48:52",2007400
18500,150,500,"bu","10:48:52",2006900
18500,150,1200,"bu","10:48:52",2006400
18500,150,5000,"bu","10:48:52",2005200
18500,150,100,"bu","10:48:52",2000200
18500,150,500,"bu","10:48:52",2000100
18500,150,1000,"bu","10:48:52",1999600
18500,150,200,"bu","10:48:52",1998600
18500,150,8300,"bu","10:48:52",1998400
18500,150,100,"bu","10:48:52",1990100
18500,150,200,"bu","10:48:52",1990000
18500,150,2000,"bu","10:48:52",1989800
18500,150,10000,"bu","10:48:52",1987800
18500,150,300,"bu","10:48:52",1977800
18500,150,200,"bu","10:48:52",1977500
18500,150,8400,"bu","10:48:52",1977300
18500,150,41600,"bu","10:48:45",1968900
18500,150,1000,"bu","10:48:45",1927300
18500,150,500,"bu","10:48:45",1926300
18500,150,200,"bu","10:48:45",1925800
18500,150,100,"bu","10:48:45",1925600
18500,150,1000,"bu","10:48:45",1925500
18500,150,5000,"bu","10:48:45",1924500
18500,150,900,"bu","10:48:45",1919500
18500,150,800,"bu","10:48:45",1918600
18500,150,5000,"bu","10:48:45",1917800
18500,150,5000,"bu","10:48:45",1912800
18500,150,4000,"bu","10:48:45",1907800
18500,150,3000,"bu","10:48:45",1903800
18500,150,4000,"bu","10:48:45",1900800
18500,150,100,"bu","10:48:45",1896800
18500,150,500,"bu","10:48:45",1896700
18500,150,10000,"bu","10:48:45",1896200
18500,150,5000,"bu","10:48:45",1886200
18500,150,100,"bu","10:48:45",1881200
18500,150,1000,"bu","10:48:45",1881100
18500,150,2000,"bu","10:48:45",1880100
18500,150,100,"bu","10:48:45",1878100
18500,150,27300,"bu","10:48:45",1878000
18500,150,31800,"bu","10:48:45",1850700
18450,100,2000,"sd","10:48:05",1818900
18450,100,700,"sd","10:47:45",1816900
18450,100,6000,"sd","10:47:39",1816200
18450,100,4000,"bu","10:46:39",1810200
18450,100,700,"bu","10:46:39",1806200
18450,100,300,"bu","10:46:33",1805500
18450,100,1000,"bu","10:46:32",1805200
18450,100,300,"bu","10:46:29",1804200
18450,100,1000,"sd","10:46:28",1803900
18450,100,6700,"sd","10:46:28",1802900
18450,100,3000,"sd","10:46:23",1796200
18450,100,300,"bu","10:46:13",1793200
18450,100,2000,"bu","10:46:11",1792900
18450,100,1000,"bu","10:45:59",1790900
18450,100,6000,"bu","10:45:58",1789900
18450,100,500,"sd","10:45:58",1783900
18450,100,10000,"sd","10:45:58",1783400
18450,100,1000,"sd","10:45:58",1773400
18450,100,10000,"sd","10:45:58",1772400
18450,100,5000,"sd","10:45:58",1762400
18450,100,2500,"sd","10:45:58",1757400
18450,100,2000,"sd","10:45:58",1754900
18450,100,5000,"sd","10:45:58",1752900
18450,100,1000,"sd","10:45:58",1747900
18450,100,3700,"sd","10:45:58",1746900
18500,150,500,"bu","10:45:52",1743200
18450,100,1000,"sd","10:45:46",1742700
18450,100,30000,"sd","10:45:42",1741700
18500,150,500,"bu","10:45:22",1711700
18450,100,300,"sd","10:45:12",1711200
18450,100,2000,"sd","10:44:27",1710900
18450,100,100,"sd","10:44:11",1708900
18450,100,12900,"sd","10:43:50",1708800
18450,100,300,"sd","10:43:50",1695900
18450,100,10000,"sd","10:43:50",1695600
18450,100,300,"sd","10:43:50",1685600
18450,100,800,"sd","10:43:50",1685300
18450,100,5700,"sd","10:43:50",1684500
18450,100,2000,"sd","10:43:37",1678800
18450,100,5000,"sd","10:43:31",1676800
18500,150,2000,"bu","10:43:02",1671800
18500,150,1000,"bu","10:42:19",1669800
18500,150,200,"bu","10:41:34",1668800
18500,150,100,"bu","10:41:34",1668600
18500,150,200,"bu","10:41:34",1668500
18500,150,1000,"bu","10:41:34",1668300
18500,150,100,"bu","10:41:34",1667300
18450,100,1000,"bu","10:41:34",1667200
18450,100,500,"bu","10:41:34",1666200
18450,100,600,"bu","10:41:34",1665700
18450,100,1000,"bu","10:41:34",1665100
18450,100,30000,"bu","10:41:34",1664100
18450,100,100,"bu","10:41:34",1634100
18450,100,600,"bu","10:41:34",1634000
18450,100,3500,"bu","10:41:34",1633400
18450,100,1000,"bu","10:41:32",1629900
18450,100,1400,"bu","10:41:29",1628900
18450,100,500,"bu","10:41:29",1627500
18450,100,300,"bu","10:41:29",1627000
18450,100,500,"bu","10:41:29",1626700
18450,100,1000,"bu","10:41:10",1626200
18450,100,2400,"bu","10:40:41",1625200
18450,100,200,"bu","10:40:38",1622800
18450,100,300,"bu","10:40:38",1622600
18450,100,1000,"bu","10:40:38",1622300
18450,100,300,"bu","10:40:38",1621300
18450,100,200,"bu","10:40:32",1621000
18450,100,1500,"bu","10:40:32",1620800
18450,100,3000,"bu","10:40:32",1619300
18450,100,200,"bu","10:40:32",1616300
18450,100,100,"bu","10:40:32",1616100
18450,100,100,"bu","10:40:04",1616000
18450,100,1900,"bu","10:40:04",1615900
18400,50,100,"sd","10:39:55",1614000
18450,100,2000,"bu","10:39:46",1613900
18450,100,1100,"bu","10:39:45",1611900
18450,100,400,"bu","10:39:45",1610800
18450,100,2600,"bu","10:39:27",1610400
18450,100,400,"bu","10:39:27",1607800
18450,100,600,"bu","10:39:17",1607400
18450,100,100,"bu","10:39:17",1606800
18450,100,100,"bu","10:39:17",1606700
18450,100,100,"bu","10:39:17",1606600
18450,100,100,"bu","10:39:17",1606500
18450,100,100,"bu","10:39:04",1606400
18450,100,3900,"bu","10:39:04",1606300
18450,100,1100,"bu","10:38:46",1602400
18450,100,500,"bu","10:38:46",1601300
18450,100,5300,"bu","10:38:46",1600800
18450,100,500,"bu","10:38:42",1595500
18450,100,500,"bu","10:38:39",1595000
18450,100,3000,"bu","10:38:28",1594500
18450,100,10000,"bu","10:38:28",1591500
18450,100,200,"bu","10:38:05",1581500
18450,100,500,"bu","10:37:56",1581300
18450,100,500,"bu","10:37:56",1580800
18450,100,1500,"bu","10:37:56",1580300
18450,100,200,"bu","10:37:56",1578800
18450,100,1500,"bu","10:37:56",1578600
18450,100,100,"bu","10:37:56",1577100
18450,100,700,"bu","10:37:56",1577000
18450,100,1000,"bu","10:37:42",1576300
18450,100,1300,"bu","10:37:35",1575300
18450,100,200,"bu","10:37:35",1574000
18450,100,100,"bu","10:37:35",1573800
18450,100,100,"bu","10:37:35",1573700
18450,100,1100,"bu","10:37:35",1573600
18450,100,600,"bu","10:37:35",1572500
18450,100,100,"bu","10:37:35",1571900
18450,100,200,"bu","10:37:26",1571800
18450,100,800,"bu","10:37:26",1571600
18450,100,200,"bu","10:37:19",1570800
18450,100,100,"bu","10:37:19",1570600
18450,100,500,"bu","10:37:19",1570500
18450,100,100,"bu","10:37:19",1570000
18450,100,300,"bu","10:37:19",1569900
18450,100,100,"bu","10:37:19",1569600
18450,100,1000,"bu","10:37:19",1569500
18450,100,1500,"bu","10:37:19",1568500
18450,100,1300,"bu","10:37:19",1567000
18450,100,700,"bu","10:37:15",1565700
18450,100,200,"bu","10:37:15",1565000
18450,100,100,"bu","10:37:15",1564800
18450,100,100,"bu","10:37:11",1564700
18450,100,400,"bu","10:37:11",1564600
18450,100,100,"bu","10:37:10",1564200
18450,100,700,"bu","10:37:10",1564100
18450,100,2300,"bu","10:37:04",1563400
18450,100,700,"bu","10:37:04",1561100
18450,100,1000,"bu","10:36:45",1560400
18450,100,100,"bu","10:36:43",1559400
18450,100,1000,"bu","10:36:43",1559300
18450,100,1000,"bu","10:36:21",1558300
18450,100,1200,"bu","10:36:09",1557300
18450,100,800,"bu","10:36:09",1556100
18450,100,3000,"bu","10:35:48",1555300
18450,100,1200,"bu","10:35:31",1552300
18450,100,5000,"bu","10:35:31",1551100
18450,100,500,"bu","10:35:31",1546100
18450,100,2000,"bu","10:35:31",1545600
18450,100,500,"bu","10:35:31",1543600
18450,100,800,"bu","10:35:31",1543100
18450,100,1000,"bu","10:35:29",1542300
18450,100,500,"bu","10:35:27",1541300
18450,100,500,"bu","10:35:23",1540800
18450,100,17200,"bu","10:35:16",1540300
18450,100,400,"bu","10:35:16",1523100
18450,100,1000,"bu","10:35:16",1522700
18450,100,5000,"bu","10:35:16",1521700
18450,100,6000,"bu","10:35:16",1516700
18450,100,200,"bu","10:35:16",1510700
18450,100,2000,"bu","10:35:16",1510500
18450,100,3600,"bu","10:35:16",1508500
18450,100,2000,"bu","10:35:16",1504900
18450,100,700,"bu","10:35:16",1502900
18450,100,2300,"bu","10:35:07",1502200
18450,100,2700,"bu","10:35:07",1499900
18400,50,600,"sd","10:35:06",1497200
18450,100,300,"bu","10:34:55",1496600
18450,100,700,"bu","10:34:55",1496300
18450,100,4000,"bu","10:34:51",1495600
18450,100,300,"bu","10:34:51",1491600
18450,100,400,"bu","10:34:51",1491300
18450,100,1600,"bu","10:34:36",1490900
18450,100,100,"bu","10:34:36",1489300
18450,100,300,"bu","10:34:36",1489200
18450,100,3000,"bu","10:34:36",1488900
18450,100,2000,"bu","10:34:16",1485900
18450,100,100,"bu","10:34:16",1483900
18450,100,500,"bu","10:34:16",1483800
18450,100,11000,"bu","10:34:16",1483300
18450,100,300,"bu","10:34:16",1472300
18450,100,2500,"bu","10:34:16",1472000
18450,100,6000,"bu","10:34:16",1469500
18450,100,500,"bu","10:34:16",1463500
18450,100,100,"bu","10:34:16",1463000
18450,100,8000,"bu","10:34:16",1462900
18450,100,1000,"bu","10:34:16",1454900
18450,100,10000,"bu","10:34:16",1453900
18450,100,100,"bu","10:34:16",1443900
18450,100,100,"bu","10:34:16",1443800
18450,100,1000,"bu","10:34:16",1443700
18450,100,1000,"bu","10:34:16",1442700
18450,100,300,"bu","10:34:16",1441700
18450,100,1000,"bu","10:34:16",1441400
18450,100,100,"bu","10:34:16",1440400
18450,100,2400,"bu","10:34:16",1440300
18450,100,2000,"bu","10:34:16",1437900
18450,100,10000,"bu","10:34:16",1435900
18450,100,2000,"bu","10:34:04",1425900
18450,100,2000,"bu","10:33:49",1423900
18450,100,9900,"bu","10:33:37",1421900
18450,100,100,"bu","10:33:37",1412000
18450,100,500,"bu","10:32:22",1411900
18450,100,500,"bu","10:32:14",1411400
18450,100,10000,"bu","10:32:14",1410900
18450,100,1500,"bu","10:32:14",1400900
18400,50,900,"sd","10:31:46",1399400
18400,50,1000,"sd","10:31:46",1398500
18400,50,2100,"sd","10:31:46",1397500
18400,50,100,"sd","10:31:28",1395400
18400,50,500,"sd","10:31:20",1395300
18400,50,300,"sd","10:30:20",1394800
18400,50,5000,"sd","10:30:20",1394500
18400,50,22200,"sd","10:30:20",1389500
18400,50,500,"sd","10:30:06",1367300
18450,100,100,"bu","10:29:58",1366800
18400,50,200,"sd","10:29:34",1366700
18400,50,500,"sd","10:29:19",1366500
18400,50,1000,"sd","10:28:51",1366000
18400,50,100,"sd","10:28:51",1365000
18400,50,100,"sd","10:28:47",1364900
18400,50,100,"sd","10:28:43",1364800
18400,50,100,"sd","10:28:42",1364700
18400,50,100,"sd","10:28:37",1364600
18400,50,100,"sd","10:28:03",1364500
18400,50,100,"sd","10:27:40",1364400
18400,50,100,"sd","10:27:36",1364300
18400,50,100,"sd","10:27:33",1364200
18400,50,3000,"sd","10:27:31",1364100
18400,50,200,"sd","10:27:14",1361100
18400,50,1500,"sd","10:27:10",1360900
18400,50,500,"sd","10:27:10",1359400
18400,50,100,"sd","10:27:07",1358900
18400,50,1000,"sd","10:26:58",1358800
18400,50,1000,"sd","10:26:37",1357800
18400,50,400,"sd","10:26:06",1356800
18400,50,600,"sd","10:26:06",1356400
18400,50,2500,"sd","10:25:43",1355800
18400,50,6900,"sd","10:25:36",1353300
18400,50,3100,"sd","10:25:36",1346400
18400,50,1900,"sd","10:25:23",1343300
18400,50,1000,"sd","10:25:23",1341400
18400,50,900,"sd","10:25:23",1340400
18400,50,1200,"sd","10:25:23",1339500
18400,50,200,"sd","10:25:19",1338300
18400,50,2500,"sd","10:24:17",1338100
18400,50,500,"sd","10:24:15",1335600
18400,50,500,"sd","10:23:58",1335100
18400,50,100,"sd","10:23:40",1334600
18400,50,100,"sd","10:23:35",1334500
18400,50,100,"bu","10:23:31",1334400
18400,50,30700,"bu","10:23:31",1334300
18400,50,3000,"bu","10:23:31",1303600
18400,50,400,"bu","10:23:31",1300600
18400,50,5000,"bu","10:23:31",1300200
18400,50,1000,"bu","10:23:31",1295200
18400,50,5000,"bu","10:23:31",1294200
18400,50,1000,"bu","10:23:31",1289200
18400,50,28700,"bu","10:23:31",1288200
18400,50,4300,"bu","10:23:27",1259500
18400,50,1000,"bu","10:23:04",1255200
18400,50,19000,"bu","10:23:04",1254200
18400,50,10000,"bu","10:22:52",1235200
18400,50,500,"bu","10:22:13",1225200
18400,50,1000,"bu","10:21:43",1224700
18400,50,1700,"bu","10:20:34",1223700
18400,50,500,"bu","10:20:32",1222000
18400,50,2000,"bu","10:20:25",1221500
18400,50,100,"sd","10:20:16",1219500
18400,50,1000,"sd","10:20:16",1219400
18400,50,100,"sd","10:20:16",1218400
18400,50,300,"sd","10:20:16",1218300
18400,50,13800,"sd","10:20:16",1218000
18400,50,6200,"sd","10:20:06",1204200
18400,50,2300,"sd","10:20:06",1198000
18400,50,600,"sd","10:20:02",1195700
18400,50,100,"sd","10:19:36",1195100
18400,50,1000,"sd","10:19:17",1195000
18400,50,3000,"sd","10:19:12",1194000
18400,50,3000,"sd","10:19:04",1191000
18400,50,2300,"sd","10:19:04",1188000
18400,50,7000,"sd","10:19:04",1185700
18400,50,7700,"sd","10:19:04",1178700
18400,50,3000,"sd","10:18:52",1171000
18400,50,200,"sd","10:18:44",1168000
18400,50,200,"sd","10:18:44",1167800
18400,50,5000,"sd","10:18:44",1167600
18400,50,100,"sd","10:18:44",1162600
18400,50,3000,"sd","10:18:44",1162500
18400,50,7200,"sd","10:18:44",1159500
18400,50,500,"sd","10:18:44",1152300
18400,50,100,"sd","10:18:44",1151800
18400,50,1000,"sd","10:18:44",1151700
18400,50,100,"sd","10:18:44",1150700
18400,50,2100,"sd","10:18:44",1150600
18400,50,200,"sd","10:18:44",1148500
18400,50,1000,"sd","10:18:44",1148300
18400,50,500,"sd","10:18:44",1147300
18400,50,1500,"sd","10:18:44",1146800
18400,50,700,"sd","10:18:44",1145300
18400,50,5000,"sd","10:18:44",1144600
18400,50,1000,"sd","10:18:44",1139600
18400,50,500,"sd","10:18:44",1138600
18400,50,100,"sd","10:18:44",1138100
18400,50,100,"sd","10:18:44",1138000
18400,50,500,"sd","10:18:44",1137900
18400,50,1500,"sd","10:18:44",1137400
18400,50,900,"sd","10:18:44",1135900
18400,50,100,"sd","10:17:41",1135000
18400,50,900,"sd","10:17:41",1134900
18400,50,100,"sd","10:17:23",1134000
18400,50,1500,"sd","10:17:23",1133900
18400,50,1000,"sd","10:17:23",1132400
18400,50,2400,"sd","10:17:23",1131400
18400,50,3600,"sd","10:17:22",1129000
18400,50,500,"sd","10:17:22",1125400
18400,50,5300,"sd","10:17:22",1124900
18400,50,10600,"sd","10:17:22",1119600
18400,50,300,"sd","10:16:49",1109000
18400,50,500,"sd","10:16:43",1108700
18400,50,200,"sd","10:16:37",1108200
18400,50,4900,"sd","10:16:31",1108000
18400,50,1000,"sd","10:16:30",1103100
18400,50,200,"sd","10:16:24",1102100
18400,50,15000,"sd","10:16:11",1101900
18400,50,4500,"sd","10:16:08",1086900
18400,50,800,"sd","10:15:45",1082400
18400,50,4500,"sd","10:15:40",1081600
18400,50,5000,"sd","10:15:27",1077100
18400,50,1000,"sd","10:15:18",1072100
18400,50,100,"sd","10:14:24",1071100
18400,50,300,"sd","10:14:09",1071000
18400,50,1300,"sd","10:12:57",1070700
18400,50,100,"sd","10:12:24",1069400
18400,50,4000,"sd","10:11:48",1069300
18400,50,600,"sd","10:11:35",1065300
18400,50,20700,"sd","10:10:26",1064700
18400,50,300,"sd","10:10:15",1044000
18400,50,200,"sd","10:09:36",1043700
18450,100,5000,"bu","10:09:08",1043500
18400,50,12000,"sd","10:09:04",1038500
18400,50,1000,"sd","10:09:02",1026500
18450,100,100,"bu","10:08:43",1025500
18400,50,1000,"sd","10:07:59",1025400
18400,50,200,"sd","10:07:01",1024400
18400,50,1500,"sd","10:06:33",1024200
18400,50,100,"sd","10:06:05",1022700
18400,50,100,"sd","10:05:39",1022600
18450,100,100,"bu","10:05:28",1022500
18400,50,500,"sd","10:04:36",1022400
18400,50,100,"sd","10:02:57",1021900
18450,100,2800,"bu","10:02:46",1021800
18450,100,3500,"bu","10:02:29",1019000
18400,50,100,"sd","10:02:29",1015500
18450,100,400,"bu","10:02:11",1015400
18450,100,1000,"bu","10:01:56",1015000
18450,100,500,"bu","10:01:42",1014000
18450,100,1500,"bu","10:01:26",1013500
18450,100,300,"bu","10:01:20",1012000
18450,100,2500,"bu","10:00:42",1011700
18450,100,5700,"bu","10:00:31",1009200
18450,100,7900,"bu","10:00:31",1003500
18400,50,2000,"sd","10:00:29",995600
18450,100,2100,"bu","10:00:09",993600
18450,100,100,"bu","10:00:09",991500
18450,100,300,"bu","10:00:09",991400
18400,50,100,"sd","10:00:03",991100
18400,50,30000,"sd","09:59:47",991000
18400,50,900,"sd","09:59:08",961000
18400,50,500,"bu","09:58:34",960100
18400,50,3000,"bu","09:58:34",959600
18400,50,1000,"bu","09:58:34",956600
18400,50,200,"bu","09:58:34",955600
18400,50,5000,"bu","09:58:34",955400
18400,50,1000,"bu","09:58:34",950400
18400,50,1000,"bu","09:58:34",949400
18400,50,500,"bu","09:58:34",948400
18400,50,3100,"bu","09:58:34",947900
18400,50,15000,"bu","09:58:34",944800
18400,50,100,"bu","09:58:34",929800
18400,50,5500,"bu","09:58:34",929700
18400,50,10000,"bu","09:58:34",924200
18400,50,300,"bu","09:58:34",914200
18400,50,100,"bu","09:58:34",913900
18400,50,1100,"bu","09:58:34",913800
18400,50,5000,"bu","09:58:34",912700
18400,50,500,"bu","09:58:34",907700
18400,50,1400,"bu","09:58:34",907200
18400,50,300,"bu","09:57:21",905800
18400,50,300,"bu","09:57:20",905500
18400,50,100,"bu","09:57:20",905200
18400,50,100,"bu","09:57:20",905100
18400,50,100,"bu","09:57:11",905000
18400,50,4900,"bu","09:57:11",904900
18400,50,100,"bu","09:57:09",900000
18400,50,100,"bu","09:57:09",899900
18400,50,1800,"bu","09:57:09",899800
18400,50,700,"bu","09:56:54",898000
18400,50,200,"bu","09:56:00",897300
18400,50,10000,"bu","09:55:54",897100
18350,0,100,"sd","09:55:26",887100
18350,0,4200,"sd","09:54:55",887000
18350,0,500,"sd","09:54:55",882800
18350,0,300,"sd","09:54:55",882300
18350,0,100,"sd","09:54:55",882000
18350,0,100,"sd","09:54:55",881900
18350,0,300,"sd","09:54:55",881800
18350,0,100,"sd","09:54:52",881500
18350,0,600,"sd","09:53:49",881400
18350,0,2000,"sd","09:53:49",880800
18350,0,300,"sd","09:53:49",878800
18350,0,100,"sd","09:53:49",878500
18350,0,10000,"sd","09:52:30",878400
18400,50,200,"bu","09:52:23",868400
18400,50,500,"bu","09:51:57",868200
18400,50,100,"bu","09:51:37",867700
18350,0,5000,"sd","09:51:22",867600
18400,50,2000,"bu","09:50:37",862600
18350,0,4900,"sd","09:50:34",860600
18350,0,100,"sd","09:50:34",855700
18400,50,2700,"bu","09:50:25",855600
18400,50,3000,"bu","09:49:56",852900
18400,50,1000,"bu","09:49:49",849900
18400,50,1000,"bu","09:49:43",848900
18400,50,800,"bu","09:49:21",847900
18400,50,1200,"bu","09:49:21",847100
18400,50,400,"bu","09:49:11",845900
18400,50,400,"bu","09:49:09",845500
18400,50,1100,"bu","09:49:09",845100
18400,50,200,"bu","09:49:00",844000
18400,50,10000,"bu","09:48:39",843800
18400,50,100,"bu","09:48:33",833800
18400,50,2400,"bu","09:47:48",833700
18400,50,500,"bu","09:47:30",831300
18400,50,700,"bu","09:47:28",830800
18400,50,400,"bu","09:47:28",830100
18400,50,6000,"bu","09:47:28",829700
18400,50,2900,"bu","09:47:28",823700
18400,50,100,"bu","09:47:17",820800
18400,50,4400,"bu","09:47:17",820700
18400,50,500,"bu","09:47:17",816300
18400,50,500,"bu","09:47:17",815800
18400,50,1600,"bu","09:47:17",815300
18400,50,2900,"bu","09:47:17",813700
18400,50,500,"bu","09:47:11",810800
18400,50,2000,"bu","09:46:53",810300
18400,50,200,"bu","09:46:46",808300
18400,50,5000,"bu","09:46:33",808100
18400,50,200,"bu","09:45:41",803100
18400,50,1000,"bu","09:44:04",802900
18400,50,100,"bu","09:44:04",801900
18400,50,8100,"bu","09:43:52",801800
18400,50,1000,"bu","09:43:52",793700
18400,50,900,"bu","09:43:52",792700
18400,50,300,"bu","09:43:47",791800
18400,50,200,"bu","09:43:47",791500
18400,50,300,"bu","09:43:41",791300
18400,50,800,"bu","09:43:41",791000
18400,50,200,"bu","09:43:39",790200
18400,50,300,"bu","09:43:39",790000
18400,50,5000,"bu","09:43:34",789700
18400,50,300,"bu","09:43:33",784700
18400,50,800,"bu","09:43:22",784400
18400,50,1000,"bu","09:43:19",783600
18400,50,500,"bu","09:43:11",782600
18400,50,5000,"bu","09:43:03",782100
18400,50,5000,"bu","09:42:57",777100
18400,50,12400,"bu","09:42:47",772100
18400,50,200,"bu","09:42:47",759700
18400,50,500,"bu","09:42:47",759500
18400,50,200,"bu","09:42:47",759000
18400,50,200,"bu","09:42:47",758800
18400,50,200,"bu","09:42:47",758600
18400,50,10000,"bu","09:42:47",758400
18400,50,500,"bu","09:42:47",748400
18400,50,1000,"bu","09:42:47",747900
18400,50,3000,"bu","09:42:47",746900
18400,50,5800,"bu","09:42:47",743900
18400,50,300,"bu","09:42:47",738100
18400,50,600,"bu","09:42:47",737800
18400,50,500,"bu","09:42:47",737200
18400,50,500,"bu","09:42:47",736700
18400,50,4000,"bu","09:42:47",736200
18400,50,5000,"bu","09:42:47",732200
18400,50,1000,"bu","09:42:47",727200
18400,50,3000,"bu","09:42:47",726200
18400,50,100,"bu","09:42:47",723200
18400,50,300,"bu","09:42:47",723100
18400,50,700,"bu","09:42:47",722800
18400,50,20000,"bu","09:42:44",722100
18350,0,200,"sd","09:42:37",702100
18350,0,13200,"sd","09:42:19",701900
18400,50,9300,"bu","09:42:11",688700
18400,50,300,"bu","09:42:11",679400
18400,50,400,"bu","09:42:11",679100
18400,50,600,"bu","09:41:30",678700
18400,50,10000,"bu","09:41:19",678100
18400,50,1000,"bu","09:41:19",668100
18400,50,100,"bu","09:41:12",667100
18400,50,2000,"bu","09:40:52",667000
18400,50,1900,"bu","09:40:15",665000
18400,50,800,"bu","09:39:37",663100
18350,0,1000,"sd","09:37:14",662300
18350,0,5500,"sd","09:36:53",661300
18350,0,900,"sd","09:36:53",655800
18350,0,2600,"sd","09:36:53",654900
18350,0,1000,"sd","09:36:48",652300
18350,0,1000,"sd","09:36:36",651300
18350,0,4400,"sd","09:36:32",650300
18350,0,1000,"sd","09:36:17",645900
18350,0,700,"sd","09:36:17",644900
18350,0,300,"sd","09:36:17",644200
18350,0,3000,"sd","09:36:17",643900
18400,50,200,"bu","09:36:16",640900
18400,50,500,"bu","09:36:03",640700
18400,50,500,"bu","09:35:18",640200
18400,50,3000,"bu","09:35:11",639700
18350,0,300,"sd","09:35:05",636700
18400,50,2000,"bu","09:35:04",636400
18400,50,500,"bu","09:35:02",634400
18400,50,1000,"bu","09:34:46",633900
18400,50,500,"bu","09:34:06",632900
18400,50,5000,"bu","09:33:51",632400
18400,50,1000,"bu","09:33:51",627400
18400,50,1300,"bu","09:33:49",626400
18400,50,100,"bu","09:33:43",625100
18400,50,15000,"bu","09:33:40",625000
18400,50,500,"bu","09:33:28",610000
18400,50,1900,"bu","09:33:11",609500
18400,50,5000,"bu","09:33:08",607600
18400,50,15000,"bu","09:32:53",602600
18400,50,500,"bu","09:32:45",587600
18400,50,1000,"bu","09:32:40",587100
18400,50,100,"bu","09:31:48",586100
18400,50,2000,"bu","09:31:27",586000
18400,50,100,"bu","09:30:40",584000
18400,50,5000,"bu","09:30:37",583900
18400,50,4000,"bu","09:30:16",578900
18400,50,1000,"bu","09:29:56",574900
18400,50,100,"bu","09:29:32",573900
18400,50,1000,"bu","09:29:26",573800
18400,50,400,"sd","09:29:05",572800
18400,50,200,"sd","09:29:04",572400
18400,50,4400,"sd","09:28:56",572200
18400,50,300,"sd","09:28:56",567800
18400,50,500,"sd","09:28:56",567500
18400,50,100,"sd","09:28:56",567000
18400,50,24700,"sd","09:28:56",566900
18400,50,4500,"bu","09:28:33",542200
18400,50,100,"bu","09:28:33",537700
18400,50,200,"bu","09:28:33",537600
18400,50,2000,"bu","09:28:33",537400
18400,50,1000,"bu","09:28:33",535400
18400,50,500,"bu","09:28:33",534400
18400,50,7500,"bu","09:28:22",533900
18400,50,100,"bu","09:28:22",526400
18400,50,3100,"bu","09:28:22",526300
18400,50,500,"bu","09:28:22",523200
18400,50,8800,"bu","09:28:22",522700
18400,50,1200,"bu","09:28:22",513900
18400,50,500,"bu","09:28:22",512700
18400,50,200,"bu","09:28:22",512200
18400,50,8000,"bu","09:28:22",512000
18400,50,100,"bu","09:28:22",504000
18400,50,200,"bu","09:27:39",503900
18400,50,100,"bu","09:27:32",503700
18400,50,1000,"bu","09:27:12",503600
18400,50,500,"bu","09:27:12",502600
18400,50,1700,"bu","09:27:12",502100
18400,50,100,"bu","09:26:56",500400
18400,50,200,"bu","09:26:48",500300
18400,50,500,"bu","09:26:48",500100
18400,50,400,"bu","09:25:57",499600
18400,50,1100,"bu","09:25:32",499200
18400,50,3900,"bu","09:25:32",498100
18400,50,10000,"bu","09:25:32",494200
18400,50,500,"sd","09:24:28",484200
18400,50,300,"sd","09:24:28",483700
18400,50,100,"sd","09:24:28",483400
18400,50,100,"sd","09:24:28",483300
18400,50,14000,"sd","09:24:28",483200
18400,50,1100,"sd","09:24:28",469200
18400,50,1000,"sd","09:24:07",468100
18400,50,1000,"sd","09:23:46",467100
18400,50,1900,"sd","09:23:26",466100
18400,50,3100,"sd","09:23:26",464200
18400,50,200,"sd","09:22:37",461100
18400,50,100,"bu","09:22:30",460900
18400,50,600,"bu","09:22:30",460800
18400,50,200,"bu","09:22:30",460200
18400,50,800,"bu","09:22:30",460000
18400,50,100,"bu","09:22:24",459200
18400,50,100,"bu","09:22:24",459100
18400,50,1100,"bu","09:22:24",459000
18400,50,3000,"bu","09:22:03",457900
18400,50,100,"bu","09:21:59",454900
18350,0,1700,"sd","09:21:44",454800
18350,0,300,"sd","09:21:44",453100
18400,50,100,"bu","09:21:41",452800
18400,50,2000,"bu","09:21:26",452700
18400,50,1000,"bu","09:21:24",450700
18400,50,300,"bu","09:21:19",449700
18400,50,2000,"bu","09:21:16",449400
18400,50,400,"bu","09:21:16",447400
18400,50,4600,"sd","09:21:13",447000
18400,50,1200,"sd","09:21:13",442400
18400,50,4200,"sd","09:21:13",441200
18400,50,1600,"sd","09:21:07",437000
18400,50,4200,"sd","09:21:06",435400
18400,50,1200,"sd","09:21:06",431200
18400,50,2600,"sd","09:21:06",430000
18400,50,2400,"sd","09:21:01",427400
18400,50,100,"sd","09:21:01",425000
18450,100,300,"bu","09:20:45",424900
18400,50,1000,"sd","09:20:34",424600
18400,50,1500,"sd","09:20:10",423600
18400,50,200,"sd","09:19:47",422100
18400,50,2000,"sd","09:19:34",421900
18400,50,100,"sd","09:19:17",419900
18400,50,100,"bu","09:19:04",419800
18400,50,4900,"sd","09:19:00",419700
18400,50,100,"bu","09:18:50",414800
18400,50,100,"bu","09:18:47",414700
18400,50,800,"bu","09:18:47",414600
18400,50,100,"bu","09:18:47",413800
18400,50,900,"bu","09:18:36",413700
18400,50,200,"bu","09:18:36",412800
18400,50,5000,"bu","09:18:36",412600
18400,50,100,"bu","09:18:36",407600
18400,50,200,"bu","09:18:36",407500
18400,50,13600,"bu","09:18:36",407300
18350,0,1600,"sd","09:17:48",393700
18350,0,400,"sd","09:17:48",392100
18400,50,100,"bu","09:17:38",391700
18400,50,1000,"bu","09:17:23",391600
18400,50,3000,"bu","09:17:17",390600
18400,50,1600,"sd","09:17:14",387600
18400,50,700,"sd","09:17:14",386000
18400,50,100,"sd","09:17:09",385300
18400,50,1000,"sd","09:16:57",385200
18400,50,2000,"bu","09:16:46",384200
18400,50,5000,"bu","09:16:46",382200
18400,50,100,"bu","09:16:46",377200
18400,50,300,"bu","09:16:46",377100
18400,50,10000,"bu","09:16:46",376800
18400,50,800,"bu","09:16:46",366800
18400,50,100,"bu","09:16:33",366000
18400,50,100,"bu","09:16:00",365900
18450,100,200,"bu","09:15:59",365800
18400,50,100,"sd","09:15:49",365600
18400,50,200,"sd","09:15:48",365500
18400,50,100,"sd","09:15:37",365300
18400,50,1000,"sd","09:15:20",365200
18400,50,364200,"unknown","09:14:59",364200
