"price","change","match_qtty","side","time","total_vol"
10050,-700,131800,"sd","14:45:05",4694600
10100,-650,500,"bu","14:29:55",4562800
10100,-650,400,"bu","14:29:53",4562300
10100,-650,500,"sd","14:29:50",4561900
10100,-650,1200,"sd","14:29:50",4561400
10150,-600,2500,"bu","14:29:49",4560200
10100,-650,1000,"sd","14:29:43",4557700
10100,-650,1000,"sd","14:29:43",4556700
10100,-650,500,"sd","14:29:43",4555700
10100,-650,1000,"sd","14:29:43",4555200
10100,-650,200,"sd","14:29:43",4554200
10100,-650,100,"sd","14:29:43",4554000
10100,-650,700,"sd","14:29:43",4553900
10100,-650,2500,"sd","14:29:43",4553200
10100,-650,3200,"sd","14:29:43",4550700
10100,-650,100,"sd","14:29:43",4547500
10100,-650,1400,"sd","14:29:43",4547400
10100,-650,1000,"sd","14:29:43",4546000
10100,-650,300,"sd","14:29:43",4545000
10100,-650,1200,"sd","14:29:43",4544700
10100,-650,19000,"sd","14:29:43",4543500
10100,-650,300,"sd","14:29:43",4524500
10100,-650,100,"sd","14:29:43",4524200
10100,-650,10000,"sd","14:29:43",4524100
10100,-650,1900,"sd","14:29:43",4514100
10100,-650,200,"sd","14:29:43",4512200
10100,-650,100,"sd","14:29:43",4512000
10100,-650,3000,"sd","14:29:43",4511900
10100,-650,100,"sd","14:29:43",4508900
10100,-650,1000,"sd","14:29:43",4508800
10100,-650,100,"sd","14:29:43",4507800
10100,-650,10200,"sd","14:29:40",4507700
10100,-650,1300,"sd","14:29:40",4497500
10100,-650,200,"sd","14:29:40",4496200
10100,-650,2000,"sd","14:29:40",4496000
10100,-650,3300,"sd","14:29:40",4494000
10100,-650,800,"sd","14:29:38",4490700
10150,-600,2500,"bu","14:29:35",4489900
10150,-600,100,"bu","14:29:34",4487400
10100,-650,1000,"sd","14:29:32",4487300
10100,-650,24900,"sd","14:29:31",4486300
10100,-650,4600,"sd","14:29:31",4461400
10100,-650,8400,"sd","14:29:31",4456800
10100,-650,2000,"sd","14:29:31",4448400
10100,-650,500,"sd","14:29:30",4446400
10100,-650,200,"sd","14:29:30",4445900
10100,-650,1800,"sd","14:29:30",4445700
10100,-650,3200,"sd","14:29:27",4443900
10100,-650,100,"sd","14:29:27",4440700
10100,-650,1000,"sd","14:29:27",4440600
10100,-650,100,"sd","14:29:27",4439600
10100,-650,500,"sd","14:29:27",4439500
10100,-650,1000,"sd","14:29:27",4439000
10100,-650,10000,"sd","14:29:27",4438000
10100,-650,500,"sd","14:29:27",4428000
10100,-650,1000,"sd","14:29:27",4427500
10100,-650,600,"sd","14:29:27",4426500
10100,-650,400,"sd","14:29:25",4425900
10100,-650,300,"sd","14:29:25",4425500
10100,-650,1000,"sd","14:29:25",4425200
10100,-650,100,"sd","14:29:25",4424200
10100,-650,100,"sd","14:29:25",4424100
10100,-650,1000,"sd","14:29:25",4424000
10100,-650,1300,"sd","14:29:25",4423000
10100,-650,300,"sd","14:29:25",4421700
10100,-650,200,"sd","14:29:25",4421400
10100,-650,1500,"sd","14:29:21",4421200
10100,-650,200,"sd","14:29:21",4419700
10100,-650,400,"sd","14:29:16",4419500
10100,-650,100,"sd","14:29:13",4419100
10100,-650,500,"sd","14:29:13",4419000
10100,-650,300,"sd","14:29:12",4418500
10100,-650,100,"sd","14:29:12",4418200
10100,-650,100,"sd","14:29:12",4418100
10100,-650,100,"sd","14:29:12",4418000
10100,-650,100,"sd","14:29:12",4417900
10100,-650,100,"sd","14:29:12",4417800
10100,-650,3000,"sd","14:29:12",4417700
10100,-650,3700,"sd","14:29:12",4414700
10100,-650,500,"sd","14:29:12",4411000
10100,-650,2000,"sd","14:29:12",4410500
10100,-650,4400,"sd","14:29:12",4408500
10150,-600,2000,"bu","14:29:11",4404100
10100,-650,400,"sd","14:29:11",4402100
10100,-650,200,"sd","14:29:08",4401700
10100,-650,2300,"sd","14:29:08",4401500
10100,-650,2000,"sd","14:29:05",4399200
10100,-650,800,"sd","14:28:55",4397200
10100,-650,10300,"sd","14:28:49",4396400
10100,-650,4900,"sd","14:28:49",4386100
10100,-650,100,"sd","14:28:49",4381200
10100,-650,700,"sd","14:28:49",4381100
10100,-650,200,"sd","14:28:49",4380400
10100,-650,300,"sd","14:28:49",4380200
10100,-650,500,"sd","14:28:49",4379900
10100,-650,1000,"sd","14:28:49",4379400
10100,-650,2000,"sd","14:28:49",4378400
10150,-600,600,"bu","14:28:46",4376400
10150,-600,200,"bu","14:28:45",4375800
10100,-650,3200,"sd","14:28:40",4375600
10100,-650,500,"sd","14:28:40",4372400
10100,-650,100,"sd","14:28:40",4371900
10100,-650,2000,"sd","14:28:40",4371800
10100,-650,600,"sd","14:28:40",4369800
10100,-650,1000,"sd","14:28:40",4369200
10100,-650,2000,"sd","14:28:40",4368200
10100,-650,100,"sd","14:28:40",4366200
10100,-650,200,"sd","14:28:40",4366100
10100,-650,500,"sd","14:28:40",4365900
10100,-650,1000,"sd","14:28:40",4365400
10100,-650,1000,"sd","14:28:40",4364400
10100,-650,1000,"sd","14:28:40",4363400
10100,-650,1700,"sd","14:28:40",4362400
10100,-650,1400,"sd","14:28:38",4360700
10100,-650,100,"sd","14:28:38",4359300
10100,-650,100,"sd","14:28:38",4359200
10100,-650,300,"sd","14:28:38",4359100
10100,-650,100,"sd","14:28:38",4358800
10100,-650,1000,"sd","14:28:38",4358700
10100,-650,1000,"sd","14:28:38",4357700
10100,-650,900,"sd","14:28:38",4356700
10150,-600,100,"bu","14:28:37",4355800
10150,-600,200,"bu","14:28:34",4355700
10100,-650,1000,"sd","14:28:31",4355500
10100,-650,4400,"sd","14:28:31",4354500
10100,-650,800,"sd","14:28:31",4350100
10100,-650,1000,"sd","14:28:31",4349300
10100,-650,200,"sd","14:28:31",4348300
10100,-650,1900,"sd","14:28:31",4348100
10100,-650,200,"sd","14:28:31",4346200
10100,-650,100,"sd","14:28:31",4346000
10100,-650,100,"sd","14:28:31",4345900
10100,-650,100,"sd","14:28:31",4345800
10100,-650,400,"sd","14:28:31",4345700
10100,-650,1000,"sd","14:28:31",4345300
10100,-650,100,"sd","14:28:31",4344300
10100,-650,200,"sd","14:28:31",4344200
10100,-650,200,"sd","14:28:31",4344000
10100,-650,1000,"sd","14:28:31",4343800
10100,-650,2000,"sd","14:28:31",4342800
10100,-650,10900,"sd","14:28:31",4340800
10100,-650,900,"sd","14:28:31",4329900
10100,-650,300,"sd","14:28:31",4329000
10100,-650,500,"sd","14:28:31",4328700
10100,-650,5000,"sd","14:28:31",4328200
10100,-650,100,"sd","14:28:31",4323200
10100,-650,500,"sd","14:28:31",4323100
10100,-650,100,"sd","14:28:31",4322600
10100,-650,100,"sd","14:28:31",4322500
10100,-650,2000,"sd","14:28:31",4322400
10100,-650,2900,"sd","14:28:31",4320400
10100,-650,1000,"sd","14:28:31",4317500
10100,-650,600,"sd","14:28:31",4316500
10100,-650,2000,"sd","14:28:31",4315900
10100,-650,100,"sd","14:28:31",4313900
10100,-650,1000,"sd","14:28:31",4313800
10100,-650,100,"sd","14:28:31",4312800
10100,-650,5000,"sd","14:28:31",4312700
10100,-650,500,"sd","14:28:31",4307700
10100,-650,200,"sd","14:28:31",4307200
10100,-650,200,"sd","14:28:31",4307000
10100,-650,400,"sd","14:28:31",4306800
10100,-650,20000,"sd","14:28:31",4306400
10100,-650,2200,"sd","14:28:31",4286400
10100,-650,1000,"sd","14:28:31",4284200
10100,-650,1500,"sd","14:28:31",4283200
10100,-650,100,"sd","14:28:31",4281700
10100,-650,1000,"sd","14:28:31",4281600
10100,-650,100,"sd","14:28:31",4280600
10100,-650,1000,"sd","14:28:31",4280500
10100,-650,4000,"sd","14:28:31",4279500
10150,-600,500,"bu","14:28:26",4275500
10150,-600,1000,"bu","14:28:17",4275000
10150,-600,600,"bu","14:28:16",4274000
10150,-600,1500,"bu","14:28:16",4273400
10150,-600,2900,"bu","14:28:16",4271900
10150,-600,1000,"bu","14:28:05",4269000
10150,-600,500,"bu","14:28:04",4268000
10150,-600,1000,"bu","14:28:01",4267500
10100,-650,2000,"sd","14:28:00",4266500
10150,-600,5000,"bu","14:27:51",4264500
10150,-600,100,"bu","14:27:50",4259500
10150,-600,500,"bu","14:27:48",4259400
10150,-600,5000,"bu","14:27:48",4258900
10150,-600,4500,"bu","14:27:48",4253900
10150,-600,500,"bu","14:27:48",4249400
10150,-600,2000,"bu","14:27:45",4248900
10100,-650,5000,"sd","14:27:39",4246900
10100,-650,900,"sd","14:27:39",4241900
10100,-650,800,"sd","14:27:39",4241000
10100,-650,100,"sd","14:27:39",4240200
10100,-650,13200,"sd","14:27:39",4240100
10150,-600,100,"bu","14:27:38",4226900
10150,-600,400,"bu","14:27:32",4226800
10150,-600,400,"sd","14:27:28",4226400
10150,-600,1000,"sd","14:27:28",4226000
10150,-600,600,"sd","14:27:28",4225000
10150,-600,2000,"bu","14:27:19",4224400
10150,-600,1400,"bu","14:27:19",4222400
10150,-600,600,"bu","14:27:13",4221000
10150,-600,900,"bu","14:27:10",4220400
10150,-600,300,"bu","14:27:10",4219500
10150,-600,5000,"bu","14:27:10",4219200
10150,-600,3000,"bu","14:27:10",4214200
10150,-600,100,"bu","14:27:10",4211200
10150,-600,700,"bu","14:27:10",4211100
10150,-600,400,"bu","14:27:07",4210400
10150,-600,15500,"bu","14:27:04",4210000
10150,-600,3400,"bu","14:27:02",4194500
10150,-600,10000,"bu","14:27:02",4191100
10150,-600,500,"bu","14:27:02",4181100
10150,-600,200,"bu","14:27:02",4180600
10150,-600,2900,"bu","14:27:02",4180400
10150,-600,500,"bu","14:27:01",4177500
10150,-600,500,"bu","14:26:34",4177000
10150,-600,4000,"bu","14:26:34",4176500
10150,-600,1500,"bu","14:26:29",4172500
10100,-650,20000,"sd","14:26:28",4171000
10150,-600,200,"bu","14:26:17",4151000
10150,-600,1200,"bu","14:26:10",4150800
10150,-600,1000,"bu","14:26:01",4149600
10100,-650,800,"sd","14:25:58",4148600
10150,-600,1000,"bu","14:25:54",4147800
10150,-600,1000,"bu","14:25:51",4146800
10150,-600,100,"bu","14:25:26",4145800
10100,-650,5000,"sd","14:25:08",4145700
10150,-600,100,"bu","14:25:05",4140700
10150,-600,2000,"bu","14:24:40",4140600
10150,-600,700,"bu","14:24:39",4138600
10150,-600,100,"bu","14:24:33",4137900
10150,-600,1000,"bu","14:24:27",4137800
10150,-600,100,"bu","14:24:19",4136800
10150,-600,1000,"bu","14:24:16",4136700
10150,-600,1000,"bu","14:24:13",4135700
10150,-600,100,"bu","14:24:11",4134700
10150,-600,1900,"bu","14:24:11",4134600
10150,-600,2100,"bu","14:24:10",4132700
10150,-600,4900,"bu","14:24:10",4130600
10100,-650,100,"sd","14:24:09",4125700
10100,-650,900,"sd","14:24:06",4125600
10100,-650,400,"sd","14:24:06",4124700
10100,-650,100,"sd","14:24:06",4124300
10100,-650,100,"sd","14:24:06",4124200
10100,-650,1000,"sd","14:24:06",4124100
10100,-650,100,"sd","14:24:06",4123100
10100,-650,500,"sd","14:24:06",4123000
10100,-650,1000,"sd","14:24:06",4122500
10100,-650,6700,"sd","14:24:06",4121500
10100,-650,100,"sd","14:24:06",4114800
10100,-650,500,"sd","14:24:06",4114700
10100,-650,500,"sd","14:24:06",4114200
10100,-650,1000,"sd","14:24:06",4113700
10100,-650,1000,"sd","14:24:06",4112700
10100,-650,100,"sd","14:24:06",4111700
10100,-650,2000,"sd","14:24:06",4111600
10100,-650,1000,"sd","14:24:06",4109600
10150,-600,800,"bu","14:24:02",4108600
10150,-600,200,"bu","14:24:00",4107800
10150,-600,200,"bu","14:23:36",4107600
10150,-600,1300,"bu","14:23:26",4107400
10150,-600,200,"bu","14:23:20",4106100
10150,-600,100,"bu","14:23:07",4105900
10150,-600,400,"bu","14:22:53",4105800
10100,-650,200,"sd","14:22:51",4105400
10100,-650,300,"sd","14:22:51",4105200
10150,-600,1900,"bu","14:22:33",4104900
10150,-600,100,"bu","14:22:33",4103000
10100,-650,1000,"sd","14:22:06",4102900
10100,-650,1000,"sd","14:22:05",4101900
10100,-650,700,"sd","14:21:15",4100900
10100,-650,200,"sd","14:21:15",4100200
10100,-650,500,"sd","14:21:15",4100000
10100,-650,700,"sd","14:21:15",4099500
10150,-600,700,"bu","14:21:10",4098800
10150,-600,200,"bu","14:21:10",4098100
10150,-600,4100,"bu","14:21:10",4097900
10100,-650,200,"sd","14:21:08",4093800
10100,-650,800,"sd","14:21:08",4093600
10100,-650,1200,"sd","14:21:02",4092800
10100,-650,200,"sd","14:21:02",4091600
10100,-650,500,"sd","14:21:02",4091400
10150,-600,1000,"bu","14:20:58",4090900
10150,-600,100,"bu","14:20:54",4089900
10150,-600,100,"bu","14:20:54",4089800
10150,-600,500,"bu","14:20:46",4089700
10150,-600,1000,"bu","14:20:39",4089200
10150,-600,1000,"bu","14:20:32",4088200
10150,-600,1000,"bu","14:20:08",4087200
10150,-600,1000,"bu","14:20:05",4086200
10150,-600,200,"bu","14:19:57",4085200
10150,-600,800,"bu","14:19:57",4085000
10150,-600,1600,"bu","14:19:51",4084200
10150,-600,500,"bu","14:19:51",4082600
10150,-600,2900,"bu","14:19:51",4082100
10150,-600,100,"bu","14:19:33",4079200
10150,-600,3000,"bu","14:19:33",4079100
10150,-600,1000,"bu","14:19:33",4076100
10150,-600,500,"bu","14:19:24",4075100
10150,-600,2000,"bu","14:19:18",4074600
10150,-600,500,"bu","14:19:16",4072600
10150,-600,2300,"bu","14:18:59",4072100
10150,-600,100,"bu","14:18:35",4069800
10150,-600,200,"bu","14:18:17",4069700
10150,-600,3000,"bu","14:18:06",4069500
10150,-600,1000,"bu","14:17:55",4066500
10150,-600,1000,"bu","14:17:53",4065500
10150,-600,500,"bu","14:17:45",4064500
10150,-600,700,"sd","14:17:29",4064000
10150,-600,500,"sd","14:17:29",4063300
10150,-600,700,"sd","14:17:29",4062800
10150,-600,200,"sd","14:17:09",4062100
10150,-600,100,"sd","14:17:05",4061900
10100,-650,200,"sd","14:16:58",4061800
10100,-650,300,"sd","14:16:58",4061600
10150,-600,200,"sd","14:16:58",4061300
10150,-600,500,"sd","14:16:58",4061100
10150,-600,500,"sd","14:16:56",4060600
10150,-600,500,"sd","14:16:56",4060100
10150,-600,3000,"sd","14:16:56",4059600
10150,-600,1000,"sd","14:16:46",4056600
10150,-600,100,"sd","14:16:40",4055600
10150,-600,400,"sd","14:16:40",4055500
10150,-600,500,"bu","14:16:40",4055100
10150,-600,100,"bu","14:16:37",4054600
10150,-600,1500,"bu","14:16:35",4054500
10150,-600,2000,"bu","14:16:35",4053000
10150,-600,200,"bu","14:16:35",4051000
10150,-600,14700,"bu","14:16:35",4050800
10150,-600,100,"bu","14:16:34",4036100
10150,-600,3000,"bu","14:16:31",4036000
10150,-600,5000,"bu","14:16:30",4033000
10150,-600,200,"bu","14:16:17",4028000
10100,-650,700,"sd","14:16:02",4027800
10100,-650,500,"sd","14:16:02",4027100
10100,-650,500,"sd","14:16:02",4026600
10100,-650,1000,"sd","14:16:02",4026100
10100,-650,400,"sd","14:16:02",4025100
10100,-650,700,"sd","14:16:02",4024700
10100,-650,1000,"sd","14:16:02",4024000
10100,-650,100,"sd","14:16:02",4023000
10100,-650,2100,"sd","14:16:02",4022900
10150,-600,800,"bu","14:16:01",4020800
10150,-600,100,"bu","14:16:00",4020000
10150,-600,2200,"bu","14:15:42",4019900
10150,-600,100,"bu","14:15:30",4017700
10150,-600,1000,"bu","14:15:25",4017600
10150,-600,300,"bu","14:15:14",4016600
10150,-600,100,"bu","14:15:10",4016300
10150,-600,1000,"bu","14:15:08",4016200
10150,-600,1000,"bu","14:15:06",4015200
10150,-600,100,"bu","14:14:41",4014200
10150,-600,300,"bu","14:14:33",4014100
10150,-600,700,"bu","14:14:33",4013800
10150,-600,2000,"bu","14:14:10",4013100
10150,-600,100,"bu","14:14:08",4011100
10150,-600,100,"bu","14:13:53",4011000
10150,-600,7000,"bu","14:13:39",4010900
10150,-600,200,"bu","14:13:38",4003900
10150,-600,500,"bu","14:13:30",4003700
10150,-600,300,"bu","14:13:25",4003200
10150,-600,1300,"bu","14:13:22",4002900
10150,-600,100,"bu","14:13:22",4001600
10150,-600,1000,"bu","14:13:21",4001500
10150,-600,2000,"bu","14:13:17",4000500
10150,-600,500,"bu","14:13:06",3998500
10150,-600,100,"bu","14:13:06",3998000
10150,-600,4100,"bu","14:12:58",3997900
10150,-600,900,"bu","14:12:57",3993800
10150,-600,200,"sd","14:12:42",3992900
10150,-600,1000,"sd","14:12:42",3992700
10150,-600,100,"sd","14:12:42",3991700
10150,-600,100,"sd","14:12:42",3991600
10150,-600,500,"sd","14:12:42",3991500
10150,-600,100,"sd","14:12:42",3991000
10150,-600,300,"sd","14:12:42",3990900
10150,-600,1000,"sd","14:12:42",3990600
10150,-600,400,"sd","14:12:42",3989600
10150,-600,4500,"sd","14:12:42",3989200
10150,-600,3500,"sd","14:12:42",3984700
10150,-600,100,"sd","14:12:42",3981200
10150,-600,2000,"sd","14:12:42",3981100
10150,-600,800,"sd","14:12:42",3979100
10150,-600,100,"sd","14:12:42",3978300
10150,-600,2100,"sd","14:12:42",3978200
10150,-600,300,"sd","14:12:42",3976100
10150,-600,5000,"sd","14:12:42",3975800
10150,-600,100,"sd","14:12:42",3970800
10150,-600,800,"sd","14:12:42",3970700
10150,-600,100,"sd","14:12:42",3969900
10150,-600,2900,"sd","14:12:42",3969800
10150,-600,13700,"sd","14:12:42",3966900
10150,-600,24400,"sd","14:12:42",3953200
10150,-600,2000,"sd","14:12:42",3928800
10150,-600,1100,"sd","14:12:42",3926800
10150,-600,1000,"sd","14:12:42",3925700
10150,-600,9500,"sd","14:12:42",3924700
10150,-600,3000,"sd","14:12:42",3915200
10150,-600,500,"sd","14:12:42",3912200
10150,-600,1000,"sd","14:12:42",3911700
10150,-600,1100,"sd","14:12:42",3910700
10150,-600,900,"sd","14:12:42",3909600
10150,-600,600,"sd","14:12:42",3908700
10150,-600,400,"sd","14:12:42",3908100
10150,-600,200,"sd","14:12:42",3907700
10150,-600,4000,"sd","14:12:42",3907500
10150,-600,3700,"sd","14:12:42",3903500
10150,-600,1200,"sd","14:12:42",3899800
10150,-600,300,"sd","14:12:42",3898600
10150,-600,3000,"sd","14:12:42",3898300
10150,-600,500,"sd","14:12:42",3895300
10150,-600,400,"sd","14:12:42",3894800
10150,-600,100,"sd","14:12:42",3894400
10150,-600,500,"sd","14:12:42",3894300
10200,-550,100,"bu","14:12:35",3893800
10200,-550,900,"bu","14:12:35",3893700
10150,-600,3300,"sd","14:12:28",3892800
10150,-600,200,"sd","14:12:28",3889500
10150,-600,100,"sd","14:12:04",3889300
10200,-550,2000,"bu","14:11:56",3889200
10200,-550,100,"bu","14:11:33",3887200
10200,-550,2000,"bu","14:11:33",3887100
10200,-550,900,"bu","14:11:33",3885100
10200,-550,300,"bu","14:11:28",3884200
10200,-550,1000,"bu","14:11:28",3883900
10200,-550,1000,"bu","14:11:27",3882900
10150,-600,100,"sd","14:11:26",3881900
10200,-550,300,"bu","14:11:16",3881800
10200,-550,1000,"bu","14:11:01",3881500
10200,-550,2000,"bu","14:10:54",3880500
10200,-550,100,"bu","14:10:52",3878500
10200,-550,3000,"bu","14:10:32",3878400
10200,-550,100,"bu","14:10:17",3875400
10200,-550,300,"bu","14:09:59",3875300
10200,-550,1600,"bu","14:09:59",3875000
10200,-550,200,"bu","14:09:55",3873400
10200,-550,500,"bu","14:09:55",3873200
10200,-550,700,"bu","14:09:34",3872700
10200,-550,1700,"bu","14:09:34",3872000
10200,-550,200,"bu","14:09:29",3870300
10200,-550,200,"bu","14:09:21",3870100
10200,-550,1000,"bu","14:09:15",3869900
10200,-550,1000,"bu","14:08:56",3868900
10200,-550,100,"bu","14:08:56",3867900
10200,-550,3700,"bu","14:08:56",3867800
10200,-550,800,"bu","14:08:28",3864100
10200,-550,1900,"bu","14:08:08",3863300
10200,-550,100,"bu","14:06:50",3861400
10200,-550,3500,"bu","14:05:31",3861300
10200,-550,400,"bu","14:05:31",3857800
10200,-550,100,"bu","14:04:49",3857400
10200,-550,600,"bu","14:04:49",3857300
10200,-550,3000,"sd","14:04:05",3856700
10200,-550,2000,"sd","14:03:53",3853700
10200,-550,100,"sd","14:03:53",3851700
10200,-550,200,"sd","14:03:53",3851600
10200,-550,300,"sd","14:03:53",3851400
10200,-550,1500,"sd","14:03:44",3851100
10200,-550,100,"sd","14:03:18",3849600
10200,-550,500,"bu","14:02:59",3849500
10200,-550,5000,"bu","14:02:59",3849000
10200,-550,1200,"bu","14:02:59",3844000
10200,-550,4300,"bu","14:02:57",3842800
10200,-550,10000,"bu","14:02:54",3838500
10200,-550,4500,"bu","14:02:04",3828500
10200,-550,20000,"bu","14:02:04",3824000
10200,-550,1000,"bu","14:02:04",3804000
10200,-550,300,"bu","14:02:04",3803000
10200,-550,2500,"bu","14:01:53",3802700
10200,-550,200,"bu","14:01:51",3800200
10200,-550,100,"bu","14:01:36",3800000
10200,-550,500,"bu","14:01:12",3799900
10200,-550,1600,"bu","14:00:39",3799400
10200,-550,1000,"bu","14:00:04",3797800
10200,-550,100,"sd","13:59:37",3796800
10200,-550,1000,"sd","13:59:37",3796700
10200,-550,300,"sd","13:59:37",3795700
10200,-550,300,"sd","13:59:37",3795400
10200,-550,1500,"sd","13:59:37",3795100
10200,-550,100,"sd","13:59:37",3793600
10200,-550,100,"sd","13:59:37",3793500
10200,-550,100,"sd","13:59:37",3793400
10200,-550,100,"sd","13:59:37",3793300
10200,-550,900,"sd","13:59:37",3793200
10200,-550,500,"sd","13:59:37",3792300
10200,-550,3000,"sd","13:59:37",3791800
10200,-550,500,"sd","13:59:37",3788800
10200,-550,5500,"sd","13:59:37",3788300
10200,-550,100,"sd","13:59:37",3782800
10200,-550,5000,"sd","13:59:37",3782700
10200,-550,1600,"sd","13:59:37",3777700
10200,-550,500,"sd","13:59:37",3776100
10200,-550,12600,"sd","13:59:37",3775600
10200,-550,100,"sd","13:59:29",3763000
10200,-550,300,"sd","13:59:19",3762900
10200,-550,500,"sd","13:59:19",3762600
10200,-550,300,"sd","13:59:19",3762100
10200,-550,2000,"sd","13:59:19",3761800
10200,-550,1000,"sd","13:59:19",3759800
10200,-550,1000,"sd","13:59:19",3758800
10200,-550,100,"sd","13:59:19",3757800
10200,-550,2000,"sd","13:59:19",3757700
10200,-550,2000,"sd","13:59:19",3755700
10200,-550,800,"sd","13:59:19",3753700
10250,-500,100,"bu","13:58:45",3752900
10250,-500,1000,"bu","13:58:37",3752800
10250,-500,600,"bu","13:58:29",3751800
10250,-500,400,"bu","13:58:29",3751200
10250,-500,300,"bu","13:58:13",3750800
10250,-500,100,"bu","13:58:10",3750500
10200,-550,400,"sd","13:57:49",3750400
10200,-550,800,"sd","13:57:37",3750000
10200,-550,700,"sd","13:57:37",3749200
10250,-500,500,"bu","13:57:23",3748500
10250,-500,600,"bu","13:56:28",3748000
10250,-500,1000,"bu","13:56:28",3747400
10250,-500,1400,"bu","13:56:28",3746400
10250,-500,200,"bu","13:55:38",3745000
10250,-500,200,"bu","13:55:31",3744800
10200,-550,2000,"sd","13:55:21",3744600
10200,-550,2000,"sd","13:55:10",3742600
10250,-500,200,"bu","13:54:30",3740600
10200,-550,400,"sd","13:54:18",3740400
10250,-500,5000,"bu","13:54:17",3740000
10250,-500,1000,"bu","13:53:47",3735000
10250,-500,100,"bu","13:53:24",3734000
10250,-500,100,"bu","13:51:54",3733900
10250,-500,1000,"bu","13:51:43",3733800
10250,-500,100,"bu","13:51:32",3732800
10250,-500,700,"bu","13:51:07",3732700
10250,-500,300,"bu","13:51:07",3732000
10250,-500,1000,"bu","13:50:31",3731700
10250,-500,100,"bu","13:49:51",3730700
10250,-500,200,"bu","13:49:50",3730600
10250,-500,900,"bu","13:49:50",3730400
10250,-500,3100,"sd","13:49:36",3729500
10250,-500,400,"sd","13:49:34",3726400
10250,-500,100,"sd","13:49:34",3726000
10250,-500,100,"sd","13:49:20",3725900
10250,-500,100,"sd","13:49:20",3725800
10250,-500,800,"sd","13:49:20",3725700
10250,-500,700,"bu","13:48:59",3724900
10250,-500,400,"bu","13:48:59",3724200
10250,-500,7400,"bu","13:48:59",3723800
10250,-500,2600,"bu","13:48:51",3716400
10250,-500,2000,"sd","13:47:30",3713800
10250,-500,1000,"sd","13:47:30",3711800
10250,-500,1000,"sd","13:47:30",3710800
10250,-500,10000,"sd","13:47:26",3709800
10250,-500,100,"sd","13:46:56",3699800
10250,-500,100,"sd","13:46:50",3699700
10250,-500,200,"bu","13:46:41",3699600
10250,-500,2000,"bu","13:46:41",3699400
10250,-500,1000,"bu","13:46:41",3697400
10250,-500,200,"bu","13:46:41",3696400
10250,-500,200,"bu","13:46:41",3696200
10250,-500,5000,"bu","13:46:41",3696000
10250,-500,3900,"bu","13:46:41",3691000
10250,-500,2000,"bu","13:46:41",3687100
10250,-500,5000,"bu","13:46:41",3685100
10250,-500,10000,"bu","13:46:41",3680100
10250,-500,200,"bu","13:46:41",3670100
10250,-500,5000,"bu","13:46:41",3669900
10250,-500,1000,"bu","13:46:41",3664900
10250,-500,1000,"bu","13:46:41",3663900
10250,-500,100,"bu","13:46:41",3662900
10250,-500,1000,"bu","13:46:41",3662800
10250,-500,1000,"bu","13:46:41",3661800
10200,-550,200,"sd","13:46:15",3660800
10200,-550,8000,"sd","13:46:11",3660600
10200,-550,500,"sd","13:46:02",3652600
10200,-550,200,"sd","13:44:36",3652100
10200,-550,400,"bu","13:44:04",3651900
10200,-550,2000,"bu","13:44:04",3651500
10200,-550,3600,"bu","13:44:04",3649500
10200,-550,100,"bu","13:44:04",3645900
10200,-550,400,"bu","13:44:00",3645800
10200,-550,3000,"bu","13:43:57",3645400
10200,-550,100,"bu","13:43:57",3642400
10200,-550,2000,"bu","13:43:55",3642300
10200,-550,3000,"bu","13:43:55",3640300
10200,-550,800,"bu","13:43:52",3637300
10200,-550,1000,"bu","13:43:46",3636500
10200,-550,200,"bu","13:43:45",3635500
10200,-550,800,"bu","13:43:45",3635300
10200,-550,100,"bu","13:43:27",3634500
10200,-550,1000,"bu","13:43:10",3634400
10200,-550,1000,"bu","13:43:07",3633400
10200,-550,1000,"bu","13:43:03",3632400
10200,-550,200,"bu","13:42:59",3631400
10200,-550,900,"bu","13:42:58",3631200
10200,-550,3000,"bu","13:42:58",3630300
10200,-550,20000,"bu","13:42:58",3627300
10200,-550,1000,"bu","13:42:58",3607300
10200,-550,4500,"bu","13:42:58",3606300
10200,-550,300,"bu","13:42:58",3601800
10200,-550,300,"bu","13:42:58",3601500
10200,-550,200,"bu","13:42:50",3601200
10200,-550,800,"bu","13:42:50",3601000
10200,-550,600,"bu","13:42:50",3600200
10200,-550,3000,"bu","13:42:47",3599600
10200,-550,2500,"bu","13:42:33",3596600
10200,-550,500,"bu","13:42:29",3594100
10200,-550,1000,"bu","13:42:25",3593600
10200,-550,200,"bu","13:42:11",3592600
10200,-550,2200,"bu","13:42:04",3592400
10200,-550,300,"bu","13:42:04",3590200
10200,-550,100,"bu","13:42:04",3589900
10200,-550,200,"bu","13:41:55",3589800
10200,-550,3000,"bu","13:41:51",3589600
10200,-550,1000,"bu","13:41:13",3586600
10200,-550,1700,"bu","13:41:07",3585600
10200,-550,800,"bu","13:41:07",3583900
10200,-550,100,"bu","13:41:06",3583100
10200,-550,200,"bu","13:40:50",3583000
10200,-550,1800,"bu","13:40:50",3582800
10200,-550,100,"bu","13:40:34",3581000
10200,-550,1200,"bu","13:40:34",3580900
10200,-550,700,"bu","13:40:34",3579700
10200,-550,2500,"bu","13:40:30",3579000
10150,-600,700,"sd","13:40:23",3576500
10150,-600,100,"sd","13:40:23",3575800
10150,-600,200,"sd","13:40:23",3575700
10150,-600,13000,"sd","13:40:23",3575500
10200,-550,3600,"bu","13:40:12",3562500
10200,-550,1500,"bu","13:40:10",3558900
10200,-550,300,"bu","13:39:54",3557400
10200,-550,2000,"bu","13:39:52",3557100
10200,-550,1200,"bu","13:39:15",3555100
10200,-550,100,"bu","13:39:05",3553900
10200,-550,200,"bu","13:38:49",3553800
10200,-550,700,"bu","13:38:03",3553600
10200,-550,1000,"bu","13:37:49",3552900
10150,-600,400,"sd","13:37:37",3551900
10150,-600,400,"sd","13:37:19",3551500
10150,-600,600,"sd","13:37:01",3551100
10150,-600,100,"sd","13:37:01",3550500
10150,-600,1600,"sd","13:37:01",3550400
10150,-600,700,"sd","13:37:00",3548800
10150,-600,400,"sd","13:37:00",3548100
10150,-600,1000,"sd","13:36:30",3547700
10150,-600,1000,"sd","13:36:30",3546700
10150,-600,1000,"sd","13:36:30",3545700
10150,-600,700,"sd","13:36:30",3544700
10150,-600,200,"sd","13:36:30",3544000
10150,-600,500,"sd","13:36:30",3543800
10150,-600,800,"sd","13:36:30",3543300
10150,-600,2000,"sd","13:36:30",3542500
10150,-600,1000,"sd","13:36:30",3540500
10150,-600,900,"sd","13:36:30",3539500
10150,-600,100,"sd","13:36:30",3538600
10150,-600,100,"sd","13:36:30",3538500
10150,-600,300,"sd","13:36:30",3538400
10150,-600,200,"sd","13:36:30",3538100
10150,-600,200,"sd","13:36:30",3537900
10150,-600,2000,"sd","13:36:29",3537700
10150,-600,2000,"sd","13:36:29",3535700
10150,-600,2000,"sd","13:36:29",3533700
10150,-600,700,"sd","13:36:29",3531700
10150,-600,3300,"sd","13:36:29",3531000
10200,-550,1000,"bu","13:36:20",3527700
10200,-550,100,"bu","13:35:57",3526700
10150,-600,700,"sd","13:34:38",3526600
10150,-600,100,"sd","13:34:38",3525900
10150,-600,1000,"sd","13:34:38",3525800
10150,-600,500,"sd","13:34:38",3524800
10150,-600,700,"sd","13:34:38",3524300
10150,-600,200,"sd","13:34:17",3523600
10150,-600,100,"sd","13:32:16",3523400
10150,-600,4000,"sd","13:32:16",3523300
10150,-600,1000,"sd","13:31:30",3519300
10150,-600,2100,"sd","13:30:54",3518300
10150,-600,100,"sd","13:30:54",3516200
10150,-600,400,"sd","13:30:54",3516100
10150,-600,700,"sd","13:30:54",3515700
10150,-600,300,"sd","13:30:26",3515000
10150,-600,1000,"sd","13:30:26",3514700
10150,-600,700,"sd","13:30:26",3513700
10150,-600,300,"sd","13:30:16",3513000
10150,-600,300,"sd","13:30:16",3512700
10150,-600,1000,"sd","13:30:16",3512400
10150,-600,400,"sd","13:30:16",3511400
10150,-600,2000,"sd","13:30:15",3511000
10150,-600,600,"sd","13:29:46",3509000
10150,-600,900,"sd","13:29:46",3508400
10150,-600,1500,"sd","13:29:46",3507500
10150,-600,800,"sd","13:29:46",3506000
10150,-600,2600,"sd","13:29:46",3505200
10150,-600,1400,"sd","13:28:01",3502600
10150,-600,1000,"sd","13:28:01",3501200
10150,-600,2600,"sd","13:28:01",3500200
10150,-600,2400,"sd","13:27:43",3497600
10150,-600,2000,"sd","13:27:43",3495200
10150,-600,100,"sd","13:27:43",3493200
10150,-600,3000,"sd","13:27:43",3493100
10150,-600,500,"sd","13:27:43",3490100
10150,-600,100,"sd","13:26:46",3489600
10200,-550,100,"bu","13:26:25",3489500
10200,-550,100,"bu","13:26:25",3489400
10150,-600,100,"sd","13:26:24",3489300
10200,-550,300,"bu","13:26:14",3489200
10200,-550,300,"bu","13:26:07",3488900
10200,-550,700,"bu","13:26:07",3488600
10200,-550,300,"bu","13:25:56",3487900
10200,-550,1700,"bu","13:25:56",3487600
10200,-550,2000,"bu","13:25:25",3485900
10150,-600,1300,"sd","13:25:10",3483900
10150,-600,100,"sd","13:25:10",3482600
10150,-600,100,"sd","13:25:10",3482500
10150,-600,300,"sd","13:25:10",3482400
10200,-550,900,"bu","13:25:10",3482100
10200,-550,3200,"bu","13:25:01",3481200
10200,-550,900,"bu","13:25:01",3478000
10200,-550,1400,"bu","13:25:00",3477100
10200,-550,3500,"bu","13:25:00",3475700
10200,-550,1000,"bu","13:25:00",3472200
10200,-550,3000,"bu","13:24:35",3471200
10200,-550,100,"bu","13:24:23",3468200
10200,-550,1000,"bu","13:24:23",3468100
10150,-600,100,"sd","13:24:10",3467100
10200,-550,100,"bu","13:24:01",3467000
10200,-550,100,"bu","13:23:56",3466900
10200,-550,100,"bu","13:23:41",3466800
10200,-550,1000,"bu","13:23:35",3466700
10200,-550,200,"bu","13:23:15",3465700
10200,-550,200,"bu","13:22:55",3465500
10200,-550,1500,"bu","13:22:31",3465300
10200,-550,200,"bu","13:21:51",3463800
10150,-600,100,"sd","13:21:44",3463600
10150,-600,200,"sd","13:21:44",3463500
10200,-550,1000,"bu","13:21:32",3463300
10200,-550,100,"bu","13:21:03",3462300
10200,-550,300,"bu","13:20:52",3462200
10200,-550,300,"bu","13:20:48",3461900
10200,-550,100,"bu","13:19:59",3461600
10200,-550,1000,"bu","13:19:57",3461500
10200,-550,100,"bu","13:19:37",3460500
10200,-550,100,"bu","13:19:10",3460400
10150,-600,100,"sd","13:18:37",3460300
10150,-600,200,"sd","13:18:37",3460200
10150,-600,200,"sd","13:18:37",3460000
10150,-600,800,"sd","13:17:42",3459800
10150,-600,1000,"sd","13:17:42",3459000
10150,-600,100,"sd","13:17:42",3458000
10150,-600,100,"sd","13:17:42",3457900
10200,-550,300,"sd","13:17:24",3457800
10200,-550,1400,"sd","13:17:24",3457500
10200,-550,1400,"sd","13:17:06",3456100
10200,-550,100,"sd","13:17:06",3454700
10200,-550,200,"sd","13:17:06",3454600
10200,-550,100,"sd","13:17:06",3454400
10200,-550,200,"sd","13:17:06",3454300
10200,-550,300,"sd","13:17:04",3454100
10200,-550,200,"sd","13:16:47",3453800
10200,-550,300,"bu","13:16:44",3453600
10200,-550,1000,"bu","13:16:32",3453300
10200,-550,800,"bu","13:16:22",3452300
10200,-550,500,"bu","13:16:18",3451500
10200,-550,500,"bu","13:16:08",3451000
10200,-550,200,"bu","13:15:57",3450500
10200,-550,1000,"bu","13:15:56",3450300
10200,-550,2000,"bu","13:15:53",3449300
10200,-550,3700,"bu","13:15:45",3447300
10200,-550,500,"bu","13:15:45",3443600
10200,-550,3800,"bu","13:15:45",3443100
10200,-550,200,"bu","13:15:34",3439300
10200,-550,1000,"bu","13:14:29",3439100
10200,-550,1000,"bu","13:14:22",3438100
10200,-550,1300,"bu","13:14:14",3437100
10200,-550,100,"bu","13:14:09",3435800
10200,-550,2100,"sd","13:14:07",3435700
10200,-550,100,"sd","13:13:59",3433600
10200,-550,2600,"bu","13:13:51",3433500
10200,-550,200,"bu","13:13:51",3430900
10200,-550,100,"bu","13:13:37",3430700
10200,-550,200,"bu","13:13:35",3430600
10150,-600,100,"sd","13:13:18",3430400
10200,-550,800,"bu","13:13:03",3430300
10200,-550,200,"bu","13:13:03",3429500
10150,-600,600,"sd","13:12:31",3429300
10200,-550,500,"bu","13:12:21",3428700
10200,-550,3200,"sd","13:11:58",3428200
10200,-550,600,"sd","13:11:58",3425000
10200,-550,100,"sd","13:11:39",3424400
10200,-550,500,"sd","13:11:39",3424300
10200,-550,500,"sd","13:11:21",3423800
10200,-550,600,"sd","13:11:21",3423300
10200,-550,500,"sd","13:11:21",3422700
10200,-550,100,"sd","13:11:21",3422200
10200,-550,100,"sd","13:11:21",3422100
10200,-550,500,"sd","13:11:21",3422000
10200,-550,100,"sd","13:11:21",3421500
10200,-550,100,"sd","13:11:21",3421400
10200,-550,1000,"sd","13:11:21",3421300
10200,-550,400,"sd","13:11:21",3420300
10200,-550,1900,"sd","13:11:21",3419900
10200,-550,100,"sd","13:11:19",3418000
10200,-550,300,"sd","13:11:19",3417900
10200,-550,1000,"sd","13:11:19",3417600
10200,-550,100,"sd","13:11:19",3416600
10200,-550,500,"sd","13:11:19",3416500
10200,-550,2000,"sd","13:11:19",3416000
10200,-550,200,"sd","13:11:19",3414000
10200,-550,1000,"sd","13:11:19",3413800
10200,-550,1600,"sd","13:11:19",3412800
10200,-550,5000,"sd","13:11:11",3411200
10200,-550,2900,"sd","13:10:39",3406200
10200,-550,500,"sd","13:10:13",3403300
10200,-550,200,"sd","13:10:13",3402800
10200,-550,500,"sd","13:10:13",3402600
10200,-550,500,"sd","13:10:13",3402100
10200,-550,400,"sd","13:09:49",3401600
10200,-550,1000,"sd","13:09:48",3401200
10200,-550,600,"sd","13:09:38",3400200
10200,-550,2400,"sd","13:09:38",3399600
10200,-550,100,"sd","13:09:33",3397200
10200,-550,400,"sd","13:09:33",3397100
10200,-550,100,"sd","13:09:15",3396700
10200,-550,800,"sd","13:09:15",3396600
10250,-500,100,"bu","13:09:05",3395800
10200,-550,600,"sd","13:08:48",3395700
10200,-550,600,"sd","13:08:23",3395100
10200,-550,200,"sd","13:08:23",3394500
10200,-550,1000,"sd","13:08:23",3394300
10200,-550,100,"sd","13:08:23",3393300
10200,-550,100,"sd","13:08:23",3393200
10200,-550,100,"sd","13:08:15",3393100
10200,-550,200,"sd","13:08:15",3393000
10200,-550,1000,"sd","13:08:15",3392800
10200,-550,100,"sd","13:08:15",3391800
10200,-550,1000,"sd","13:08:15",3391700
10200,-550,600,"sd","13:08:15",3390700
10250,-500,500,"bu","13:07:33",3390100
10250,-500,1900,"bu","13:07:14",3389600
10250,-500,100,"bu","13:07:14",3387700
10250,-500,3200,"bu","13:07:00",3387600
10250,-500,500,"bu","13:07:00",3384400
10250,-500,500,"bu","13:07:00",3383900
10250,-500,800,"bu","13:07:00",3383400
10250,-500,200,"bu","13:06:47",3382600
10250,-500,500,"bu","13:06:47",3382400
10250,-500,200,"bu","13:06:47",3381900
10250,-500,100,"bu","13:06:31",3381700
10250,-500,1100,"bu","13:05:34",3381600
10250,-500,1000,"bu","13:05:34",3380500
10250,-500,900,"bu","13:05:34",3379500
10250,-500,600,"bu","13:05:26",3378600
10250,-500,500,"bu","13:05:24",3378000
10250,-500,500,"bu","13:04:45",3377500
10200,-550,100,"sd","13:04:36",3377000
10200,-550,100,"sd","13:04:14",3376900
10250,-500,200,"bu","13:04:08",3376800
10250,-500,200,"bu","13:03:33",3376600
10250,-500,100,"bu","13:03:33",3376400
10250,-500,500,"bu","13:03:33",3376300
10250,-500,200,"bu","13:03:33",3375800
10250,-500,1000,"bu","13:03:04",3375600
10200,-550,300,"sd","13:01:49",3374600
10250,-500,5000,"bu","13:01:21",3374300
10200,-550,100,"sd","13:00:22",3369300
10200,-550,300,"sd","13:00:22",3369200
10200,-550,500,"sd","13:00:22",3368900
10200,-550,100,"sd","13:00:22",3368400
10250,-500,1000,"bu","13:00:21",3368300
10200,-550,900,"sd","13:00:17",3367300
10200,-550,100,"sd","13:00:17",3366400
10200,-550,300,"sd","13:00:17",3366300
10200,-550,500,"sd","13:00:16",3366000
10200,-550,1000,"sd","13:00:16",3365500
10200,-550,800,"sd","13:00:16",3364500
10200,-550,1000,"sd","13:00:16",3363700
10200,-550,100,"sd","13:00:16",3362700
10200,-550,1600,"sd","13:00:16",3362600
10200,-550,3400,"sd","13:00:13",3361000
10200,-550,1600,"sd","13:00:13",3357600
10200,-550,1400,"sd","13:00:10",3356000
10200,-550,1100,"sd","13:00:10",3354600
10200,-550,900,"sd","13:00:05",3353500
10200,-550,2000,"sd","13:00:05",3352600
10200,-550,100,"sd","13:00:05",3350600
10200,-550,100,"sd","13:00:03",3350500
10200,-550,4100,"sd","13:00:03",3350400
10200,-550,1100,"sd","13:00:02",3346300
10200,-550,900,"sd","13:00:02",3345200
10200,-550,3100,"sd","13:00:02",3344300
10200,-550,100,"sd","13:00:02",3341200
10200,-550,5900,"sd","13:00:00",3341100
10200,-550,1000,"sd","13:00:00",3335200
10200,-550,100,"sd","13:00:00",3334200
10200,-550,400,"sd","13:00:00",3334100
10200,-550,2200,"sd","13:00:00",3333700
10200,-550,100,"sd","13:00:00",3331500
10200,-550,200,"sd","13:00:00",3331400
10200,-550,5000,"sd","13:00:00",3331200
10200,-550,100,"sd","13:00:00",3326200
10200,-550,300,"bu","11:29:50",3326100
10200,-550,100,"bu","11:29:38",3325800
10200,-550,200,"bu","11:29:21",3325700
10200,-550,400,"bu","11:29:17",3325500
10200,-550,400,"bu","11:29:12",3325100
10200,-550,500,"bu","11:29:02",3324700
10200,-550,100,"bu","11:29:01",3324200
10200,-550,3000,"bu","11:28:53",3324100
10200,-550,1000,"bu","11:28:51",3321100
10200,-550,100,"bu","11:28:22",3320100
10200,-550,900,"bu","11:27:56",3320000
10200,-550,100,"bu","11:27:52",3319100
10200,-550,100,"bu","11:27:39",3319000
10200,-550,100,"bu","11:27:28",3318900
10200,-550,500,"sd","11:27:23",3318800
10200,-550,2000,"sd","11:27:23",3318300
10200,-550,200,"sd","11:27:23",3316300
10200,-550,2000,"sd","11:27:23",3316100
10200,-550,100,"sd","11:27:23",3314100
10200,-550,100,"sd","11:27:23",3314000
10200,-550,100,"sd","11:27:23",3313900
10200,-550,1200,"sd","11:27:23",3313800
10200,-550,700,"sd","11:27:23",3312600
10200,-550,800,"sd","11:27:23",3311900
10200,-550,500,"sd","11:27:23",3311100
10200,-550,400,"sd","11:27:23",3310600
10200,-550,100,"sd","11:27:23",3310200
10200,-550,5000,"sd","11:27:23",3310100
10200,-550,2000,"sd","11:27:23",3305100
10200,-550,200,"sd","11:27:23",3303100
10200,-550,3000,"sd","11:27:23",3302900
10200,-550,1700,"sd","11:27:23",3299900
10200,-550,2000,"sd","11:27:23",3298200
10200,-550,1000,"sd","11:27:23",3296200
10200,-550,3600,"sd","11:27:23",3295200
10200,-550,500,"sd","11:27:23",3291600
10200,-550,3000,"sd","11:27:23",3291100
10200,-550,500,"sd","11:27:23",3288100
10200,-550,200,"sd","11:27:23",3287600
10200,-550,2000,"sd","11:27:23",3287400
10200,-550,200,"sd","11:27:23",3285400
10200,-550,3000,"sd","11:27:23",3285200
10200,-550,100,"sd","11:27:23",3282200
10200,-550,1000,"sd","11:27:23",3282100
10200,-550,1000,"sd","11:27:23",3281100
10200,-550,11500,"sd","11:27:23",3280100
10200,-550,1100,"sd","11:27:23",3268600
10200,-550,100,"sd","11:27:23",3267500
10200,-550,10000,"sd","11:27:23",3267400
10200,-550,10000,"sd","11:27:23",3257400
10200,-550,500,"sd","11:27:23",3247400
10200,-550,500,"sd","11:27:23",3246900
10200,-550,20000,"sd","11:27:23",3246400
10200,-550,300,"sd","11:27:23",3226400
10200,-550,700,"sd","11:26:06",3226100
10200,-550,100,"sd","11:26:05",3225400
10200,-550,200,"sd","11:26:05",3225300
10200,-550,1000,"sd","11:25:56",3225100
10200,-550,1800,"sd","11:21:56",3224100
10200,-550,700,"sd","11:21:56",3222300
10250,-500,100,"bu","11:21:33",3221600
10250,-500,100,"bu","11:21:30",3221500
10250,-500,700,"bu","11:21:08",3221400
10250,-500,100,"bu","11:21:03",3220700
10250,-500,1800,"bu","11:20:36",3220600
10200,-550,1000,"sd","11:20:13",3218800
10250,-500,1000,"bu","11:19:59",3217800
10250,-500,900,"bu","11:19:41",3216800
10250,-500,3100,"bu","11:18:56",3215900
10250,-500,600,"bu","11:18:56",3212800
10250,-500,1300,"bu","11:18:56",3212200
10250,-500,500,"bu","11:18:37",3210900
10250,-500,300,"bu","11:18:32",3210400
10250,-500,200,"bu","11:18:08",3210100
10250,-500,3000,"bu","11:18:05",3209900
10250,-500,100,"bu","11:16:55",3206900
10250,-500,2000,"bu","11:16:42",3206800
10250,-500,1000,"bu","11:15:59",3204800
10250,-500,100,"bu","11:14:19",3203800
10250,-500,100,"bu","11:13:31",3203700
10250,-500,500,"bu","11:11:56",3203600
10250,-500,500,"bu","11:09:12",3203100
10250,-500,500,"bu","11:08:58",3202600
10250,-500,100,"bu","11:08:08",3202100
10250,-500,300,"bu","11:07:38",3202000
10250,-500,300,"bu","11:07:27",3201700
10250,-500,2000,"bu","11:07:16",3201400
10250,-500,200,"bu","11:07:14",3199400
10250,-500,100,"bu","11:07:05",3199200
10250,-500,1500,"bu","11:06:59",3199100
10250,-500,500,"bu","11:06:34",3197600
10250,-500,300,"bu","11:06:22",3197100
10250,-500,500,"bu","11:06:04",3196800
10250,-500,100,"bu","11:05:43",3196300
10200,-550,2400,"sd","11:04:02",3196200
10200,-550,100,"sd","11:04:02",3193800
10250,-500,100,"bu","11:02:50",3193700
10250,-500,1000,"bu","11:02:48",3193600
10250,-500,100,"bu","11:02:29",3192600
10250,-500,2800,"bu","11:02:18",3192500
10250,-500,200,"bu","11:02:18",3189700
10250,-500,1000,"bu","11:01:38",3189500
10250,-500,100,"bu","11:01:37",3188500
10250,-500,200,"bu","11:01:33",3188400
10200,-550,1000,"sd","11:00:28",3188200
10200,-550,200,"sd","11:00:28",3187200
10200,-550,1000,"sd","11:00:28",3187000
10200,-550,400,"sd","11:00:28",3186000
10200,-550,900,"sd","11:00:28",3185600
10200,-550,100,"sd","11:00:15",3184700
10200,-550,400,"sd","11:00:15",3184600
10200,-550,2000,"sd","10:59:53",3184200
10200,-550,600,"sd","10:58:49",3182200
10200,-550,4000,"sd","10:58:49",3181600
10200,-550,400,"sd","10:58:49",3177600
10250,-500,100,"bu","10:58:31",3177200
10250,-500,100,"bu","10:58:07",3177100
10250,-500,100,"bu","10:57:43",3177000
10250,-500,100,"bu","10:56:40",3176900
10250,-500,200,"bu","10:55:56",3176800
10250,-500,100,"bu","10:55:18",3176600
10200,-550,1100,"bu","10:54:47",3176500
10200,-550,3500,"bu","10:54:47",3175400
10200,-550,200,"bu","10:54:30",3171900
10200,-550,2500,"sd","10:54:04",3171700
10200,-550,100,"sd","10:54:04",3169200
10200,-550,100,"sd","10:54:04",3169100
10200,-550,1000,"sd","10:54:04",3169000
10200,-550,400,"sd","10:54:04",3168000
10200,-550,500,"sd","10:54:04",3167600
10200,-550,500,"sd","10:54:04",3167100
10200,-550,200,"sd","10:53:51",3166600
10200,-550,200,"sd","10:51:08",3166400
10200,-550,500,"sd","10:51:08",3166200
10200,-550,2000,"sd","10:51:08",3165700
10200,-550,500,"sd","10:51:08",3163700
10200,-550,300,"sd","10:51:08",3163200
10250,-500,1000,"bu","10:50:38",3162900
10200,-550,500,"sd","10:50:16",3161900
10200,-550,700,"sd","10:49:17",3161400
10200,-550,300,"sd","10:49:17",3160700
10200,-550,500,"bu","10:48:12",3160400
10200,-550,2200,"bu","10:48:12",3159900
10200,-550,500,"bu","10:48:05",3157700
10200,-550,1000,"bu","10:47:42",3157200
10200,-550,5000,"bu","10:47:40",3156200
10200,-550,600,"bu","10:47:36",3151200
10200,-550,500,"bu","10:47:23",3150600
10200,-550,100,"sd","10:47:08",3150100
10200,-550,600,"sd","10:47:08",3150000
10200,-550,1300,"bu","10:46:59",3149400
10200,-550,600,"bu","10:46:53",3148100
10200,-550,400,"bu","10:46:53",3147500
10200,-550,500,"bu","10:46:46",3147100
10200,-550,100,"bu","10:46:17",3146600
10200,-550,3800,"bu","10:46:17",3146500
10200,-550,500,"bu","10:46:17",3142700
10200,-550,300,"bu","10:46:17",3142200
10150,-600,200,"sd","10:46:03",3141900
10200,-550,600,"bu","10:45:42",3141700
10200,-550,400,"bu","10:45:42",3141100
10150,-600,100,"sd","10:45:01",3140700
10150,-600,200,"sd","10:44:23",3140600
10200,-550,1900,"bu","10:44:05",3140400
10200,-550,200,"bu","10:43:18",3138500
10200,-550,1800,"bu","10:43:15",3138300
10200,-550,2900,"sd","10:43:03",3136500
10200,-550,100,"sd","10:43:03",3133600
10200,-550,500,"sd","10:43:03",3133500
10200,-550,1800,"sd","10:43:03",3133000
10200,-550,300,"sd","10:43:03",3131200
10200,-550,3800,"sd","10:43:03",3130900
10200,-550,1300,"sd","10:43:03",3127100
10200,-550,1000,"sd","10:42:52",3125800
10200,-550,1200,"sd","10:42:41",3124800
10200,-550,2300,"sd","10:42:41",3123600
10200,-550,1400,"sd","10:42:40",3121300
10200,-550,1300,"sd","10:42:12",3119900
10200,-550,700,"sd","10:42:12",3118600
10250,-500,400,"bu","10:42:01",3117900
10250,-500,200,"bu","10:41:50",3117500
10250,-500,700,"bu","10:40:34",3117300
10200,-550,100,"bu","10:40:18",3116600
10200,-550,200,"bu","10:40:18",3116500
10200,-550,200,"bu","10:40:15",3116300
10200,-550,600,"bu","10:39:52",3116100
10200,-550,900,"bu","10:39:52",3115500
10200,-550,100,"bu","10:39:52",3114600
10200,-550,500,"bu","10:39:52",3114500
10200,-550,300,"bu","10:39:51",3114000
10200,-550,700,"bu","10:39:44",3113700
10200,-550,100,"bu","10:39:41",3113000
10200,-550,500,"bu","10:39:36",3112900
10200,-550,2900,"bu","10:39:32",3112400
10200,-550,400,"bu","10:39:32",3109500
10200,-550,300,"bu","10:39:17",3109100
10200,-550,1000,"bu","10:39:15",3108800
10200,-550,1500,"bu","10:39:00",3107800
10200,-550,300,"bu","10:38:57",3106300
10200,-550,500,"bu","10:38:57",3106000
10200,-550,1200,"bu","10:38:57",3105500
10200,-550,1000,"bu","10:38:31",3104300
10200,-550,200,"bu","10:38:18",3103300
10200,-550,200,"bu","10:37:45",3103100
10200,-550,1000,"bu","10:37:31",3102900
10200,-550,2900,"bu","10:37:29",3101900
10200,-550,1000,"bu","10:37:29",3099000
10200,-550,5900,"bu","10:37:29",3098000
10200,-550,2000,"bu","10:37:25",3092100
10200,-550,100,"bu","10:36:59",3090100
10200,-550,100,"bu","10:35:55",3090000
10200,-550,100,"bu","10:35:44",3089900
10200,-550,2000,"bu","10:35:40",3089800
10200,-550,3800,"bu","10:35:27",3087800
10200,-550,1500,"bu","10:34:47",3084000
10150,-600,100,"sd","10:33:30",3082500
10150,-600,100,"sd","10:32:42",3082400
10200,-550,2000,"bu","10:32:40",3082300
10150,-600,500,"sd","10:30:59",3080300
10150,-600,100,"sd","10:30:59",3079800
10200,-550,1900,"bu","10:30:56",3079700
10200,-550,2000,"bu","10:30:53",3077800
10200,-550,200,"bu","10:30:25",3075800
10200,-550,100,"bu","10:30:19",3075600
10200,-550,4000,"bu","10:30:15",3075500
10200,-550,100,"bu","10:30:10",3071500
10200,-550,2800,"bu","10:30:02",3071400
10200,-550,1000,"bu","10:29:58",3068600
10200,-550,400,"bu","10:29:55",3067600
10200,-550,3000,"bu","10:29:55",3067200
10200,-550,1600,"bu","10:29:55",3064200
10200,-550,100,"bu","10:29:51",3062600
10200,-550,200,"bu","10:29:44",3062500
10200,-550,100,"bu","10:29:18",3062300
10200,-550,200,"bu","10:29:08",3062200
10200,-550,300,"bu","10:28:59",3062000
10200,-550,500,"bu","10:28:56",3061700
10200,-550,200,"bu","10:28:56",3061200
10200,-550,200,"bu","10:28:36",3061000
10200,-550,2600,"bu","10:27:59",3060800
10200,-550,2000,"bu","10:27:59",3058200
10200,-550,400,"bu","10:27:59",3056200
10200,-550,100,"bu","10:25:57",3055800
10200,-550,200,"bu","10:25:33",3055700
10200,-550,1000,"bu","10:25:06",3055500
10150,-600,200,"sd","10:25:04",3054500
10150,-600,800,"sd","10:25:04",3054300
10200,-550,400,"bu","10:24:49",3053500
10150,-600,1600,"sd","10:24:06",3053100
10150,-600,3000,"sd","10:23:54",3051500
10150,-600,400,"sd","10:23:43",3048500
10150,-600,700,"sd","10:23:43",3048100
10150,-600,100,"sd","10:23:43",3047400
10150,-600,100,"sd","10:23:43",3047300
10150,-600,500,"sd","10:23:43",3047200
10150,-600,2000,"sd","10:23:43",3046700
10150,-600,1000,"sd","10:23:43",3044700
10150,-600,200,"sd","10:23:43",3043700
10150,-600,800,"sd","10:23:16",3043500
10150,-600,200,"sd","10:23:16",3042700
10150,-600,100,"sd","10:22:51",3042500
10150,-600,100,"sd","10:22:51",3042400
10150,-600,1000,"sd","10:22:51",3042300
10150,-600,500,"sd","10:22:51",3041300
10150,-600,1000,"sd","10:22:51",3040800
10150,-600,2000,"sd","10:22:51",3039800
10150,-600,2900,"sd","10:22:51",3037800
10150,-600,300,"sd","10:22:51",3034900
10150,-600,1100,"sd","10:22:51",3034600
10150,-600,2300,"sd","10:22:35",3033500
10150,-600,700,"sd","10:22:35",3031200
10200,-550,1000,"bu","10:22:30",3030500
10200,-550,100,"bu","10:22:30",3029500
10200,-550,800,"bu","10:22:00",3029400
10200,-550,1000,"bu","10:21:55",3028600
10200,-550,400,"bu","10:21:55",3027600
10200,-550,900,"bu","10:21:35",3027200
10200,-550,100,"bu","10:21:24",3026300
10200,-550,500,"bu","10:21:14",3026200
10200,-550,100,"bu","10:21:14",3025700
10200,-550,100,"bu","10:21:11",3025600
10200,-550,1300,"bu","10:21:09",3025500
10200,-550,100,"bu","10:20:30",3024200
10150,-600,1600,"sd","10:20:30",3024100
10150,-600,400,"sd","10:20:30",3022500
10150,-600,3000,"sd","10:20:04",3022100
10150,-600,1500,"sd","10:19:15",3019100
10200,-550,200,"bu","10:19:15",3017600
10200,-550,200,"bu","10:18:53",3017400
10200,-550,600,"bu","10:17:57",3017200
10200,-550,100,"bu","10:17:57",3016600
10200,-550,100,"bu","10:17:48",3016500
10200,-550,300,"bu","10:17:45",3016400
10200,-550,2700,"bu","10:17:45",3016100
10200,-550,300,"bu","10:17:45",3013400
10200,-550,500,"bu","10:17:30",3013100
10200,-550,2500,"bu","10:17:16",3012600
10200,-550,3400,"bu","10:17:16",3010100
10200,-550,100,"bu","10:17:15",3006700
10200,-550,300,"bu","10:17:07",3006600
10200,-550,300,"bu","10:16:57",3006300
10200,-550,900,"bu","10:16:31",3006000
10150,-600,600,"bu","10:15:01",3005100
10150,-600,1000,"bu","10:15:01",3004500
10150,-600,1000,"bu","10:15:01",3003500
10150,-600,900,"bu","10:15:01",3002500
10150,-600,600,"bu","10:15:01",3001600
10150,-600,1000,"bu","10:15:01",3001000
10150,-600,500,"bu","10:14:58",3000000
10150,-600,300,"bu","10:14:55",2999500
10150,-600,100,"bu","10:14:53",2999200
10150,-600,500,"bu","10:14:45",2999100
10150,-600,300,"bu","10:14:45",2998600
10150,-600,600,"bu","10:14:39",2998300
10150,-600,100,"bu","10:14:25",2997700
10100,-650,1000,"sd","10:14:21",2997600
10100,-650,500,"sd","10:13:58",2996600
10100,-650,100,"sd","10:13:05",2996100
10150,-600,300,"bu","10:13:04",2996000
10100,-650,2000,"sd","10:12:51",2995700
10100,-650,5000,"sd","10:12:51",2993700
10100,-650,500,"sd","10:12:51",2988700
10100,-650,2500,"sd","10:12:51",2988200
10100,-650,500,"sd","10:12:48",2985700
10100,-650,500,"sd","10:12:48",2985200
10100,-650,500,"sd","10:12:40",2984700
10100,-650,2000,"sd","10:12:40",2984200
10100,-650,500,"sd","10:12:40",2982200
10100,-650,100,"sd","10:12:24",2981700
10100,-650,2500,"sd","10:12:18",2981600
10100,-650,1000,"sd","10:12:14",2979100
10100,-650,4800,"sd","10:12:05",2978100
10100,-650,1000,"sd","10:12:05",2973300
10100,-650,800,"sd","10:12:05",2972300
10100,-650,2000,"sd","10:12:05",2971500
10100,-650,1000,"sd","10:12:05",2969500
10100,-650,6900,"sd","10:12:05",2968500
10100,-650,4500,"sd","10:12:05",2961600
10100,-650,1000,"sd","10:12:05",2957100
10100,-650,1000,"sd","10:12:05",2956100
10100,-650,1000,"sd","10:12:05",2955100
10100,-650,1000,"sd","10:12:05",2954100
10100,-650,100,"sd","10:12:05",2953100
10100,-650,500,"sd","10:12:05",2953000
10100,-650,1000,"sd","10:12:05",2952500
10100,-650,300,"sd","10:12:05",2951500
10100,-650,1400,"sd","10:12:05",2951200
10100,-650,1000,"sd","10:12:05",2949800
10100,-650,300,"sd","10:12:05",2948800
10100,-650,2000,"sd","10:12:05",2948500
10100,-650,1000,"sd","10:12:05",2946500
10100,-650,200,"sd","10:12:05",2945500
10100,-650,400,"sd","10:12:05",2945300
10100,-650,200,"sd","10:12:05",2944900
10100,-650,500,"sd","10:12:05",2944700
10100,-650,1000,"sd","10:12:05",2944200
10100,-650,5000,"sd","10:12:05",2943200
10100,-650,10300,"sd","10:12:05",2938200
10100,-650,1400,"sd","10:11:49",2927900
10100,-650,100,"sd","10:11:12",2926500
10150,-600,500,"bu","10:10:54",2926400
10100,-650,9900,"sd","10:10:51",2925900
10100,-650,100,"sd","10:10:51",2916000
10150,-600,500,"bu","10:10:25",2915900
10150,-600,800,"bu","10:10:25",2915400
10150,-600,200,"bu","10:10:25",2914600
10150,-600,800,"bu","10:10:19",2914400
10150,-600,5200,"bu","10:10:19",2913600
10150,-600,1500,"bu","10:09:55",2908400
10150,-600,400,"bu","10:09:24",2906900
10100,-650,100,"sd","10:09:22",2906500
10100,-650,4000,"sd","10:09:22",2906400
10100,-650,100,"sd","10:09:22",2902400
10100,-650,5800,"sd","10:09:22",2902300
10150,-600,100,"bu","10:09:21",2896500
10150,-600,100,"bu","10:09:11",2896400
10150,-600,500,"bu","10:09:02",2896300
10150,-600,500,"bu","10:08:56",2895800
10150,-600,2000,"bu","10:08:24",2895300
10150,-600,500,"bu","10:08:18",2893300
10150,-600,100,"bu","10:08:08",2892800
10150,-600,1000,"bu","10:08:01",2892700
10100,-650,4000,"sd","10:07:59",2891700
10150,-600,2500,"bu","10:07:45",2887700
10150,-600,5000,"bu","10:07:44",2885200
10150,-600,600,"bu","10:07:31",2880200
10150,-600,300,"bu","10:07:31",2879600
10150,-600,100,"bu","10:07:31",2879300
10150,-600,2000,"bu","10:07:31",2879200
10150,-600,200,"bu","10:07:29",2877200
10150,-600,100,"bu","10:07:25",2877000
10150,-600,300,"bu","10:06:41",2876900
10150,-600,100,"bu","10:06:24",2876600
10150,-600,100,"sd","10:06:08",2876500
10150,-600,1000,"sd","10:06:08",2876400
10150,-600,1000,"sd","10:06:08",2875400
10150,-600,1500,"sd","10:06:08",2874400
10150,-600,1000,"sd","10:06:08",2872900
10150,-600,100,"sd","10:06:08",2871900
10150,-600,11900,"sd","10:06:08",2871800
10150,-600,500,"sd","10:06:08",2859900
10150,-600,5100,"sd","10:06:08",2859400
10150,-600,600,"sd","10:05:55",2854300
10150,-600,100,"sd","10:05:47",2853700
10150,-600,1500,"sd","10:05:47",2853600
10150,-600,200,"sd","10:05:47",2852100
10150,-600,1000,"sd","10:05:15",2851900
10150,-600,8800,"sd","10:04:15",2850900
10150,-600,4900,"sd","10:04:15",2842100
10150,-600,6000,"sd","10:04:15",2837200
10150,-600,4000,"sd","10:04:15",2831200
10150,-600,200,"sd","10:04:15",2827200
10150,-600,100,"sd","10:04:15",2827000
10150,-600,1600,"sd","10:04:15",2826900
10150,-600,200,"sd","10:04:15",2825300
10150,-600,2400,"sd","10:04:15",2825100
10150,-600,200,"sd","10:04:15",2822700
10150,-600,100,"sd","10:04:15",2822500
10150,-600,3000,"sd","10:04:15",2822400
10150,-600,900,"sd","10:04:15",2819400
10150,-600,3000,"sd","10:04:15",2818500
10150,-600,800,"sd","10:04:15",2815500
10200,-550,500,"sd","10:04:15",2814700
10150,-600,2000,"sd","10:04:15",2814200
10150,-600,6000,"sd","10:04:15",2812200
10150,-600,3000,"sd","10:04:15",2806200
10150,-600,1300,"sd","10:04:15",2803200
10200,-550,1000,"sd","10:04:15",2801900
10200,-550,100,"sd","10:03:56",2800900
10200,-550,200,"sd","10:03:56",2800800
10200,-550,100,"sd","10:03:56",2800600
10200,-550,200,"sd","10:02:51",2800500
10200,-550,1000,"sd","10:02:51",2800300
10200,-550,200,"sd","10:02:51",2799300
10200,-550,3600,"sd","10:02:51",2799100
10200,-550,400,"sd","10:01:49",2795500
10200,-550,30000,"sd","10:01:49",2795100
10200,-550,1000,"sd","10:01:49",2765100
10200,-550,1000,"sd","10:01:49",2764100
10200,-550,1000,"sd","10:01:49",2763100
10200,-550,100,"sd","10:01:49",2762100
10200,-550,700,"sd","10:01:49",2762000
10200,-550,2300,"sd","10:01:49",2761300
10200,-550,1300,"sd","10:01:49",2759000
10200,-550,5000,"sd","10:01:49",2757700
10200,-550,1500,"sd","10:01:49",2752700
10200,-550,500,"sd","10:01:49",2751200
10200,-550,100,"sd","10:01:49",2750700
10200,-550,2000,"sd","10:01:49",2750600
10200,-550,300,"sd","10:01:49",2748600
10200,-550,2800,"sd","10:01:49",2748300
10250,-500,500,"bu","10:01:42",2745500
10250,-500,4500,"bu","10:01:37",2745000
10250,-500,1000,"bu","10:01:36",2740500
10250,-500,1500,"bu","10:01:34",2739500
10250,-500,300,"bu","10:00:55",2738000
10250,-500,100,"sd","10:00:36",2737700
10250,-500,1100,"sd","10:00:36",2737600
10250,-500,100,"sd","10:00:36",2736500
10250,-500,2000,"sd","10:00:36",2736400
10250,-500,300,"sd","10:00:36",2734400
10250,-500,1200,"sd","10:00:36",2734100
10250,-500,500,"sd","10:00:36",2732900
10250,-500,100,"sd","10:00:36",2732400
10250,-500,1100,"sd","10:00:36",2732300
10250,-500,13200,"sd","10:00:36",2731200
10250,-500,2000,"sd","10:00:23",2718000
10250,-500,1000,"sd","09:59:13",2716000
10300,-450,100,"bu","09:59:08",2715000
10250,-500,300,"sd","09:58:56",2714900
10250,-500,3500,"bu","09:58:37",2714600
10250,-500,1000,"sd","09:58:22",2711100
10250,-500,1000,"sd","09:58:22",2710100
10250,-500,1000,"sd","09:58:22",2709100
10250,-500,200,"sd","09:58:22",2708100
10250,-500,200,"sd","09:58:22",2707900
10250,-500,100,"sd","09:58:22",2707700
10300,-450,2900,"bu","09:58:17",2707600
10300,-450,2100,"bu","09:58:17",2704700
10300,-450,900,"bu","09:58:14",2702600
10300,-450,500,"bu","09:58:14",2701700
10300,-450,200,"bu","09:58:14",2701200
10300,-450,2000,"bu","09:58:13",2701000
10300,-450,800,"bu","09:58:09",2699000
10300,-450,200,"bu","09:58:09",2698200
10300,-450,1000,"bu","09:58:08",2698000
10250,-500,500,"sd","09:58:05",2697000
10300,-450,4100,"bu","09:57:43",2696500
10300,-450,200,"bu","09:57:43",2692400
10300,-450,200,"bu","09:57:43",2692200
10300,-450,500,"bu","09:57:43",2692000
10250,-500,100,"bu","09:57:19",2691500
10250,-500,100,"bu","09:57:18",2691400
10250,-500,300,"bu","09:57:12",2691300
10250,-500,500,"bu","09:57:10",2691000
10250,-500,1000,"bu","09:57:08",2690500
10250,-500,900,"bu","09:57:08",2689500
10250,-500,600,"bu","09:57:08",2688600
10250,-500,2400,"bu","09:57:08",2688000
10250,-500,3000,"bu","09:57:05",2685600
10250,-500,3000,"bu","09:56:58",2682600
10250,-500,100,"bu","09:56:55",2679600
10250,-500,100,"bu","09:56:53",2679500
10250,-500,1000,"bu","09:56:40",2679400
10250,-500,400,"bu","09:56:33",2678400
10250,-500,300,"bu","09:56:25",2678000
10250,-500,1200,"bu","09:56:18",2677700
10250,-500,100,"bu","09:56:02",2676500
10200,-550,100,"sd","09:55:58",2676400
10250,-500,100,"bu","09:55:49",2676300
10250,-500,200,"bu","09:55:24",2676200
10200,-550,100,"bu","09:54:35",2676000
10200,-550,1000,"bu","09:54:33",2675900
10200,-550,300,"bu","09:54:33",2674900
10200,-550,1000,"bu","09:54:31",2674600
10200,-550,200,"bu","09:54:29",2673600
10200,-550,100,"bu","09:54:29",2673400
10200,-550,400,"bu","09:54:27",2673300
10200,-550,600,"bu","09:54:27",2672900
10200,-550,500,"bu","09:54:17",2672300
10200,-550,2400,"bu","09:54:17",2671800
10200,-550,700,"bu","09:54:17",2669400
10200,-550,3300,"bu","09:54:17",2668700
10200,-550,16700,"bu","09:54:15",2665400
10200,-550,1000,"bu","09:54:15",2648700
10200,-550,100,"bu","09:54:15",2647700
10200,-550,2200,"bu","09:54:15",2647600
10200,-550,1000,"bu","09:54:02",2645400
10200,-550,700,"bu","09:53:37",2644400
10200,-550,100,"bu","09:53:27",2643700
10150,-600,200,"sd","09:53:13",2643600
10200,-550,2400,"bu","09:53:01",2643400
10150,-600,900,"sd","09:52:46",2641000
10200,-550,3600,"bu","09:52:37",2640100
10150,-600,1000,"bu","09:52:01",2636500
10150,-600,1000,"bu","09:52:01",2635500
10150,-600,600,"bu","09:52:01",2634500
10150,-600,100,"bu","09:51:57",2633900
10150,-600,2000,"bu","09:51:54",2633800
10150,-600,1800,"bu","09:51:44",2631800
10150,-600,100,"bu","09:51:27",2630000
10150,-600,200,"bu","09:51:21",2629900
10150,-600,200,"bu","09:51:18",2629700
10150,-600,4800,"bu","09:51:18",2629500
10150,-600,2200,"bu","09:51:04",2624700
10150,-600,2800,"bu","09:51:04",2622500
10100,-650,1500,"sd","09:50:53",2619700
10150,-600,300,"bu","09:50:27",2618200
10150,-600,100,"bu","09:50:11",2617900
10150,-600,1000,"bu","09:50:11",2617800
10150,-600,100,"bu","09:49:53",2616800
10150,-600,200,"bu","09:49:43",2616700
10100,-650,300,"sd","09:49:39",2616500
10150,-600,500,"bu","09:49:33",2616200
10150,-600,500,"bu","09:49:33",2615700
10150,-600,100,"bu","09:49:33",2615200
10150,-600,200,"bu","09:49:33",2615100
10150,-600,400,"bu","09:49:33",2614900
10150,-600,300,"bu","09:49:33",2614500
10150,-600,2000,"bu","09:49:16",2614200
10150,-600,2000,"bu","09:49:09",2612200
10150,-600,300,"bu","09:48:47",2610200
10150,-600,100,"bu","09:48:41",2609900
10100,-650,1400,"sd","09:48:39",2609800
10100,-650,100,"sd","09:48:39",2608400
10100,-650,1000,"sd","09:48:39",2608300
10100,-650,2500,"sd","09:48:39",2607300
10100,-650,100,"sd","09:48:20",2604800
10100,-650,500,"sd","09:48:20",2604700
10100,-650,1000,"sd","09:48:20",2604200
10100,-650,100,"sd","09:48:20",2603200
10100,-650,400,"sd","09:48:20",2603100
10100,-650,1000,"sd","09:48:20",2602700
10150,-600,1000,"bu","09:48:12",2601700
10150,-600,3000,"bu","09:47:55",2600700
10150,-600,5000,"bu","09:47:45",2597700
10100,-650,2000,"sd","09:47:36",2592700
10100,-650,200,"sd","09:47:04",2590700
10150,-600,900,"bu","09:46:49",2590500
10150,-600,1000,"bu","09:46:34",2589600
10150,-600,2000,"bu","09:46:26",2588600
10150,-600,2000,"bu","09:46:24",2586600
10150,-600,100,"bu","09:46:08",2584600
10100,-650,100,"sd","09:46:05",2584500
10100,-650,1000,"sd","09:46:05",2584400
10100,-650,100,"sd","09:46:05",2583400
10100,-650,100,"sd","09:46:05",2583300
10100,-650,1000,"sd","09:46:05",2583200
10100,-650,100,"sd","09:46:05",2582200
10100,-650,600,"sd","09:46:05",2582100
10100,-650,200,"sd","09:45:32",2581500
10150,-600,300,"bu","09:45:30",2581300
10150,-600,1200,"bu","09:45:29",2581000
10150,-600,200,"bu","09:45:28",2579800
10150,-600,100,"bu","09:45:20",2579600
10150,-600,200,"bu","09:45:16",2579500
10150,-600,3300,"bu","09:44:40",2579300
10150,-600,700,"bu","09:44:40",2576000
10150,-600,200,"bu","09:44:31",2575300
10150,-600,500,"bu","09:44:28",2575100
10150,-600,1000,"bu","09:44:24",2574600
10150,-600,100,"bu","09:44:11",2573600
10150,-600,100,"bu","09:44:10",2573500
10150,-600,900,"bu","09:44:09",2573400
10150,-600,100,"bu","09:44:08",2572500
10150,-600,400,"bu","09:43:43",2572400
10150,-600,1000,"bu","09:43:38",2572000
10100,-650,500,"bu","09:42:52",2571000
10100,-650,700,"bu","09:42:52",2570500
10100,-650,100,"bu","09:42:50",2569800
10100,-650,1200,"bu","09:42:50",2569700
10100,-650,1800,"bu","09:42:50",2568500
10100,-650,200,"bu","09:42:47",2566700
10100,-650,600,"bu","09:42:46",2566500
10100,-650,7400,"bu","09:42:40",2565900
10100,-650,200,"bu","09:42:40",2558500
10100,-650,100,"bu","09:42:40",2558300
10100,-650,400,"bu","09:42:40",2558200
10100,-650,1000,"bu","09:42:40",2557800
10100,-650,900,"bu","09:42:40",2556800
10100,-650,100,"bu","09:42:40",2555900
10100,-650,200,"bu","09:42:39",2555800
10100,-650,3000,"bu","09:42:34",2555600
10100,-650,2800,"bu","09:42:34",2552600
10100,-650,200,"bu","09:42:31",2549800
10100,-650,1000,"bu","09:42:28",2549600
10100,-650,10000,"bu","09:42:24",2548600
10100,-650,10200,"bu","09:42:22",2538600
10100,-650,1000,"bu","09:42:19",2528400
10100,-650,2000,"bu","09:42:15",2527400
10100,-650,2500,"bu","09:41:59",2525400
10100,-650,200,"bu","09:41:56",2522900
10100,-650,2000,"bu","09:41:45",2522700
10100,-650,100,"bu","09:41:42",2520700
10100,-650,4000,"bu","09:41:40",2520600
10100,-650,700,"bu","09:41:38",2516600
10100,-650,100,"bu","09:41:22",2515900
10100,-650,300,"bu","09:41:13",2515800
10100,-650,1500,"bu","09:41:01",2515500
10100,-650,900,"bu","09:40:56",2514000
10100,-650,800,"bu","09:40:52",2513100
10100,-650,15500,"bu","09:40:51",2512300
10100,-650,200,"bu","09:40:49",2496800
10100,-650,3800,"bu","09:40:47",2496600
10100,-650,400,"bu","09:40:44",2492800
10100,-650,500,"bu","09:40:44",2492400
10100,-650,200,"bu","09:40:41",2491900
10100,-650,100,"bu","09:40:39",2491700
10100,-650,4000,"bu","09:40:38",2491600
10100,-650,300,"bu","09:40:38",2487600
10100,-650,3000,"bu","09:40:33",2487300
10050,-700,5200,"sd","09:40:33",2484300
10050,-700,100,"sd","09:40:33",2479100
10050,-700,100,"sd","09:40:33",2479000
10050,-700,2000,"sd","09:40:33",2478900
10050,-700,100,"sd","09:40:33",2476900
10050,-700,5000,"sd","09:40:33",2476800
10050,-700,200,"sd","09:40:33",2471800
10050,-700,500,"sd","09:40:33",2471600
10050,-700,3000,"sd","09:40:33",2471100
10050,-700,200,"sd","09:40:33",2468100
10050,-700,200,"sd","09:40:33",2467900
10050,-700,1000,"sd","09:40:33",2467700
10050,-700,500,"sd","09:40:33",2466700
10050,-700,1000,"sd","09:40:33",2466200
10050,-700,200,"sd","09:40:33",2465200
10050,-700,2000,"sd","09:40:33",2465000
10050,-700,500,"sd","09:40:33",2463000
10050,-700,1000,"sd","09:40:33",2462500
10050,-700,300,"sd","09:40:33",2461500
10050,-700,700,"sd","09:40:33",2461200
10050,-700,200,"sd","09:40:33",2460500
10050,-700,100,"sd","09:40:33",2460300
10050,-700,500,"sd","09:40:33",2460200
10050,-700,2000,"sd","09:40:33",2459700
10050,-700,1100,"sd","09:40:33",2457700
10050,-700,500,"sd","09:40:33",2456600
10050,-700,1000,"sd","09:40:33",2456100
10050,-700,1000,"sd","09:40:33",2455100
10050,-700,4000,"sd","09:40:33",2454100
10050,-700,1000,"sd","09:40:33",2450100
10050,-700,500,"sd","09:40:33",2449100
10050,-700,400,"sd","09:40:33",2448600
10050,-700,400,"sd","09:40:33",2448200
10050,-700,100,"sd","09:40:33",2447800
10050,-700,200,"sd","09:40:33",2447700
10050,-700,1000,"sd","09:40:33",2447500
10050,-700,100,"sd","09:40:33",2446500
10050,-700,300,"sd","09:40:33",2446400
10050,-700,4000,"sd","09:40:33",2446100
10050,-700,500,"sd","09:40:33",2442100
10050,-700,2500,"sd","09:40:33",2441600
10050,-700,1000,"sd","09:40:33",2439100
10050,-700,1000,"sd","09:40:33",2438100
10050,-700,5300,"sd","09:40:33",2437100
10050,-700,100,"sd","09:40:33",2431800
10050,-700,5000,"sd","09:40:33",2431700
10050,-700,100,"sd","09:40:33",2426700
10050,-700,100,"sd","09:40:33",2426600
10050,-700,100,"sd","09:40:33",2426500
10050,-700,20000,"sd","09:40:33",2426400
10050,-700,300,"sd","09:40:33",2406400
10050,-700,3900,"sd","09:40:33",2406100
10050,-700,600,"sd","09:40:33",2402200
10050,-700,100,"sd","09:40:33",2401600
10050,-700,3700,"sd","09:40:33",2401500
10050,-700,13500,"sd","09:40:33",2397800
10100,-650,100,"bu","09:40:33",2384300
10100,-650,1500,"bu","09:40:31",2384200
10100,-650,2000,"bu","09:40:27",2382700
10100,-650,200,"bu","09:40:23",2380700
10100,-650,100,"bu","09:40:21",2380500
10100,-650,4900,"bu","09:40:19",2380400
10100,-650,100,"bu","09:40:19",2375500
10100,-650,3000,"bu","09:40:17",2375400
10100,-650,500,"bu","09:40:17",2372400
10100,-650,500,"bu","09:40:12",2371900
10100,-650,2500,"bu","09:40:12",2371400
10100,-650,700,"bu","09:40:09",2368900
10100,-650,3200,"bu","09:40:07",2368200
10100,-650,3000,"bu","09:40:07",2365000
10100,-650,3800,"bu","09:40:07",2362000
10100,-650,900,"bu","09:40:04",2358200
10100,-650,100,"bu","09:40:03",2357300
10100,-650,900,"bu","09:39:51",2357200
10100,-650,100,"bu","09:39:46",2356300
10100,-650,1000,"bu","09:39:37",2356200
10100,-650,200,"bu","09:39:34",2355200
10100,-650,200,"bu","09:39:30",2355000
10100,-650,1000,"bu","09:39:26",2354800
10100,-650,500,"bu","09:39:20",2353800
10050,-700,5000,"sd","09:39:15",2353300
10100,-650,300,"bu","09:39:12",2348300
10100,-650,7200,"bu","09:39:11",2348000
10100,-650,500,"bu","09:39:10",2340800
10100,-650,2000,"bu","09:39:06",2340300
10100,-650,200,"bu","09:39:03",2338300
10100,-650,1000,"bu","09:39:02",2338100
10100,-650,1000,"bu","09:38:47",2337100
10100,-650,300,"bu","09:38:40",2336100
10100,-650,200,"bu","09:38:38",2335800
10100,-650,200,"bu","09:38:37",2335600
10100,-650,1800,"bu","09:38:32",2335400
10100,-650,300,"bu","09:38:10",2333600
10050,-700,200,"sd","09:38:07",2333300
10100,-650,2000,"bu","09:38:04",2333100
10100,-650,100,"bu","09:38:03",2331100
10100,-650,100,"bu","09:37:53",2331000
10100,-650,5000,"bu","09:37:53",2330900
10100,-650,8300,"bu","09:37:49",2325900
10100,-650,100,"bu","09:37:41",2317600
10100,-650,1000,"bu","09:37:37",2317500
10100,-650,1000,"bu","09:37:28",2316500
10100,-650,500,"bu","09:37:28",2315500
10100,-650,2500,"bu","09:37:26",2315000
10100,-650,600,"bu","09:37:23",2312500
10100,-650,2200,"bu","09:37:21",2311900
10100,-650,500,"bu","09:37:20",2309700
10100,-650,2500,"bu","09:37:19",2309200
10100,-650,2000,"bu","09:37:17",2306700
10050,-700,1000,"sd","09:37:16",2304700
10100,-650,500,"bu","09:36:59",2303700
10100,-650,500,"bu","09:36:51",2303200
10100,-650,300,"bu","09:36:51",2302700
10100,-650,2000,"bu","09:36:50",2302400
10100,-650,100,"bu","09:36:47",2300400
10100,-650,300,"bu","09:36:45",2300300
10100,-650,500,"bu","09:36:28",2300000
10100,-650,100,"bu","09:36:28",2299500
10050,-700,600,"sd","09:36:23",2299400
10100,-650,7200,"bu","09:36:22",2298800
10100,-650,600,"bu","09:36:19",2291600
10100,-650,100,"bu","09:36:16",2291000
10100,-650,10000,"bu","09:36:15",2290900
10100,-650,100,"bu","09:36:06",2280900
10100,-650,2000,"bu","09:35:58",2280800
10100,-650,100,"bu","09:35:57",2278800
10050,-700,18800,"sd","09:35:51",2278700
10100,-650,1000,"bu","09:35:41",2259900
10100,-650,10000,"bu","09:35:26",2258900
10100,-650,200,"bu","09:35:25",2248900
10100,-650,500,"bu","09:35:23",2248700
10100,-650,100,"bu","09:35:18",2248200
10050,-700,5700,"sd","09:35:17",2248100
10100,-650,200,"bu","09:35:14",2242400
10100,-650,500,"bu","09:35:12",2242200
10050,-700,8000,"sd","09:35:11",2241700
10100,-650,1000,"bu","09:35:08",2233700
10100,-650,3000,"bu","09:35:01",2232700
10100,-650,400,"bu","09:34:55",2229700
10050,-700,1000,"sd","09:34:50",2229300
10100,-650,2000,"bu","09:34:48",2228300
10050,-700,5000,"sd","09:34:46",2226300
10100,-650,4800,"bu","09:34:41",2221300
10100,-650,1000,"bu","09:34:39",2216500
10100,-650,600,"bu","09:34:35",2215500
10050,-700,10000,"sd","09:34:33",2214900
10050,-700,31200,"sd","09:34:33",2204900
10050,-700,200,"sd","09:34:33",2173700
10050,-700,1000,"sd","09:34:29",2173500
10050,-700,500,"sd","09:34:29",2172500
10050,-700,3000,"sd","09:34:29",2172000
10050,-700,500,"sd","09:34:29",2169000
10050,-700,100,"sd","09:34:25",2168500
10050,-700,200,"sd","09:34:25",2168400
10100,-650,100,"bu","09:34:25",2168200
10050,-700,1000,"sd","09:34:23",2168100
10100,-650,300,"bu","09:34:18",2167100
10100,-650,200,"bu","09:34:18",2166800
10100,-650,100,"sd","09:34:17",2166600
10100,-650,1000,"sd","09:34:17",2166500
10100,-650,200,"sd","09:34:17",2165500
10100,-650,500,"sd","09:34:17",2165300
10100,-650,100,"sd","09:34:17",2164800
10100,-650,1000,"sd","09:34:17",2164700
10100,-650,200,"sd","09:34:17",2163700
10100,-650,100,"sd","09:34:16",2163500
10100,-650,100,"sd","09:34:16",2163400
10100,-650,26000,"sd","09:34:16",2163300
10100,-650,500,"sd","09:34:16",2137300
10100,-650,500,"sd","09:34:16",2136800
10100,-650,1500,"sd","09:34:16",2136300
10100,-650,500,"sd","09:34:16",2134800
10100,-650,2000,"sd","09:34:16",2134300
10100,-650,5000,"sd","09:34:16",2132300
10100,-650,3900,"sd","09:34:16",2127300
10100,-650,3700,"sd","09:34:16",2123400
10100,-650,300,"sd","09:34:16",2119700
10100,-650,100,"sd","09:34:16",2119400
10100,-650,300,"sd","09:34:16",2119300
10150,-600,400,"bu","09:34:16",2119000
10150,-600,2200,"bu","09:34:16",2118600
10150,-600,1000,"bu","09:34:16",2116400
10150,-600,400,"bu","09:34:05",2115400
10150,-600,100,"bu","09:34:03",2115000
10150,-600,500,"bu","09:33:59",2114900
10100,-650,1000,"sd","09:33:56",2114400
10100,-650,900,"sd","09:33:55",2113400
10100,-650,100,"sd","09:33:55",2112500
10100,-650,500,"sd","09:33:47",2112400
10100,-650,400,"sd","09:33:47",2111900
10100,-650,600,"sd","09:33:47",2111500
10100,-650,400,"sd","09:33:41",2110900
10100,-650,1000,"sd","09:33:41",2110500
10100,-650,500,"sd","09:33:41",2109500
10100,-650,2000,"sd","09:33:41",2109000
10100,-650,100,"sd","09:33:41",2107000
10100,-650,900,"sd","09:33:29",2106900
10100,-650,1000,"sd","09:33:29",2106000
10100,-650,3100,"sd","09:33:29",2105000
10150,-600,800,"bu","09:33:29",2101900
10100,-650,2900,"sd","09:33:25",2101100
10100,-650,100,"sd","09:33:25",2098200
10100,-650,200,"sd","09:33:22",2098100
10100,-650,1500,"sd","09:33:22",2097900
10100,-650,2700,"sd","09:33:22",2096400
10100,-650,100,"sd","09:33:22",2093700
10150,-600,100,"sd","09:33:15",2093600
10150,-600,1000,"sd","09:33:15",2093500
10150,-600,200,"sd","09:33:15",2092500
10150,-600,3700,"sd","09:33:15",2092300
10150,-600,10000,"sd","09:33:11",2088600
10150,-600,1300,"sd","09:33:09",2078600
10150,-600,600,"sd","09:33:09",2077300
10150,-600,200,"sd","09:33:09",2076700
10150,-600,200,"sd","09:33:09",2076500
10200,-550,100,"bu","09:33:08",2076300
10150,-600,500,"sd","09:33:02",2076200
10150,-600,1000,"sd","09:33:02",2075700
10150,-600,1400,"sd","09:33:02",2074700
10150,-600,100,"sd","09:33:02",2073300
10200,-550,200,"bu","09:32:53",2073200
10200,-550,500,"bu","09:32:50",2073000
10200,-550,200,"bu","09:32:45",2072500
10200,-550,100,"bu","09:32:45",2072300
10200,-550,300,"sd","09:32:32",2072200
10200,-550,1000,"sd","09:32:32",2071900
10200,-550,200,"sd","09:32:32",2070900
10200,-550,1900,"sd","09:32:32",2070700
10200,-550,100,"sd","09:32:32",2068800
10200,-550,100,"sd","09:32:32",2068700
10200,-550,5600,"sd","09:32:32",2068600
10200,-550,400,"sd","09:32:25",2063000
10200,-550,100,"sd","09:32:25",2062600
10200,-550,200,"sd","09:32:25",2062500
10200,-550,3500,"sd","09:32:25",2062300
10300,-450,800,"sd","09:32:25",2058800
10300,-450,300,"bu","09:31:54",2058000
10300,-450,2400,"bu","09:31:53",2057700
10300,-450,300,"bu","09:31:42",2055300
10200,-550,1500,"bu","09:31:42",2055000
10200,-550,100,"sd","09:31:40",2053500
10200,-550,400,"sd","09:31:40",2053400
10200,-550,100,"sd","09:31:39",2053000
10200,-550,200,"sd","09:31:39",2052900
10200,-550,1000,"sd","09:31:39",2052700
10200,-550,200,"sd","09:31:39",2051700
10200,-550,500,"sd","09:31:39",2051500
10200,-550,500,"sd","09:31:39",2051000
10200,-550,400,"sd","09:31:39",2050500
10200,-550,2100,"sd","09:31:39",2050100
10200,-550,1400,"sd","09:31:38",2048000
10200,-550,2000,"sd","09:31:38",2046600
10200,-550,1000,"sd","09:31:38",2044600
10200,-550,300,"sd","09:31:38",2043600
10200,-550,300,"sd","09:31:38",2043300
10300,-450,300,"bu","09:31:37",2043000
10300,-450,100,"bu","09:31:37",2042700
10300,-450,100,"bu","09:31:32",2042600
10300,-450,100,"bu","09:31:30",2042500
10200,-550,100,"sd","09:31:25",2042400
10300,-450,100,"bu","09:31:22",2042300
10350,-400,100,"bu","09:31:07",2042200
10200,-550,100,"sd","09:30:49",2042100
10250,-500,500,"sd","09:30:49",2042000
10250,-500,1000,"sd","09:30:49",2041500
10250,-500,2000,"sd","09:30:49",2040500
10250,-500,5000,"sd","09:30:49",2038500
10300,-450,200,"sd","09:30:49",2033500
10300,-450,100,"sd","09:30:49",2033300
10300,-450,100,"sd","09:30:49",2033200
10300,-450,700,"sd","09:30:49",2033100
10300,-450,200,"sd","09:30:49",2032400
10300,-450,200,"sd","09:30:49",2032200
10300,-450,2500,"sd","09:30:49",2032000
10300,-450,22400,"sd","09:30:49",2029500
10300,-450,100,"sd","09:30:46",2007100
10300,-450,5000,"sd","09:30:43",2007000
10300,-450,500,"sd","09:30:39",2002000
10300,-450,16000,"sd","09:30:34",2001500
10300,-450,500,"sd","09:30:34",1985500
10300,-450,1000,"sd","09:30:34",1985000
10300,-450,500,"sd","09:30:33",1984000
10300,-450,2000,"sd","09:30:33",1983500
10300,-450,500,"sd","09:30:28",1981500
10300,-450,200,"sd","09:30:28",1981000
10350,-400,200,"sd","09:30:05",1980800
10350,-400,1100,"sd","09:30:05",1980600
10400,-350,1400,"sd","09:29:48",1979500
10400,-350,3600,"sd","09:29:46",1978100
10400,-350,500,"sd","09:29:46",1974500
10400,-350,100,"sd","09:29:46",1974000
10400,-350,300,"sd","09:29:46",1973900
10400,-350,5000,"sd","09:29:46",1973600
10400,-350,4300,"sd","09:29:45",1968600
10400,-350,300,"sd","09:29:45",1964300
10400,-350,700,"sd","09:29:45",1964000
10400,-350,4700,"sd","09:29:45",1963300
10400,-350,4000,"sd","09:29:45",1958600
10400,-350,2000,"sd","09:29:44",1954600
10400,-350,3000,"sd","09:29:42",1952600
10400,-350,100,"sd","09:29:41",1949600
10400,-350,600,"sd","09:29:41",1949500
10400,-350,1700,"sd","09:29:39",1948900
10400,-350,100,"sd","09:29:39",1947200
10400,-350,5000,"sd","09:29:39",1947100
10400,-350,300,"sd","09:29:32",1942100
10400,-350,30000,"sd","09:29:30",1941800
10400,-350,200,"sd","09:29:30",1911800
10400,-350,500,"sd","09:29:26",1911600
10400,-350,3000,"sd","09:29:26",1911100
10400,-350,20000,"sd","09:29:22",1908100
10400,-350,9000,"sd","09:29:21",1888100
10450,-300,1600,"bu","09:29:21",1879100
10450,-300,1500,"bu","09:29:21",1877500
10450,-300,1000,"bu","09:29:21",1876000
10450,-300,2100,"bu","09:29:21",1875000
10450,-300,1000,"bu","09:29:21",1872900
10450,-300,1000,"bu","09:29:21",1871900
10450,-300,200,"bu","09:29:21",1870900
10450,-300,1600,"bu","09:29:21",1870700
10400,-350,100,"sd","09:29:09",1869100
10450,-300,100,"bu","09:29:06",1869000
10450,-300,1000,"bu","09:28:52",1868900
10450,-300,100,"bu","09:28:51",1867900
10450,-300,500,"bu","09:28:48",1867800
10450,-300,500,"bu","09:28:40",1867300
10400,-350,5000,"sd","09:28:39",1866800
10450,-300,100,"bu","09:28:38",1861800
10400,-350,200,"sd","09:28:25",1861700
10450,-300,1100,"bu","09:28:10",1861500
10450,-300,2900,"bu","09:28:10",1860400
10450,-300,200,"bu","09:28:07",1857500
10450,-300,500,"bu","09:28:03",1857300
10450,-300,200,"bu","09:28:00",1856800
10450,-300,800,"bu","09:28:00",1856600
10450,-300,400,"bu","09:27:59",1855800
10450,-300,700,"bu","09:27:55",1855400
10450,-300,200,"bu","09:27:50",1854700
10450,-300,500,"bu","09:27:44",1854500
10450,-300,200,"bu","09:27:40",1854000
10450,-300,3400,"sd","09:27:40",1853800
10450,-300,800,"bu","09:27:39",1850400
10450,-300,100,"sd","09:27:38",1849600
10450,-300,1100,"sd","09:27:38",1849500
10450,-300,1900,"sd","09:27:31",1848400
10450,-300,100,"sd","09:27:29",1846500
10450,-300,100,"sd","09:27:29",1846400
10450,-300,100,"bu","09:27:26",1846300
10450,-300,2000,"bu","09:27:26",1846200
10450,-300,1000,"bu","09:27:26",1844200
10450,-300,4500,"bu","09:27:26",1843200
10450,-300,13700,"bu","09:27:26",1838700
10450,-300,1000,"bu","09:27:26",1825000
10450,-300,100,"bu","09:27:26",1824000
10450,-300,1200,"bu","09:27:26",1823900
10400,-350,4000,"sd","09:27:24",1822700
10400,-350,100,"bu","09:27:19",1818700
10400,-350,2600,"bu","09:27:19",1818600
10400,-350,1000,"bu","09:27:19",1816000
10400,-350,100,"bu","09:27:19",1815000
10400,-350,2700,"bu","09:27:19",1814900
10350,-400,2900,"sd","09:27:16",1812200
10350,-400,900,"sd","09:27:16",1809300
10350,-400,100,"sd","09:27:13",1808400
10350,-400,100,"sd","09:27:13",1808300
10400,-350,100,"bu","09:27:12",1808200
10400,-350,500,"bu","09:27:12",1808100
10400,-350,3000,"bu","09:27:12",1807600
10400,-350,500,"bu","09:27:10",1804600
10400,-350,200,"bu","09:27:09",1804100
10400,-350,100,"bu","09:27:04",1803900
10400,-350,700,"bu","09:27:04",1803800
10400,-350,200,"bu","09:27:03",1803100
10400,-350,1000,"bu","09:27:03",1802900
10400,-350,100,"bu","09:27:02",1801900
10400,-350,3000,"bu","09:27:02",1801800
10400,-350,2000,"bu","09:27:02",1798800
10400,-350,4400,"bu","09:27:02",1796800
10400,-350,5600,"bu","09:27:01",1792400
10400,-350,100,"bu","09:27:01",1786800
10400,-350,100,"bu","09:27:01",1786700
10400,-350,100,"bu","09:27:00",1786600
10400,-350,300,"bu","09:26:59",1786500
10400,-350,200,"bu","09:26:59",1786200
10400,-350,300,"bu","09:26:55",1786000
10400,-350,100,"bu","09:26:53",1785700
10400,-350,100,"bu","09:26:52",1785600
10400,-350,400,"bu","09:26:52",1785500
10400,-350,100,"bu","09:26:51",1785100
10400,-350,200,"bu","09:26:48",1785000
10400,-350,1500,"bu","09:26:47",1784800
10400,-350,500,"bu","09:26:47",1783300
10400,-350,2000,"bu","09:26:46",1782800
10400,-350,500,"bu","09:26:43",1780800
10400,-350,1000,"bu","09:26:43",1780300
10400,-350,8100,"bu","09:26:43",1779300
10400,-350,100,"bu","09:26:38",1771200
10400,-350,1700,"bu","09:26:37",1771100
10400,-350,100,"bu","09:26:36",1769400
10350,-400,7800,"bu","09:26:24",1769300
10350,-400,100,"bu","09:26:24",1761500
10300,-450,1000,"sd","09:26:23",1761400
10350,-400,1900,"bu","09:26:22",1760400
10300,-450,100,"sd","09:26:22",1758500
10300,-450,100,"sd","09:26:19",1758400
10350,-400,500,"bu","09:26:18",1758300
10350,-400,2000,"bu","09:26:18",1757800
10350,-400,100,"bu","09:26:18",1755800
10350,-400,4300,"bu","09:26:18",1755700
10300,-450,500,"bu","09:26:16",1751400
10300,-450,100,"bu","09:26:15",1750900
10300,-450,200,"bu","09:26:11",1750800
10250,-500,700,"bu","09:26:06",1750600
10250,-500,100,"bu","09:25:59",1749900
10250,-500,200,"sd","09:25:57",1749800
10300,-450,500,"bu","09:25:55",1749600
10300,-450,200,"bu","09:25:54",1749100
10300,-450,200,"bu","09:25:54",1748900
10200,-550,4600,"sd","09:25:54",1748700
10200,-550,1100,"sd","09:25:54",1744100
10200,-550,500,"sd","09:25:54",1743000
10200,-550,300,"sd","09:25:54",1742500
10200,-550,3000,"bu","09:25:43",1742200
10200,-550,200,"bu","09:25:43",1739200
10200,-550,3100,"bu","09:25:43",1739000
10200,-550,5000,"bu","09:25:40",1735900
10200,-550,1000,"bu","09:25:37",1730900
10200,-550,400,"bu","09:25:34",1729900
10200,-550,300,"bu","09:25:30",1729500
10200,-550,1000,"bu","09:25:23",1729200
10200,-550,1200,"bu","09:25:16",1728200
10200,-550,200,"bu","09:25:12",1727000
10200,-550,5000,"bu","09:25:10",1726800
10200,-550,4000,"bu","09:25:01",1721800
10100,-650,5000,"bu","09:24:32",1717800
10100,-650,3000,"bu","09:24:32",1712800
10100,-650,500,"bu","09:24:31",1709800
10100,-650,1000,"bu","09:24:30",1709300
10100,-650,400,"bu","09:24:26",1708300
10100,-650,700,"bu","09:24:22",1707900
10100,-650,300,"bu","09:24:22",1707200
10100,-650,100,"bu","09:24:21",1706900
10100,-650,100,"bu","09:24:21",1706800
10100,-650,1000,"bu","09:24:16",1706700
10100,-650,500,"bu","09:24:15",1705700
10100,-650,200,"bu","09:24:14",1705200
10100,-650,300,"bu","09:24:11",1705000
10100,-650,1900,"bu","09:24:08",1704700
10100,-650,3100,"bu","09:24:08",1702800
10100,-650,100,"bu","09:24:05",1699700
10050,-700,3000,"sd","09:24:02",1699600
10050,-700,15700,"bu","09:23:49",1696600
10050,-700,600,"bu","09:23:49",1680900
10050,-700,1500,"bu","09:23:45",1680300
10050,-700,2000,"bu","09:23:43",1678800
10050,-700,200,"bu","09:23:43",1676800
10050,-700,800,"bu","09:23:43",1676600
10050,-700,200,"bu","09:23:42",1675800
10050,-700,400,"bu","09:23:42",1675600
10050,-700,4400,"bu","09:23:42",1675200
10050,-700,500,"bu","09:23:42",1670800
10050,-700,200,"bu","09:23:41",1670300
10050,-700,1300,"bu","09:23:41",1670100
10050,-700,300,"bu","09:23:41",1668800
10050,-700,100,"bu","09:23:40",1668500
10050,-700,1000,"bu","09:23:39",1668400
10050,-700,200,"bu","09:23:37",1667400
10050,-700,700,"bu","09:23:36",1667200
10050,-700,700,"bu","09:23:32",1666500
10050,-700,100,"bu","09:23:31",1665800
10050,-700,300,"bu","09:23:29",1665700
10050,-700,100,"bu","09:23:29",1665400
10050,-700,300,"bu","09:23:27",1665300
10050,-700,200,"bu","09:23:18",1665000
10000,-750,500,"sd","09:23:14",1664800
10000,-750,100,"sd","09:23:01",1664300
10000,-750,1600,"sd","09:23:01",1664200
10000,-750,300,"bu","09:22:53",1662600
10000,-750,100,"bu","09:22:53",1662300
10000,-750,600,"bu","09:22:53",1662200
10000,-750,14700,"bu","09:22:53",1661600
10000,-750,4200,"bu","09:22:53",1646900
10000,-750,300,"bu","09:22:53",1642700
10000,-750,800,"bu","09:22:53",1642400
10000,-750,1200,"bu","09:22:53",1641600
10000,-750,1000,"bu","09:22:53",1640400
10000,-750,1300,"bu","09:22:53",1639400
10000,-750,200,"bu","09:22:52",1638100
10000,-750,3000,"bu","09:22:51",1637900
10000,-750,300,"bu","09:22:51",1634900
10000,-750,1000,"bu","09:22:51",1634600
10000,-750,100,"bu","09:22:50",1633600
10000,-750,800,"bu","09:22:50",1633500
10000,-750,400,"bu","09:22:49",1632700
10000,-750,500,"bu","09:22:49",1632300
10000,-750,100,"bu","09:22:48",1631800
10000,-750,1500,"bu","09:22:47",1631700
10000,-750,100,"bu","09:22:47",1630200
10000,-750,700,"bu","09:22:47",1630100
10000,-750,300,"bu","09:22:47",1629400
10000,-750,4700,"bu","09:22:47",1629100
10000,-750,300,"bu","09:22:47",1624400
10000,-750,200,"bu","09:22:46",1624100
10000,-750,400,"bu","09:22:46",1623900
10000,-750,200,"bu","09:22:45",1623500
10000,-750,10000,"bu","09:22:45",1623300
10000,-750,400,"bu","09:22:44",1613300
10000,-750,1000,"bu","09:22:44",1612900
10000,-750,3100,"bu","09:22:44",1611900
10000,-750,4500,"bu","09:22:43",1608800
10000,-750,5500,"bu","09:22:43",1604300
10000,-750,400,"bu","09:22:41",1598800
10000,-750,9600,"bu","09:22:40",1598400
10000,-750,400,"bu","09:22:40",1588800
10000,-750,1600,"bu","09:22:38",1588400
10000,-750,400,"bu","09:22:38",1586800
10000,-750,1000,"bu","09:22:38",1586400
10000,-750,1600,"bu","09:22:38",1585400
10000,-750,5000,"bu","09:22:38",1583800
10000,-750,1400,"bu","09:22:38",1578800
10000,-750,2000,"bu","09:22:38",1577400
10000,-750,1000,"bu","09:22:37",1575400
10000,-750,1000,"bu","09:22:36",1574400
10000,-750,2200,"bu","09:22:36",1573400
10000,-750,3800,"bu","09:22:35",1571200
10000,-750,11200,"bu","09:22:35",1567400
10000,-750,1000,"bu","09:22:33",1556200
10000,-750,1000,"bu","09:22:32",1555200
10000,-750,1500,"bu","09:22:32",1554200
10000,-750,200,"bu","09:22:30",1552700
10000,-750,5000,"bu","09:22:30",1552500
10000,-750,5100,"bu","09:22:29",1547500
10000,-750,600,"bu","09:22:29",1542400
10000,-750,200,"bu","09:22:29",1541800
10000,-750,100,"bu","09:22:28",1541600
10000,-750,100,"bu","09:22:28",1541500
10000,-750,300,"bu","09:22:27",1541400
10000,-750,10000,"bu","09:22:25",1541100
10000,-750,2000,"bu","09:22:25",1531100
10000,-750,1700,"bu","09:22:24",1529100
10000,-750,100,"bu","09:22:24",1527400
10000,-750,500,"bu","09:22:22",1527300
10000,-750,500,"bu","09:22:22",1526800
10000,-750,500,"bu","09:22:21",1526300
10000,-750,2000,"bu","09:22:17",1525800
10000,-750,3000,"bu","09:22:17",1523800
10000,-750,1000,"bu","09:22:16",1520800
10000,-750,2000,"bu","09:22:15",1519800
10000,-750,100,"bu","09:22:14",1517800
10000,-750,1300,"bu","09:22:11",1517700
10000,-750,100,"bu","09:22:10",1516400
10000,-750,5000,"bu","09:22:09",1516300
10000,-750,100,"bu","09:22:08",1511300
10000,-750,3000,"bu","09:22:08",1511200
10000,-750,1900,"bu","09:22:08",1508200
10000,-750,100,"bu","09:22:08",1506300
10000,-750,1000,"bu","09:22:07",1506200
10000,-750,2000,"bu","09:22:07",1505200
10000,-750,200,"bu","09:22:01",1503200
10000,-750,300,"bu","09:22:01",1503000
10000,-750,1100,"bu","09:22:01",1502700
10000,-750,1300,"bu","09:21:59",1501600
10000,-750,2800,"bu","09:21:59",1500300
10000,-750,1000,"bu","09:21:59",1497500
10000,-750,5000,"bu","09:21:57",1496500
10000,-750,2000,"bu","09:21:56",1491500
10000,-750,500,"bu","09:21:53",1489500
10000,-750,200,"bu","09:21:51",1489000
10000,-750,700,"bu","09:21:51",1488800
10000,-750,100,"bu","09:21:49",1488100
10000,-750,300,"bu","09:21:48",1488000
10000,-750,100,"bu","09:21:47",1487700
10000,-750,1000,"bu","09:21:47",1487600
10000,-750,1000,"bu","09:21:47",1486600
10000,-750,200,"bu","09:21:46",1485600
10000,-750,5000,"bu","09:21:46",1485400
10000,-750,1000,"bu","09:21:45",1480400
10000,-750,1500,"bu","09:21:44",1479400
10000,-750,500,"bu","09:21:43",1477900
10000,-750,500,"bu","09:21:42",1477400
10000,-750,100,"bu","09:21:40",1476900
10000,-750,1700,"bu","09:21:36",1476800
10000,-750,1000,"bu","09:21:33",1475100
10000,-750,900,"bu","09:21:31",1474100
10000,-750,1400,"bu","09:21:29",1473200
10000,-750,500,"bu","09:21:28",1471800
10000,-750,200,"bu","09:21:28",1471300
10000,-750,500,"bu","09:21:28",1471100
10000,-750,800,"bu","09:21:27",1470600
10000,-750,300,"bu","09:21:27",1469800
10000,-750,900,"bu","09:21:27",1469500
10000,-750,1000,"bu","09:21:25",1468600
10000,-750,5000,"bu","09:21:23",1467600
10000,-750,1000,"bu","09:21:22",1462600
10000,-750,400,"bu","09:21:22",1461600
10000,-750,2700,"bu","09:21:21",1461200
10000,-750,900,"bu","09:21:21",1458500
10000,-750,400,"bu","09:21:21",1457600
10000,-750,600,"bu","09:21:20",1457200
10000,-750,400,"bu","09:21:20",1456600
10000,-750,200,"bu","09:21:20",1456200
10000,-750,100,"bu","09:21:20",1456000
10000,-750,5000,"bu","09:21:18",1455900
10000,-750,300,"bu","09:21:18",1450900
10000,-750,1000,"bu","09:21:17",1450600
10000,-750,2000,"bu","09:21:16",1449600
10000,-750,5000,"bu","09:21:15",1447600
10000,-750,500,"bu","09:21:13",1442600
10000,-750,400,"bu","09:21:13",1442100
10000,-750,100,"bu","09:21:11",1441700
10000,-750,900,"bu","09:21:11",1441600
10000,-750,2500,"bu","09:21:11",1440700
10000,-750,500,"bu","09:21:10",1438200
10000,-750,200,"bu","09:21:09",1437700
10000,-750,200,"bu","09:21:09",1437500
10000,-750,1000,"bu","09:21:07",1437300
10000,-750,400,"bu","09:21:07",1436300
10000,-750,100,"bu","09:21:06",1435900
10000,-750,500,"bu","09:21:06",1435800
10000,-750,1000,"bu","09:21:06",1435300
10000,-750,20000,"bu","09:21:03",1434300
10000,-750,200,"bu","09:21:03",1414300
10000,-750,2000,"bu","09:21:03",1414100
10000,-750,200,"bu","09:21:01",1412100
10000,-750,1800,"bu","09:21:01",1411900
10000,-750,200,"bu","09:21:00",1410100
10000,-750,5000,"bu","09:21:00",1409900
10000,-750,400,"bu","09:21:00",1404900
10000,-750,14400,"bu","09:21:00",1404500
10000,-750,500,"bu","09:21:00",1390100
10000,-750,1000,"bu","09:21:00",1389600
10000,-750,500,"bu","09:20:59",1388600
10000,-750,1500,"bu","09:20:59",1388100
10000,-750,2000,"bu","09:20:55",1386600
10000,-750,300,"bu","09:20:55",1384600
10000,-750,500,"bu","09:20:55",1384300
10000,-750,2000,"bu","09:20:54",1383800
10000,-750,6500,"bu","09:20:53",1381800
10000,-750,500,"bu","09:20:51",1375300
10000,-750,200,"bu","09:20:51",1374800
10000,-750,100,"bu","09:20:51",1374600
10000,-750,10000,"bu","09:20:50",1374500
10000,-750,2000,"bu","09:20:49",1364500
10000,-750,500,"bu","09:20:49",1362500
10000,-750,100,"bu","09:20:48",1362000
10000,-750,100,"bu","09:20:46",1361900
10000,-750,6000,"bu","09:20:43",1361800
10000,-750,100,"bu","09:20:42",1355800
10000,-750,100,"bu","09:20:41",1355700
10000,-750,400,"bu","09:20:40",1355600
10000,-750,200,"bu","09:20:40",1355200
10000,-750,500,"bu","09:20:39",1355000
10000,-750,400,"bu","09:20:38",1354500
10000,-750,1500,"bu","09:20:37",1354100
10000,-750,500,"bu","09:20:37",1352600
10000,-750,400,"bu","09:20:37",1352100
10000,-750,10000,"bu","09:20:37",1351700
10000,-750,2000,"bu","09:20:37",1341700
10000,-750,200,"bu","09:20:36",1339700
10000,-750,300,"bu","09:20:34",1339500
10000,-750,2000,"bu","09:20:33",1339200
10000,-750,1000,"bu","09:20:31",1337200
10000,-750,500,"bu","09:20:31",1336200
10000,-750,500,"bu","09:20:30",1335700
10000,-750,300,"bu","09:20:29",1335200
10000,-750,1000,"bu","09:20:28",1334900
10000,-750,200,"bu","09:20:28",1333900
10000,-750,4000,"bu","09:20:28",1333700
10000,-750,1000,"sd","09:20:27",1329700
10000,-750,500,"sd","09:20:27",1328700
10000,-750,200,"sd","09:20:27",1328200
10000,-750,300,"sd","09:20:27",1328000
10000,-750,100,"sd","09:20:27",1327700
10000,-750,300,"sd","09:20:27",1327600
10000,-750,100,"sd","09:20:27",1327300
10000,-750,1900,"sd","09:20:27",1327200
10000,-750,2000,"sd","09:20:27",1325300
10000,-750,2000,"sd","09:20:27",1323300
10000,-750,2000,"sd","09:20:27",1321300
10000,-750,100,"sd","09:20:27",1319300
10000,-750,100,"sd","09:20:27",1319200
10000,-750,1000,"sd","09:20:27",1319100
10000,-750,100,"sd","09:20:27",1318100
10000,-750,5000,"sd","09:20:27",1318000
10000,-750,100,"sd","09:20:27",1313000
10000,-750,300,"sd","09:20:27",1312900
10000,-750,200,"sd","09:20:27",1312600
10000,-750,300,"sd","09:20:27",1312400
10000,-750,500,"sd","09:20:27",1312100
10000,-750,100,"sd","09:20:27",1311600
10000,-750,500,"sd","09:20:27",1311500
10000,-750,100,"sd","09:20:27",1311000
10000,-750,6400,"sd","09:20:27",1310900
10000,-750,5000,"sd","09:20:23",1304500
10000,-750,100,"sd","09:20:21",1299500
10000,-750,1300,"sd","09:20:15",1299400
10000,-750,1000,"bu","09:20:13",1298100
10000,-750,400,"bu","09:20:13",1297100
10000,-750,1500,"bu","09:20:13",1296700
10000,-750,4300,"bu","09:20:12",1295200
10000,-750,500,"bu","09:20:12",1290900
10000,-750,500,"bu","09:20:12",1290400
10000,-750,1000,"bu","09:20:12",1289900
10000,-750,700,"bu","09:20:11",1288900
10000,-750,1000,"bu","09:20:11",1288200
10000,-750,2000,"bu","09:20:11",1287200
10000,-750,1300,"bu","09:20:11",1285200
10000,-750,300,"bu","09:20:10",1283900
10000,-750,100,"bu","09:20:09",1283600
10000,-750,100,"bu","09:20:08",1283500
10000,-750,500,"bu","09:20:07",1283400
10000,-750,100,"bu","09:20:07",1282900
10000,-750,100,"bu","09:20:06",1282800
10000,-750,2000,"bu","09:20:06",1282700
10000,-750,100,"bu","09:20:05",1280700
10000,-750,300,"bu","09:20:05",1280600
10000,-750,500,"bu","09:20:04",1280300
10000,-750,200,"bu","09:20:04",1279800
10000,-750,200,"bu","09:20:04",1279600
10000,-750,200,"bu","09:20:04",1279400
10000,-750,100,"bu","09:20:03",1279200
10000,-750,100,"bu","09:20:02",1279100
10000,-750,500,"bu","09:20:02",1279000
10000,-750,100,"bu","09:20:02",1278500
10000,-750,1000,"bu","09:20:02",1278400
10000,-750,2000,"bu","09:20:02",1277400
10000,-750,1000,"bu","09:20:01",1275400
10000,-750,100,"bu","09:20:01",1274400
10000,-750,10000,"bu","09:20:00",1274300
10000,-750,5000,"bu","09:20:00",1264300
10000,-750,200,"bu","09:20:00",1259300
10000,-750,100,"bu","09:19:59",1259100
10000,-750,2000,"bu","09:19:59",1259000
10000,-750,700,"bu","09:19:59",1257000
10000,-750,800,"bu","09:19:59",1256300
10000,-750,1000,"bu","09:19:59",1255500
10000,-750,100,"bu","09:19:58",1254500
10000,-750,500,"bu","09:19:57",1254400
10000,-750,100,"bu","09:19:56",1253900
10000,-750,1500,"bu","09:19:56",1253800
10000,-750,1000,"bu","09:19:55",1252300
10000,-750,100,"bu","09:19:54",1251300
10000,-750,100,"bu","09:19:53",1251200
10000,-750,500,"bu","09:19:53",1251100
10000,-750,2000,"bu","09:19:53",1250600
10000,-750,100,"bu","09:19:53",1248600
10000,-750,200,"bu","09:19:51",1248500
10000,-750,5000,"bu","09:19:51",1248300
10000,-750,500,"bu","09:19:51",1243300
10000,-750,2000,"bu","09:19:51",1242800
10000,-750,100,"bu","09:19:50",1240800
10000,-750,3000,"bu","09:19:50",1240700
10000,-750,100,"bu","09:19:50",1237700
10000,-750,900,"bu","09:19:50",1237600
10000,-750,500,"bu","09:19:49",1236700
10000,-750,10000,"bu","09:19:49",1236200
10000,-750,1000,"bu","09:19:48",1226200
10000,-750,100,"sd","09:19:47",1225200
10000,-750,200,"sd","09:19:47",1225100
10000,-750,2200,"sd","09:19:47",1224900
10000,-750,2800,"bu","09:19:46",1222700
10000,-750,2500,"bu","09:19:46",1219900
10000,-750,100,"bu","09:19:46",1217400
10000,-750,300,"bu","09:19:45",1217300
10000,-750,300,"bu","09:19:45",1217000
10000,-750,1600,"bu","09:19:44",1216700
10000,-750,100,"bu","09:19:44",1215100
10000,-750,100,"bu","09:19:43",1215000
10000,-750,2000,"bu","09:19:43",1214900
10000,-750,1000,"bu","09:19:42",1212900
10000,-750,200,"bu","09:19:42",1211900
10000,-750,100,"sd","09:19:41",1211700
10000,-750,200,"sd","09:19:41",1211600
10000,-750,100,"sd","09:19:41",1211400
10000,-750,5700,"sd","09:19:41",1211300
10000,-750,500,"sd","09:19:40",1205600
10000,-750,200,"sd","09:19:40",1205100
10000,-750,2900,"sd","09:19:39",1204900
10000,-750,700,"sd","09:19:39",1202000
10000,-750,200,"sd","09:19:38",1201300
10000,-750,1600,"bu","09:19:38",1201100
10000,-750,2900,"bu","09:19:37",1199500
10000,-750,100,"bu","09:19:37",1196600
10000,-750,200,"sd","09:19:37",1196500
10000,-750,300,"sd","09:19:37",1196300
10000,-750,100,"sd","09:19:37",1196000
10000,-750,1300,"sd","09:19:37",1195900
10000,-750,700,"bu","09:19:36",1194600
10000,-750,100,"sd","09:19:35",1193900
10000,-750,200,"sd","09:19:35",1193800
10000,-750,1000,"sd","09:19:35",1193600
10000,-750,100,"sd","09:19:35",1192600
10000,-750,3000,"sd","09:19:35",1192500
10000,-750,9900,"sd","09:19:35",1189500
10000,-750,100,"sd","09:19:33",1179600
10000,-750,200,"sd","09:19:33",1179500
10000,-750,200,"sd","09:19:33",1179300
10000,-750,30000,"sd","09:19:33",1179100
10000,-750,4000,"sd","09:19:33",1149100
10000,-750,100,"sd","09:19:33",1145100
10000,-750,500,"sd","09:19:33",1145000
10000,-750,2000,"sd","09:19:33",1144500
10000,-750,100,"sd","09:19:33",1142500
10000,-750,200,"sd","09:19:33",1142400
10000,-750,100,"sd","09:19:33",1142200
10000,-750,10000,"sd","09:19:33",1142100
10000,-750,500,"sd","09:19:33",1132100
10000,-750,200,"sd","09:19:33",1131600
10000,-750,1500,"sd","09:19:33",1131400
10000,-750,300,"sd","09:19:33",1129900
10000,-750,100,"sd","09:19:24",1129600
10000,-750,100,"sd","09:19:24",1129500
10000,-750,3400,"sd","09:19:23",1129400
10000,-750,100,"sd","09:19:23",1126000
10000,-750,500,"sd","09:19:23",1125900
10000,-750,100,"sd","09:19:23",1125400
10000,-750,100,"sd","09:19:23",1125300
10000,-750,700,"sd","09:19:23",1125200
10000,-750,1000,"sd","09:19:23",1124500
10000,-750,800,"sd","09:19:23",1123500
10000,-750,3000,"sd","09:19:23",1122700
10000,-750,500,"sd","09:19:23",1119700
10000,-750,600,"sd","09:19:23",1119200
10000,-750,1000,"sd","09:19:23",1118600
10000,-750,200,"sd","09:19:23",1117600
10000,-750,100,"sd","09:19:23",1117400
10000,-750,1000,"sd","09:19:23",1117300
10000,-750,1800,"sd","09:19:23",1116300
10000,-750,1400,"sd","09:19:23",1114500
10000,-750,200,"sd","09:19:23",1113100
10000,-750,2300,"sd","09:19:23",1112900
10000,-750,500,"sd","09:19:23",1110600
10000,-750,1000,"sd","09:19:23",1110100
10000,-750,500,"sd","09:19:23",1109100
10000,-750,100,"sd","09:19:23",1108600
10000,-750,5000,"sd","09:19:23",1108500
10000,-750,900,"sd","09:19:23",1103500
10000,-750,500,"sd","09:19:23",1102600
10000,-750,200,"sd","09:19:23",1102100
10000,-750,500,"sd","09:19:23",1101900
10000,-750,100,"sd","09:19:23",1101400
10000,-750,2000,"sd","09:19:23",1101300
10000,-750,3000,"sd","09:19:23",1099300
10000,-750,200,"sd","09:19:23",1096300
10000,-750,100,"sd","09:19:23",1096100
10000,-750,600,"sd","09:19:21",1096000
10000,-750,300,"sd","09:19:19",1095400
10000,-750,1700,"sd","09:19:19",1095100
10000,-750,8300,"sd","09:19:19",1093400
10000,-750,100,"sd","09:19:19",1085100
10000,-750,1000,"sd","09:19:19",1085000
10000,-750,200,"sd","09:19:19",1084000
10000,-750,1000,"sd","09:19:19",1083800
10000,-750,4000,"sd","09:19:18",1082800
10000,-750,2000,"sd","09:19:18",1078800
10000,-750,1000,"sd","09:19:18",1076800
10000,-750,200,"sd","09:19:18",1075800
10000,-750,10000,"sd","09:19:18",1075600
10000,-750,1000,"sd","09:19:18",1065600
10000,-750,4000,"sd","09:19:18",1064600
10000,-750,1000,"sd","09:19:18",1060600
10000,-750,1000,"sd","09:19:18",1059600
10000,-750,1500,"sd","09:19:18",1058600
10000,-750,100,"sd","09:19:18",1057100
10000,-750,3000,"sd","09:19:18",1057000
10000,-750,2200,"sd","09:19:18",1054000
10000,-750,500,"sd","09:19:18",1051800
10000,-750,1000,"sd","09:19:18",1051300
10000,-750,1000,"sd","09:19:18",1050300
10000,-750,1300,"sd","09:19:18",1049300
10000,-750,1000,"sd","09:19:17",1048000
10000,-750,7700,"sd","09:19:15",1047000
10000,-750,200,"sd","09:19:15",1039300
10000,-750,600,"sd","09:19:15",1039100
10000,-750,2000,"sd","09:19:15",1038500
10000,-750,1000,"sd","09:19:15",1036500
10000,-750,3400,"sd","09:19:15",1035500
10000,-750,300,"sd","09:19:15",1032100
10000,-750,10000,"sd","09:19:15",1031800
10000,-750,100,"sd","09:19:15",1021800
10000,-750,500,"sd","09:19:15",1021700
10000,-750,200,"sd","09:19:15",1021200
10000,-750,1000,"sd","09:19:15",1021000
10000,-750,100,"sd","09:19:15",1020000
10000,-750,1300,"sd","09:19:15",1019900
10000,-750,1700,"sd","09:19:15",1018600
10000,-750,5500,"sd","09:19:15",1016900
10000,-750,100,"sd","09:19:15",1011400
10000,-750,200,"sd","09:19:15",1011300
10000,-750,5000,"sd","09:19:15",1011100
10000,-750,1600,"sd","09:19:15",1006100
10000,-750,500,"sd","09:19:15",1004500
10000,-750,5000,"sd","09:19:15",1004000
10000,-750,2000,"sd","09:19:15",999000
10000,-750,400,"sd","09:19:15",997000
10000,-750,5000,"sd","09:19:15",996600
10000,-750,100,"sd","09:19:15",991600
10000,-750,1000,"sd","09:19:15",991500
10000,-750,2000,"sd","09:19:15",990500
10000,-750,1000,"sd","09:19:15",988500
10000,-750,2000,"sd","09:19:15",987500
10000,-750,500,"sd","09:19:15",985500
10000,-750,100,"sd","09:19:15",985000
10000,-750,2000,"sd","09:19:15",984900
10000,-750,300,"sd","09:19:15",982900
10000,-750,3000,"sd","09:19:15",982600
10000,-750,100,"sd","09:19:15",979600
10000,-750,2000,"sd","09:19:15",979500
10000,-750,100,"sd","09:19:15",977500
10000,-750,100,"sd","09:19:15",977400
10000,-750,200,"sd","09:19:15",977300
10000,-750,2500,"sd","09:19:14",977100
10050,-700,1000,"bu","09:19:14",974600
10050,-700,6000,"bu","09:19:13",973600
10000,-750,1500,"sd","09:19:11",967600
10050,-700,100,"bu","09:19:11",966100
10050,-700,100,"bu","09:19:09",966000
10000,-750,800,"sd","09:19:04",965900
10000,-750,300,"sd","09:19:04",965100
10000,-750,300,"sd","09:19:04",964800
10000,-750,100,"sd","09:19:04",964500
10000,-750,100,"sd","09:19:04",964400
10000,-750,400,"sd","09:19:04",964300
10000,-750,1000,"sd","09:19:04",963900
10000,-750,1000,"sd","09:19:04",962900
10050,-700,100,"sd","09:19:02",961900
10050,-700,2300,"sd","09:19:02",961800
10100,-650,100,"bu","09:19:02",959500
10100,-650,3200,"bu","09:19:01",959400
10100,-650,1000,"bu","09:18:59",956200
10000,-750,29000,"sd","09:18:58",955200
10000,-750,5000,"sd","09:18:58",926200
10000,-750,2000,"sd","09:18:58",921200
10000,-750,4800,"sd","09:18:58",919200
10000,-750,5000,"sd","09:18:58",914400
10000,-750,1000,"sd","09:18:58",909400
10000,-750,1000,"sd","09:18:58",908400
10000,-750,1000,"sd","09:18:58",907400
10000,-750,1000,"sd","09:18:58",906400
10000,-750,500,"sd","09:18:58",905400
10000,-750,30000,"sd","09:18:58",904900
10000,-750,1000,"sd","09:18:58",874900
10000,-750,1000,"sd","09:18:58",873900
10000,-750,10000,"sd","09:18:58",872900
10000,-750,300,"sd","09:18:58",862900
10000,-750,100,"sd","09:18:58",862600
10000,-750,10000,"sd","09:18:58",862500
10000,-750,1000,"sd","09:18:58",852500
10000,-750,100,"sd","09:18:58",851500
10000,-750,1000,"sd","09:18:58",851400
10000,-750,1000,"sd","09:18:58",850400
10000,-750,3400,"sd","09:18:58",849400
10000,-750,17000,"sd","09:18:58",846000
10000,-750,1000,"sd","09:18:58",829000
10000,-750,1000,"sd","09:18:58",828000
10000,-750,2200,"sd","09:18:58",827000
10000,-750,1000,"sd","09:18:58",824800
10000,-750,50000,"sd","09:18:58",823800
10000,-750,500,"sd","09:18:58",773800
10000,-750,900,"sd","09:18:58",773300
10000,-750,1000,"sd","09:18:58",772400
10000,-750,600,"sd","09:18:58",771400
10000,-750,2000,"sd","09:18:58",770800
10000,-750,400,"sd","09:18:58",768800
10000,-750,1000,"sd","09:18:58",768400
10000,-750,2900,"sd","09:18:58",767400
10050,-700,2000,"sd","09:18:58",764500
10050,-700,500,"sd","09:18:58",762500
10050,-700,200,"sd","09:18:58",762000
10050,-700,3000,"sd","09:18:58",761800
10050,-700,3000,"sd","09:18:58",758800
10050,-700,600,"sd","09:18:58",755800
10050,-700,9400,"sd","09:18:58",755200
10050,-700,2000,"sd","09:18:58",745800
10050,-700,300,"sd","09:18:58",743800
10050,-700,2000,"sd","09:18:58",743500
10050,-700,500,"sd","09:18:58",741500
10050,-700,1100,"sd","09:18:58",741000
10050,-700,100,"sd","09:18:58",739900
10050,-700,2000,"sd","09:18:58",739800
10050,-700,3800,"sd","09:18:58",737800
10050,-700,300,"sd","09:18:58",734000
10050,-700,500,"sd","09:18:58",733700
10050,-700,5000,"sd","09:18:58",733200
10050,-700,100,"sd","09:18:58",728200
10050,-700,2000,"sd","09:18:57",728100
10050,-700,900,"sd","09:18:57",726100
10100,-650,200,"bu","09:18:57",725200
10100,-650,2100,"bu","09:18:55",725000
10050,-700,2100,"sd","09:18:54",722900
