"price","change","match_qtty","side","time","total_vol"
47500,700,28900,"unknown","14:44:59",1428700
47400,600,4700,"bu","14:29:46",1399800
47400,600,4300,"bu","14:29:39",1395100
47400,600,5700,"bu","14:29:39",1390800
47400,600,1000,"bu","14:29:35",1385100
47400,600,300,"bu","14:29:26",1384100
47400,600,100,"sd","14:29:22",1383800
47400,600,1000,"sd","14:29:22",1383700
47400,600,200,"sd","14:29:22",1382700
47600,800,7800,"sd","14:29:22",1382500
47600,800,5000,"sd","14:29:21",1374700
47600,800,100,"sd","14:29:21",1369700
47600,800,600,"sd","14:29:21",1369600
47600,800,200,"sd","14:29:21",1369000
47600,800,2000,"sd","14:29:21",1368800
47600,800,1000,"sd","14:29:21",1366800
47600,800,300,"sd","14:29:21",1365800
47600,800,1000,"sd","14:29:21",1365500
47550,750,200,"sd","14:29:21",1364500
47550,750,100,"sd","14:29:21",1364300
47550,750,100,"unknown","14:29:21",1364200
47550,750,200,"unknown","14:29:21",1364100
47500,700,300,"unknown","14:29:21",1363900
47500,700,500,"unknown","14:29:21",1363600
47500,700,1100,"unknown","14:29:21",1363100
47600,800,500,"bu","14:29:21",1362000
47500,700,1900,"bu","14:28:59",1361500
47500,700,1000,"bu","14:28:59",1359600
47500,700,2000,"bu","14:28:59",1358600
47500,700,1000,"bu","14:28:59",1356600
47500,700,100,"bu","14:28:59",1355600
47500,700,2000,"bu","14:28:59",1355500
47400,600,300,"bu","14:28:38",1353500
47350,550,100,"bu","14:28:08",1353200
47350,550,2800,"bu","14:28:08",1353100
47350,550,100,"sd","14:27:50",1350300
47350,550,300,"sd","14:27:50",1350200
47350,550,5000,"sd","14:27:50",1349900
47350,550,5000,"sd","14:27:50",1344900
47350,550,200,"sd","14:27:50",1339900
47350,550,1700,"sd","14:27:50",1339700
47400,600,100,"bu","14:27:50",1338000
47400,600,500,"sd","14:27:46",1337900
47400,600,100,"sd","14:27:46",1337400
47400,600,200,"sd","14:27:28",1337300
47350,550,3300,"sd","14:27:10",1337100
47350,550,300,"sd","14:27:10",1333800
47350,550,4000,"sd","14:27:10",1333500
47400,600,100,"sd","14:26:58",1329500
47400,600,700,"sd","14:26:56",1329400
47350,550,500,"sd","14:26:22",1328700
47350,550,1200,"bu","14:26:22",1328200
47350,550,100,"bu","14:26:16",1327000
47350,550,2000,"sd","14:26:13",1326900
47350,550,200,"sd","14:26:13",1324900
47350,550,2000,"sd","14:26:13",1324700
47350,550,100,"sd","14:26:13",1322700
47350,550,1000,"sd","14:26:13",1322600
47350,550,1000,"sd","14:26:13",1321600
47350,550,200,"sd","14:26:13",1320600
47350,550,100,"sd","14:26:13",1320400
47400,600,500,"unknown","14:26:13",1320300
47500,700,200,"bu","14:25:56",1319800
47500,700,100,"bu","14:25:26",1319600
47500,700,200,"bu","14:25:16",1319500
47400,600,100,"bu","14:24:11",1319300
47400,600,200,"bu","14:24:11",1319200
47400,600,800,"bu","14:24:08",1319000
47350,550,200,"bu","14:24:08",1318200
47350,550,100,"bu","14:24:02",1318000
47350,550,200,"bu","14:23:48",1317900
47350,550,200,"bu","14:23:48",1317700
47350,550,100,"bu","14:23:48",1317500
47300,500,100,"sd","14:23:37",1317400
47300,500,200,"sd","14:23:37",1317300
47300,500,100,"sd","14:23:37",1317100
47350,550,500,"bu","14:23:34",1317000
47350,550,500,"bu","14:23:27",1316500
47350,550,200,"bu","14:23:20",1316000
47350,550,100,"bu","14:23:18",1315800
47350,550,100,"bu","14:22:59",1315700
47350,550,200,"bu","14:22:56",1315600
47350,550,2500,"bu","14:22:55",1315400
47300,500,100,"sd","14:22:43",1312900
47300,500,400,"sd","14:22:43",1312800
47350,550,200,"bu","14:22:29",1312400
47300,500,2600,"sd","14:21:55",1312200
47300,500,400,"sd","14:21:55",1309600
47350,550,200,"bu","14:21:49",1309200
47350,550,200,"bu","14:21:40",1309000
47350,550,100,"bu","14:21:23",1308800
47350,550,200,"bu","14:20:48",1308700
47300,500,100,"sd","14:20:32",1308500
47300,500,100,"sd","14:20:32",1308400
47350,550,200,"bu","14:20:16",1308300
47350,550,100,"bu","14:20:13",1308100
47350,550,200,"bu","14:19:53",1308000
47350,550,200,"bu","14:19:26",1307800
47350,550,200,"bu","14:19:26",1307600
47300,500,400,"sd","14:19:25",1307400
47300,500,600,"sd","14:19:25",1307000
47300,500,600,"sd","14:19:25",1306400
47300,500,100,"sd","14:19:25",1305800
47300,500,100,"sd","14:19:25",1305700
47350,550,200,"bu","14:19:20",1305600
47350,550,200,"bu","14:19:13",1305400
47350,550,100,"bu","14:18:56",1305200
47350,550,200,"bu","14:18:40",1305100
47350,550,100,"bu","14:18:11",1304900
47350,550,200,"bu","14:17:42",1304800
47350,550,500,"bu","14:17:32",1304600
47350,550,200,"bu","14:17:28",1304100
47350,550,100,"bu","14:16:27",1303900
47350,550,200,"sd","14:15:29",1303800
47350,550,100,"sd","14:15:29",1303600
47350,550,1000,"sd","14:15:29",1303500
47350,550,1700,"sd","14:15:29",1302500
47350,550,100,"sd","14:15:29",1300800
47350,550,200,"sd","14:15:29",1300700
47350,550,2000,"sd","14:15:29",1300500
47350,550,500,"sd","14:15:29",1298500
47350,550,800,"sd","14:15:29",1298000
47350,550,100,"sd","14:15:29",1297200
47350,550,200,"sd","14:15:29",1297100
47350,550,100,"sd","14:15:29",1296900
47350,550,100,"sd","14:15:29",1296800
47350,550,100,"sd","14:15:27",1296700
47350,550,300,"sd","14:15:10",1296600
47350,550,700,"sd","14:15:10",1296300
47400,600,100,"bu","14:14:45",1295600
47400,600,1900,"bu","14:13:59",1295500
47350,550,300,"sd","14:12:27",1293600
47350,550,700,"sd","14:12:27",1293300
47400,600,600,"sd","14:12:13",1292600
47400,600,400,"sd","14:11:21",1292000
47400,600,500,"sd","14:11:21",1291600
47400,600,100,"sd","14:11:21",1291100
47400,600,100,"sd","14:11:21",1291000
47400,600,900,"sd","14:11:20",1290900
47400,600,100,"sd","14:11:19",1290000
47400,600,1400,"sd","14:11:19",1289900
47400,600,500,"sd","14:11:14",1288500
47400,600,300,"sd","14:11:14",1288000
47400,600,100,"sd","14:11:14",1287700
47400,600,600,"sd","14:11:14",1287600
47400,600,300,"sd","14:11:08",1287000
47400,600,100,"sd","14:11:00",1286700
47400,600,900,"sd","14:11:00",1286600
47400,600,100,"sd","14:10:56",1285700
47400,600,1000,"sd","14:10:51",1285600
47400,600,400,"sd","14:10:51",1284600
47400,600,100,"sd","14:10:51",1284200
47400,600,500,"sd","14:10:51",1284100
47400,600,500,"sd","14:10:47",1283600
47400,600,500,"sd","14:10:47",1283100
47450,650,100,"bu","14:10:46",1282600
47400,600,500,"sd","14:10:45",1282500
47400,600,100,"sd","14:10:45",1282000
47400,600,1200,"sd","14:10:45",1281900
47400,600,100,"sd","14:10:45",1280700
47400,600,100,"sd","14:10:45",1280600
47400,600,400,"sd","14:10:07",1280500
47450,650,100,"sd","14:10:07",1280100
47450,650,500,"sd","14:10:07",1280000
47450,650,1000,"sd","14:10:07",1279500
47450,650,100,"sd","14:10:04",1278500
47450,650,500,"sd","14:10:04",1278400
47450,650,100,"sd","14:10:04",1277900
47450,650,300,"sd","14:10:04",1277800
47450,650,500,"bu","14:08:56",1277500
47450,650,200,"bu","14:08:56",1277000
47450,650,100,"bu","14:08:56",1276800
47450,650,100,"bu","14:08:47",1276700
47450,650,100,"bu","14:07:50",1276600
47450,650,1000,"sd","14:07:36",1276500
47450,650,500,"bu","14:07:28",1275500
47450,650,1000,"bu","14:07:24",1275000
47450,650,4000,"bu","14:07:24",1274000
47450,650,7000,"bu","14:07:00",1270000
47450,650,100,"bu","14:06:45",1263000
47400,600,1500,"sd","14:06:30",1262900
47400,600,500,"sd","14:06:30",1261400
47400,600,200,"sd","14:06:30",1260900
47450,650,1500,"sd","14:06:28",1260700
47450,650,1000,"sd","14:06:28",1259200
47450,650,1400,"sd","14:06:28",1258200
47500,700,2500,"bu","14:06:23",1256800
47500,700,500,"bu","14:06:23",1254300
47500,700,10000,"bu","14:06:23",1253800
47450,650,4200,"bu","14:05:53",1243800
47450,650,300,"sd","14:05:47",1239600
47450,650,7300,"sd","14:05:47",1239300
47450,650,1000,"sd","14:05:47",1232000
47450,650,200,"sd","14:05:47",1231000
47450,650,300,"sd","14:05:47",1230800
47450,650,400,"sd","14:05:47",1230500
47450,650,1900,"sd","14:05:47",1230100
47450,650,1000,"sd","14:05:47",1228200
47450,650,3400,"sd","14:05:47",1227200
47500,700,1700,"bu","14:04:21",1223800
47500,700,4500,"bu","14:04:21",1222100
47500,700,200,"bu","14:04:00",1217600
47450,650,1000,"sd","14:03:11",1217400
47450,650,100,"sd","14:02:56",1216400
47500,700,800,"bu","14:02:55",1216300
47500,700,200,"bu","14:02:28",1215500
47450,650,500,"sd","14:02:01",1215300
47500,700,2000,"bu","14:01:34",1214800
47450,650,1200,"bu","14:01:02",1212800
47450,650,5000,"bu","14:00:59",1211600
47450,650,100,"bu","14:00:55",1206600
47450,650,300,"bu","14:00:50",1206500
47450,650,2500,"bu","14:00:17",1206200
47450,650,200,"bu","13:59:59",1203700
47450,650,100,"bu","13:59:41",1203500
47450,650,100,"sd","13:59:41",1203400
47450,650,100,"sd","13:59:30",1203300
47450,650,300,"sd","13:59:09",1203200
47450,650,100,"sd","13:59:09",1202900
47450,650,2000,"sd","13:58:26",1202800
47450,650,500,"sd","13:58:26",1200800
47450,650,500,"sd","13:58:26",1200300
47500,700,100,"bu","13:57:03",1199800
47500,700,1000,"bu","13:55:02",1199700
47500,700,1200,"bu","13:54:54",1198700
47500,700,100,"bu","13:54:54",1197500
47500,700,2900,"bu","13:54:54",1197400
47500,700,1000,"bu","13:54:49",1194500
47500,700,1000,"bu","13:53:12",1193500
47450,650,300,"sd","13:53:03",1192500
47450,650,500,"sd","13:52:40",1192200
47450,650,500,"sd","13:52:40",1191700
47450,650,200,"sd","13:52:40",1191200
47450,650,800,"sd","13:52:40",1191000
47450,650,500,"sd","13:52:21",1190200
47450,650,100,"sd","13:52:21",1189700
47450,650,400,"sd","13:52:15",1189600
47450,650,1600,"sd","13:52:15",1189200
47500,700,100,"sd","13:50:25",1187600
47500,700,100,"sd","13:50:07",1187500
47600,800,1000,"bu","13:50:03",1187400
47500,700,100,"sd","13:49:50",1186400
47500,700,300,"sd","13:49:50",1186300
47500,700,400,"sd","13:49:50",1186000
47500,700,1900,"sd","13:49:50",1185600
47500,700,100,"sd","13:49:50",1183700
47500,700,1000,"sd","13:49:50",1183600
47500,700,200,"sd","13:49:50",1182600
47500,700,1000,"sd","13:49:50",1182400
47500,700,2000,"sd","13:48:36",1181400
47500,700,200,"sd","13:48:36",1179400
47500,700,100,"sd","13:48:36",1179200
47500,700,500,"sd","13:48:36",1179100
47500,700,900,"sd","13:48:36",1178600
47500,700,700,"sd","13:48:36",1177700
47500,700,2600,"sd","13:48:36",1177000
47500,700,300,"sd","13:47:39",1174400
47500,700,1500,"sd","13:47:02",1174100
47500,700,100,"sd","13:46:40",1172600
47500,700,200,"sd","13:46:27",1172500
47550,750,100,"sd","13:46:27",1172300
47500,700,100,"sd","13:46:13",1172200
47500,700,100,"sd","13:45:20",1172100
47500,700,500,"sd","13:44:05",1172000
47500,700,2600,"bu","13:42:56",1171500
47500,700,1200,"sd","13:42:22",1168900
47500,700,1000,"sd","13:42:22",1167700
47500,700,500,"sd","13:42:22",1166700
47500,700,1500,"sd","13:42:22",1166200
47550,750,500,"sd","13:42:22",1164700
47550,750,1700,"sd","13:42:22",1164200
47550,750,1000,"sd","13:42:22",1162500
47600,800,100,"sd","13:41:14",1161500
47600,800,100,"sd","13:41:14",1161400
47600,800,500,"sd","13:41:08",1161300
47600,800,200,"sd","13:41:03",1160800
47600,800,100,"sd","13:40:48",1160600
47600,800,100,"bu","13:40:46",1160500
47600,800,500,"sd","13:40:38",1160400
47600,800,1400,"sd","13:40:38",1159900
47600,800,100,"sd","13:40:30",1158500
47600,800,300,"sd","13:40:14",1158400
47600,800,200,"sd","13:40:02",1158100
47600,800,100,"sd","13:40:02",1157900
47600,800,100,"sd","13:39:53",1157800
47600,800,200,"sd","13:39:48",1157700
47600,800,300,"sd","13:39:20",1157500
47600,800,200,"bu","13:38:08",1157200
47600,800,100,"bu","13:38:08",1157000
47600,800,300,"bu","13:38:08",1156900
47600,800,400,"bu","13:38:08",1156600
47600,800,100,"bu","13:38:08",1156200
47600,800,200,"bu","13:38:08",1156100
47600,800,800,"bu","13:37:59",1155900
47600,800,1200,"bu","13:37:59",1155100
47600,800,100,"bu","13:37:46",1153900
47600,800,200,"bu","13:37:19",1153800
47600,800,200,"bu","13:37:19",1153600
47600,800,1000,"bu","13:37:05",1153400
47600,800,100,"bu","13:36:06",1152400
47600,800,100,"bu","13:35:44",1152300
47600,800,1000,"bu","13:35:44",1152200
47600,800,1000,"bu","13:35:41",1151200
47600,800,1000,"bu","13:35:35",1150200
47600,800,100,"bu","13:34:06",1149200
47600,800,500,"bu","13:34:02",1149100
47600,800,300,"bu","13:34:02",1148600
47600,800,200,"bu","13:34:02",1148300
47550,750,100,"sd","13:34:01",1148100
47600,800,800,"bu","13:33:25",1148000
47600,800,200,"bu","13:33:25",1147200
47550,750,800,"sd","13:33:04",1147000
47550,750,100,"sd","13:33:04",1146200
47550,750,100,"sd","13:33:04",1146100
47550,750,500,"bu","13:31:54",1146000
47550,750,400,"bu","13:31:54",1145500
47550,750,2100,"bu","13:31:54",1145100
47500,700,1500,"sd","13:31:29",1143000
47500,700,100,"sd","13:31:29",1141500
47500,700,1000,"sd","13:31:29",1141400
47500,700,1000,"sd","13:31:29",1140400
47500,700,900,"sd","13:31:29",1139400
47500,700,100,"sd","13:31:29",1138500
47500,700,500,"sd","13:31:29",1138400
47500,700,500,"sd","13:31:29",1137900
47500,700,4400,"sd","13:31:29",1137400
47500,700,100,"sd","13:31:18",1133000
47500,700,200,"sd","13:31:18",1132900
47500,700,1000,"sd","13:31:18",1132700
47500,700,500,"sd","13:31:18",1131700
47500,700,200,"sd","13:31:18",1131200
47500,700,300,"sd","13:30:55",1131000
47550,750,200,"bu","13:30:52",1130700
47500,700,3600,"sd","13:28:57",1130500
47500,700,100,"sd","13:28:57",1126900
47500,700,100,"sd","13:28:57",1126800
47500,700,200,"sd","13:28:57",1125700
47500,700,1000,"sd","13:28:57",1126700
47550,750,100,"sd","13:28:39",1125500
47550,750,200,"sd","13:28:39",1125400
47550,750,800,"bu","13:28:05",1125200
47550,750,500,"sd","13:28:05",1124400
47550,750,100,"sd","13:27:40",1123900
47550,750,900,"sd","13:27:40",1123800
47550,750,100,"sd","13:27:35",1122900
47550,750,100,"sd","13:27:35",1122800
47550,750,200,"sd","13:27:35",1122700
47650,850,1700,"bu","13:27:24",1122500
47600,800,300,"bu","13:27:24",1120800
47550,750,500,"sd","13:26:29",1120500
47550,750,400,"sd","13:25:56",1120000
47600,800,600,"sd","13:25:56",1119600
47600,800,800,"sd","13:25:56",1119000
47600,800,100,"sd","13:25:08",1118200
47600,800,100,"sd","13:25:07",1118100
47600,800,1200,"sd","13:24:55",1118000
47600,800,100,"sd","13:24:51",1116800
47600,800,700,"sd","13:24:40",1116700
47600,800,100,"sd","13:24:40",1116000
47600,800,200,"sd","13:24:40",1115900
47600,800,300,"sd","13:24:37",1115700
47650,850,200,"bu","13:24:13",1115400
47600,800,200,"sd","13:23:28",1115200
47600,800,900,"bu","13:22:29",1115000
47550,750,500,"sd","13:21:33",1114100
47600,800,1000,"sd","13:19:20",1113600
47600,800,300,"sd","13:19:20",1112600
47600,800,400,"sd","13:19:20",1112300
47600,800,100,"bu","13:17:45",1111900
47600,800,100,"bu","13:17:36",1111800
47650,850,100,"bu","13:16:55",1111700
47650,850,800,"bu","13:16:42",1111600
47650,850,1200,"bu","13:16:42",1110800
47600,800,200,"bu","13:16:15",1109600
47600,800,1000,"bu","13:15:45",1109400
47600,800,100,"bu","13:15:25",1108400
47550,750,400,"sd","13:15:02",1108300
47550,750,100,"sd","13:15:02",1107900
47550,750,100,"sd","13:15:02",1107800
47550,750,100,"sd","13:15:02",1107700
47550,750,100,"sd","13:15:02",1107600
47550,750,900,"sd","13:15:02",1107500
47550,750,1000,"sd","13:15:02",1106600
47550,750,100,"sd","13:15:02",1105600
47550,750,100,"sd","13:15:02",1105500
47550,750,2000,"sd","13:15:02",1105400
47550,750,100,"sd","13:15:02",1103400
47600,800,1000,"bu","13:14:30",1103300
47600,800,100,"sd","13:14:14",1102300
47600,800,900,"sd","13:14:14",1102200
47600,800,200,"sd","13:14:14",1101300
47650,850,2700,"sd","13:14:14",1101100
47600,800,9800,"sd","13:14:03",1098400
47650,850,200,"sd","13:14:03",1088600
47650,850,600,"sd","13:13:48",1088400
47650,850,100,"sd","13:13:47",1087800
47650,850,100,"sd","13:13:47",1087700
47650,850,100,"sd","13:13:47",1087600
47700,900,700,"bu","13:12:19",1087500
47700,900,1500,"bu","13:12:19",1086800
47700,900,2000,"bu","13:12:19",1085300
47700,900,100,"bu","13:12:19",1083300
47700,900,700,"bu","13:12:19",1083200
47650,850,1700,"sd","13:12:16",1082500
47650,850,2000,"sd","13:12:16",1080800
47650,850,2000,"sd","13:12:16",1078800
47650,850,2000,"sd","13:12:16",1076800
47650,850,500,"sd","13:12:16",1074800
47650,850,1800,"sd","13:12:16",1074300
47700,900,100,"bu","13:11:54",1072500
47650,850,100,"bu","13:10:43",1072400
47650,850,700,"bu","13:10:43",1072300
47650,850,300,"bu","13:09:59",1071600
47650,850,200,"bu","13:09:59",1071300
47600,800,100,"sd","13:09:53",1071100
47600,800,200,"bu","13:09:15",1071000
47600,800,1300,"bu","13:09:15",1070800
47550,750,100,"sd","13:08:10",1069500
47600,800,100,"bu","13:07:58",1069400
47550,750,500,"sd","13:07:43",1069300
47550,750,200,"sd","13:07:39",1068800
47600,800,100,"bu","13:07:17",1068600
47600,800,1000,"bu","13:06:11",1068500
47600,800,1900,"sd","13:06:03",1067500
47600,800,100,"bu","13:05:51",1065600
47600,800,300,"sd","13:05:44",1065500
47600,800,1400,"sd","13:05:44",1065200
47600,800,100,"sd","13:05:44",1063800
47600,800,100,"sd","13:05:44",1063700
47600,800,100,"sd","13:05:25",1063600
47600,800,300,"sd","13:05:19",1063500
47600,800,600,"bu","13:04:58",1063200
47600,800,400,"sd","13:04:54",1062600
47600,800,100,"sd","13:04:53",1062200
47600,800,5000,"bu","13:04:36",1062100
47600,800,200,"bu","13:04:36",1057100
47600,800,2300,"bu","13:04:36",1056900
47600,800,1400,"bu","13:04:13",1054600
47600,800,1000,"bu","13:03:56",1053200
47600,800,200,"sd","13:03:41",1052200
47600,800,1000,"sd","13:03:41",1052000
47600,800,500,"sd","13:03:41",1051000
47600,800,700,"sd","13:03:41",1050500
47600,800,300,"sd","13:03:40",1049800
47600,800,100,"sd","13:03:40",1049500
47600,800,100,"sd","13:03:40",1049400
47600,800,200,"sd","13:03:40",1049300
47600,800,200,"sd","13:03:40",1049100
47650,850,400,"bu","13:02:15",1048900
47650,850,300,"bu","13:02:15",1048500
47650,850,200,"bu","13:01:54",1048200
47650,850,100,"bu","13:01:22",1048000
47650,850,900,"bu","13:01:22",1047900
47650,850,100,"bu","13:00:56",1047000
47650,850,1000,"bu","13:00:45",1046900
47650,850,2000,"bu","13:00:45",1045900
47650,850,500,"sd","13:00:29",1043900
47650,850,100,"sd","13:00:28",1043400
47650,850,300,"sd","13:00:28",1043300
47650,850,100,"sd","13:00:28",1043000
47650,850,1500,"sd","13:00:28",1042900
47650,850,300,"sd","13:00:10",1041400
47650,850,100,"bu","13:00:08",1041100
47650,850,2000,"bu","13:00:08",1041000
47650,850,600,"bu","13:00:08",1039000
47650,850,500,"bu","13:00:08",1038400
47650,850,100,"bu","13:00:04",1037900
47650,850,500,"bu","13:00:03",1037800
47650,850,100,"bu","13:00:03",1037300
47650,850,1900,"bu","13:00:02",1037200
47650,850,100,"bu","13:00:02",1035300
47700,900,200,"bu","13:00:01",1035200
47700,900,100,"bu","13:00:01",1035000
47650,850,100,"bu","13:00:01",1034900
47650,850,100,"bu","13:00:01",1034800
47650,850,100,"bu","13:00:01",1034700
47650,850,100,"bu","13:00:01",1034600
47650,850,100,"sd","13:00:00",1034500
47650,850,100,"sd","13:00:00",1034400
47650,850,400,"sd","13:00:00",1034300
47650,850,200,"sd","13:00:00",1033900
47650,850,100,"sd","13:00:00",1033700
47650,850,1000,"sd","11:29:55",1033600
47650,850,500,"sd","11:29:50",1032600
47650,850,200,"bu","11:29:26",1032100
47600,800,100,"sd","11:29:11",1031900
47600,800,200,"sd","11:29:07",1031800
47600,800,100,"sd","11:29:07",1031600
47650,850,100,"bu","11:28:15",1031500
47650,850,100,"bu","11:28:04",1031400
47650,850,300,"bu","11:27:59",1031300
47600,800,1000,"sd","11:27:51",1031000
47650,850,200,"sd","11:27:39",1030000
47650,850,100,"sd","11:27:39",1029800
47650,850,100,"sd","11:27:39",1029700
47650,850,100,"sd","11:27:39",1029600
47650,850,2000,"sd","11:27:30",1029500
47650,850,300,"sd","11:27:28",1027500
47650,850,2600,"sd","11:27:14",1027200
47650,850,1000,"sd","11:27:14",1024600
47650,850,200,"sd","11:26:52",1023600
47650,850,300,"sd","11:26:40",1023400
47650,850,300,"sd","11:26:28",1023100
47650,850,300,"sd","11:26:15",1022800
47650,850,700,"sd","11:26:02",1022500
47650,850,200,"sd","11:25:44",1021800
47700,900,300,"sd","11:25:21",1021600
47700,900,10000,"sd","11:25:21",1021300
47700,900,1500,"sd","11:25:21",1011300
47700,900,100,"sd","11:25:21",1009800
47750,950,100,"bu","11:24:48",1009700
47750,950,100,"bu","11:24:19",1009600
47750,950,400,"sd","11:24:14",1009500
47750,950,200,"sd","11:24:14",1009100
47750,950,1800,"sd","11:24:05",1008900
47750,950,200,"sd","11:24:05",1007100
47750,950,300,"sd","11:24:02",1006900
47750,950,200,"sd","11:24:02",1006600
47750,950,200,"sd","11:24:02",1006400
47750,950,300,"sd","11:24:02",1006200
47750,950,200,"sd","11:24:02",1005900
47750,950,200,"sd","11:24:02",1005700
47750,950,300,"sd","11:24:02",1005500
47750,950,700,"sd","11:23:53",1005200
47750,950,2400,"sd","11:23:53",1004500
47750,950,100,"sd","11:23:51",1002100
47750,950,1600,"sd","11:23:21",1002000
47750,950,1000,"sd","11:23:05",1000400
47750,950,2000,"sd","11:23:05",999400
47750,950,900,"sd","11:22:59",997400
47750,950,100,"sd","11:22:59",996500
47800,1000,200,"bu","11:22:58",996400
47800,1000,300,"bu","11:22:58",996200
47750,950,1300,"sd","11:22:56",995900
47750,950,1800,"sd","11:22:50",994600
47750,950,500,"sd","11:22:47",992800
47750,950,300,"sd","11:22:37",992300
47800,1000,200,"bu","11:22:23",992000
47800,1000,300,"bu","11:22:23",991800
47750,950,200,"sd","11:22:19",991500
47800,1000,500,"bu","11:22:05",991300
47750,950,200,"sd","11:22:05",990800
47800,1000,200,"bu","11:21:15",990600
47800,1000,100,"bu","11:21:15",990400
47800,1000,3600,"bu","11:18:43",990300
47800,1000,1400,"bu","11:18:43",986700
47750,950,100,"sd","11:18:27",985300
47800,1000,1600,"bu","11:18:04",985200
47800,1000,100,"bu","11:18:04",983600
47800,1000,1000,"bu","11:18:04",983500
47800,1000,1000,"bu","11:18:04",982500
47800,1000,1300,"bu","11:18:04",981500
47750,950,500,"sd","11:17:53",980200
47800,1000,700,"bu","11:17:41",979700
47800,1000,100,"bu","11:17:41",979000
47800,1000,100,"bu","11:17:41",978900
47800,1000,100,"bu","11:17:41",978800
47800,1000,400,"bu","11:17:06",978700
47800,1000,3900,"bu","11:17:06",978300
47750,950,700,"bu","11:17:05",974400
47700,900,200,"sd","11:17:00",973700
47750,950,100,"bu","11:16:52",973500
47750,950,500,"sd","11:16:51",973400
47750,950,200,"sd","11:16:51",972900
47750,950,100,"sd","11:16:51",972700
47750,950,1300,"sd","11:16:51",972600
47750,950,10000,"sd","11:16:51",971300
47750,950,100,"sd","11:16:51",961300
47750,950,5000,"sd","11:16:51",961200
47800,1000,200,"bu","11:16:33",956200
47800,1000,200,"bu","11:16:30",956000
47800,1000,500,"bu","11:15:04",955800
47800,1000,200,"bu","11:14:58",955300
47800,1000,200,"sd","11:14:51",955100
47800,1000,100,"sd","11:14:51",954900
47800,1000,100,"sd","11:14:46",954800
47800,1000,400,"sd","11:14:46",954700
47800,1000,6600,"sd","11:14:20",954300
47800,1000,500,"sd","11:14:20",947700
47800,1000,1000,"sd","11:14:20",947200
47800,1000,1000,"sd","11:14:20",946200
47800,1000,200,"sd","11:14:20",945200
47800,1000,200,"sd","11:14:20",945000
47800,1000,500,"sd","11:14:20",944800
47800,1000,100,"sd","11:14:07",944300
47800,1000,400,"sd","11:14:07",944200
47850,1050,200,"sd","11:13:31",943800
47850,1050,200,"sd","11:13:31",943600
47850,1050,100,"bu","11:13:20",943400
47850,1050,600,"bu","11:13:20",943300
47850,1050,9400,"bu","11:13:16",942700
47850,1050,5000,"bu","11:13:16",933300
47850,1050,3000,"bu","11:13:16",928300
47850,1050,100,"bu","11:13:16",925300
47850,1050,100,"bu","11:13:16",925200
47850,1050,1000,"bu","11:13:16",925100
47850,1050,500,"bu","11:13:16",924100
47850,1050,100,"bu","11:13:16",923600
47850,1050,800,"bu","11:13:16",923500
47850,1050,2000,"bu","11:13:08",922700
47850,1050,400,"bu","11:12:39",920700
47850,1050,100,"bu","11:12:35",920300
47850,1050,2400,"bu","11:12:27",920200
47800,1000,1000,"sd","11:12:19",917800
47850,1050,100,"bu","11:12:18",916800
47850,1050,500,"bu","11:12:16",916700
47850,1050,500,"bu","11:12:16",916200
47850,1050,100,"bu","11:12:02",915700
47850,1050,100,"bu","11:11:32",915600
47850,1050,1100,"bu","11:11:06",915500
47850,1050,100,"bu","11:11:05",914400
47850,1050,100,"bu","11:11:05",914300
47800,1000,200,"sd","11:11:04",914200
47850,1050,100,"bu","11:10:57",914000
47850,1050,300,"bu","11:10:43",913900
47800,1000,400,"sd","11:10:31",913600
47800,1000,100,"sd","11:10:31",913200
47850,1050,100,"sd","11:10:15",913100
47850,1050,100,"sd","11:10:15",913000
47850,1050,400,"sd","11:10:15",912900
47850,1050,1700,"sd","11:10:15",912500
47850,1050,3300,"sd","11:10:15",910800
47850,1050,300,"sd","11:10:07",907500
47900,1100,300,"bu","11:10:05",907200
47900,1100,300,"bu","11:10:05",906900
47850,1050,500,"sd","11:09:58",906600
47900,1100,100,"bu","11:09:27",906100
47900,1100,600,"sd","11:09:26",906000
47950,1150,500,"bu","11:09:24",905400
47900,1100,400,"sd","11:09:07",904900
47900,1100,100,"sd","11:09:07",904500
47900,1100,500,"sd","11:09:07",904400
47950,1150,500,"bu","11:09:03",903900
47950,1150,100,"sd","11:09:02",903400
47950,1150,100,"bu","11:08:58",903300
48000,1200,600,"bu","11:08:43",903200
47950,1150,1400,"bu","11:08:43",902600
47950,1150,100,"sd","11:08:43",901200
47950,1150,500,"sd","11:08:43",901100
48000,1200,2000,"bu","11:08:28",900600
48000,1200,2000,"bu","11:08:23",898600
48000,1200,1600,"bu","11:08:23",896600
48000,1200,1400,"sd","11:08:21",895000
48000,1200,500,"sd","11:08:21",893600
48000,1200,1100,"sd","11:08:21",893100
48000,1200,200,"sd","11:08:11",892000
48000,1200,500,"sd","11:08:09",891800
48000,1200,1000,"sd","11:08:06",891300
48000,1200,200,"bu","11:08:05",890300
48000,1200,100,"bu","11:08:04",890100
48000,1200,200,"bu","11:08:04",890000
48000,1200,500,"bu","11:08:04",889800
48000,1200,500,"bu","11:08:04",889300
48000,1200,300,"bu","11:07:58",888800
48000,1200,1000,"bu","11:07:58",888500
48000,1200,300,"bu","11:07:58",887500
48000,1200,1500,"bu","11:07:58",887200
48000,1200,200,"bu","11:07:58",885700
48000,1200,200,"bu","11:07:58",885500
48000,1200,200,"bu","11:07:58",885300
48000,1200,100,"bu","11:07:58",885100
48000,1200,100,"bu","11:07:58",885000
48000,1200,100,"bu","11:07:58",884900
47900,1100,100,"sd","11:07:57",884800
47950,1150,100,"sd","11:07:57",884700
48000,1200,300,"bu","11:07:55",884600
47900,1100,2000,"sd","11:07:53",884300
48000,1200,100,"bu","11:07:47",882300
48000,1200,2500,"bu","11:07:47",882200
48000,1200,200,"bu","11:07:47",879700
48000,1200,100,"bu","11:07:47",879500
48000,1200,500,"bu","11:07:47",879400
48000,1200,300,"bu","11:07:47",878900
48000,1200,100,"bu","11:07:47",878600
48000,1200,1000,"bu","11:07:47",878500
48000,1200,1400,"bu","11:07:47",877500
48000,1200,100,"bu","11:07:47",876100
48000,1200,100,"bu","11:07:47",876000
48000,1200,2400,"bu","11:07:47",875900
48000,1200,100,"bu","11:07:47",873500
48000,1200,100,"bu","11:07:47",873400
48000,1200,2000,"bu","11:07:47",873300
48000,1200,1000,"bu","11:07:47",871300
48000,1200,1000,"bu","11:07:47",870300
48000,1200,100,"bu","11:07:47",869300
48000,1200,1000,"bu","11:07:47",869200
48000,1200,100,"bu","11:07:47",868200
48000,1200,100,"bu","11:07:47",868100
48000,1200,1000,"bu","11:07:47",868000
48000,1200,1000,"bu","11:07:47",867000
48000,1200,400,"bu","11:07:47",866000
48000,1200,1000,"bu","11:07:47",865600
48000,1200,2000,"bu","11:07:47",864600
48000,1200,5000,"bu","11:07:47",862600
48000,1200,200,"bu","11:07:47",857600
48000,1200,300,"bu","11:07:47",857400
48000,1200,300,"bu","11:07:47",857100
48000,1200,200,"bu","11:07:47",856800
48000,1200,700,"bu","11:07:47",856600
48000,1200,6000,"bu","11:07:47",855900
48000,1200,300,"bu","11:07:47",849900
48000,1200,1100,"bu","11:07:47",849600
48000,1200,10000,"bu","11:07:47",848500
48000,1200,100,"bu","11:07:47",838500
48000,1200,800,"bu","11:07:47",838400
47950,1150,1300,"bu","11:07:47",837600
47950,1150,1000,"bu","11:07:47",836300
47950,1150,1000,"bu","11:07:47",835300
47950,1150,2000,"bu","11:07:47",834300
47950,1150,100,"bu","11:07:47",832300
47900,1100,100,"sd","11:07:45",832200
47950,1150,100,"bu","11:07:44",832100
47950,1150,100,"bu","11:07:44",832000
47900,1100,200,"sd","11:07:36",831900
47850,1050,200,"sd","11:07:33",831700
47850,1050,200,"sd","11:07:31",831500
47850,1050,500,"bu","11:07:31",831300
47850,1050,7000,"bu","11:07:26",830800
47850,1050,500,"bu","11:07:15",823800
48000,1200,100,"bu","11:07:05",823300
48000,1200,4100,"bu","11:07:01",823200
48000,1200,100,"bu","11:07:01",819100
48000,1200,200,"bu","11:07:01",819000
48000,1200,500,"bu","11:07:01",818800
48000,1200,300,"bu","11:07:01",818300
48000,1200,300,"bu","11:07:01",818000
47950,1150,1000,"bu","11:07:01",817700
48000,1200,200,"bu","11:06:54",816700
48000,1200,100,"bu","11:06:54",816500
48000,1200,100,"bu","11:06:54",816400
48000,1200,200,"bu","11:06:54",816300
48000,1200,300,"bu","11:06:54",816100
48000,1200,5000,"bu","11:06:54",815800
48000,1200,300,"bu","11:06:54",810800
48000,1200,400,"bu","11:06:54",810500
48000,1200,500,"bu","11:06:54",810100
48000,1200,300,"bu","11:06:54",809600
48000,1200,100,"bu","11:06:54",809300
48000,1200,10000,"bu","11:06:54",809200
47950,1150,500,"bu","11:06:54",799200
48000,1200,2000,"bu","11:06:52",798700
48000,1200,1400,"bu","11:06:52",796700
48000,1200,100,"bu","11:06:52",795300
48000,1200,500,"bu","11:06:52",795200
48000,1200,100,"bu","11:06:52",794700
48000,1200,500,"bu","11:06:51",794600
48000,1200,100,"bu","11:06:51",794100
48000,1200,100,"bu","11:06:51",794000
48000,1200,4400,"bu","11:06:49",793900
47950,1150,5600,"bu","11:06:49",789500
48000,1200,5600,"bu","11:06:45",783900
48000,1200,300,"bu","11:06:45",778300
48000,1200,1000,"bu","11:06:45",778000
48000,1200,400,"bu","11:06:45",777000
48000,1200,300,"bu","11:06:45",776600
48000,1200,300,"bu","11:06:45",776300
48000,1200,1700,"bu","11:06:45",776000
47950,1150,100,"bu","11:06:38",774300
47950,1150,500,"bu","11:06:38",774200
47950,1150,500,"bu","11:06:38",773700
47950,1150,100,"bu","11:06:38",773200
48000,1200,100,"bu","11:06:38",772500
47950,1150,500,"bu","11:06:38",773100
47950,1150,100,"bu","11:06:38",772600
47900,1100,100,"bu","11:06:38",772400
47900,1100,200,"bu","11:06:38",772300
47950,1150,100,"bu","11:06:38",772100
47950,1150,200,"bu","11:06:38",772000
47950,1150,100,"bu","11:06:38",771800
47950,1150,2600,"bu","11:06:38",771700
47950,1150,100,"bu","11:06:38",769100
47950,1150,3000,"bu","11:06:38",769000
47800,1000,500,"sd","11:06:35",766000
47850,1050,1000,"bu","11:06:28",765500
47850,1050,100,"bu","11:06:28",764500
47850,1050,400,"bu","11:06:28",764400
47900,1100,300,"bu","11:06:28",764000
47900,1100,100,"bu","11:06:28",763700
47800,1000,500,"bu","11:06:28",763600
47800,1000,1000,"bu","11:06:28",763100
47900,1100,100,"bu","11:06:28",762100
47900,1100,200,"bu","11:06:28",762000
47900,1100,1000,"bu","11:06:28",761800
47900,1100,100,"bu","11:06:28",760800
47850,1050,200,"bu","11:06:28",760700
47800,1000,100,"bu","11:06:25",760500
47800,1000,700,"bu","11:06:25",760400
47800,1000,2200,"bu","11:06:21",759700
47800,1000,200,"bu","11:06:21",757500
47800,1000,100,"bu","11:06:21",757300
47800,1000,100,"bu","11:06:21",757200
47800,1000,300,"bu","11:06:21",757100
47800,1000,2100,"bu","11:06:21",756800
47800,1000,400,"bu","11:06:17",754700
47800,1000,100,"bu","11:06:12",754300
47800,1000,400,"bu","11:06:07",754200
47800,1000,100,"bu","11:06:07",753800
47800,1000,100,"bu","11:06:07",753700
47800,1000,1000,"bu","11:06:07",753600
47800,1000,300,"bu","11:06:07",752600
47750,950,1000,"sd","11:05:49",752300
47750,950,100,"sd","11:05:32",751300
47750,950,100,"sd","11:05:20",751200
47750,950,100,"sd","11:05:16",751100
47750,950,300,"sd","11:05:02",751000
47750,950,800,"sd","11:04:56",750700
47750,950,1000,"sd","11:04:54",749900
47750,950,100,"unknown","11:04:52",748900
47750,950,900,"unknown","11:04:52",748800
47750,950,100,"bu","11:04:23",747900
47600,800,100,"sd","11:04:17",747800
47800,1000,200,"bu","11:04:11",747700
47800,1000,200,"bu","11:04:00",747500
47800,1000,1300,"sd","11:03:55",747300
47850,1050,100,"sd","11:03:37",746000
47900,1100,1000,"bu","11:03:37",745900
47900,1100,1500,"bu","11:03:37",744900
47900,1100,100,"bu","11:03:37",743400
47900,1100,1000,"bu","11:03:37",743300
47900,1100,500,"bu","11:03:37",742300
47900,1100,1000,"bu","11:03:37",741800
47900,1100,300,"bu","11:03:37",740800
47900,1100,1500,"bu","11:03:37",740500
47900,1100,200,"bu","11:03:37",739000
47900,1100,1000,"bu","11:03:37",738800
47900,1100,500,"bu","11:03:37",737800
47900,1100,400,"bu","11:03:37",737300
47850,1050,100,"bu","11:03:36",736900
47800,1000,100,"sd","11:03:29",736800
47800,1000,100,"sd","11:03:29",736700
47900,1100,100,"bu","11:03:28",736600
47900,1100,100,"bu","11:03:28",736500
47850,1050,500,"bu","11:03:28",736100
47850,1050,300,"bu","11:03:28",736400
47800,1000,1000,"sd","11:03:25",735600
47800,1000,1000,"sd","11:03:25",734600
47800,1000,100,"sd","11:03:25",733600
47800,1000,100,"bu","11:03:25",733500
47800,1000,900,"bu","11:03:25",733400
47800,1000,5000,"bu","11:03:25",732500
47800,1000,500,"bu","11:03:25",727500
47800,1000,100,"bu","11:03:25",727000
47800,1000,500,"bu","11:03:25",726900
47800,1000,1000,"bu","11:03:25",726400
47800,1000,200,"bu","11:03:25",725400
47800,1000,1500,"bu","11:03:25",725200
47800,1000,200,"bu","11:03:25",723700
47800,1000,100,"bu","11:03:25",723500
47800,1000,100,"bu","11:03:25",723400
47800,1000,100,"bu","11:03:25",723300
47800,1000,5000,"bu","11:03:25",723200
47800,1000,500,"bu","11:03:25",718200
47800,1000,500,"bu","11:03:25",717700
47800,1000,500,"bu","11:03:25",717200
47800,1000,9600,"bu","11:03:25",716700
47800,1000,400,"bu","11:03:21",707100
47800,1000,1000,"bu","11:03:21",706700
47800,1000,500,"bu","11:03:21",705700
47800,1000,1000,"bu","11:03:21",705200
47800,1000,1000,"bu","11:03:21",704200
47800,1000,5000,"bu","11:03:21",703200
47750,950,100,"bu","11:03:21",698200
47750,950,200,"bu","11:03:21",698100
47750,950,500,"bu","11:03:21",697900
47750,950,200,"bu","11:03:20",697400
47700,900,2000,"sd","11:03:20",697200
47750,950,300,"bu","11:03:19",695200
47750,950,700,"bu","11:03:19",694900
47750,950,100,"bu","11:03:11",694200
47750,950,600,"bu","11:03:11",694100
47750,950,300,"bu","11:03:11",693500
47750,950,400,"bu","11:03:06",693200
47750,950,500,"bu","11:03:06",692800
47750,950,500,"bu","11:03:06",692200
47750,950,100,"bu","11:03:06",692300
47700,900,100,"bu","11:03:06",691700
47700,900,100,"bu","11:03:06",691600
47700,900,300,"bu","11:03:06",691500
47700,900,200,"bu","11:02:52",691200
47700,900,100,"bu","11:02:52",691000
47700,900,1000,"bu","11:02:52",690900
47600,800,1700,"bu","11:02:52",689900
47600,800,500,"bu","11:02:50",688200
47600,800,7800,"bu","11:02:37",687700
47700,900,200,"bu","11:02:28",679900
47700,900,300,"bu","11:02:28",679700
47700,900,200,"bu","11:02:28",679400
47700,900,500,"bu","11:02:28",679200
47700,900,200,"bu","11:02:28",678700
47700,900,3500,"bu","11:02:28",678500
47700,900,2000,"bu","11:02:28",675000
47700,900,500,"bu","11:02:28",673000
47700,900,500,"bu","11:02:28",672500
47700,900,100,"bu","11:02:28",672000
47650,850,100,"bu","11:02:28",671900
47650,850,500,"bu","11:02:28",671800
47650,850,500,"bu","11:02:28",671300
47650,850,500,"bu","11:02:28",670800
47650,850,400,"bu","11:02:28",670300
47550,750,2000,"sd","11:02:27",669900
47650,850,100,"bu","11:02:17",667900
47600,800,100,"bu","11:02:17",667800
47600,800,300,"bu","11:02:17",667700
47550,750,100,"sd","11:02:13",667400
47600,800,500,"bu","11:02:13",667300
47600,800,1200,"bu","11:02:05",666800
47600,800,300,"bu","11:02:05",665600
47600,800,100,"bu","11:02:05",665300
47600,800,100,"bu","11:02:05",665200
47600,800,5000,"bu","11:02:05",665100
47600,800,200,"bu","11:02:05",660100
47600,800,100,"bu","11:02:05",659900
47600,800,1000,"bu","11:02:05",659800
47600,800,5000,"bu","11:02:05",658800
47600,800,500,"bu","11:02:05",653800
47600,800,100,"bu","11:02:05",653300
47600,800,500,"bu","11:02:05",653200
47550,750,500,"bu","11:02:05",652700
47600,800,100,"bu","11:02:05",652200
47550,750,200,"bu","11:02:05",652100
47600,800,500,"bu","11:02:05",651900
47550,750,100,"bu","11:02:05",651400
47600,800,2000,"bu","11:02:05",651300
47550,750,100,"bu","11:02:05",649300
47550,750,100,"bu","11:02:05",649200
47550,750,100,"bu","11:02:05",649100
47550,750,2000,"bu","11:02:05",649000
47550,750,200,"bu","11:02:05",647000
47550,750,500,"bu","11:02:01",646800
47550,750,100,"bu","11:02:01",646300
47550,750,400,"bu","11:02:01",646200
47550,750,100,"bu","11:01:57",645800
47500,700,1000,"sd","11:01:55",645700
47500,700,1000,"sd","11:01:55",644700
47550,750,100,"bu","11:01:53",643700
47550,750,400,"bu","11:01:49",643600
47550,750,100,"bu","11:01:49",643200
47500,700,100,"bu","11:01:27",643100
47500,700,100,"bu","11:01:27",643000
47500,700,100,"bu","11:01:27",642900
47500,700,100,"bu","11:01:27",642800
47500,700,1000,"bu","11:01:27",642700
47500,700,800,"bu","11:01:27",641700
47500,700,1000,"bu","11:01:26",640900
47500,700,100,"bu","11:01:25",639900
47500,700,300,"bu","11:01:24",639800
47500,700,300,"bu","11:01:24",639500
47500,700,100,"bu","11:01:24",639200
47500,700,100,"bu","11:01:24",639100
47500,700,900,"bu","11:01:20",639000
47500,700,100,"bu","11:01:20",638100
47500,700,300,"bu","11:01:20",638000
47500,700,100,"bu","11:01:20",637700
47500,700,500,"bu","11:01:20",637600
47500,700,100,"bu","11:01:20",637100
47500,700,500,"bu","11:01:20",637000
47500,700,500,"bu","11:01:20",636500
47500,700,1000,"bu","11:01:20",636000
47500,700,800,"bu","11:01:20",635000
47500,700,200,"bu","11:01:20",634200
47500,700,100,"bu","11:01:20",634000
47500,700,1000,"bu","11:01:20",633900
47500,700,100,"bu","11:01:20",632900
47500,700,200,"bu","11:01:20",632800
47500,700,100,"bu","11:01:20",632600
47500,700,100,"bu","11:01:20",632500
47500,700,1000,"bu","11:01:20",632400
47500,700,400,"bu","11:01:20",631400
47500,700,1000,"bu","11:01:20",631000
47500,700,1000,"bu","11:01:20",630000
47500,700,100,"bu","11:01:20",629000
47500,700,100,"bu","11:01:20",628900
47500,700,100,"bu","11:01:20",628800
47500,700,100,"bu","11:01:20",628700
47500,700,2100,"bu","11:01:20",628600
47500,700,900,"bu","11:01:17",626500
47500,700,500,"bu","11:01:17",625600
47500,700,300,"bu","11:01:17",625100
47500,700,100,"bu","11:01:17",624800
47500,700,100,"bu","11:01:17",624700
47500,700,500,"bu","11:01:17",624600
47500,700,18300,"bu","11:01:17",624100
47450,650,100,"sd","11:01:07",605800
47500,700,1700,"bu","11:00:40",605700
47500,700,200,"bu","11:00:40",604000
47500,700,100,"bu","11:00:40",603800
47500,700,500,"bu","11:00:07",603700
47500,700,100,"bu","11:00:05",603200
47500,700,300,"bu","11:00:05",603100
47500,700,4700,"bu","11:00:02",602800
47500,700,100,"bu","11:00:02",598100
47500,700,100,"bu","11:00:02",598000
47500,700,100,"bu","11:00:02",597900
47500,700,200,"bu","10:59:54",597800
47500,700,200,"bu","10:59:54",597600
47500,700,100,"bu","10:59:54",597400
47500,700,500,"bu","10:59:54",597300
47500,700,600,"bu","10:59:54",596800
47500,700,400,"bu","10:59:51",596200
47500,700,3000,"bu","10:59:51",595800
47500,700,1000,"bu","10:59:47",592800
47500,700,200,"bu","10:59:44",591800
47500,700,300,"bu","10:59:44",591600
47500,700,2000,"bu","10:59:21",591300
47500,700,500,"bu","10:59:16",589300
47450,650,200,"sd","10:59:12",588800
47500,700,7200,"bu","10:59:05",588600
47500,700,2000,"bu","10:59:05",581400
47500,700,500,"bu","10:59:05",579400
47500,700,100,"bu","10:59:05",578900
47500,700,700,"bu","10:59:05",578800
47500,700,200,"bu","10:59:05",578100
47450,650,1000,"sd","10:58:44",577900
47450,650,3400,"sd","10:58:39",576900
47450,650,100,"sd","10:58:39",573500
47450,650,500,"sd","10:58:39",573400
47450,650,100,"sd","10:58:35",572900
47450,650,1100,"sd","10:58:19",572800
47450,650,1000,"bu","10:57:55",571700
47450,650,100,"bu","10:57:55",570700
47450,650,1000,"bu","10:57:55",570600
47450,650,100,"bu","10:57:55",569600
47450,650,100,"bu","10:57:55",569500
47450,650,100,"bu","10:57:55",569400
47450,650,200,"bu","10:57:55",569300
47450,650,100,"bu","10:57:55",569100
47450,650,100,"bu","10:57:55",569000
47450,650,200,"bu","10:57:55",568900
47450,650,300,"bu","10:57:55",568700
47450,650,700,"bu","10:57:51",568400
47450,650,1000,"bu","10:57:51",567700
47450,650,1200,"bu","10:57:51",566700
47450,650,1000,"bu","10:57:51",565500
47450,650,500,"bu","10:57:51",564500
47450,650,500,"bu","10:57:51",564000
47450,650,100,"bu","10:57:51",563500
47400,600,3100,"sd","10:57:27",563400
47400,600,1900,"bu","10:57:01",560300
47400,600,2000,"sd","10:56:52",558400
47400,600,1100,"sd","10:56:52",556400
47400,600,300,"bu","10:56:42",555300
47400,600,1000,"bu","10:56:42",555000
47400,600,500,"bu","10:56:42",554000
47400,600,100,"bu","10:56:42",553500
47400,600,300,"bu","10:56:41",553400
47400,600,1000,"bu","10:56:41",553100
47400,600,500,"bu","10:56:41",552100
47400,600,100,"bu","10:56:41",551600
47400,600,100,"bu","10:56:41",551500
47400,600,500,"bu","10:56:41",551400
47400,600,200,"bu","10:56:41",550900
47400,600,500,"bu","10:56:41",550700
47400,600,200,"bu","10:56:41",550200
47400,600,1000,"bu","10:56:41",550000
47400,600,100,"bu","10:56:41",549000
47400,600,100,"bu","10:56:41",548900
47400,600,500,"bu","10:56:41",548800
47400,600,100,"bu","10:56:41",548300
47400,600,500,"bu","10:56:37",548200
47400,600,500,"bu","10:56:37",547700
47400,600,9000,"bu","10:56:37",547200
47350,550,1500,"sd","10:56:35",538200
47400,600,1000,"bu","10:56:31",536700
47400,600,800,"bu","10:56:31",535700
47400,600,200,"bu","10:56:31",534900
47400,600,3200,"bu","10:56:30",534700
47400,600,100,"bu","10:56:30",531500
47400,600,100,"bu","10:56:30",531400
47400,600,500,"bu","10:56:30",531300
47400,600,200,"bu","10:56:30",530800
47400,600,100,"bu","10:56:30",530600
47400,600,100,"bu","10:56:30",530500
47400,600,1000,"bu","10:56:30",530400
47400,600,200,"bu","10:56:30",529400
47400,600,500,"bu","10:56:30",529200
47400,600,100,"bu","10:56:30",528700
47400,600,1000,"bu","10:56:30",528600
47400,600,400,"bu","10:56:30",527600
47400,600,900,"bu","10:56:14",527200
47400,600,4000,"bu","10:56:11",526300
47400,600,100,"bu","10:56:05",522300
47400,600,200,"bu","10:56:00",522200
47400,600,1000,"bu","10:56:00",522000
47400,600,500,"bu","10:56:00",521000
47400,600,300,"bu","10:56:00",520500
47400,600,2000,"bu","10:55:59",520200
47400,600,1000,"bu","10:55:27",518200
47350,550,100,"sd","10:54:27",517200
47350,550,1000,"sd","10:54:03",517100
47350,550,200,"bu","10:53:41",516100
47350,550,500,"bu","10:53:41",515900
47350,550,700,"bu","10:53:41",515400
47300,500,500,"sd","10:53:36",514700
47350,550,100,"sd","10:52:53",514200
47350,550,2700,"sd","10:52:53",514100
47350,550,100,"sd","10:52:53",511400
47350,550,1800,"sd","10:52:53",511300
47350,550,4600,"sd","10:52:53",509500
47400,600,300,"bu","10:52:39",504900
47400,600,900,"bu","10:51:40",504600
47350,550,200,"sd","10:51:34",503700
47350,550,100,"sd","10:51:18",503500
47350,550,200,"sd","10:51:05",503400
47350,550,1000,"sd","10:50:57",503200
47350,550,200,"sd","10:50:51",502200
47400,600,500,"bu","10:50:02",502000
47350,550,1000,"sd","10:49:26",501500
47350,550,100,"sd","10:49:07",500500
47350,550,2000,"sd","10:48:58",500400
47350,550,200,"sd","10:48:53",498400
47350,550,400,"sd","10:48:39",498200
47350,550,600,"sd","10:48:39",497800
47350,550,800,"sd","10:48:32",497200
47350,550,100,"sd","10:48:21",496400
47350,550,500,"sd","10:48:13",496300
47350,550,400,"sd","10:48:04",495800
47350,550,3000,"sd","10:48:02",495400
47350,550,3500,"sd","10:48:00",492400
47350,550,100,"sd","10:47:29",488900
47350,550,300,"bu","10:47:27",488800
47350,550,500,"bu","10:47:27",488500
47350,550,100,"bu","10:47:27",488000
47350,550,100,"bu","10:47:27",487900
47350,550,100,"bu","10:47:17",487800
47350,550,500,"bu","10:47:17",487700
47350,550,100,"bu","10:47:17",487200
47350,550,500,"bu","10:47:17",487100
47350,550,200,"bu","10:47:17",486600
47350,550,1000,"bu","10:47:17",486400
47350,550,100,"bu","10:47:17",485400
47350,550,100,"bu","10:47:17",485300
47350,550,100,"bu","10:47:17",485200
47350,550,500,"bu","10:47:17",485100
47350,550,500,"bu","10:47:17",484600
47350,550,500,"bu","10:47:17",484100
47350,550,100,"bu","10:47:17",483600
47350,550,100,"bu","10:47:17",483500
47350,550,100,"bu","10:47:17",483400
47350,550,2600,"bu","10:47:17",483300
47350,550,2900,"bu","10:47:17",480700
47350,550,100,"bu","10:46:51",477800
47300,500,100,"sd","10:46:10",477700
47300,500,1000,"sd","10:45:06",477600
47300,500,100,"bu","10:44:45",476600
47300,500,100,"bu","10:44:32",476500
47300,500,500,"bu","10:44:32",476400
47300,500,500,"bu","10:44:32",475900
47300,500,1400,"bu","10:44:32",475400
47300,500,600,"bu","10:44:24",474000
47300,500,1600,"bu","10:44:24",473400
47300,500,2300,"bu","10:44:22",471800
47300,500,1000,"sd","10:43:51",469500
47300,500,100,"sd","10:43:51",468500
47300,500,2100,"sd","10:43:51",468400
47300,500,400,"sd","10:43:51",466300
47300,500,300,"sd","10:43:12",465900
47300,500,700,"sd","10:43:12",465600
47300,500,300,"sd","10:43:01",464900
47300,500,200,"sd","10:43:01",464600
47300,500,100,"sd","10:43:00",464400
47300,500,100,"sd","10:42:42",464300
47300,500,300,"sd","10:42:34",464200
47300,500,1000,"sd","10:42:16",463900
47300,500,100,"sd","10:42:13",462900
47350,550,2900,"bu","10:40:49",462800
47300,500,200,"bu","10:40:14",459900
47300,500,100,"bu","10:40:14",459700
47300,500,1800,"bu","10:40:14",459600
47300,500,100,"bu","10:40:04",457800
47300,500,200,"bu","10:39:02",457700
47300,500,300,"bu","10:39:01",457500
47300,500,200,"bu","10:38:07",457200
47300,500,100,"bu","10:38:04",457000
47300,500,400,"bu","10:37:44",456900
47300,500,700,"sd","10:37:26",456500
47300,500,600,"sd","10:37:26",455800
47300,500,100,"sd","10:37:12",455200
47300,500,300,"bu","10:36:44",455100
47250,450,100,"sd","10:35:49",454800
47300,500,100,"bu","10:35:47",454700
47300,500,2500,"bu","10:35:47",454600
47300,500,300,"bu","10:35:35",452100
47300,500,2200,"bu","10:35:27",451800
47300,500,200,"bu","10:35:27",449600
47300,500,200,"bu","10:35:27",449400
47300,500,1000,"bu","10:35:27",449200
47300,500,1400,"bu","10:35:27",448200
47300,500,1200,"bu","10:35:16",446800
47300,500,200,"bu","10:35:16",445600
47300,500,200,"bu","10:35:16",445400
47300,500,100,"bu","10:35:16",445200
47300,500,100,"bu","10:35:16",445100
47300,500,500,"bu","10:35:16",445000
47300,500,300,"bu","10:35:16",444500
47300,500,200,"bu","10:35:16",444200
47250,450,1000,"bu","10:33:27",444000
47250,450,400,"bu","10:33:27",443000
47250,450,4600,"bu","10:33:08",442600
47250,450,4000,"bu","10:33:01",438000
47250,450,1000,"sd","10:32:59",434000
47250,450,200,"sd","10:32:30",433000
47250,450,200,"bu","10:32:29",432800
47250,450,1000,"bu","10:32:29",432600
47250,450,1500,"bu","10:32:29",431600
47200,400,200,"sd","10:31:37",430100
47200,400,100,"sd","10:31:37",429900
47200,400,1800,"sd","10:31:37",429800
47200,400,400,"sd","10:31:37",428000
47200,400,100,"sd","10:31:37",427600
47200,400,300,"sd","10:31:37",427500
47200,400,200,"sd","10:31:37",427200
47200,400,200,"sd","10:31:37",427000
47200,400,3000,"sd","10:31:37",426800
47200,400,100,"sd","10:31:37",423800
47200,400,200,"sd","10:31:37",423700
47200,400,200,"sd","10:31:09",423500
47250,450,3600,"bu","10:30:59",423300
47200,400,200,"sd","10:30:57",419700
47200,400,200,"sd","10:30:45",419500
47200,400,100,"sd","10:30:45",419300
47250,450,100,"bu","10:30:42",419200
47250,450,100,"bu","10:30:29",419100
47200,400,300,"sd","10:30:16",419000
47200,400,100,"sd","10:30:03",418700
47250,450,100,"bu","10:29:52",418600
47250,450,300,"sd","10:29:50",418500
47250,450,5000,"sd","10:29:50",418200
47250,450,100,"sd","10:29:50",413200
47250,450,4200,"sd","10:29:50",413100
47250,450,100,"sd","10:29:39",408900
47300,500,100,"bu","10:29:37",408800
47250,450,200,"sd","10:29:09",408700
47300,500,1000,"bu","10:27:09",408500
47300,500,1500,"bu","10:26:38",407500
47300,500,400,"bu","10:26:22",406000
47300,500,2000,"bu","10:26:21",405600
47300,500,1000,"bu","10:26:03",403600
47300,500,200,"bu","10:26:03",402600
47300,500,3600,"bu","10:25:39",402400
47300,500,1400,"bu","10:25:39",398800
47300,500,3400,"bu","10:25:21",397400
47250,450,500,"sd","10:25:09",394000
47300,500,2000,"bu","10:24:58",393500
47300,500,10000,"bu","10:24:07",391500
47300,500,3000,"bu","10:24:07",381500
47300,500,500,"bu","10:24:07",378500
47300,500,1000,"bu","10:24:07",378000
47300,500,100,"bu","10:24:07",377000
47300,500,3200,"bu","10:24:07",376900
47300,500,200,"bu","10:24:07",373700
47250,450,2500,"bu","10:23:38",373500
47250,450,100,"bu","10:23:38",371000
47250,450,1000,"bu","10:23:38",370900
47250,450,1800,"bu","10:23:38",369900
47200,400,600,"sd","10:22:52",368100
47200,400,300,"sd","10:22:52",367500
47200,400,100,"sd","10:22:52",367200
47250,450,100,"bu","10:21:39",367100
47200,400,500,"sd","10:21:03",367000
47200,400,500,"sd","10:21:03",366500
47200,400,100,"sd","10:18:43",366000
47200,400,100,"sd","10:18:43",365900
47200,400,1200,"sd","10:18:41",365800
47200,400,500,"sd","10:18:41",364600
47200,400,100,"sd","10:18:41",364100
47200,400,4200,"sd","10:18:41",364000
47200,400,300,"sd","10:18:31",359800
47200,400,300,"sd","10:18:19",359500
47250,450,100,"bu","10:18:13",359200
47200,400,200,"sd","10:18:04",359100
47250,450,100,"sd","10:17:52",358900
47250,450,300,"sd","10:17:39",358800
47250,450,1600,"sd","10:17:39",358500
47250,450,100,"sd","10:17:39",356900
47250,450,2000,"sd","10:17:39",356800
47250,450,2300,"sd","10:17:39",354800
47250,450,300,"sd","10:17:13",352500
47250,450,300,"sd","10:16:57",352200
47250,450,2000,"sd","10:16:56",351900
47250,450,100,"sd","10:16:44",349900
47250,450,200,"sd","10:16:44",349800
47250,450,300,"bu","10:16:18",349600
47250,450,100,"sd","10:16:13",349300
47250,450,1100,"sd","10:16:13",349200
47250,450,500,"sd","10:16:13",348100
47250,450,200,"sd","10:16:13",347600
47250,450,100,"sd","10:16:12",347400
47250,450,400,"sd","10:16:12",347300
47250,450,500,"sd","10:16:12",346900
47250,450,2500,"sd","10:16:12",346400
47250,450,2000,"sd","10:15:49",343900
47250,450,5000,"sd","10:15:36",341900
47250,450,500,"sd","10:15:16",336900
47250,450,100,"sd","10:15:03",336400
47250,450,200,"sd","10:15:03",336300
47250,450,5000,"sd","10:14:36",336100
47250,450,100,"sd","10:14:17",331100
47250,450,100,"sd","10:12:00",331000
47250,450,300,"sd","10:11:45",330900
47250,450,100,"sd","10:11:30",330600
47300,500,100,"bu","10:11:17",330500
47300,500,900,"bu","10:10:28",330400
47300,500,100,"bu","10:10:28",329500
47300,500,1000,"bu","10:10:24",329400
47300,500,3000,"bu","10:10:07",328400
47300,500,300,"bu","10:09:07",325400
47300,500,200,"sd","10:08:55",325100
47300,500,500,"sd","10:08:55",324900
47300,500,500,"sd","10:08:55",324400
47300,500,500,"sd","10:08:55",323900
47300,500,400,"sd","10:08:55",323400
47300,500,200,"sd","10:08:55",323000
47300,500,3000,"sd","10:08:55",322800
47300,500,300,"sd","10:08:55",319800
47350,550,100,"bu","10:08:27",319500
47300,500,200,"sd","10:08:22",319400
47300,500,300,"sd","10:08:22",319200
47300,500,1000,"sd","10:08:22",318900
47300,500,1700,"sd","10:08:22",317900
47300,500,100,"sd","10:08:22",316200
47300,500,200,"sd","10:08:22",316100
47300,500,500,"sd","10:08:22",315900
47300,500,1000,"sd","10:08:22",315400
47350,550,500,"sd","10:07:54",314400
47350,550,500,"sd","10:07:54",313900
47350,550,600,"sd","10:07:54",313400
47350,550,100,"sd","10:07:47",312800
47350,550,500,"sd","10:07:44",312700
47350,550,800,"sd","10:07:43",312200
47350,550,9200,"sd","10:07:43",311400
47350,550,300,"sd","10:06:54",302200
47350,550,200,"sd","10:06:53",301900
47350,550,300,"sd","10:06:50",301700
47350,550,200,"sd","10:06:50",301400
47350,550,100,"sd","10:06:39",301200
47350,550,300,"bu","10:06:36",301100
47350,550,100,"bu","10:06:36",300800
47350,550,300,"bu","10:06:36",300700
47300,500,300,"sd","10:06:26",300400
47300,500,100,"sd","10:06:26",300100
47350,550,200,"sd","10:06:25",300000
47350,550,300,"sd","10:06:24",299800
47350,550,700,"sd","10:06:24",299500
47350,550,700,"sd","10:06:09",298800
47350,550,200,"sd","10:05:45",298100
47350,550,400,"sd","10:05:34",297900
47350,550,1600,"sd","10:05:34",297500
47350,550,1000,"sd","10:05:29",295900
47350,550,1900,"sd","10:05:23",294900
47350,550,400,"sd","10:05:18",293000
47350,550,100,"sd","10:04:54",292600
47350,550,1000,"sd","10:04:54",292500
47350,550,3900,"sd","10:04:54",291500
47350,550,100,"sd","10:04:53",287600
47350,550,400,"sd","10:04:53",287500
47350,550,1500,"sd","10:04:36",287100
47350,550,500,"sd","10:04:36",285600
47350,550,2000,"sd","10:04:36",285100
47350,550,1000,"sd","10:04:36",283100
47350,550,100,"sd","10:04:20",282100
47350,550,400,"sd","10:04:20",282000
47350,550,100,"sd","10:04:20",281600
47350,550,900,"sd","10:04:20",281500
47350,550,100,"sd","10:03:23",280600
47350,550,100,"sd","10:03:23",280500
47350,550,1000,"sd","10:03:16",280400
47350,550,900,"sd","10:03:13",279400
47350,550,500,"sd","10:03:13",278500
47350,550,1600,"sd","10:03:13",278000
47350,550,500,"sd","10:02:58",276400
47350,550,300,"sd","10:02:58",275900
47350,550,200,"sd","10:02:58",275600
47400,600,5000,"bu","10:02:55",275400
47400,600,100,"bu","10:02:55",270400
47400,600,200,"bu","10:02:55",270300
47400,600,400,"bu","10:02:55",270100
47400,600,400,"bu","10:02:55",269700
47400,600,100,"bu","10:02:55",269300
47400,600,200,"bu","10:02:55",269200
47400,600,1400,"bu","10:02:55",269000
47400,600,3300,"bu","10:02:55",267600
47350,550,200,"sd","10:02:54",264300
47350,550,100,"sd","10:02:04",264100
47350,550,400,"sd","10:01:28",264000
47350,550,1000,"sd","10:00:58",263600
47350,550,1800,"sd","10:00:58",262600
47350,550,2000,"sd","10:00:34",260800
47400,600,1000,"bu","10:00:33",258800
47400,600,300,"bu","10:00:18",257800
47350,550,1200,"sd","09:59:57",257500
47350,550,300,"sd","09:59:57",256300
47350,550,500,"sd","09:59:51",256000
47350,550,200,"sd","09:59:34",255500
47350,550,300,"sd","09:59:05",255300
47400,600,3000,"bu","09:59:02",255000
47350,550,200,"sd","09:58:45",252000
47400,600,100,"bu","09:58:30",251800
47350,550,100,"sd","09:58:27",251700
47350,550,200,"sd","09:58:19",251600
47350,550,1000,"sd","09:58:12",251400
47350,550,200,"sd","09:58:04",250400
47300,500,1000,"sd","09:57:55",250200
47350,550,5500,"sd","09:57:55",249200
47350,550,500,"bu","09:57:55",243700
47350,550,200,"bu","09:57:55",243200
47350,550,300,"bu","09:57:55",243000
47350,550,2500,"bu","09:57:55",242700
47350,550,1000,"bu","09:57:55",240200
47350,550,500,"bu","09:57:55",239200
47350,550,1000,"bu","09:57:55",238700
47300,500,1500,"sd","09:57:54",237700
47300,500,500,"sd","09:57:43",236200
47300,500,300,"sd","09:57:29",235700
47350,550,400,"bu","09:56:58",235400
47300,500,200,"sd","09:56:52",235000
47350,550,2000,"bu","09:56:38",234800
47350,550,100,"bu","09:56:09",232800
47350,550,1000,"bu","09:56:01",232700
47350,550,1700,"bu","09:55:21",231700
47350,550,200,"sd","09:54:36",230000
47350,550,1700,"sd","09:54:36",229800
47350,550,200,"sd","09:54:36",228100
47350,550,100,"sd","09:54:36",227900
47350,550,100,"sd","09:54:32",227800
47350,550,200,"sd","09:54:31",227700
47350,550,200,"sd","09:54:27",227500
47350,550,800,"sd","09:54:27",227300
47350,550,100,"sd","09:54:20",226500
47350,550,1000,"sd","09:54:16",226400
47350,550,1000,"bu","09:54:04",225400
47350,550,1000,"bu","09:54:04",224400
47350,550,400,"bu","09:54:04",223400
47350,550,500,"bu","09:54:04",223000
47350,550,200,"bu","09:54:04",222500
47350,550,100,"bu","09:53:48",222300
47400,600,2300,"bu","09:53:29",222200
47400,600,200,"bu","09:53:29",219900
47400,600,500,"bu","09:53:29",219700
47400,600,3500,"bu","09:53:29",219200
47400,600,200,"bu","09:53:29",215700
47400,600,400,"bu","09:53:29",215500
47350,550,1000,"bu","09:53:29",215100
47350,550,500,"bu","09:53:29",214100
47350,550,100,"bu","09:53:29",213600
47350,550,1000,"bu","09:53:29",213500
47350,550,100,"bu","09:53:29",212500
47350,550,100,"bu","09:53:20",212400
47350,550,100,"bu","09:53:20",212300
47350,550,100,"bu","09:53:20",212200
47300,500,200,"sd","09:53:12",212100
47300,500,1000,"bu","09:53:07",211900
47300,500,200,"bu","09:53:07",210900
47300,500,500,"bu","09:52:54",210700
47300,500,100,"bu","09:52:53",210200
47300,500,200,"sd","09:52:47",210100
47300,500,2800,"sd","09:52:47",209900
47300,500,1400,"sd","09:52:47",207100
47300,500,2000,"sd","09:52:47",205700
47300,500,100,"sd","09:52:47",203700
47300,500,2000,"sd","09:52:47",203600
47300,500,700,"sd","09:52:47",201600
47350,550,100,"bu","09:52:43",200900
47350,550,100,"bu","09:52:43",200800
47300,500,100,"sd","09:52:25",200700
47350,550,200,"bu","09:52:24",200600
47300,500,100,"bu","09:52:17",200400
47300,500,300,"bu","09:52:14",200300
47250,450,300,"sd","09:52:12",200000
47300,500,300,"bu","09:52:12",199700
47300,500,100,"bu","09:52:09",199400
47300,500,100,"bu","09:52:09",199300
47300,500,500,"bu","09:52:09",199200
47300,500,200,"bu","09:52:09",198700
47300,500,200,"bu","09:52:09",198500
47300,500,100,"bu","09:52:06",198300
47300,500,200,"bu","09:52:03",198200
47300,500,100,"bu","09:52:03",198000
47300,500,9900,"bu","09:52:02",197900
47300,500,100,"bu","09:52:02",188000
47250,450,300,"sd","09:52:00",187900
47250,450,300,"sd","09:51:59",187600
47300,500,200,"bu","09:51:59",187300
47300,500,200,"bu","09:51:55",187100
47300,500,500,"bu","09:51:55",186900
47250,450,100,"sd","09:51:52",186400
47250,450,200,"sd","09:51:48",186300
47250,450,300,"sd","09:51:35",186100
47250,450,700,"bu","09:51:33",185800
47250,450,300,"bu","09:51:28",185100
47250,450,700,"bu","09:51:28",184800
47250,450,1200,"bu","09:51:27",184100
47200,400,300,"sd","09:51:22",182900
47250,450,100,"bu","09:51:18",182600
47250,450,100,"bu","09:51:18",182500
47250,450,200,"bu","09:51:17",182400
47250,450,100,"bu","09:51:17",182200
47250,450,400,"bu","09:51:14",182100
47200,400,200,"sd","09:51:07",181700
47200,400,100,"sd","09:51:00",181500
47200,400,2500,"sd","09:50:53",181400
47200,400,200,"bu","09:50:43",178900
47200,400,100,"bu","09:50:43",178700
47200,400,100,"bu","09:50:43",178600
47200,400,100,"bu","09:50:43",178500
47200,400,600,"bu","09:50:43",178400
47200,400,100,"bu","09:50:43",177800
47200,400,5800,"bu","09:50:43",177700
47200,400,1000,"bu","09:50:40",171900
47150,350,300,"sd","09:50:39",170900
47200,400,1000,"bu","09:50:38",170600
47200,400,2000,"bu","09:50:30",169600
47150,350,300,"sd","09:50:30",167600
47200,400,200,"bu","09:50:29",167300
47200,400,300,"bu","09:50:29",167100
47200,400,200,"bu","09:50:29",166800
47200,400,100,"bu","09:50:29",166600
47200,400,2200,"bu","09:50:29",166500
47200,400,100,"bu","09:50:24",164300
47200,400,7700,"bu","09:50:12",164200
47200,400,200,"bu","09:50:12",156500
47200,400,1000,"bu","09:50:12",156300
47200,400,500,"bu","09:50:12",155300
47200,400,500,"bu","09:50:12",154800
47200,400,100,"bu","09:50:12",154300
47150,350,100,"bu","09:50:09",154200
47150,350,300,"bu","09:50:09",154100
47150,350,200,"bu","09:50:09",153800
47150,350,300,"bu","09:49:57",153600
47100,300,100,"bu","09:49:46",153300
47100,300,100,"bu","09:49:44",153200
47100,300,100,"bu","09:49:44",153100
47100,300,800,"bu","09:49:44",153000
47100,300,100,"bu","09:49:44",152200
47100,300,100,"bu","09:49:44",152100
47100,300,3800,"bu","09:49:44",152000
47100,300,200,"bu","09:49:39",148200
47100,300,2500,"bu","09:49:31",148000
47100,300,3500,"bu","09:49:20",145500
47100,300,500,"bu","09:49:20",142000
47100,300,1000,"bu","09:49:20",141500
47100,300,10000,"bu","09:49:20",140500
47100,300,500,"bu","09:49:20",130500
47050,250,1700,"bu","09:49:20",130000
47050,250,1000,"bu","09:49:20",128300
47050,250,100,"bu","09:49:20",127300
47050,250,1000,"bu","09:49:20",127200
47050,250,100,"bu","09:49:20",126200
47050,250,600,"bu","09:49:20",126100
47050,250,500,"bu","09:49:11",125500
47050,250,200,"bu","09:49:11",125000
47050,250,1000,"bu","09:49:05",124800
47050,250,100,"bu","09:49:04",123800
47050,250,600,"bu","09:48:45",123700
47050,250,100,"bu","09:48:45",123100
47050,250,100,"bu","09:48:45",123000
47050,250,100,"bu","09:48:45",122900
47050,250,100,"bu","09:48:45",122800
47000,200,500,"bu","09:48:33",122700
47000,200,1000,"bu","09:48:33",122200
47000,200,200,"bu","09:48:33",121200
47000,200,200,"bu","09:48:33",121000
47000,200,100,"bu","09:48:32",120800
47000,200,1000,"bu","09:48:32",120700
47000,200,700,"bu","09:48:30",119700
47000,200,1000,"bu","09:48:28",119000
47000,200,200,"bu","09:48:26",118000
47000,200,1000,"bu","09:48:25",117800
47000,200,2000,"bu","09:48:23",116800
47000,200,2600,"bu","09:48:12",114800
47000,200,1000,"bu","09:47:59",112200
47000,200,5000,"bu","09:47:54",111200
47000,200,200,"bu","09:47:46",106200
47000,200,2800,"bu","09:47:27",106000
47000,200,2200,"bu","09:47:27",103200
46950,150,100,"sd","09:46:28",101000
46950,150,100,"bu","09:43:36",100900
46950,150,100,"sd","09:43:31",100800
46950,150,100,"sd","09:43:31",100700
46950,150,100,"bu","09:42:49",100600
46950,150,900,"bu","09:41:58",100500
46950,150,500,"bu","09:41:58",99600
46950,150,12600,"bu","09:41:58",99100
46950,150,800,"bu","09:41:58",86500
46950,150,800,"bu","09:41:52",85700
46950,150,1000,"bu","09:41:43",84900
46950,150,1200,"bu","09:41:07",83900
46900,100,100,"sd","09:40:35",82700
46900,100,1000,"sd","09:40:35",82600
46900,100,1000,"sd","09:40:35",81600
46900,100,100,"sd","09:40:35",80600
46900,100,4000,"sd","09:40:35",80500
46900,100,1700,"sd","09:40:35",76500
46900,100,600,"sd","09:40:35",74800
46900,100,100,"sd","09:40:14",74200
46900,100,300,"sd","09:40:01",74100
46900,100,500,"sd","09:39:45",73800
46950,150,1000,"bu","09:39:21",73300
46950,150,1000,"sd","09:39:20",72300
46950,150,500,"sd","09:39:20",71300
46950,150,500,"sd","09:39:20",70800
46950,150,300,"sd","09:39:20",70300
46950,150,300,"sd","09:39:20",70000
46950,150,100,"sd","09:39:08",69700
47000,200,300,"bu","09:38:56",69600
46950,150,200,"sd","09:38:51",69300
47000,200,1000,"bu","09:38:48",69100
47050,250,100,"bu","09:38:27",68100
46950,150,300,"sd","09:38:10",68000
46950,150,200,"sd","09:38:10",67700
46950,150,500,"sd","09:38:10",67500
47000,200,100,"bu","09:37:51",67000
47000,200,100,"bu","09:37:51",66900
47000,200,1000,"bu","09:37:51",66800
47000,200,100,"bu","09:37:51",65800
47000,200,700,"bu","09:37:51",65700
47000,200,100,"bu","09:37:51",65000
47000,200,300,"bu","09:37:51",64900
47000,200,400,"bu","09:37:51",64600
47000,200,200,"bu","09:37:51",64200
47000,200,200,"bu","09:37:38",64000
47000,200,100,"bu","09:37:28",63800
47000,200,300,"bu","09:37:28",63700
47000,200,700,"bu","09:37:16",63400
47000,200,100,"bu","09:37:16",62700
47000,200,4200,"bu","09:37:16",62600
46950,150,500,"sd","09:37:11",58400
46950,150,500,"sd","09:37:11",57900
46950,150,800,"sd","09:37:11",57400
46950,150,200,"sd","09:37:11",56600
47000,200,3000,"bu","09:36:33",56400
47000,200,4000,"bu","09:36:30",53400
46950,150,300,"sd","09:36:30",49400
47000,200,500,"bu","09:36:25",49100
46950,150,100,"sd","09:36:11",48600
46950,150,200,"sd","09:36:11",48500
47000,200,1000,"bu","09:36:09",48300
47000,200,1000,"bu","09:35:28",47300
47000,200,200,"bu","09:34:36",46300
47000,200,1000,"bu","09:34:36",46100
46950,150,100,"sd","09:34:18",45100
46950,150,100,"sd","09:34:18",45000
46950,150,100,"sd","09:34:17",44900
46950,150,100,"sd","09:34:17",44800
46950,150,300,"sd","09:33:48",44700
46950,150,200,"sd","09:33:45",44400
47000,200,200,"bu","09:33:44",44200
47000,200,200,"bu","09:32:57",44000
47000,200,500,"bu","09:32:19",43800
47000,200,100,"bu","09:31:22",43300
47000,200,500,"bu","09:31:16",43200
46950,150,200,"sd","09:30:49",42700
46950,150,300,"sd","09:30:17",42500
46950,150,100,"sd","09:30:02",42200
46950,150,1200,"sd","09:29:44",42100
46950,150,1000,"sd","09:29:42",40900
46950,150,700,"sd","09:29:25",39900
47000,200,1200,"bu","09:28:57",39200
47000,200,1500,"bu","09:28:57",38000
47000,200,400,"bu","09:28:57",36500
47000,200,700,"bu","09:28:57",36100
47000,200,1000,"bu","09:28:57",35400
47000,200,200,"bu","09:28:57",34400
47000,200,500,"bu","09:28:40",34200
46950,150,900,"sd","09:27:53",33700
46950,150,200,"bu","09:27:37",32800
46950,150,1000,"bu","09:27:18",32600
46950,150,200,"bu","09:27:18",31600
46950,150,200,"bu","09:27:18",31400
46950,150,500,"bu","09:27:18",31200
46950,150,100,"bu","09:27:18",30700
46950,150,100,"bu","09:26:53",30600
46950,150,2000,"bu","09:26:25",30500
46950,150,500,"bu","09:25:44",28500
46900,100,400,"bu","09:23:52",28000
46900,100,500,"bu","09:23:52",27600
46900,100,4100,"bu","09:23:52",27100
46900,100,200,"bu","09:23:17",23000
46850,50,500,"sd","09:23:09",22800
46850,50,500,"sd","09:23:09",22300
46900,100,1000,"bu","09:22:54",21800
46850,50,500,"sd","09:21:16",20800
46850,50,100,"sd","09:19:28",20300
46900,100,200,"sd","09:19:19",20200
46950,150,3000,"sd","09:18:59",20000
46950,150,200,"sd","09:18:59",17000
46950,150,400,"sd","09:18:59",16800
47000,200,100,"bu","09:18:31",16400
47000,200,1000,"bu","09:18:12",16300
46950,150,100,"bu","09:17:29",15300
46900,100,100,"sd","09:17:08",15200
46900,100,600,"sd","09:17:08",15100
46950,150,200,"sd","09:17:08",14500
46950,150,100,"sd","09:16:41",14300
46950,150,200,"bu","09:15:29",14200
46950,150,100,"bu","09:15:29",14000
46950,150,13900,"sd","09:14:59",13900
