"price","change","match_qtty","side","time","total_vol"
16800,100,114800,"bu","14:45:01",1121500
16750,50,100,"bu","14:28:14",1006700
16700,0,1600,"sd","14:27:39",1006600
16700,0,1400,"sd","14:27:39",1005000
16700,0,300,"sd","14:27:11",1003600
16700,0,5700,"sd","14:27:11",1003300
16700,0,1000,"sd","14:27:08",997600
16700,0,1000,"sd","14:26:57",996600
16700,0,1000,"sd","14:26:47",995600
16700,0,1300,"sd","14:26:39",994600
16700,0,200,"sd","14:26:39",993300
16700,0,500,"sd","14:26:39",993100
16700,0,500,"sd","14:25:50",992600
16700,0,100,"sd","14:25:45",992100
16700,0,100,"sd","14:25:45",992000
16700,0,400,"sd","14:25:38",991900
16700,0,2000,"sd","14:25:24",991500
16700,0,700,"sd","14:24:36",989500
16700,0,1000,"sd","14:24:11",988800
16700,0,300,"bu","14:24:06",987800
16700,0,100,"bu","14:24:06",987500
16700,0,100,"bu","14:24:01",987400
16700,0,900,"bu","14:24:01",987300
16700,0,300,"sd","14:21:47",986400
16700,0,100,"sd","14:21:46",986100
16700,0,700,"sd","14:21:46",986000
16700,0,200,"sd","14:21:40",985300
16700,0,100,"sd","14:21:21",985100
16700,0,200,"sd","14:21:16",985000
16700,0,200,"sd","14:21:09",984800
16700,0,100,"bu","14:20:25",984600
16700,0,100,"sd","14:20:23",984500
16700,0,900,"sd","14:19:31",984400
16700,0,100,"sd","14:19:31",983500
16700,0,100,"sd","14:19:23",983400
16700,0,500,"sd","14:19:23",983300
16700,0,300,"sd","14:19:23",982800
16700,0,200,"sd","14:19:23",982500
16700,0,600,"sd","14:19:23",982300
16700,0,500,"sd","14:19:23",981700
16700,0,200,"sd","14:19:23",981200
16700,0,100,"sd","14:19:23",981000
16700,0,3000,"sd","14:19:23",980900
16700,0,1500,"sd","14:19:23",977900
16700,0,100,"sd","14:19:23",976400
16700,0,500,"sd","14:19:23",976300
16700,0,12400,"sd","14:19:23",975800
16700,0,7200,"sd","14:18:46",963400
16700,0,500,"sd","14:18:46",956200
16700,0,700,"sd","14:18:46",955700
16750,50,200,"bu","14:18:27",955000
16700,0,2000,"sd","14:18:02",954800
16750,50,500,"bu","14:17:10",952800
16750,50,300,"bu","14:17:10",952300
16750,50,700,"bu","14:16:59",952000
16750,50,900,"bu","14:16:59",951300
16750,50,200,"bu","14:16:03",950400
16750,50,300,"bu","14:16:03",950200
16750,50,100,"bu","14:16:03",949900
16750,50,200,"bu","14:16:03",949800
16750,50,100,"bu","14:16:03",949600
16750,50,1100,"bu","14:16:03",949500
16700,0,2000,"sd","14:15:19",948400
16750,50,500,"bu","14:13:35",946400
16750,50,5000,"bu","14:13:10",945900
16750,50,5000,"bu","14:13:06",940900
16700,0,900,"sd","14:13:00",935900
16750,50,400,"bu","14:12:48",935000
16750,50,100,"bu","14:12:48",934600
16700,0,4000,"sd","14:11:40",934500
16700,0,100,"sd","14:10:07",930500
16700,0,100,"sd","14:09:47",930400
16700,0,600,"sd","14:09:30",930300
16700,0,600,"sd","14:09:30",929700
16700,0,800,"sd","14:09:30",929100
16700,0,1000,"sd","14:07:46",928300
16700,0,200,"sd","14:07:32",927300
16700,0,100,"sd","14:07:22",927100
16700,0,5000,"sd","14:06:55",927000
16700,0,7700,"sd","14:05:45",922000
16700,0,5000,"sd","14:05:17",914300
16700,0,200,"sd","14:03:44",909300
16700,0,500,"sd","14:00:38",909100
16700,0,600,"sd","14:00:38",908600
16700,0,400,"bu","13:57:25",908000
16700,0,1000,"bu","13:57:24",907600
16700,0,200,"bu","13:57:24",906600
16700,0,400,"bu","13:57:19",906400
16700,0,11700,"bu","13:57:19",906000
16700,0,100,"bu","13:56:50",894300
16700,0,400,"bu","13:56:16",894200
16700,0,800,"bu","13:56:14",893800
16700,0,4000,"bu","13:55:33",893000
16700,0,2000,"bu","13:54:13",889000
16700,0,10000,"bu","13:53:58",887000
16650,-50,1000,"sd","13:53:31",877000
16700,0,500,"bu","13:52:56",876000
16650,-50,2000,"sd","13:52:46",875500
16650,-50,400,"sd","13:52:18",873500
16600,-100,5600,"sd","13:51:04",873100
16650,-50,2000,"sd","13:51:04",867500
16650,-50,2400,"sd","13:51:04",865500
16700,0,600,"bu","13:50:37",863100
16700,0,4900,"bu","13:48:33",862500
16650,-50,5000,"bu","13:48:33",857600
16650,-50,4200,"bu","13:48:33",852600
16650,-50,200,"bu","13:48:33",848400
16650,-50,5000,"bu","13:48:33",848200
16650,-50,700,"bu","13:48:33",843200
16600,-100,2900,"sd","13:48:31",842500
16600,-100,1500,"sd","13:46:23",839600
16600,-100,100,"sd","13:45:58",838100
16600,-100,500,"sd","13:45:58",838000
16600,-100,300,"sd","13:45:58",837500
16600,-100,1900,"sd","13:45:58",837200
16600,-100,200,"sd","13:45:58",835300
16600,-100,2000,"sd","13:45:58",835100
16650,-50,300,"bu","13:45:44",833100
16600,-100,500,"bu","13:44:33",832800
16600,-100,100,"bu","13:44:22",832300
16600,-100,100,"bu","13:44:20",832200
16600,-100,1800,"bu","13:43:59",832100
16600,-100,500,"bu","13:43:54",830300
16600,-100,100,"bu","13:43:54",829800
16600,-100,5000,"bu","13:43:52",829700
16600,-100,800,"sd","13:43:17",824700
16600,-100,3200,"bu","13:43:12",823900
16600,-100,1000,"bu","13:43:08",820700
16600,-100,2000,"bu","13:42:47",819700
16600,-100,400,"bu","13:42:39",817700
16600,-100,900,"bu","13:42:39",817300
16600,-100,200,"bu","13:42:39",816400
16600,-100,2000,"bu","13:42:01",816200
16600,-100,2000,"bu","13:41:45",814200
16600,-100,600,"bu","13:41:45",812200
16600,-100,5000,"bu","13:41:45",811600
16600,-100,200,"bu","13:41:45",806600
16600,-100,1000,"bu","13:41:45",806400
16600,-100,9000,"bu","13:41:45",805400
16650,-50,300,"sd","13:41:34",796400
16650,-50,500,"sd","13:41:34",796100
16650,-50,1100,"sd","13:41:34",795600
16650,-50,500,"sd","13:39:49",794500
16700,0,500,"bu","13:39:48",794000
16700,0,500,"sd","13:39:45",793500
16700,0,100,"bu","13:39:25",793000
16700,0,4400,"bu","13:39:25",792900
16650,-50,200,"bu","13:37:57",788500
16650,-50,400,"bu","13:37:57",788300
16650,-50,1000,"bu","13:37:57",787900
16700,0,100,"bu","13:37:27",786900
16700,0,100,"bu","13:36:27",786800
16700,0,100,"bu","13:35:48",786700
16550,-150,4800,"sd","13:35:36",786600
16550,-150,1000,"sd","13:35:36",781800
16550,-150,500,"sd","13:35:36",780800
16550,-150,100,"sd","13:35:36",780300
16550,-150,500,"sd","13:35:36",780200
16550,-150,800,"sd","13:35:36",779700
16600,-100,2000,"unknown","13:35:36",778900
16600,-100,200,"unknown","13:35:36",776900
16600,-100,100,"unknown","13:35:36",776700
16600,-100,1100,"bu","13:34:41",776600
16600,-100,200,"bu","13:34:29",775500
16550,-150,1600,"sd","13:33:49",775300
16600,-100,1000,"sd","13:33:42",773700
16600,-100,1000,"sd","13:33:41",772700
16600,-100,1000,"sd","13:33:41",771700
16600,-100,1000,"sd","13:33:41",770700
16600,-100,400,"sd","13:33:41",769700
16600,-100,100,"sd","13:33:32",769300
16700,0,200,"bu","13:32:50",769200
16700,0,5000,"bu","13:32:48",769000
16700,0,10000,"bu","13:32:23",764000
16600,-100,6000,"sd","13:31:39",754000
16600,-100,1000,"sd","13:31:39",748000
16600,-100,300,"sd","13:31:38",747000
16600,-100,5000,"sd","13:31:38",746700
16600,-100,700,"sd","13:31:38",741700
16650,-50,1000,"sd","13:31:38",741000
16650,-50,300,"sd","13:31:38",740000
16650,-50,300,"sd","13:31:38",739700
16650,-50,400,"sd","13:31:38",739400
16700,0,100,"sd","13:31:04",739000
16700,0,100,"sd","13:30:22",738900
16700,0,300,"sd","13:30:14",738800
16700,0,3000,"sd","13:30:12",738500
16700,0,5000,"sd","13:30:03",735500
16700,0,1000,"sd","13:29:39",730500
16700,0,700,"bu","13:29:01",729500
16650,-50,100,"sd","13:28:57",728800
16700,0,100,"bu","13:27:36",728700
16700,0,1000,"sd","13:27:27",728600
16700,0,200,"sd","13:27:27",727600
16700,0,13000,"sd","13:27:27",727400
16750,50,100,"bu","13:27:12",714400
16750,50,100,"bu","13:26:15",714300
16750,50,300,"sd","13:25:41",714200
16750,50,300,"sd","13:25:41",713900
16750,50,3200,"sd","13:25:36",713600
16750,50,8800,"sd","13:25:16",710400
16750,50,1500,"sd","13:25:16",701600
16750,50,1600,"sd","13:25:08",700100
16750,50,100,"sd","13:23:43",698500
16750,50,5000,"bu","13:21:59",698400
16750,50,4500,"bu","13:21:59",693400
16750,50,500,"bu","13:21:26",688900
16750,50,600,"bu","13:21:26",688400
16700,0,200,"sd","13:20:45",687800
16700,0,2000,"bu","13:20:37",687600
16700,0,1000,"bu","13:20:37",685600
16700,0,400,"bu","13:20:37",684600
16700,0,600,"bu","13:18:39",684200
16700,0,300,"bu","13:18:39",683600
16700,0,1000,"bu","13:18:39",683300
16700,0,100,"bu","13:18:39",682300
16650,-50,200,"sd","13:17:37",682200
16650,-50,300,"sd","13:17:18",682000
16650,-50,900,"sd","13:17:18",681700
16650,-50,400,"sd","13:17:04",680800
16700,0,300,"bu","13:16:38",680400
16700,0,500,"bu","13:16:33",680100
16700,0,1100,"bu","13:15:56",679600
16650,-50,600,"sd","13:15:27",678500
16700,0,500,"bu","13:14:39",677900
16700,0,2000,"bu","13:14:39",677400
16700,0,500,"bu","13:14:39",675400
16700,0,2000,"bu","13:14:39",674900
16650,-50,500,"bu","13:14:04",672900
16650,-50,300,"bu","13:14:00",672400
16650,-50,500,"bu","13:13:59",672100
16650,-50,5000,"bu","13:13:53",671600
16650,-50,300,"bu","13:13:20",666600
16600,-100,700,"bu","13:13:20",666300
16600,-100,900,"sd","13:13:14",665600
16600,-100,100,"sd","13:13:07",664700
16600,-100,900,"sd","13:13:07",664600
16600,-100,1100,"bu","13:12:39",663700
16600,-100,1000,"bu","13:12:39",662600
16600,-100,4000,"bu","13:12:39",661600
16600,-100,500,"bu","13:12:36",657600
16600,-100,2500,"bu","13:12:34",657100
16600,-100,5000,"bu","13:12:21",654600
16600,-100,2000,"bu","13:12:11",649600
16600,-100,200,"bu","13:11:50",647600
16550,-150,900,"sd","13:11:41",647400
16600,-100,1000,"bu","13:11:11",646500
16550,-150,100,"sd","13:10:38",645500
16550,-150,500,"sd","13:10:12",645400
16600,-100,500,"bu","13:09:54",644900
16600,-100,100,"bu","13:09:54",644400
16600,-100,1000,"bu","13:09:08",644300
16600,-100,500,"sd","13:08:37",643300
16600,-100,2000,"sd","13:08:37",642800
16600,-100,200,"sd","13:08:37",640800
16600,-100,500,"sd","13:08:37",640600
16600,-100,100,"sd","13:06:36",640100
16600,-100,1400,"sd","13:05:51",640000
16600,-100,500,"sd","13:05:51",638600
16600,-100,100,"sd","13:05:51",638100
16600,-100,300,"sd","13:05:51",638000
16600,-100,300,"sd","13:05:51",637700
16600,-100,500,"sd","13:05:51",637400
16600,-100,300,"sd","13:05:51",636900
16600,-100,700,"sd","13:05:51",636600
16600,-100,1000,"sd","13:05:38",635900
16600,-100,100,"sd","13:05:38",634900
16600,-100,400,"sd","13:05:38",634800
16600,-100,100,"sd","13:05:38",634400
16600,-100,1000,"sd","13:05:38",634300
16600,-100,300,"sd","13:05:38",633300
16600,-100,400,"sd","13:05:38",633000
16600,-100,6900,"sd","13:05:38",632600
16600,-100,500,"sd","13:05:38",625700
16600,-100,700,"sd","13:05:38",625200
16600,-100,100,"sd","13:05:38",624500
16600,-100,500,"sd","13:05:38",624400
16650,-50,300,"bu","13:04:09",623900
16650,-50,200,"sd","13:02:20",623600
16650,-50,300,"sd","13:02:20",623400
16650,-50,200,"sd","13:02:20",623100
16650,-50,300,"sd","13:02:20",622900
16650,-50,500,"sd","13:02:20",622600
16650,-50,100,"sd","13:02:20",622100
16650,-50,400,"sd","13:02:20",622000
16650,-50,100,"sd","13:01:50",621600
16650,-50,400,"sd","13:01:50",621500
16650,-50,4600,"sd","13:01:03",621100
16650,-50,500,"sd","13:01:01",616500
16650,-50,100,"sd","13:00:59",616000
16650,-50,500,"sd","13:00:57",615900
16650,-50,1400,"sd","13:00:55",615400
16650,-50,6300,"sd","13:00:54",614000
16650,-50,3100,"sd","13:00:52",607700
16650,-50,300,"sd","13:00:50",604600
16650,-50,1600,"sd","13:00:31",604300
16650,-50,500,"sd","13:00:27",602700
16650,-50,1600,"sd","13:00:25",602200
16650,-50,1000,"sd","13:00:19",600600
16650,-50,900,"sd","13:00:18",599600
16650,-50,1600,"sd","13:00:18",598700
16650,-50,1400,"sd","13:00:14",597100
16650,-50,5000,"sd","13:00:13",595700
16650,-50,500,"sd","13:00:13",590700
16650,-50,600,"sd","13:00:13",590200
16650,-50,5200,"sd","11:29:58",589600
16650,-50,4800,"sd","11:29:58",584400
16650,-50,200,"sd","11:29:57",579600
16650,-50,300,"sd","11:29:57",579400
16700,0,500,"sd","11:29:46",579100
16700,0,500,"sd","11:29:27",578600
16700,0,500,"sd","11:29:27",578100
16700,0,500,"sd","11:26:36",577600
16700,0,100,"sd","11:26:36",577100
16700,0,400,"sd","11:26:36",577000
16700,0,200,"bu","11:21:39",576600
16700,0,300,"sd","11:21:26",576400
16700,0,500,"sd","11:21:26",576100
16700,0,300,"sd","11:21:26",575600
16700,0,100,"sd","11:21:05",575300
16700,0,900,"sd","11:19:02",575200
16700,0,100,"sd","11:19:02",574300
16700,0,100,"sd","11:19:02",574200
16700,0,1000,"sd","11:19:02",574100
16700,0,500,"sd","11:19:02",573100
16700,0,1200,"sd","11:19:02",572600
16700,0,300,"sd","11:18:47",571400
16700,0,300,"sd","11:16:41",571100
16700,0,100,"sd","11:16:41",570800
16700,0,500,"sd","11:16:41",570700
16700,0,100,"sd","11:16:41",570200
16700,0,200,"sd","11:15:58",570100
16750,50,2000,"bu","11:15:24",569900
16700,0,1000,"sd","11:14:49",567900
16700,0,3700,"sd","11:13:25",566900
16700,0,2000,"sd","11:13:25",563200
16700,0,4000,"sd","11:13:25",561200
16700,0,2100,"sd","11:13:25",557200
16700,0,2100,"sd","11:11:59",555100
16700,0,100,"sd","11:11:59",553000
16700,0,500,"sd","11:11:59",552900
16700,0,300,"sd","11:11:59",552400
16700,0,2000,"sd","11:11:59",552100
16700,0,8000,"sd","11:10:59",550100
16750,50,400,"bu","11:09:23",542100
16750,50,600,"bu","11:08:56",541700
16750,50,200,"sd","11:08:31",541100
16750,50,200,"sd","11:08:31",540900
16750,50,100,"sd","11:07:04",540700
16750,50,200,"sd","11:04:37",540600
16750,50,300,"bu","11:02:03",540400
16750,50,500,"bu","11:01:22",540100
16750,50,1000,"sd","11:00:16",539600
16750,50,500,"sd","11:00:16",538600
16750,50,2000,"sd","11:00:16",538100
16750,50,200,"sd","11:00:16",536100
16750,50,300,"sd","10:59:56",535900
16750,50,100,"sd","10:59:56",535600
16750,50,300,"sd","10:59:56",535500
16750,50,500,"sd","10:59:38",535200
16750,50,9500,"sd","10:59:38",534700
16750,50,1700,"sd","10:55:12",525200
16800,100,300,"bu","10:54:54",523500
16800,100,5000,"bu","10:54:00",523200
16800,100,3600,"sd","10:52:34",518200
16800,100,5000,"bu","10:51:49",514600
16800,100,100,"bu","10:51:49",509600
16800,100,1200,"bu","10:51:49",509500
16800,100,200,"sd","10:49:41",508300
16800,100,300,"sd","10:49:41",508100
16800,100,700,"bu","10:48:59",507800
16800,100,1000,"sd","10:45:32",507100
16800,100,200,"sd","10:45:32",506100
16800,100,15600,"sd","10:45:32",505900
16800,100,500,"sd","10:45:32",490300
16800,100,2000,"sd","10:45:32",489800
16850,150,1500,"sd","10:43:42",487800
16850,150,2800,"sd","10:43:42",486300
16850,150,5000,"sd","10:42:37",483500
16850,150,1500,"sd","10:42:37",478500
16850,150,700,"sd","10:42:37",477000
16850,150,1800,"sd","10:41:25",476300
16850,150,100,"sd","10:41:25",474500
16850,150,100,"sd","10:41:12",474400
16850,150,2500,"bu","10:41:03",474300
16850,150,1000,"bu","10:41:03",471800
16850,150,1000,"bu","10:40:46",470800
16850,150,300,"unknown","10:40:03",469800
16850,150,1700,"unknown","10:40:03",469500
16850,150,500,"sd","10:39:46",467800
16900,200,100,"sd","10:38:46",467300
16900,200,8600,"sd","10:38:46",467200
16900,200,1000,"sd","10:38:46",458600
16900,200,4900,"sd","10:38:46",457600
16900,200,5100,"sd","10:38:35",452700
16900,200,700,"sd","10:38:35",447600
16900,200,1000,"sd","10:37:56",446900
16900,200,1000,"sd","10:37:51",445900
16900,200,1000,"sd","10:36:56",444900
16900,200,100,"sd","10:36:37",443900
16900,200,200,"sd","10:36:03",443800
16900,200,200,"sd","10:35:57",443600
16900,200,500,"sd","10:35:44",443400
16950,250,100,"bu","10:35:43",442900
16900,200,500,"sd","10:35:35",442800
16900,200,1000,"bu","10:34:43",442300
16900,200,2000,"bu","10:34:43",441300
16900,200,500,"bu","10:34:43",439300
16900,200,300,"bu","10:34:43",438800
16900,200,1000,"bu","10:34:43",438500
16900,200,2000,"bu","10:34:37",437500
16900,200,1200,"bu","10:34:28",435500
16900,200,200,"bu","10:34:28",434300
16900,200,900,"bu","10:34:28",434100
16900,200,500,"bu","10:34:28",433200
16900,200,600,"bu","10:34:28",432700
16900,200,500,"bu","10:34:28",432100
16900,200,300,"bu","10:34:28",431600
16850,150,9900,"bu","10:33:22",431300
16850,150,500,"bu","10:33:22",421400
16850,150,1000,"bu","10:33:22",420900
16850,150,2000,"bu","10:33:05",419900
16850,150,100,"bu","10:33:05",417900
16850,150,200,"bu","10:33:05",417800
16850,150,1000,"bu","10:33:05",417600
16850,150,700,"bu","10:33:05",416600
16850,150,1300,"bu","10:32:54",415900
16850,150,500,"bu","10:32:54",414600
16850,150,400,"bu","10:32:36",414100
16800,100,200,"sd","10:31:02",413700
16850,150,100,"bu","10:28:44",413500
16850,150,300,"bu","10:27:45",413400
16800,100,6100,"sd","10:26:33",413100
16800,100,300,"sd","10:26:05",407000
16800,100,100,"sd","10:25:37",406700
16800,100,100,"bu","10:24:18",406600
16800,100,7600,"bu","10:24:18",406500
16800,100,200,"bu","10:24:04",398900
16800,100,200,"sd","10:23:21",398700
16800,100,2000,"bu","10:22:34",398500
16800,100,400,"bu","10:22:34",396500
16800,100,2400,"bu","10:22:34",396100
16800,100,100,"bu","10:20:51",393700
16800,100,2500,"sd","10:20:46",393600
16800,100,2500,"sd","10:20:24",391100
16800,100,2500,"sd","10:20:24",388600
16800,100,200,"sd","10:20:13",386100
16800,100,5000,"sd","10:20:09",385900
16800,100,1000,"bu","10:19:45",380900
16800,100,200,"bu","10:19:45",379900
16800,100,1100,"bu","10:19:45",379700
16800,100,200,"bu","10:18:08",378600
16800,100,3700,"bu","10:17:57",378400
16800,100,1000,"bu","10:17:57",374700
16800,100,300,"bu","10:17:57",373700
16800,100,500,"bu","10:17:53",373400
16800,100,200,"bu","10:17:43",372900
16800,100,100,"bu","10:15:59",372700
16800,100,1900,"bu","10:14:56",372600
16800,100,1300,"bu","10:14:56",370700
16800,100,100,"bu","10:14:56",369400
16800,100,1000,"bu","10:14:56",369300
16800,100,100,"bu","10:14:56",368300
16800,100,200,"bu","10:14:56",368200
16800,100,400,"bu","10:14:56",368000
16800,100,100,"bu","10:14:46",367600
16800,100,7900,"bu","10:14:46",367500
16800,100,500,"bu","10:13:26",359600
16800,100,300,"bu","10:10:00",359100
16800,100,1000,"bu","10:08:10",358800
16800,100,1000,"bu","10:07:56",357800
16750,50,700,"sd","10:07:51",356800
16750,50,3100,"sd","10:06:20",356100
16750,50,100,"sd","10:06:20",353000
16800,100,3500,"bu","10:06:20",352900
16800,100,200,"bu","10:05:25",349400
16800,100,3200,"sd","10:05:15",349200
16800,100,2400,"sd","10:05:15",346000
16800,100,2200,"sd","10:04:48",343600
16800,100,10400,"bu","10:04:45",341400
16800,100,300,"bu","10:04:17",331000
16800,100,1000,"bu","10:03:23",330700
16800,100,200,"sd","10:03:18",329700
16800,100,100,"sd","10:03:18",329500
16800,100,500,"sd","10:03:18",329400
16800,100,7500,"sd","10:03:18",328900
16850,150,100,"bu","10:01:53",321400
16850,150,100,"sd","10:01:08",321300
16850,150,100,"sd","10:00:18",321200
16900,200,13900,"bu","09:59:38",321100
16900,200,200,"bu","09:59:38",307200
16900,200,5900,"bu","09:59:38",307000
16900,200,1500,"bu","09:58:33",301100
16850,150,2500,"bu","09:58:33",299600
16850,150,300,"bu","09:58:26",297100
16850,150,200,"bu","09:58:18",296800
16900,200,100,"bu","09:57:40",296600
16800,100,2500,"sd","09:57:28",296500
16800,100,200,"sd","09:57:28",294000
16800,100,2300,"sd","09:57:28",293800
16800,100,1000,"sd","09:57:05",291500
16900,200,100,"bu","09:56:51",290500
16900,200,300,"bu","09:56:49",290400
16900,200,1600,"sd","09:56:42",290100
16900,200,10500,"sd","09:56:42",288500
16900,200,100,"sd","09:56:41",278000
16900,200,100,"sd","09:56:40",277900
16900,200,2000,"sd","09:56:39",277800
16900,200,2200,"sd","09:56:17",275800
16950,250,100,"bu","09:55:26",273600
16950,250,200,"bu","09:55:26",273500
16950,250,400,"bu","09:55:26",273300
16950,250,2300,"bu","09:55:26",272900
16950,250,100,"bu","09:55:15",270600
16950,250,100,"bu","09:54:38",270500
16950,250,2500,"bu","09:54:33",270400
16950,250,100,"bu","09:54:33",267900
16950,250,100,"bu","09:54:33",267800
16950,250,2000,"bu","09:54:33",267700
16950,250,500,"bu","09:54:33",265700
16950,250,200,"bu","09:54:33",265200
16950,250,3600,"bu","09:54:33",265000
16950,250,3000,"bu","09:54:17",261400
16950,250,200,"bu","09:54:11",258400
16900,200,200,"sd","09:54:05",258200
16950,250,1200,"bu","09:54:03",258000
16950,250,11800,"bu","09:54:03",256800
16950,250,4000,"bu","09:54:01",245000
16900,200,1100,"sd","09:53:55",241000
16950,250,300,"bu","09:53:54",239900
16900,200,1000,"sd","09:53:47",239600
16900,200,1000,"bu","09:53:46",238600
16900,200,1000,"bu","09:53:46",237600
16900,200,800,"bu","09:53:46",236600
16900,200,1200,"bu","09:53:40",235800
16900,200,3000,"bu","09:53:32",234600
16800,100,200,"sd","09:53:15",231600
16800,100,2500,"bu","09:52:49",231400
16800,100,500,"bu","09:52:33",228900
16950,250,10000,"bu","09:52:08",228400
16900,200,1000,"unknown","09:52:08",218400
16900,200,1000,"unknown","09:52:08",217400
16900,200,100,"unknown","09:52:08",216400
16900,200,2000,"unknown","09:52:08",216300
16800,100,1000,"unknown","09:52:08",214300
16800,100,10100,"unknown","09:52:08",213300
16900,200,1000,"unknown","09:52:08",203200
16800,100,1000,"unknown","09:52:08",202200
16900,200,1000,"unknown","09:52:08",201200
16800,100,1000,"unknown","09:52:08",200200
16900,200,200,"unknown","09:52:08",199200
16750,50,100,"unknown","09:52:08",199000
16750,50,21000,"unknown","09:52:08",198900
16750,50,100,"unknown","09:52:07",177900
16850,150,500,"unknown","09:52:07",177800
16700,0,4500,"unknown","09:52:07",177300
16700,0,5200,"unknown","09:52:07",172800
16700,0,10000,"unknown","09:52:07",167600
16700,0,1000,"unknown","09:52:07",157600
16850,150,1000,"unknown","09:52:07",156600
16700,0,1000,"unknown","09:52:07",155600
16850,150,6000,"unknown","09:52:07",154600
16850,150,100,"unknown","09:52:07",148600
16850,150,10100,"unknown","09:52:07",148500
16700,0,400,"unknown","09:52:07",138400
16850,150,1000,"unknown","09:52:07",138000
16700,0,4900,"unknown","09:52:07",137000
16850,150,1000,"bu","09:52:07",132100
16800,100,100,"bu","09:52:07",131100
16800,100,500,"bu","09:52:07",131000
16800,100,200,"bu","09:52:07",130500
16800,100,1400,"bu","09:52:07",130300
16800,100,500,"bu","09:52:07",128900
16700,0,100,"bu","09:50:24",128400
16650,-50,2200,"sd","09:49:49",128300
16650,-50,1000,"sd","09:49:39",126100
16650,-50,1600,"sd","09:47:35",125100
16650,-50,300,"bu","09:47:20",123500
16650,-50,500,"bu","09:47:20",123200
16650,-50,500,"bu","09:47:20",122700
16650,-50,1000,"bu","09:47:20",122200
16650,-50,600,"bu","09:47:20",121200
16650,-50,1100,"bu","09:45:31",120600
16650,-50,1900,"bu","09:45:31",119500
16600,-100,200,"sd","09:43:16",117600
16650,-50,200,"bu","09:41:21",117400
16650,-50,100,"bu","09:41:07",117200
16650,-50,300,"bu","09:40:49",117100
16650,-50,700,"bu","09:40:49",116800
16650,-50,500,"bu","09:40:30",116100
16650,-50,1300,"bu","09:39:54",115600
16650,-50,1000,"bu","09:39:54",114300
16650,-50,700,"bu","09:39:54",113300
16650,-50,800,"bu","09:38:56",112600
16650,-50,300,"bu","09:38:40",111800
16650,-50,200,"bu","09:38:08",111500
16650,-50,300,"sd","09:38:03",111300
16650,-50,500,"sd","09:38:03",111000
16650,-50,2000,"sd","09:38:03",110500
16650,-50,200,"sd","09:38:03",108500
16650,-50,1800,"bu","09:37:02",108300
16650,-50,100,"sd","09:36:54",106500
16650,-50,10000,"sd","09:36:54",106400
16650,-50,8100,"sd","09:36:54",96400
16650,-50,400,"sd","09:36:10",88300
16650,-50,1500,"bu","09:34:45",87900
16650,-50,10000,"bu","09:34:04",86400
16600,-100,2000,"sd","09:33:45",76400
16650,-50,8500,"bu","09:31:49",74400
16650,-50,200,"bu","09:31:49",65900
16650,-50,11300,"bu","09:31:49",65700
16650,-50,1000,"bu","09:29:43",54400
16650,-50,1000,"bu","09:29:23",53400
16600,-100,100,"sd","09:29:18",52400
16600,-100,800,"bu","09:26:27",52300
16550,-150,1100,"sd","09:25:51",51500
16650,-50,6700,"bu","09:24:58",50400
16650,-50,1000,"bu","09:24:30",43700
16650,-50,1900,"bu","09:24:30",42700
16600,-100,100,"bu","09:24:30",40800
16600,-100,300,"bu","09:24:30",40700
16600,-100,200,"sd","09:23:59",40400
16600,-100,100,"sd","09:23:48",40200
16600,-100,900,"sd","09:23:48",40100
16650,-50,100,"bu","09:23:32",39200
16600,-100,1500,"sd","09:23:29",39100
16700,0,2800,"bu","09:21:28",37600
16700,0,7200,"bu","09:21:28",34800
16700,0,1000,"sd","09:19:57",27600
16700,0,10000,"sd","09:19:57",26600
16700,0,1800,"sd","09:19:57",16600
16700,0,1200,"bu","09:18:31",14800
16700,0,100,"bu","09:17:52",13600
16700,0,2200,"bu","09:17:20",13500
16700,0,5800,"bu","09:17:20",11300
16700,0,2200,"sd","09:16:08",5500
16700,0,3300,"unknown","09:15:01",3300
