"price","change","match_qtty","side","time","total_vol"
91700,600,51900,"unknown","14:45:00",801500
91500,400,700,"bu","14:29:43",749600
91500,400,300,"bu","14:29:43",748900
91500,400,200,"bu","14:29:09",748600
91500,400,100,"bu","14:29:02",748400
91400,300,100,"sd","14:28:23",748300
91500,400,100,"bu","14:28:20",748200
91400,300,100,"sd","14:28:13",748100
91400,300,100,"sd","14:28:13",748000
91400,300,700,"sd","14:28:13",747900
91500,400,100,"sd","14:28:13",747200
91500,400,100,"bu","14:27:56",747100
91500,400,1000,"bu","14:27:56",747000
91500,400,100,"bu","14:27:56",746000
91500,400,100,"bu","14:27:56",745900
91500,400,200,"bu","14:27:56",745800
91500,400,500,"bu","14:27:56",745600
91500,400,500,"bu","14:27:29",745100
91500,400,200,"bu","14:27:29",744600
91400,300,300,"sd","14:27:29",744400
91400,300,300,"sd","14:27:29",744100
91500,400,300,"bu","14:26:26",743800
91500,400,100,"bu","14:26:23",743500
91500,400,1500,"bu","14:25:22",743400
91500,400,100,"sd","14:24:48",741900
91500,400,100,"sd","14:24:48",741800
91500,400,700,"sd","14:24:48",741700
91500,400,1500,"sd","14:24:35",741000
91500,400,300,"sd","14:23:29",739500
91500,400,200,"sd","14:23:29",739200
91500,400,500,"sd","14:23:29",739000
91700,600,100,"bu","14:22:56",738500
91700,600,100,"bu","14:22:02",738400
91400,300,4700,"sd","14:21:20",738300
91400,300,200,"sd","14:21:20",733600
91500,400,100,"sd","14:21:20",733400
91500,400,100,"sd","14:21:19",733300
91500,400,100,"sd","14:21:19",733200
91500,400,100,"sd","14:20:45",733100
91500,400,100,"sd","14:20:45",733000
91500,400,500,"sd","14:20:45",732900
91500,400,4300,"sd","14:20:45",732400
91700,600,200,"bu","14:20:39",728100
91500,400,100,"sd","14:20:25",727900
91500,400,100,"sd","14:20:23",727800
91500,400,500,"sd","14:20:05",727700
91500,400,500,"sd","14:18:54",727200
91500,400,500,"sd","14:18:54",726700
91700,600,500,"bu","14:18:49",726200
91700,600,300,"bu","14:18:30",725700
91600,500,500,"bu","14:18:30",725400
91600,500,1000,"bu","14:18:30",724900
91600,500,3600,"bu","14:18:30",723900
91600,500,100,"bu","14:18:13",720300
91600,500,1000,"bu","14:17:45",720200
91600,500,500,"bu","14:17:38",719200
91600,500,100,"bu","14:17:38",718700
91600,500,100,"bu","14:17:34",718600
91500,400,500,"sd","14:16:51",718500
91500,400,4000,"sd","14:16:20",718000
91500,400,1000,"sd","14:16:19",714000
91500,400,1000,"sd","14:16:19",713000
91600,500,200,"bu","14:15:37",712000
91600,500,800,"bu","14:15:37",711800
91500,400,1000,"sd","14:15:37",711000
91500,400,1000,"sd","14:15:37",710000
91600,500,400,"bu","14:15:36",709000
91500,400,2300,"sd","14:15:26",708600
91600,500,100,"sd","14:14:44",706300
91600,500,200,"sd","14:14:44",706200
91600,500,200,"sd","14:14:44",706000
91600,500,100,"sd","14:14:44",705800
91600,500,100,"sd","14:14:44",705700
91600,500,100,"sd","14:14:44",705600
91600,500,100,"sd","14:14:35",705500
91600,500,100,"sd","14:14:35",705400
91700,600,300,"sd","14:14:22",705300
91700,600,2000,"sd","14:14:22",705000
91700,600,100,"sd","14:14:22",703000
91700,600,2000,"sd","14:14:21",702900
91700,600,100,"sd","14:14:21",700900
91700,600,2200,"sd","14:14:21",700800
91700,600,3200,"sd","14:14:19",698600
91700,600,500,"sd","14:14:19",695400
91800,700,100,"bu","14:14:04",694900
91800,700,300,"bu","14:13:22",694800
91800,700,300,"bu","14:12:24",694500
91800,700,2000,"bu","14:11:45",694200
91800,700,700,"bu","14:11:45",692200
91800,700,200,"bu","14:11:38",691500
91800,700,500,"bu","14:11:36",691300
91800,700,1000,"sd","14:11:12",690800
91800,700,1000,"sd","14:11:12",689800
91800,700,900,"sd","14:11:12",688800
91900,800,4700,"bu","14:10:49",687900
91900,800,200,"bu","14:10:49",683200
91900,800,2000,"bu","14:10:49",683000
91900,800,500,"bu","14:10:49",681000
91900,800,1600,"bu","14:10:49",680500
91900,800,400,"bu","14:10:45",678900
91900,800,200,"bu","14:10:45",678500
91800,700,1900,"sd","14:10:16",678300
91800,700,100,"sd","14:10:16",676400
91900,800,600,"bu","14:09:44",676300
91900,800,200,"sd","14:09:43",675700
91900,800,600,"bu","14:09:34",675500
91900,800,300,"bu","14:09:30",674900
91900,800,100,"sd","14:09:26",674600
91900,800,2000,"sd","14:09:16",674500
91900,800,100,"bu","14:09:15",672500
91900,800,5000,"bu","14:09:15",672400
91900,800,1800,"bu","14:09:15",667400
91900,800,200,"bu","14:08:37",665600
91900,800,100,"bu","14:08:37",665400
91900,800,200,"bu","14:08:37",665300
91900,800,2000,"bu","14:08:36",665100
91900,800,7800,"sd","14:08:19",663100
92000,900,200,"bu","14:08:18",655300
91900,800,200,"bu","14:08:14",655100
91900,800,100,"bu","14:08:14",654900
91900,800,100,"bu","14:08:14",654800
91900,800,800,"bu","14:08:14",654700
91900,800,200,"bu","14:08:07",653900
91900,800,500,"bu","14:08:07",653700
91900,800,100,"bu","14:08:07",653200
91900,800,100,"bu","14:08:07",653100
91900,800,100,"bu","14:08:07",653000
91700,600,100,"sd","14:08:07",652900
91900,800,400,"bu","14:08:02",652800
91900,800,2000,"bu","14:08:02",652400
91900,800,600,"bu","14:08:02",650400
91900,800,1100,"bu","14:07:58",649800
91900,800,100,"bu","14:07:42",648700
91700,600,2200,"sd","14:07:20",648600
91800,700,2000,"sd","14:07:20",646400
91800,700,100,"sd","14:07:20",644400
91800,700,700,"sd","14:07:20",644300
91900,800,1000,"sd","14:07:07",643600
91900,800,2200,"sd","14:07:07",642600
91900,800,200,"sd","14:07:06",640400
91900,800,1000,"sd","14:07:03",640200
91900,800,200,"sd","14:07:02",639200
91900,800,100,"sd","14:06:57",639000
91900,800,300,"sd","14:06:56",638900
91900,800,100,"sd","14:06:55",638600
91900,800,200,"bu","14:06:47",638500
91900,800,1000,"bu","14:06:47",638300
91900,800,3700,"bu","14:06:47",637300
91900,800,1100,"bu","14:06:44",633600
91700,600,100,"sd","14:06:44",632500
91900,800,200,"bu","14:06:34",632400
91900,800,1900,"bu","14:06:34",632200
91800,700,2900,"bu","14:06:34",630300
91800,700,3000,"bu","14:06:24",627400
91800,700,500,"bu","14:06:24",624400
91800,700,500,"bu","14:06:19",623900
91800,700,100,"bu","14:06:18",623400
91800,700,500,"sd","14:06:15",623300
91800,700,10000,"sd","14:06:15",622800
91900,800,400,"sd","14:06:15",612800
92000,900,300,"bu","14:06:08",612400
92000,900,500,"bu","14:06:07",612100
92000,900,100,"bu","14:06:07",611600
92000,900,100,"bu","14:06:07",611500
92000,900,100,"bu","14:06:07",611400
91900,800,100,"sd","14:06:05",611300
92000,900,100,"bu","14:06:02",611200
92000,900,400,"bu","14:06:02",611100
92000,900,100,"bu","14:06:00",610700
92000,900,300,"bu","14:05:50",610600
92000,900,100,"bu","14:05:50",610300
92000,900,1000,"bu","14:05:50",610200
91900,800,2000,"bu","14:05:50",609200
91900,800,1000,"bu","14:05:50",607200
91900,800,100,"bu","14:05:50",606200
91900,800,400,"bu","14:05:50",606100
92000,900,500,"bu","14:05:50",605700
91900,800,400,"unknown","14:05:40",605200
91900,800,1200,"sd","14:05:40",604800
91900,800,1000,"bu","14:05:30",603600
91900,800,100,"bu","14:05:30",602600
91900,800,2000,"bu","14:05:30",602500
91900,800,500,"bu","14:05:30",600500
91900,800,100,"bu","14:05:30",600000
91900,800,200,"bu","14:05:30",599900
91900,800,300,"bu","14:05:30",599700
91900,800,200,"bu","14:05:27",599400
91900,800,300,"bu","14:05:22",599200
91900,800,400,"bu","14:05:17",598900
91900,800,400,"bu","14:05:05",598500
91800,700,1000,"bu","14:05:05",598100
91800,700,1000,"bu","14:05:05",597100
91800,700,100,"bu","14:05:05",596100
91800,700,100,"bu","14:05:05",596000
91800,700,200,"bu","14:05:05",595900
91800,700,1000,"bu","14:05:05",595700
91800,700,1600,"bu","14:05:05",594700
91800,700,400,"bu","14:05:01",593100
91700,600,1100,"sd","14:04:58",592700
91700,600,200,"sd","14:04:52",591600
91700,600,100,"sd","14:04:37",591400
91800,700,1000,"bu","14:04:21",591300
91800,700,700,"bu","14:04:21",590300
91800,700,100,"bu","14:04:21",589600
91800,700,200,"bu","14:04:21",589500
91800,700,300,"bu","14:04:21",589300
91800,700,500,"bu","14:04:21",589000
91800,700,100,"bu","14:04:21",588500
91800,700,1000,"bu","14:04:21",588400
91800,700,100,"bu","14:04:21",587400
91800,700,200,"bu","14:04:21",587300
91800,700,200,"bu","14:04:21",587100
91800,700,1000,"bu","14:04:21",586900
91700,600,100,"bu","14:04:18",585900
91700,600,100,"bu","14:04:18",585800
91700,600,500,"bu","14:04:18",585700
91700,600,200,"bu","14:04:10",585200
91700,600,800,"bu","14:04:10",585000
91700,600,200,"bu","14:03:52",584200
91700,600,1500,"bu","14:03:52",584000
91700,600,100,"bu","14:03:52",582500
91600,500,100,"sd","14:03:45",582400
91600,500,100,"bu","14:03:25",582300
91600,500,100,"bu","14:03:25",582200
91600,500,600,"bu","14:03:09",582100
91600,500,200,"bu","14:02:49",581500
91600,500,100,"bu","14:02:49",581300
91600,500,4000,"sd","14:02:49",581200
91700,600,5000,"sd","14:02:35",577200
91700,600,100,"bu","14:02:20",572200
91700,600,1000,"bu","14:02:20",572100
91700,600,2900,"bu","14:02:20",571100
91700,600,100,"sd","14:02:16",568200
91700,600,100,"sd","14:01:42",568100
91700,600,100,"sd","14:01:41",568000
91700,600,500,"sd","14:01:40",567900
91800,700,200,"bu","14:01:40",567400
91700,600,200,"sd","14:01:37",567200
91700,600,200,"sd","14:01:33",567000
91700,600,1100,"bu","14:01:30",566800
91700,600,100,"bu","14:01:30",565700
91700,600,400,"bu","14:01:30",565600
91700,600,100,"bu","14:01:30",565200
91700,600,500,"bu","14:01:30",565100
91700,600,700,"bu","14:01:30",564600
91700,600,100,"bu","14:01:30",563900
91700,600,1400,"bu","14:01:30",563800
91700,600,1000,"bu","14:01:22",562400
91600,500,100,"sd","14:01:15",561400
91700,600,600,"bu","14:01:14",561300
91700,600,100,"bu","14:01:14",560700
91700,600,500,"bu","14:01:14",560600
91700,600,1000,"bu","14:01:14",560100
91700,600,3000,"bu","14:01:14",559100
91700,600,100,"bu","14:01:14",556100
91700,600,100,"bu","14:01:14",556000
91600,500,100,"sd","14:01:08",555900
91600,500,100,"bu","14:00:47",555800
91600,500,100,"bu","14:00:47",555700
91600,500,100,"bu","14:00:47",555600
91600,500,300,"bu","14:00:47",555500
91600,500,1500,"bu","14:00:47",555200
91600,500,100,"bu","14:00:47",553700
91600,500,1000,"bu","14:00:47",553600
91600,500,100,"bu","14:00:47",552600
91600,500,200,"bu","14:00:47",552500
91600,500,1700,"bu","14:00:47",552300
91600,500,6500,"bu","14:00:44",550600
91600,500,500,"bu","14:00:44",544100
91600,500,700,"bu","14:00:44",543600
91600,500,700,"bu","14:00:44",542900
91600,500,200,"bu","14:00:44",542200
91600,500,400,"bu","14:00:44",542000
91500,400,100,"sd","14:00:41",541600
91500,400,100,"sd","14:00:37",541500
91500,400,200,"sd","13:59:52",541400
91500,400,200,"sd","13:59:22",541200
91500,400,2500,"bu","13:59:22",541000
91500,400,4500,"sd","13:59:20",538500
91500,400,200,"sd","13:59:17",534000
91500,400,400,"bu","13:59:17",533800
91500,400,100,"bu","13:59:17",533400
91500,400,200,"bu","13:59:17",533300
91500,400,1500,"bu","13:59:17",533100
91500,400,1000,"bu","13:59:17",531600
91500,400,1500,"bu","13:59:17",530600
91400,300,100,"sd","13:59:16",529100
91500,400,900,"bu","13:58:54",529000
91500,400,1000,"bu","13:58:54",528100
91500,400,900,"bu","13:58:54",527100
91500,400,500,"bu","13:58:54",526200
91500,400,500,"bu","13:58:54",525700
91500,400,2000,"bu","13:58:54",525200
91500,400,100,"bu","13:58:54",523200
91500,400,100,"bu","13:58:54",523100
91500,400,600,"bu","13:58:54",523000
91500,400,3400,"bu","13:58:54",522400
91400,300,500,"sd","13:58:16",519000
91400,300,300,"sd","13:58:16",518500
91400,300,200,"sd","13:58:16",518200
91400,300,200,"sd","13:57:49",518000
91400,300,100,"sd","13:57:43",517800
91400,300,100,"sd","13:57:25",517700
91400,300,2300,"sd","13:57:23",517600
91400,300,100,"sd","13:57:20",515300
91400,300,200,"sd","13:57:09",515200
91400,300,1700,"sd","13:57:04",515000
91400,300,100,"sd","13:56:59",513300
91400,300,5000,"bu","13:56:51",513200
91300,200,100,"sd","13:56:21",508200
91300,200,300,"sd","13:56:17",508100
91400,300,100,"sd","13:55:45",507800
91500,400,100,"bu","13:55:41",507700
91500,400,400,"bu","13:55:38",507600
91500,400,100,"bu","13:55:06",507200
91300,200,1200,"bu","13:54:26",507100
91300,200,5400,"bu","13:54:19",505900
91300,200,100,"bu","13:54:12",500500
91200,100,100,"sd","13:54:09",500400
91300,200,200,"sd","13:54:08",500300
91300,200,800,"sd","13:54:08",500100
91300,200,10000,"sd","13:54:08",499300
91300,200,200,"sd","13:54:08",489300
91300,200,100,"sd","13:54:08",489100
91400,300,200,"sd","13:54:08",489000
91400,300,200,"sd","13:54:08",488800
91400,300,1600,"sd","13:54:08",488600
91500,400,200,"bu","13:54:02",487000
91500,400,300,"bu","13:53:40",486800
91400,300,3800,"sd","13:53:35",486500
91400,300,1000,"sd","13:53:35",482700
91400,300,100,"sd","13:53:35",481700
91400,300,5100,"sd","13:53:35",481600
91400,300,100,"sd","13:53:04",476500
91400,300,200,"sd","13:52:00",476400
91400,300,100,"sd","13:52:00",476200
91500,400,200,"bu","13:51:53",476100
91400,300,400,"sd","13:51:47",475900
91400,300,100,"sd","13:51:35",475500
91400,300,400,"sd","13:51:04",475400
91400,300,4600,"sd","13:51:04",475000
91500,400,1300,"bu","13:50:58",470400
91500,400,700,"bu","13:50:58",469100
91500,400,100,"sd","13:50:54",468400
91500,400,100,"sd","13:50:54",468300
91500,400,1000,"sd","13:50:54",468200
91500,400,100,"sd","13:50:54",467200
91600,500,600,"bu","13:50:42",467100
91600,500,700,"bu","13:50:42",466500
91600,500,700,"bu","13:50:42",465800
91600,500,500,"bu","13:50:33",465100
91600,500,200,"bu","13:49:55",464600
91500,400,200,"sd","13:49:42",464400
91600,500,500,"bu","13:49:39",464200
91600,500,200,"bu","13:49:39",463700
91600,500,2900,"sd","13:49:14",463500
91600,500,2000,"sd","13:49:10",460600
91700,600,2100,"bu","13:48:58",458600
91700,600,2900,"bu","13:48:58",456500
91600,500,100,"sd","13:48:54",453600
91700,600,100,"sd","13:48:44",453500
91700,600,400,"sd","13:48:44",453400
91700,600,1600,"sd","13:48:44",453000
91700,600,1000,"sd","13:48:43",451400
91700,600,100,"sd","13:48:38",450400
91700,600,1000,"sd","13:48:35",450300
91700,600,100,"sd","13:48:25",449300
91700,600,100,"bu","13:47:48",449200
91700,600,200,"bu","13:47:48",449100
91700,600,200,"bu","13:47:48",448900
91700,600,200,"bu","13:47:48",448700
91700,600,500,"bu","13:47:48",448500
91700,600,500,"bu","13:47:39",448000
91700,600,1000,"bu","13:47:23",447500
91700,600,2000,"bu","13:47:23",446500
91700,600,100,"bu","13:47:23",444500
91700,600,1000,"bu","13:47:23",444400
91700,600,100,"bu","13:47:23",443400
91600,500,100,"bu","13:47:23",443300
91600,500,300,"bu","13:47:23",443200
91700,600,100,"bu","13:47:23",442900
91700,600,100,"bu","13:47:23",442800
91700,600,500,"bu","13:47:23",442700
91700,600,100,"bu","13:47:23",442200
91600,500,2000,"bu","13:47:17",442100
91500,400,100,"sd","13:47:04",440100
91600,500,700,"bu","13:47:03",440000
91600,500,200,"bu","13:47:03",439300
91600,500,400,"bu","13:47:01",439100
91600,500,100,"sd","13:46:43",438700
91600,500,1300,"sd","13:46:43",438600
91600,500,100,"bu","13:46:34",437300
91600,500,100,"bu","13:46:34",437200
91600,500,100,"bu","13:46:34",437100
91600,500,500,"bu","13:46:34",437000
91600,500,100,"bu","13:46:34",436500
91600,500,600,"bu","13:46:34",436400
91600,500,100,"bu","13:46:34",435800
91600,500,100,"bu","13:46:34",435700
91500,400,100,"sd","13:46:29",435600
91500,400,2000,"sd","13:46:18",435500
91500,400,300,"bu","13:45:36",433500
91500,400,100,"bu","13:45:28",433200
91500,400,400,"bu","13:45:28",433100
91500,400,300,"bu","13:45:28",432700
91500,400,100,"bu","13:45:22",432400
91500,400,100,"bu","13:45:22",432300
91500,400,1000,"bu","13:45:22",432200
91500,400,1000,"bu","13:45:22",431200
91500,400,100,"bu","13:45:22",430200
91500,400,100,"bu","13:45:22",430100
91500,400,700,"bu","13:45:22",430000
91500,400,100,"bu","13:45:22",429300
91500,400,100,"bu","13:45:22",429200
91500,400,1000,"bu","13:45:22",429100
91500,400,200,"bu","13:45:22",428100
91500,400,100,"bu","13:45:22",427900
91500,400,500,"bu","13:45:22",427800
91500,400,200,"bu","13:45:22",427300
91500,400,500,"bu","13:45:22",427100
91500,400,100,"bu","13:45:22",426600
91500,400,15000,"bu","13:45:22",426500
91500,400,1000,"bu","13:45:22",411500
91500,400,3100,"bu","13:45:22",410500
91500,400,500,"bu","13:45:14",407400
91500,400,400,"bu","13:45:02",406900
91500,400,1000,"bu","13:44:56",406500
91500,400,1000,"bu","13:44:42",405500
91500,400,5000,"bu","13:44:38",404500
91400,300,500,"bu","13:44:16",399500
91400,300,100,"bu","13:44:16",399000
91400,300,200,"bu","13:44:16",398900
91400,300,4800,"bu","13:44:01",398700
91400,300,500,"bu","13:44:01",393900
91400,300,700,"bu","13:44:01",393400
91400,300,4300,"bu","13:43:49",392700
91400,300,1000,"bu","13:43:49",388400
91400,300,500,"bu","13:43:49",387400
91300,200,200,"bu","13:43:49",386900
91300,200,5000,"bu","13:43:49",386700
91200,100,200,"sd","13:42:19",381700
91300,200,100,"bu","13:42:14",381500
91300,200,200,"bu","13:42:14",381400
91300,200,500,"bu","13:42:14",381200
91300,200,1200,"bu","13:42:14",380700
91300,200,3800,"bu","13:42:12",379500
91300,200,100,"bu","13:42:12",375700
91300,200,500,"bu","13:42:12",375600
91300,200,100,"bu","13:42:12",375100
91300,200,900,"bu","13:42:12",375000
91300,200,1100,"bu","13:41:59",374100
91300,200,100,"bu","13:41:59",373000
91300,200,600,"bu","13:41:59",372900
91300,200,1000,"bu","13:41:59",372300
91200,100,800,"bu","13:41:55",371300
91200,100,800,"bu","13:41:55",370500
91300,200,3400,"bu","13:41:55",369700
91200,100,1400,"bu","13:41:55",366300
91200,100,500,"bu","13:41:54",364900
91200,100,1000,"bu","13:41:51",364400
91200,100,4100,"bu","13:41:46",363400
91200,100,1500,"bu","13:41:40",359300
91200,100,3900,"bu","13:41:40",357800
91200,100,2800,"bu","13:41:38",353900
91100,0,400,"sd","13:41:37",351100
91100,0,200,"sd","13:41:37",350700
91100,0,200,"sd","13:41:37",350500
91100,0,200,"sd","13:41:37",350300
91100,0,100,"sd","13:41:35",350100
91100,0,1000,"sd","13:41:35",350000
91100,0,100,"sd","13:41:35",349000
91100,0,300,"sd","13:41:35",348900
91100,0,300,"sd","13:41:35",348600
91100,0,500,"sd","13:41:35",348300
91100,0,200,"sd","13:41:35",347800
91100,0,1000,"sd","13:41:35",347600
91100,0,100,"sd","13:41:35",346600
91100,0,4400,"sd","13:41:35",346500
91200,100,1800,"bu","13:41:35",342100
91200,100,200,"bu","13:41:35",340300
91200,100,1900,"bu","13:41:35",340100
91200,100,3100,"bu","13:41:22",338200
91200,100,2300,"bu","13:41:22",335100
91200,100,2800,"bu","13:41:20",332800
91200,100,300,"bu","13:41:20",330000
91200,100,4100,"bu","13:41:19",329700
91100,0,100,"sd","13:41:08",325600
91200,100,100,"bu","13:40:59",325500
91100,0,1000,"sd","13:40:47",325400
91100,0,100,"sd","13:40:33",324400
91100,0,500,"sd","13:40:15",324300
91100,0,300,"sd","13:40:08",323800
91100,0,100,"sd","13:39:13",323500
91100,0,100,"sd","13:37:49",323400
91100,0,300,"sd","13:37:35",323300
91100,0,300,"sd","13:37:35",323000
91100,0,300,"sd","13:37:35",322700
91100,0,200,"sd","13:37:35",322400
91100,0,100,"sd","13:37:35",322200
91100,0,1000,"sd","13:37:35",322100
91100,0,800,"sd","13:37:35",321100
91100,0,100,"sd","13:37:35",320300
91100,0,100,"sd","13:37:35",320200
91100,0,3400,"sd","13:37:35",320100
91100,0,200,"sd","13:37:35",316700
91100,0,100,"sd","13:37:35",316500
91100,0,2000,"sd","13:37:35",316400
91100,0,100,"sd","13:37:35",314400
91100,0,1000,"sd","13:37:35",314300
91100,0,1000,"sd","13:37:35",313300
91100,0,4000,"sd","13:37:35",312300
91100,0,100,"sd","13:36:43",308300
91100,0,400,"sd","13:35:00",308200
91200,100,100,"sd","13:34:03",307800
91200,100,100,"sd","13:34:03",307700
91200,100,200,"sd","13:34:03",307600
91200,100,100,"sd","13:33:28",307400
91200,100,100,"sd","13:31:46",307300
91300,200,100,"bu","13:31:32",307200
91200,100,500,"bu","13:30:06",307100
91200,100,100,"bu","13:30:06",306600
91200,100,100,"bu","13:30:06",306500
91200,100,300,"bu","13:30:06",306400
91200,100,100,"bu","13:30:06",306100
91200,100,500,"bu","13:30:06",306000
91200,100,100,"bu","13:30:01",305500
91100,0,500,"sd","13:29:57",305400
91100,0,400,"sd","13:29:54",304900
91100,0,100,"sd","13:29:54",304500
91100,0,100,"sd","13:29:54",304400
91100,0,200,"sd","13:29:54",304300
91100,0,500,"sd","13:29:54",304100
91100,0,200,"sd","13:29:54",303600
91100,0,100,"sd","13:29:54",303400
91100,0,1000,"sd","13:29:53",303300
91100,0,2400,"sd","13:29:53",302300
91200,100,400,"bu","13:29:53",299900
91200,100,100,"bu","13:29:53",299500
91200,100,1500,"bu","13:29:53",299400
91100,0,2600,"sd","13:29:47",297900
91100,0,2400,"sd","13:29:47",295300
91100,0,100,"sd","13:28:16",292900
91100,0,100,"sd","13:26:54",292800
91200,100,300,"bu","13:26:16",292700
91200,100,2500,"bu","13:25:35",292400
91200,100,700,"bu","13:25:11",289900
91200,100,500,"bu","13:25:11",289200
91200,100,1000,"bu","13:25:11",288700
91200,100,900,"bu","13:24:53",287700
91200,100,700,"bu","13:24:36",286800
91200,100,300,"bu","13:24:22",286100
91200,100,500,"bu","13:24:03",285800
91200,100,500,"bu","13:23:08",285300
91200,100,200,"bu","13:22:47",284800
91200,100,100,"bu","13:21:42",284600
91200,100,800,"sd","13:21:01",284500
91200,100,100,"sd","13:20:54",283700
91200,100,600,"sd","13:20:36",283600
91200,100,900,"sd","13:20:36",283000
91200,100,100,"sd","13:20:27",282100
91200,100,100,"sd","13:20:10",282000
91200,100,100,"sd","13:17:53",281900
91200,100,500,"sd","13:17:53",281800
91200,100,100,"sd","13:17:49",281300
91200,100,400,"sd","13:17:26",281200
91200,100,100,"sd","13:17:26",280800
91200,100,500,"sd","13:17:26",280700
91200,100,100,"sd","13:15:57",280200
91200,100,500,"sd","13:15:17",280100
91200,100,800,"sd","13:15:10",279600
91200,100,1000,"sd","13:14:23",278800
91200,100,500,"bu","13:14:21",277800
91200,100,500,"bu","13:14:21",277300
91200,100,1100,"bu","13:14:21",276800
91200,100,100,"bu","13:14:20",275700
91200,100,2000,"bu","13:13:26",275600
91200,100,300,"bu","13:12:47",273600
91200,100,1000,"bu","13:12:20",273300
91200,100,500,"bu","13:12:08",272300
91200,100,1500,"bu","13:12:08",271800
91200,100,200,"bu","13:11:34",270300
91200,100,800,"bu","13:11:27",270100
91200,100,100,"bu","13:11:27",269300
91200,100,100,"bu","13:11:27",269200
91200,100,200,"bu","13:11:14",269100
91200,100,100,"bu","13:11:10",268900
91200,100,100,"bu","13:11:10",268800
91100,0,1000,"sd","13:10:13",268700
91200,100,100,"bu","13:10:10",267700
91100,0,400,"sd","13:09:33",267600
91200,100,300,"bu","13:08:47",267200
91200,100,200,"bu","13:08:47",266900
91200,100,100,"bu","13:08:47",266700
91200,100,200,"bu","13:08:47",266600
91200,100,500,"bu","13:08:47",266400
91200,100,700,"bu","13:08:47",265900
91100,0,1000,"sd","13:07:43",265200
91100,0,2000,"sd","13:07:43",264200
91100,0,100,"sd","13:06:04",262200
91100,0,200,"sd","13:05:59",262100
91100,0,300,"sd","13:05:36",261900
91100,0,2400,"sd","13:05:07",261600
91100,0,2000,"sd","13:05:07",259200
91100,0,600,"sd","13:05:07",257200
91100,0,1400,"sd","13:04:46",256600
91100,0,200,"sd","13:04:46",255200
91100,0,300,"sd","13:04:46",255000
91100,0,500,"sd","13:04:46",254700
91100,0,500,"sd","13:04:46",254200
91100,0,2000,"sd","13:04:46",253700
91100,0,100,"sd","13:04:46",251700
91100,0,5300,"sd","13:04:09",251600
91100,0,100,"sd","13:04:09",246300
91100,0,1000,"sd","13:04:09",246200
91100,0,100,"sd","13:04:09",245200
91100,0,200,"sd","13:04:09",245100
91100,0,200,"sd","13:04:09",244900
91100,0,100,"sd","13:04:09",244700
91100,0,100,"sd","13:04:09",244600
91100,0,500,"sd","13:04:09",244500
91100,0,100,"sd","13:04:09",244000
91100,0,600,"sd","13:04:09",243900
91100,0,100,"sd","13:04:09",243300
91100,0,5000,"sd","13:04:09",243200
91100,0,1500,"sd","13:04:05",238200
91200,100,100,"bu","13:03:41",236700
91200,100,200,"sd","13:03:41",236600
91200,100,100,"sd","13:03:02",236400
91200,100,100,"sd","13:03:02",236300
91200,100,1000,"sd","13:03:02",236200
91200,100,500,"sd","13:03:02",235200
91200,100,200,"sd","13:03:02",234700
91300,200,500,"bu","13:00:44",234500
91300,200,1000,"bu","13:00:44",234000
91300,200,700,"bu","13:00:44",233000
91200,100,1700,"sd","13:00:36",232300
91200,100,100,"sd","13:00:32",230600
91200,100,1000,"sd","13:00:20",230500
91200,100,100,"sd","13:00:16",229500
91200,100,100,"sd","13:00:15",229400
91200,100,100,"sd","13:00:11",229300
91200,100,200,"sd","13:00:09",229200
91200,100,5000,"sd","13:00:01",229000
91200,100,100,"sd","13:00:01",224000
91200,100,200,"sd","13:00:00",223900
91200,100,200,"sd","12:59:59",223700
91200,100,1000,"sd","11:28:35",223500
91200,100,100,"sd","11:28:35",222500
91200,100,200,"sd","11:28:35",222400
91200,100,100,"sd","11:28:35",222200
91200,100,600,"sd","11:28:35",222100
91200,100,500,"sd","11:28:35",221500
91200,100,1300,"sd","11:28:33",221000
91300,200,300,"sd","11:21:26",219700
91300,200,500,"bu","11:21:26",219400
91300,200,100,"bu","11:21:25",218900
91300,200,100,"bu","11:21:25",218800
91300,200,200,"sd","11:19:12",218700
91300,200,100,"sd","11:18:30",218500
91300,200,5000,"sd","11:16:50",218400
91300,200,100,"bu","11:16:31",213400
91300,200,100,"bu","11:13:46",213300
91300,200,500,"bu","11:13:46",213200
91300,200,100,"bu","11:13:46",212700
91300,200,400,"bu","11:13:46",212600
91300,200,100,"bu","11:13:25",212200
91200,100,100,"bu","11:13:06",212100
91200,100,100,"bu","11:13:06",212000
91200,100,1200,"bu","11:13:06",211900
91200,100,300,"bu","11:12:33",210700
91100,0,100,"sd","11:11:33",210400
91100,0,400,"sd","11:10:59",210300
91100,0,600,"sd","11:08:24",209900
91200,100,500,"bu","11:08:23",209300
91200,100,100,"bu","11:08:23",208800
91200,100,900,"bu","11:08:23",208700
91100,0,1500,"sd","11:08:22",207800
91100,0,900,"sd","11:07:56",206300
91100,0,100,"sd","11:07:56",205400
91200,100,500,"bu","11:05:32",205300
91200,100,100,"bu","11:05:23",204800
91200,100,100,"bu","11:05:21",204700
91200,100,100,"bu","11:05:07",204600
91100,0,1000,"sd","11:04:56",204500
91100,0,900,"sd","11:04:18",203500
91100,0,100,"sd","11:04:18",202600
91200,100,600,"bu","11:03:40",202500
91200,100,100,"bu","11:02:21",201900
91100,0,100,"sd","11:02:16",201800
91100,0,100,"sd","11:02:16",201700
91100,0,100,"sd","11:02:16",201600
91100,0,100,"sd","11:02:16",201500
91100,0,200,"sd","11:02:16",201400
91100,0,500,"sd","11:02:16",201200
91100,0,300,"sd","11:02:16",200700
91100,0,100,"sd","11:02:16",200400
91100,0,200,"sd","11:02:16",200300
91100,0,100,"sd","11:02:16",200100
91100,0,200,"sd","11:02:16",200000
91200,100,500,"bu","11:01:32",199800
91200,100,1000,"bu","11:01:13",199300
91200,100,1000,"bu","11:00:30",198300
91200,100,200,"bu","11:00:09",197300
91200,100,100,"bu","10:59:55",197100
91200,100,500,"sd","10:59:43",197000
91200,100,100,"sd","10:59:43",196500
91200,100,200,"sd","10:59:43",196400
91200,100,7000,"sd","10:59:43",196200
91200,100,32700,"sd","10:59:43",189200
91300,200,3000,"sd","10:59:43",156500
91300,200,200,"sd","10:59:43",153500
91300,200,100,"sd","10:59:43",153300
91400,300,1000,"sd","10:59:43",153200
91400,300,200,"sd","10:57:15",152200
91400,300,400,"sd","10:57:15",152000
91400,300,500,"bu","10:56:39",151600
91400,300,100,"bu","10:56:39",151100
91400,300,100,"bu","10:56:39",151000
91400,300,200,"bu","10:56:39",150900
91400,300,100,"bu","10:56:39",150700
91400,300,900,"bu","10:56:39",150600
91300,200,300,"bu","10:56:39",149700
91300,200,200,"bu","10:56:39",149400
91300,200,200,"bu","10:56:39",149200
91200,100,100,"sd","10:56:38",149000
91200,100,1300,"sd","10:56:04",148900
91200,100,700,"sd","10:56:04",147600
91200,100,100,"sd","10:55:45",146900
91200,100,900,"bu","10:55:36",146800
91200,100,100,"bu","10:55:18",145900
91200,100,100,"sd","10:55:17",145800
91200,100,100,"sd","10:55:17",145700
91200,100,1000,"sd","10:54:48",145600
91200,100,1800,"sd","10:54:48",144600
91200,100,1200,"sd","10:54:48",142800
91200,100,2000,"sd","10:54:48",141600
91200,100,500,"sd","10:54:48",139600
91200,100,100,"sd","10:54:48",139100
91200,100,1600,"sd","10:54:48",139000
91200,100,100,"sd","10:54:46",137400
91200,100,5300,"sd","10:54:28",137300
91200,100,2900,"sd","10:54:28",132000
91200,100,100,"sd","10:52:45",129100
91200,100,100,"sd","10:52:18",129000
91200,100,1500,"sd","10:50:32",128900
91300,200,3000,"bu","10:49:00",127400
91300,200,500,"bu","10:48:46",124400
91300,200,300,"bu","10:46:46",123900
91300,200,100,"bu","10:46:31",123600
91300,200,900,"sd","10:46:26",123500
91300,200,500,"sd","10:45:59",122600
91300,200,100,"bu","10:44:42",122100
91300,200,200,"bu","10:44:42",122000
91300,200,100,"bu","10:44:42",121800
91300,200,100,"bu","10:44:42",121700
91300,200,100,"bu","10:44:42",121600
91300,200,100,"bu","10:44:42",121500
91300,200,4900,"bu","10:44:21",121400
91300,200,1000,"bu","10:44:21",116500
91300,200,1100,"bu","10:44:21",115500
91200,100,400,"sd","10:44:09",114400
91200,100,1400,"sd","10:44:09",114000
91200,100,700,"sd","10:44:05",112600
91200,100,100,"sd","10:43:45",111900
91200,100,100,"sd","10:43:21",111800
91300,200,100,"bu","10:39:13",111700
91300,200,500,"bu","10:37:51",111600
91300,200,100,"bu","10:37:38",111100
91300,200,100,"bu","10:37:03",111000
91300,200,100,"bu","10:35:37",110900
91200,100,3100,"sd","10:34:48",110800
91200,100,200,"sd","10:34:48",107700
91200,100,200,"sd","10:34:48",107500
91200,100,400,"sd","10:34:48",107300
91200,100,2000,"sd","10:34:48",106900
91200,100,100,"sd","10:34:48",104900
91300,200,100,"bu","10:33:30",104800
91300,200,600,"sd","10:32:27",104700
91300,200,1200,"sd","10:32:27",104100
91300,200,100,"sd","10:28:50",102900
91300,200,100,"sd","10:28:24",102800
91400,300,100,"bu","10:27:03",102700
91400,300,1000,"bu","10:27:03",102600
91400,300,500,"bu","10:26:58",101600
91400,300,200,"bu","10:25:47",101100
91300,200,3600,"sd","10:24:08",100900
91300,200,200,"sd","10:24:08",97300
91300,200,500,"sd","10:24:08",97100
91300,200,10700,"sd","10:24:08",96600
91300,200,5000,"sd","10:23:50",85900
91300,200,800,"sd","10:22:37",80900
91400,300,100,"bu","10:21:58",80100
91400,300,1200,"bu","10:21:38",80000
91400,300,1600,"bu","10:21:38",78800
91300,200,1000,"sd","10:21:36",77200
91300,200,300,"sd","10:20:53",76200
91300,200,100,"sd","10:20:48",75900
91300,200,4100,"sd","10:19:15",75800
91300,200,400,"sd","10:17:23",71700
91300,200,100,"sd","10:16:44",71300
91300,200,200,"sd","10:16:07",71200
91300,200,100,"sd","10:15:22",71000
91300,200,200,"sd","10:15:14",70900
91300,200,100,"sd","10:14:59",70700
91300,200,1500,"sd","10:14:52",70600
91400,300,500,"bu","10:14:45",69100
91400,300,100,"sd","10:14:27",68600
91400,300,300,"sd","10:14:27",68500
91400,300,500,"sd","10:14:21",68200
91400,300,100,"sd","10:13:46",67700
91400,300,100,"sd","10:13:44",67600
91400,300,5000,"sd","10:13:28",67500
91400,300,400,"sd","10:13:20",62500
91500,400,100,"bu","10:12:41",62100
91500,400,100,"bu","10:12:17",62000
91500,400,4000,"bu","10:12:00",61900
91400,300,200,"bu","10:11:51",57900
91400,300,400,"bu","10:11:51",57700
91400,300,100,"bu","10:11:48",57300
91400,300,200,"sd","10:10:54",57200
91400,300,300,"sd","10:10:54",57000
91400,300,500,"bu","10:10:11",56700
91400,300,500,"bu","10:10:11",56200
91400,300,1000,"bu","10:10:11",55700
91400,300,4700,"bu","10:10:11",54700
91400,300,200,"bu","10:09:44",50000
91400,300,100,"bu","10:07:16",49800
91400,300,400,"bu","10:07:16",49700
91400,300,100,"bu","10:07:10",49300
91400,300,1800,"bu","10:07:10",49200
91400,300,300,"bu","10:07:06",47400
91400,300,100,"bu","10:07:02",47100
91400,300,500,"bu","10:07:01",47000
91400,300,100,"bu","10:06:53",46500
91300,200,800,"sd","10:06:40",46400
91300,200,500,"bu","10:06:31",45600
91300,200,200,"bu","10:06:31",45100
91300,200,300,"bu","10:06:31",44900
91300,200,700,"bu","10:06:31",44600
91300,200,300,"bu","10:06:31",43900
91300,200,900,"bu","10:05:55",43600
91300,200,1000,"bu","10:05:55",42700
91300,200,100,"bu","10:05:55",41700
91200,100,200,"sd","10:04:49",41600
91200,100,100,"sd","10:04:49",41400
91200,100,500,"sd","10:04:49",41300
91200,100,200,"sd","10:04:49",40800
91200,100,500,"sd","10:02:38",40600
91200,100,500,"sd","10:00:55",40100
91300,200,100,"bu","09:58:21",39600
91200,100,1800,"sd","09:57:23",39500
91200,100,100,"sd","09:57:23",37700
91200,100,100,"sd","09:57:23",37600
91200,100,100,"sd","09:57:11",37500
91200,100,100,"sd","09:57:11",37400
91200,100,300,"sd","09:57:11",37300
91200,100,200,"sd","09:57:04",37000
91200,100,700,"sd","09:57:04",36800
91200,100,300,"sd","09:57:01",36100
91200,100,200,"sd","09:57:01",35800
91200,100,200,"sd","09:56:35",35600
91200,100,500,"sd","09:56:20",35400
91200,100,200,"sd","09:55:23",34900
91200,100,1000,"sd","09:53:46",34700
91200,100,100,"sd","09:51:37",33700
91200,100,100,"sd","09:49:44",33600
91200,100,100,"sd","09:49:15",33500
91300,200,200,"bu","09:48:48",33400
91300,200,100,"sd","09:48:17",33200
91300,200,100,"sd","09:48:17",33100
91300,200,200,"sd","09:47:40",33000
91300,200,500,"sd","09:47:40",32800
91300,200,800,"sd","09:47:40",32300
91300,200,200,"bu","09:46:48",31500
91400,300,200,"bu","09:46:43",31300
91200,100,200,"sd","09:46:16",31100
91300,200,500,"sd","09:46:16",30900
91300,200,100,"sd","09:46:16",30400
91300,200,200,"sd","09:46:16",30300
91300,200,100,"sd","09:46:11",30100
91400,300,600,"bu","09:45:25",30000
91300,200,100,"sd","09:45:23",29400
91300,200,500,"sd","09:45:23",29300
91300,200,400,"sd","09:45:23",28800
91300,200,600,"sd","09:44:57",28400
91300,200,100,"sd","09:44:57",27800
91300,200,700,"sd","09:44:57",27700
91400,300,200,"bu","09:43:46",27000
91300,200,1000,"sd","09:42:28",26800
91300,200,100,"sd","09:42:23",25800
91300,200,1200,"sd","09:42:10",25700
91300,200,500,"sd","09:42:10",24500
91300,200,100,"sd","09:42:10",24000
91300,200,100,"sd","09:42:10",23900
91300,200,100,"sd","09:42:10",23800
91300,200,100,"bu","09:40:37",23700
91300,200,300,"bu","09:40:37",23600
91300,200,700,"bu","09:39:53",23300
91300,200,100,"bu","09:39:53",22600
91300,200,100,"bu","09:39:53",22500
91300,200,1000,"bu","09:39:53",22400
91300,200,900,"bu","09:39:53",21400
91300,200,1300,"bu","09:38:51",20500
91300,200,500,"bu","09:37:50",19200
91300,200,300,"bu","09:37:31",18700
91200,100,200,"bu","09:36:54",18400
91100,0,100,"sd","09:36:33",18200
91100,0,100,"sd","09:36:33",18100
91200,100,200,"bu","09:36:24",18000
91200,100,100,"bu","09:35:57",17800
91200,100,100,"sd","09:35:49",17700
91200,100,100,"sd","09:35:49",17600
91200,100,400,"sd","09:34:46",17500
91200,100,200,"sd","09:34:39",17100
91200,100,100,"sd","09:34:09",16900
91200,100,100,"sd","09:33:34",16800
91200,100,100,"sd","09:33:34",16700
91200,100,200,"sd","09:33:34",16600
91200,100,200,"sd","09:31:46",16400
91200,100,100,"sd","09:30:57",16200
91200,100,100,"sd","09:29:34",16100
91200,100,300,"sd","09:29:34",16000
91200,100,100,"sd","09:29:34",15700
91200,100,500,"sd","09:29:34",15600
91200,100,500,"sd","09:29:32",15100
91200,100,500,"sd","09:29:32",14600
91200,100,100,"sd","09:29:11",14100
91200,100,1000,"sd","09:28:03",14000
91200,100,100,"sd","09:26:22",13000
91200,100,300,"bu","09:26:16",12900
91200,100,200,"unknown","09:25:40",12600
91500,400,500,"bu","09:25:39",12400
91200,100,100,"bu","09:25:08",11900
91200,100,400,"bu","09:24:56",11800
91200,100,100,"bu","09:24:56",11400
91200,100,100,"bu","09:24:29",11300
91200,100,800,"bu","09:22:49",11200
91200,100,100,"bu","09:22:35",10400
91200,100,100,"sd","09:22:19",10300
91200,100,200,"sd","09:22:19",10200
91200,100,100,"sd","09:22:19",10000
91200,100,100,"sd","09:22:19",9900
91200,100,100,"sd","09:22:19",9800
91200,100,300,"sd","09:22:19",9700
91200,100,100,"sd","09:21:01",9400
91200,100,100,"sd","09:20:24",9300
91200,100,4500,"sd","09:19:52",9200
91200,100,200,"sd","09:19:52",4700
91200,100,1000,"sd","09:19:52",4500
91300,200,200,"sd","09:19:52",3500
91400,300,100,"sd","09:19:52",3300
91500,400,100,"sd","09:18:06",3200
91500,400,200,"sd","09:18:06",3100
91500,400,100,"sd","09:16:21",2900
91600,500,500,"bu","09:15:37",2800
91600,500,100,"bu","09:15:37",2300
91600,500,900,"bu","09:15:37",2200
91600,500,1300,"bu","09:15:00",1300
