"price","change","match_qtty","side","time","total_vol"
8400,-150,61500,"unknown","14:44:59",524800
8420,-130,1000,"sd","14:29:16",463300
8410,-140,400,"sd","14:28:57",462300
8410,-140,100,"sd","14:28:57",461900
8420,-130,1000,"sd","14:28:52",461800
8420,-130,100,"sd","14:28:28",460800
8410,-140,4900,"sd","14:28:17",460700
8410,-140,200,"sd","14:28:17",455800
8410,-140,500,"sd","14:28:17",455600
8410,-140,100,"sd","14:28:17",455100
8410,-140,200,"sd","14:28:17",455000
8420,-130,500,"sd","14:28:17",454800
8420,-130,2900,"sd","14:28:17",454300
8430,-120,1000,"sd","14:28:17",451400
8430,-120,800,"sd","14:28:17",450400
8430,-120,200,"sd","14:27:59",449600
8420,-130,2100,"sd","14:27:40",449400
8400,-150,100,"sd","14:26:13",447300
8400,-150,100,"sd","14:26:13",447200
8400,-150,100,"sd","14:26:13",447100
8400,-150,500,"sd","14:26:13",447000
8400,-150,500,"sd","14:26:13",446500
8400,-150,2000,"sd","14:26:13",446000
8400,-150,500,"sd","14:26:13",444000
8400,-150,500,"sd","14:26:13",443500
8400,-150,200,"sd","14:26:13",443000
8400,-150,500,"sd","14:26:13",442800
8410,-140,500,"sd","14:25:51",442300
8410,-140,100,"sd","14:25:51",441800
8420,-130,100,"sd","14:25:51",441700
8450,-100,300,"sd","14:25:51",441600
8450,-100,100,"sd","14:25:51",441300
8450,-100,3900,"sd","14:25:51",441200
8450,-100,1100,"sd","14:25:35",437300
8450,-100,200,"sd","14:25:35",436200
8450,-100,100,"sd","14:25:35",435500
8460,-90,500,"sd","14:25:35",435100
8450,-100,500,"sd","14:25:35",436000
8460,-90,300,"sd","14:25:35",435400
8470,-80,200,"sd","14:25:35",434600
8470,-80,100,"sd","14:25:35",434400
8500,-50,100,"bu","14:25:22",434300
8500,-50,100,"bu","14:23:53",434200
8470,-80,1000,"sd","14:22:55",434100
8500,-50,300,"sd","14:22:20",433100
8500,-50,500,"sd","14:22:20",432800
8500,-50,500,"sd","14:21:48",432300
8500,-50,500,"sd","14:21:48",431800
8500,-50,500,"sd","14:21:48",431300
8500,-50,100,"sd","14:21:48",430800
8500,-50,200,"sd","14:21:48",430700
8500,-50,200,"sd","14:21:48",430500
8500,-50,100,"sd","14:21:48",430300
8500,-50,2000,"sd","14:21:48",430200
8500,-50,1900,"sd","14:21:48",428200
8500,-50,2900,"sd","14:21:29",426300
8500,-50,100,"sd","14:21:29",423400
8500,-50,300,"sd","14:21:29",423300
8500,-50,100,"sd","14:21:29",423000
8500,-50,300,"sd","14:21:29",422900
8500,-50,200,"sd","14:21:29",422600
8500,-50,1000,"sd","14:21:27",422400
8500,-50,500,"sd","14:21:18",421400
8500,-50,4500,"sd","14:21:18",420900
8500,-50,5400,"sd","14:21:04",416400
8500,-50,400,"sd","14:21:04",411000
8500,-50,300,"sd","14:21:04",410600
8500,-50,100,"sd","14:21:04",410300
8500,-50,1800,"sd","14:21:04",410200
8500,-50,1000,"sd","14:21:04",408400
8510,-40,200,"sd","14:21:04",407400
8510,-40,200,"sd","14:21:04",407200
8520,-30,500,"sd","14:21:04",407000
8520,-30,100,"sd","14:21:04",406500
8530,-20,600,"bu","14:20:54",406400
8530,-20,100,"bu","14:19:45",405800
8530,-20,2900,"sd","14:18:48",405700
8530,-20,100,"sd","14:18:48",402800
8530,-20,500,"sd","14:18:48",402700
8550,0,500,"sd","14:18:02",402200
8560,10,100,"sd","14:17:54",401700
8560,10,1000,"sd","14:15:39",401600
8560,10,900,"sd","14:15:39",400600
8560,10,100,"sd","14:14:47",399700
8570,20,1000,"bu","14:13:53",399600
8560,10,1900,"sd","14:13:49",398600
8560,10,100,"sd","14:13:49",396700
8570,20,500,"sd","14:12:51",396600
8580,30,100,"bu","14:12:29",396100
8580,30,400,"bu","14:11:58",396000
8580,30,900,"bu","14:10:57",395600
8560,10,100,"bu","14:10:57",394700
8560,10,900,"bu","14:09:46",394600
8550,0,5000,"bu","14:08:58",393700
8550,0,500,"bu","14:08:58",388700
8550,0,1300,"bu","14:08:58",388200
8550,0,900,"bu","14:08:58",386900
8550,0,100,"bu","14:08:58",386000
8550,0,1600,"bu","14:07:50",385900
8550,0,1400,"bu","14:07:50",384300
8540,-10,800,"bu","14:06:34",382900
8550,0,100,"bu","14:02:39",382100
8550,0,100,"bu","13:56:43",382000
8550,0,100,"sd","13:55:32",381900
8550,0,900,"sd","13:55:10",381800
8550,0,1100,"sd","13:55:08",380900
8550,0,200,"sd","13:54:47",379800
8590,40,100,"bu","13:47:05",379600
8550,0,300,"bu","13:46:47",379500
8530,-20,500,"sd","13:46:44",379200
8550,0,200,"sd","13:46:02",378700
8590,40,600,"bu","13:45:04",378500
8570,20,1800,"bu","13:44:38",377900
8560,10,1900,"unknown","13:44:23",376100
8560,10,6000,"bu","13:44:23",374200
8560,10,2600,"bu","13:44:23",368200
8550,0,100,"sd","13:43:10",365600
8550,0,200,"sd","13:42:55",365500
8550,0,500,"sd","13:41:37",365300
8550,0,1000,"sd","13:41:37",364800
8550,0,700,"sd","13:41:37",363800
8550,0,400,"sd","13:41:37",363100
8550,0,500,"sd","13:41:37",362700
8550,0,500,"sd","13:41:37",362200
8550,0,500,"sd","13:41:37",361700
8550,0,900,"sd","13:41:37",361200
8550,0,2600,"sd","13:41:18",360300
8550,0,200,"sd","13:41:09",357700
8550,0,400,"sd","13:41:09",357500
8550,0,200,"sd","13:41:09",357100
8550,0,200,"sd","13:41:09",356900
8550,0,100,"sd","13:40:29",356700
8560,10,300,"sd","13:39:24",356600
8560,10,200,"sd","13:36:54",356300
8560,10,700,"sd","13:36:00",356100
8560,10,500,"sd","13:35:32",355400
8560,10,1600,"sd","13:35:32",354900
8560,10,400,"bu","13:34:55",353300
8560,10,200,"bu","13:34:50",352900
8560,10,3000,"bu","13:34:41",352700
8560,10,300,"bu","13:34:26",349700
8560,10,500,"bu","13:34:18",349400
8560,10,300,"bu","13:33:59",348900
8560,10,500,"bu","13:33:52",348600
8560,10,200,"bu","13:33:40",348100
8560,10,3000,"bu","13:33:36",347900
8560,10,200,"bu","13:33:07",344900
8560,10,400,"bu","13:33:03",344700
8560,10,300,"bu","13:32:43",344300
8560,10,1700,"bu","13:32:04",344000
8560,10,300,"bu","13:32:01",342300
8560,10,2000,"bu","13:31:43",342000
8560,10,300,"bu","13:30:34",340000
8550,0,200,"sd","13:27:16",339700
8550,0,2000,"sd","13:26:11",339500
8550,0,100,"sd","13:26:06",337500
8550,0,4800,"sd","13:26:02",337400
8550,0,500,"sd","13:25:59",332600
8550,0,3400,"sd","13:24:19",332100
8550,0,2800,"sd","13:24:19",328700
8550,0,900,"sd","13:24:19",325900
8550,0,800,"sd","13:24:19",325000
8550,0,1000,"sd","13:24:19",324200
8550,0,300,"sd","13:24:19",323200
8550,0,100,"sd","13:24:19",322900
8550,0,200,"sd","13:24:19",322800
8550,0,100,"sd","13:24:19",322600
8550,0,200,"sd","13:24:19",322500
8550,0,200,"sd","13:24:19",322300
8560,10,100,"bu","13:24:13",322100
8560,10,300,"sd","13:23:56",322000
8560,10,3300,"bu","13:23:50",321700
8560,10,300,"bu","13:23:50",318400
8560,10,1300,"bu","13:23:27",318100
8560,10,100,"bu","13:23:25",316800
8570,20,200,"bu","13:21:33",316700
8560,10,500,"sd","13:21:13",316500
8560,10,300,"sd","13:21:13",316000
8560,10,200,"sd","13:21:13",315700
8560,10,100,"sd","13:21:13",315500
8560,10,1000,"sd","13:21:13",315400
8560,10,2000,"sd","13:21:13",314400
8560,10,1000,"sd","13:21:13",312400
8560,10,1000,"sd","13:21:13",311400
8560,10,100,"sd","13:21:13",310400
8560,10,200,"sd","13:19:33",310300
8560,10,3500,"sd","13:19:33",310100
8570,20,100,"sd","13:19:32",306600
8580,30,400,"bu","13:19:17",306500
8570,20,200,"sd","13:18:01",306100
8570,20,400,"sd","13:18:01",305900
8570,20,1000,"sd","13:18:01",305500
8570,20,1000,"sd","13:18:01",304500
8570,20,300,"sd","13:18:01",303500
8570,20,2000,"sd","13:18:01",303200
8570,20,200,"sd","13:18:01",301200
8590,40,1500,"bu","13:17:44",301000
8590,40,100,"bu","13:16:55",299500
8600,50,1000,"bu","13:15:45",299400
8600,50,2500,"bu","13:15:09",298400
8570,20,600,"sd","13:13:00",295900
8570,20,200,"bu","13:11:16",295300
8570,20,500,"sd","13:11:01",295100
8570,20,1500,"sd","13:10:47",294600
8570,20,8500,"bu","13:10:26",293100
8570,20,1000,"bu","13:10:15",284600
8570,20,100,"bu","13:10:13",283600
8570,20,100,"bu","13:10:13",283500
8570,20,9900,"bu","13:10:05",283400
8570,20,10000,"bu","13:09:56",273500
8570,20,1000,"bu","13:09:53",263500
8570,20,600,"bu","13:09:45",262500
8570,20,100,"bu","13:09:33",261900
8570,20,1000,"bu","13:09:31",261800
8570,20,1000,"bu","13:09:24",260800
8570,20,1000,"bu","13:09:11",259800
8570,20,100,"bu","13:08:59",258800
8570,20,100,"bu","13:08:49",258700
8570,20,900,"bu","13:08:40",258600
8570,20,300,"bu","13:08:36",257700
8570,20,300,"bu","13:07:31",257400
8560,10,100,"sd","13:07:30",257100
8560,10,1000,"sd","13:04:01",257000
8570,20,100,"bu","13:03:55",256000
8570,20,100,"bu","13:03:14",255900
8570,20,2000,"bu","13:01:43",255800
8570,20,5000,"bu","13:00:27",253800
8570,20,100,"bu","13:00:07",248800
8570,20,100,"bu","13:00:02",248700
8570,20,5000,"bu","13:00:02",248600
8570,20,5000,"bu","13:00:01",243600
8570,20,100,"sd","13:00:01",238600
8570,20,2500,"sd","13:00:00",238500
8570,20,500,"sd","13:00:00",236000
8570,20,500,"sd","13:00:00",235500
8570,20,1000,"sd","13:00:00",235000
8570,20,500,"bu","11:25:41",234000
8570,20,1400,"bu","11:24:46",233500
8570,20,200,"bu","11:23:35",232100
8570,20,100,"bu","11:22:08",231900
8570,20,500,"bu","11:13:42",231800
8570,20,100,"bu","11:11:44",231300
8570,20,3000,"bu","11:06:48",231200
8560,10,400,"sd","11:05:14",228200
8560,10,500,"sd","11:05:14",227800
8560,10,100,"sd","11:05:14",227300
8580,30,700,"bu","11:04:52",227200
8580,30,1500,"bu","11:02:57",226500
8580,30,100,"bu","10:59:38",225000
8580,30,800,"sd","10:59:34",224900
8580,30,300,"sd","10:58:12",224100
8580,30,1900,"bu","10:58:09",223800
8580,30,100,"bu","10:57:26",221900
8570,20,100,"sd","10:56:56",221800
8570,20,1000,"sd","10:56:05",221700
8570,20,2000,"sd","10:56:05",220700
8580,30,1500,"bu","10:54:57",218700
8580,30,500,"bu","10:54:49",217200
8580,30,500,"bu","10:54:09",216700
8570,20,200,"sd","10:50:34",216200
8570,20,1000,"sd","10:50:34",216000
8580,30,5000,"sd","10:50:18",215000
8580,30,200,"sd","10:50:18",210000
8580,30,19700,"sd","10:50:18",209800
8600,50,500,"sd","10:50:18",190100
8600,50,100,"sd","10:50:18",189600
8580,30,500,"sd","10:49:39",189500
8580,30,4800,"sd","10:48:58",189000
8580,30,200,"sd","10:48:58",184200
8580,30,900,"sd","10:48:58",184000
8580,30,1000,"sd","10:48:58",183100
8580,30,1000,"sd","10:48:58",182100
8580,30,100,"sd","10:48:58",181100
8590,40,2000,"sd","10:48:58",181000
8590,40,2000,"sd","10:48:58",179000
8600,50,100,"sd","10:48:58",177000
8600,50,100,"sd","10:48:58",176900
8600,50,200,"sd","10:48:58",176800
8600,50,200,"sd","10:48:58",176600
8600,50,200,"sd","10:48:58",176400
8600,50,200,"sd","10:48:58",176200
8600,50,1000,"sd","10:48:58",176000
8600,50,1000,"sd","10:48:58",175000
8600,50,1000,"sd","10:48:40",174000
8600,50,1000,"sd","10:48:40",173000
8600,50,1000,"sd","10:47:58",172000
8600,50,300,"sd","10:47:58",171000
8600,50,2000,"sd","10:47:58",170700
8600,50,2000,"sd","10:47:58",168700
8600,50,4400,"sd","10:47:58",166700
8610,60,2000,"sd","10:47:58",162300
8610,60,3300,"sd","10:47:58",160300
8620,70,100,"sd","10:47:39",157000
8620,70,100,"sd","10:46:22",156900
8620,70,900,"sd","10:46:22",156800
8620,70,1000,"sd","10:44:26",155900
8620,70,1600,"sd","10:43:20",154900
8630,80,300,"bu","10:42:16",153300
8630,80,100,"bu","10:41:31",153000
8630,80,100,"bu","10:41:09",152900
8630,80,100,"bu","10:40:54",152800
8630,80,3000,"bu","10:40:08",152700
8630,80,200,"bu","10:39:06",149700
8620,70,500,"sd","10:38:55",149500
8620,70,100,"sd","10:38:55",149000
8620,70,900,"sd","10:38:55",148900
8630,80,100,"bu","10:36:32",148000
8620,70,300,"bu","10:35:25",147900
8620,70,1000,"bu","10:35:16",147600
8620,70,100,"bu","10:34:57",146600
8620,70,5000,"bu","10:34:32",146500
8620,70,2000,"sd","10:33:39",141500
8620,70,1000,"sd","10:33:39",139500
8620,70,600,"sd","10:33:39",138500
8630,80,300,"bu","10:33:12",137900
8620,70,400,"sd","10:31:59",137600
8620,70,100,"sd","10:31:59",137200
8620,70,100,"sd","10:31:33",137100
8620,70,400,"sd","10:31:33",137000
8620,70,100,"sd","10:26:24",136600
8620,70,500,"sd","10:23:02",136500
8620,70,500,"bu","10:16:55",136000
8620,70,200,"bu","10:16:55",135500
8620,70,3000,"bu","10:16:55",135300
8610,60,100,"bu","10:15:06",132300
8610,60,200,"bu","10:15:06",132200
8610,60,300,"bu","10:15:06",132000
8610,60,100,"bu","10:15:06",131700
8610,60,400,"bu","10:09:56",131600
8610,60,300,"bu","10:09:56",131200
8610,60,1300,"bu","10:09:56",130900
8610,60,700,"bu","10:08:24",129600
8600,50,600,"sd","10:07:03",128900
8600,50,200,"sd","10:07:03",128300
8600,50,200,"sd","10:06:08",128100
8600,50,2800,"sd","10:06:08",127900
8600,50,2200,"bu","10:04:14",125100
8600,50,2000,"sd","10:03:20",122900
8600,50,100,"sd","10:03:20",120900
8600,50,100,"sd","10:03:20",120800
8600,50,500,"sd","10:03:20",120700
8600,50,100,"sd","10:03:20",120200
8600,50,200,"bu","09:59:22",120100
8600,50,100,"bu","09:59:22",119900
8600,50,100,"sd","09:58:04",119800
8600,50,200,"bu","09:57:10",119700
8600,50,200,"bu","09:56:10",119500
8600,50,500,"bu","09:56:10",119300
8600,50,100,"sd","09:56:10",118800
8600,50,1000,"sd","09:54:06",118700
8600,50,600,"sd","09:51:12",117700
8600,50,1400,"sd","09:51:12",117100
8600,50,1500,"sd","09:50:55",115700
8600,50,2100,"sd","09:50:55",114200
8600,50,100,"sd","09:50:39",112100
8600,50,3000,"sd","09:47:43",112000
8610,60,500,"bu","09:47:30",109000
8600,50,200,"sd","09:45:47",108500
8610,60,3000,"bu","09:45:40",108300
8600,50,500,"sd","09:45:24",105300
8600,50,100,"sd","09:44:55",104800
8600,50,900,"sd","09:44:55",104700
8600,50,100,"sd","09:43:54",103800
8600,50,100,"bu","09:41:34",103700
8600,50,500,"bu","09:41:18",103600
8600,50,2500,"bu","09:40:55",103100
8600,50,200,"bu","09:40:19",100600
8600,50,400,"bu","09:40:07",100400
8600,50,1000,"bu","09:39:41",100000
8600,50,700,"bu","09:39:40",99000
8600,50,2000,"bu","09:39:25",98300
8600,50,2100,"bu","09:39:05",96300
8590,40,400,"bu","09:39:05",94200
8600,50,600,"bu","09:36:12",93800
8600,50,400,"bu","09:36:12",93200
8570,20,1000,"sd","09:35:00",92800
8560,10,100,"sd","09:30:24",91800
8560,10,100,"sd","09:30:18",91700
8560,10,100,"sd","09:29:57",91600
8560,10,100,"sd","09:29:33",91500
8550,0,300,"sd","09:27:55",91400
8600,50,3200,"bu","09:27:17",91100
8600,50,3300,"bu","09:27:17",87900
8600,50,500,"bu","09:27:17",84600
8590,40,200,"bu","09:27:17",84100
8590,40,2000,"bu","09:27:17",83900
8580,30,500,"bu","09:27:17",81900
8550,0,2000,"sd","09:26:56",81400
8550,0,600,"sd","09:25:11",79400
8550,0,5000,"sd","09:25:11",78800
8550,0,500,"sd","09:25:11",73800
8550,0,11000,"sd","09:25:11",73300
8550,0,100,"sd","09:25:11",62300
8560,10,400,"sd","09:25:11",62200
8590,40,3000,"bu","09:24:20",61800
8580,30,500,"bu","09:24:20",58800
8570,20,400,"sd","09:23:20",58300
8570,20,200,"sd","09:22:51",57900
8570,20,4700,"sd","09:22:51",57700
8570,20,1000,"sd","09:20:58",53000
8570,20,100,"sd","09:20:38",52000
8600,50,100,"sd","09:20:38",51900
8600,50,100,"sd","09:20:32",51800
8600,50,2500,"sd","09:20:32",51700
8600,50,1800,"sd","09:20:32",49200
8600,50,3200,"sd","09:20:21",47400
8600,50,1000,"sd","09:20:06",44200
8600,50,1000,"sd","09:19:23",43200
8600,50,200,"sd","09:19:08",42200
8600,50,300,"bu","09:19:07",42000
8600,50,2500,"bu","09:19:07",41700
8580,30,500,"sd","09:19:03",39200
8600,50,200,"sd","09:18:27",38700
8600,50,500,"sd","09:18:27",38500
8600,50,200,"sd","09:18:27",38000
8600,50,100,"sd","09:18:27",37800
8600,50,300,"sd","09:18:27",37700
8600,50,100,"sd","09:18:27",37400
8600,50,3500,"sd","09:18:27",37300
8600,50,1000,"sd","09:18:25",33800
8600,50,10000,"sd","09:18:22",32800
8600,50,1000,"sd","09:17:36",22800
8600,50,2000,"sd","09:17:33",21800
8600,50,300,"sd","09:17:11",19800
8600,50,1800,"sd","09:16:49",19500
8600,50,500,"sd","09:16:45",17700
8600,50,3200,"sd","09:16:35",17200
8610,60,1800,"sd","09:16:35",14000
8610,60,200,"sd","09:16:34",12200
8600,50,2000,"sd","09:16:08",12000
8680,130,10000,"bu","09:15:00",10000
