"price","change","match_qtty","side","time","total_vol"
61000,300,600,"bu","14:45:00",18300
61000,300,200,"bu","14:23:13",17700
61000,300,100,"bu","14:10:22",17500
61000,300,100,"sd","13:46:23",17400
61000,300,100,"sd","13:46:23",17300
61000,300,100,"sd","13:46:23",17200
61000,300,400,"sd","13:46:23",17100
61000,300,1000,"sd","13:45:56",16700
61000,300,500,"sd","13:45:56",15700
61000,300,500,"sd","13:45:56",15200
61000,300,200,"sd","13:45:51",14700
61000,300,100,"sd","13:45:51",14500
61000,300,400,"sd","13:45:51",14400
61000,300,500,"sd","13:45:51",14000
61100,400,100,"bu","13:45:46",13500
61000,300,100,"sd","13:45:32",13400
61000,300,100,"sd","13:45:18",13300
61000,300,100,"sd","13:45:11",13200
61200,500,100,"sd","13:39:25",13100
61200,500,100,"sd","13:38:47",13000
61200,500,500,"bu","13:37:59",12900
61200,500,100,"bu","13:37:59",12400
61000,300,100,"sd","13:37:43",12300
61000,300,300,"sd","13:37:43",12200
61000,300,200,"sd","13:37:43",11900
61000,300,300,"sd","13:37:43",11700
61000,300,400,"sd","13:37:43",11400
61000,300,400,"sd","13:37:43",11000
61100,400,100,"sd","13:37:43",10600
61100,400,100,"sd","13:37:43",10500
61100,400,100,"sd","13:37:43",10400
61200,500,100,"sd","13:25:18",10300
61400,700,100,"bu","13:15:59",10200
61400,700,100,"sd","11:26:32",10100
61400,700,200,"bu","11:25:24",10000
61400,700,100,"bu","11:25:24",9800
61300,600,100,"bu","11:25:24",9700
61300,600,200,"bu","11:25:24",9600
61300,600,100,"bu","11:15:47",9400
61300,600,200,"bu","10:55:33",9300
61300,600,200,"bu","10:54:41",9100
61300,600,100,"bu","10:54:41",8900
61200,500,200,"bu","10:53:55",8800
61200,500,100,"sd","10:44:36",8600
61300,600,100,"sd","10:43:01",8500
61400,700,100,"unknown","10:42:19",8400
61000,300,100,"sd","10:40:34",8300
61000,300,600,"bu","10:38:35",8200
61000,300,200,"bu","10:38:35",7600
61000,300,500,"bu","10:38:35",7400
61000,300,400,"bu","10:38:34",6900
61000,300,600,"bu","10:38:26",6500
61000,300,100,"bu","10:38:26",5900
61000,300,200,"bu","10:38:17",5800
61000,300,100,"bu","10:38:17",5600
61000,300,100,"bu","10:38:02",5500
61000,300,200,"bu","10:38:02",5400
60900,200,100,"bu","10:38:02",5200
60900,200,200,"bu","10:37:51",5100
60900,200,500,"bu","10:37:51",4900
60900,200,1000,"bu","10:37:51",4400
60900,200,300,"bu","10:37:08",3400
60900,200,300,"bu","10:37:08",3100
60900,200,100,"bu","10:36:57",2800
60700,0,300,"sd","10:33:35",2700
60600,-100,100,"sd","10:26:08",2400
60700,0,500,"bu","10:19:26",2300
60500,-200,100,"sd","10:08:06",1800
60700,0,500,"bu","10:07:15",1700
60300,-400,100,"sd","09:49:06",1200
60200,-500,100,"sd","09:38:06",1000
60200,-500,100,"sd","09:38:06",1100
60700,0,400,"sd","09:36:06",900
60700,0,300,"sd","09:35:36",500
60900,200,100,"bu","09:22:23",200
60000,-700,100,"sd","09:15:01",100
