"price","change","match_qtty","side","time","total_vol"
8.38,-0.63,267600,"bu","14:45:04",976300
8.4,-0.61,400,"sd","14:30:01",708700
8.4,-0.61,500,"sd","14:30:01",708300
8.41,-0.6,900,"sd","14:29:48",707800
8.45,-0.56,200,"bu","14:29:40",706900
8.41,-0.6,500,"sd","14:29:37",706700
8.45,-0.56,100,"bu","14:29:30",706200
8.41,-0.6,600,"sd","14:29:21",706100
8.41,-0.6,400,"sd","14:29:21",705500
8.41,-0.6,600,"bu","14:28:52",705100
8.41,-0.6,400,"bu","14:28:50",704500
8.41,-0.6,3200,"bu","14:28:41",704100
8.41,-0.6,100,"bu","14:28:41",700900
8.41,-0.6,1000,"bu","14:28:31",700800
8.4,-0.61,100,"sd","14:28:28",699800
8.41,-0.6,600,"bu","14:28:24",699700
8.4,-0.61,1400,"sd","14:28:03",699100
8.4,-0.61,400,"sd","14:28:03",697700
8.41,-0.6,100,"bu","14:27:54",697300
8.41,-0.6,1000,"bu","14:27:52",697200
8.41,-0.6,300,"bu","14:27:40",696200
8.41,-0.6,15000,"sd","14:27:35",695900
8.41,-0.6,200,"sd","14:27:35",680900
8.42,-0.59,100,"sd","14:27:35",680700
8.42,-0.59,1800,"sd","14:27:35",680600
8.42,-0.59,100,"sd","14:27:35",678800
8.42,-0.59,1000,"sd","14:27:07",678700
8.42,-0.59,7600,"sd","14:27:03",677700
8.42,-0.59,1400,"sd","14:26:41",670100
8.43,-0.58,600,"sd","14:26:41",668700
8.43,-0.58,400,"sd","14:26:20",668100
8.43,-0.58,100,"sd","14:26:20",667700
8.45,-0.56,500,"sd","14:26:05",667600
8.45,-0.56,200,"sd","14:26:05",667100
8.45,-0.56,4400,"sd","14:26:05",666900
8.45,-0.56,5000,"sd","14:26:01",662500
8.46,-0.55,2400,"sd","14:25:42",657500
8.46,-0.55,9600,"sd","14:25:39",655100
8.46,-0.55,100,"sd","14:25:39",645500
8.47,-0.54,5000,"sd","14:24:45",645400
8.5,-0.51,100,"sd","14:24:00",640400
8.5,-0.51,200,"sd","14:24:00",640300
8.5,-0.51,100,"sd","14:23:59",640100
8.5,-0.51,8000,"sd","14:23:55",640000
8.5,-0.51,800,"sd","14:23:38",632000
8.5,-0.51,1300,"sd","14:23:37",631200
8.5,-0.51,900,"sd","14:23:31",629900
8.5,-0.51,2000,"sd","14:23:31",629000
8.5,-0.51,100,"sd","14:23:31",627000
8.5,-0.51,2000,"sd","14:23:30",626900
8.5,-0.51,1000,"sd","14:23:26",624900
8.5,-0.51,2000,"sd","14:23:05",623900
8.51,-0.5,1000,"sd","14:23:05",621900
8.52,-0.49,1000,"sd","14:22:45",620900
8.53,-0.48,100,"bu","14:22:40",619900
8.53,-0.48,600,"sd","14:21:54",619800
8.53,-0.48,1400,"sd","14:21:50",619200
8.53,-0.48,100,"sd","14:21:50",617800
8.53,-0.48,100,"sd","14:21:50",617700
8.53,-0.48,400,"sd","14:21:50",617600
8.53,-0.48,1400,"sd","14:20:30",617200
8.53,-0.48,200,"bu","14:18:51",615800
8.53,-0.48,500,"sd","14:17:55",615600
8.68,-0.33,1400,"bu","14:17:39",615100
8.64,-0.37,100,"bu","14:17:39",613700
8.6,-0.41,400,"bu","14:17:39",613600
8.59,-0.42,13100,"bu","14:17:39",613200
8.59,-0.42,6600,"bu","14:15:52",600100
8.5,-0.51,2400,"bu","14:15:52",593500
8.5,-0.51,6000,"bu","14:15:51",591100
8.5,-0.51,5300,"bu","14:15:29",585100
8.45,-0.56,600,"bu","14:14:59",579800
8.45,-0.56,200,"bu","14:14:48",579200
8.45,-0.56,200,"sd","14:14:46",579000
8.45,-0.56,1000,"sd","14:14:46",578800
8.45,-0.56,800,"bu","14:14:19",577800
8.45,-0.56,2000,"bu","14:14:10",577000
8.45,-0.56,5000,"bu","14:13:52",575000
8.43,-0.58,900,"sd","14:13:48",570000
8.43,-0.58,1000,"sd","14:13:48",569100
8.43,-0.58,1000,"sd","14:13:48",568100
8.43,-0.58,100,"sd","14:13:48",567100
8.45,-0.56,100,"bu","14:13:42",567000
8.45,-0.56,500,"bu","14:13:40",566900
8.43,-0.58,2000,"sd","14:13:06",566400
8.43,-0.58,900,"sd","14:13:06",564400
8.43,-0.58,2000,"sd","14:12:19",563500
8.45,-0.56,200,"bu","14:12:12",561500
8.45,-0.56,100,"bu","14:12:11",561300
8.45,-0.56,1300,"sd","14:12:07",561200
8.45,-0.56,200,"sd","14:12:00",559900
8.45,-0.56,1300,"sd","14:12:00",559700
8.45,-0.56,200,"sd","14:12:00",558400
8.45,-0.56,300,"sd","14:11:46",558200
8.45,-0.56,700,"sd","14:11:46",557900
8.45,-0.56,300,"sd","14:11:05",557200
8.46,-0.55,100,"sd","14:11:05",556900
8.47,-0.54,100,"sd","14:11:05",556800
8.5,-0.51,1500,"bu","14:10:32",556700
8.5,-0.51,500,"bu","14:10:25",555200
8.5,-0.51,500,"bu","14:10:25",554700
8.5,-0.51,100,"bu","14:10:25",554200
8.5,-0.51,10000,"bu","14:10:25",554100
8.5,-0.51,500,"bu","14:10:25",544100
8.5,-0.51,500,"bu","14:10:25",543600
8.5,-0.51,100,"bu","14:10:25",543100
8.5,-0.51,1900,"bu","14:10:25",543000
8.51,-0.5,700,"bu","14:10:25",541100
8.51,-0.5,800,"sd","14:09:53",540400
8.51,-0.5,100,"sd","14:09:53",539600
8.51,-0.5,1000,"sd","14:09:53",539500
8.52,-0.49,3100,"sd","14:09:53",538500
8.52,-0.49,3000,"sd","14:09:45",535400
8.52,-0.49,2000,"sd","14:09:45",532400
8.55,-0.46,300,"sd","14:09:33",530400
8.55,-0.46,10000,"sd","14:09:23",530100
8.56,-0.45,600,"sd","14:08:52",520100
8.56,-0.45,4400,"sd","14:08:07",519500
8.56,-0.45,600,"sd","14:08:07",515100
8.6,-0.41,100,"sd","14:06:01",514500
8.63,-0.38,300,"bu","14:02:57",514400
8.6,-0.41,500,"bu","14:02:57",514100
8.6,-0.41,500,"bu","14:02:57",513600
8.6,-0.41,2700,"bu","14:02:57",513100
8.6,-0.41,1200,"bu","14:02:44",510400
8.6,-0.41,100,"bu","14:02:20",509200
8.6,-0.41,900,"bu","14:02:20",509100
8.59,-0.42,600,"bu","14:01:41",508200
8.5,-0.51,3100,"sd","13:56:48",507600
8.5,-0.51,500,"sd","13:56:48",504500
8.5,-0.51,500,"sd","13:56:48",504000
8.5,-0.51,400,"sd","13:56:48",503500
8.5,-0.51,100,"sd","13:56:48",503100
8.5,-0.51,7600,"sd","13:55:13",503000
8.5,-0.51,2000,"sd","13:55:13",495400
8.5,-0.51,400,"sd","13:55:13",493400
8.5,-0.51,100,"sd","13:54:36",493000
8.5,-0.51,8100,"sd","13:54:36",492900
8.51,-0.5,1000,"sd","13:54:00",484800
8.51,-0.5,1800,"sd","13:54:00",483800
8.51,-0.5,3000,"sd","13:54:00",482000
8.51,-0.5,1000,"sd","13:54:00",479000
8.52,-0.49,500,"bu","13:53:16",478000
8.52,-0.49,500,"bu","13:53:07",477500
8.52,-0.49,100,"bu","13:51:36",477000
8.52,-0.49,400,"sd","13:49:57",476900
8.52,-0.49,7000,"sd","13:49:57",476500
8.52,-0.49,3000,"sd","13:47:28",469500
8.52,-0.49,1000,"sd","13:47:28",466500
8.6,-0.41,100,"bu","13:46:51",465500
8.5,-0.51,1900,"sd","13:45:32",465400
8.5,-0.51,100,"sd","13:45:32",463500
8.5,-0.51,100,"sd","13:45:32",463400
8.5,-0.51,200,"sd","13:45:32",463300
8.5,-0.51,100,"sd","13:45:32",463100
8.51,-0.5,2500,"sd","13:45:32",463000
8.53,-0.48,100,"sd","13:45:32",460500
8.51,-0.5,100,"sd","13:43:55",460400
8.51,-0.5,4000,"sd","13:43:55",460300
8.51,-0.5,2000,"sd","13:43:55",456300
8.51,-0.5,400,"sd","13:43:55",454300
8.52,-0.49,1000,"sd","13:43:55",453900
8.51,-0.5,2500,"sd","13:43:55",452900
8.51,-0.5,1600,"sd","13:42:38",450400
8.52,-0.49,500,"sd","13:42:38",448800
8.52,-0.49,1000,"sd","13:42:38",448300
8.52,-0.49,2800,"sd","13:42:38",447300
8.53,-0.48,2000,"sd","13:42:38",444500
8.53,-0.48,1000,"sd","13:42:38",442500
8.59,-0.42,500,"sd","13:42:38",441500
8.59,-0.42,300,"sd","13:42:38",441000
8.6,-0.41,300,"sd","13:42:38",440700
8.6,-0.41,7700,"bu","13:41:53",440400
8.6,-0.41,2000,"bu","13:41:37",432700
8.6,-0.41,200,"bu","13:40:37",430700
8.6,-0.41,2800,"bu","13:40:37",430500
8.6,-0.41,200,"bu","13:40:31",427700
8.59,-0.42,700,"bu","13:40:08",427500
8.59,-0.42,200,"bu","13:40:02",426800
8.58,-0.43,300,"bu","13:39:21",426600
8.52,-0.49,1400,"sd","13:38:09",426300
8.52,-0.49,100,"sd","13:38:09",424900
8.52,-0.49,100,"sd","13:37:33",424800
8.52,-0.49,500,"sd","13:37:33",424700
8.52,-0.49,100,"sd","13:37:33",424200
8.56,-0.45,2000,"bu","13:37:32",424100
8.53,-0.48,100,"sd","13:36:44",422100
8.52,-0.49,100,"sd","13:36:13",422000
8.52,-0.49,100,"sd","13:35:28",421900
8.52,-0.49,1700,"sd","13:35:28",421800
8.52,-0.49,200,"sd","13:34:19",420100
8.52,-0.49,500,"sd","13:33:49",419900
8.52,-0.49,600,"sd","13:33:49",419400
8.55,-0.46,6200,"bu","13:33:37",418800
8.55,-0.46,2000,"bu","13:33:37",412600
8.55,-0.46,100,"bu","13:33:37",410600
8.58,-0.43,100,"sd","13:33:22",410500
8.58,-0.43,2600,"sd","13:33:22",410400
8.58,-0.43,2700,"sd","13:33:13",407800
8.6,-0.41,200,"sd","13:32:59",405100
8.6,-0.41,200,"sd","13:32:59",404900
8.6,-0.41,12500,"sd","13:32:59",404700
8.6,-0.41,100,"sd","13:32:59",392200
8.6,-0.41,100,"sd","13:32:59",392100
8.61,-0.4,100,"sd","13:32:59",392000
8.61,-0.4,2000,"sd","13:32:59",391900
8.6,-0.41,1000,"sd","13:32:59",389900
8.61,-0.4,3000,"sd","13:32:59",388900
8.6,-0.41,100,"sd","13:32:59",385900
8.62,-0.39,1000,"sd","13:32:59",385800
8.6,-0.41,2000,"sd","13:32:59",384800
8.62,-0.39,500,"sd","13:32:59",382800
8.6,-0.41,2500,"sd","13:32:59",382300
8.62,-0.39,200,"sd","13:32:59",379800
8.6,-0.41,1000,"sd","13:32:59",379600
8.6,-0.41,500,"sd","13:32:59",378600
8.62,-0.39,300,"sd","13:32:37",378100
8.63,-0.38,200,"sd","13:31:58",377800
8.63,-0.38,300,"sd","13:31:13",377600
8.63,-0.38,100,"sd","13:31:13",377300
8.64,-0.37,900,"sd","13:30:59",377200
8.64,-0.37,1500,"sd","13:28:00",376300
8.64,-0.37,100,"sd","13:28:00",374800
8.64,-0.37,100,"sd","13:28:00",374700
8.68,-0.33,200,"bu","13:27:38",374600
8.67,-0.34,100,"bu","13:26:33",374400
8.64,-0.37,600,"sd","13:26:15",374300
8.67,-0.34,200,"sd","13:26:15",373700
8.68,-0.33,100,"bu","13:25:56",373500
8.67,-0.34,100,"bu","13:25:55",373400
8.67,-0.34,700,"bu","13:25:55",373300
8.64,-0.37,800,"sd","13:24:32",372600
8.65,-0.36,700,"sd","13:24:32",371800
8.65,-0.36,300,"bu","13:24:31",371100
8.64,-0.37,100,"bu","13:24:06",370800
8.64,-0.37,200,"sd","13:24:05",370700
8.64,-0.37,100,"sd","13:24:05",370500
8.64,-0.37,600,"sd","13:24:05",370400
8.64,-0.37,100,"sd","13:23:56",369800
8.64,-0.37,300,"bu","13:22:27",369700
8.65,-0.36,100,"bu","13:20:10",369400
8.65,-0.36,500,"sd","13:17:29",369300
8.65,-0.36,100,"sd","13:17:29",368800
8.65,-0.36,100,"sd","13:16:20",368700
8.65,-0.36,800,"sd","13:15:49",368600
8.65,-0.36,100,"sd","13:15:49",367800
8.65,-0.36,100,"sd","13:15:49",367700
8.67,-0.34,400,"bu","13:13:00",367600
8.67,-0.34,100,"bu","13:09:49",367200
8.68,-0.33,1200,"bu","13:00:17",367100
8.68,-0.33,100,"bu","13:00:15",365900
8.65,-0.36,100,"sd","13:00:08",365800
8.65,-0.36,300,"sd","13:00:08",365700
8.68,-0.33,100,"bu","11:30:00",365400
8.68,-0.33,300,"bu","11:29:40",365300
8.68,-0.33,300,"sd","11:29:39",365000
8.68,-0.33,3000,"sd","11:29:39",364700
8.68,-0.33,8700,"sd","11:29:39",361700
8.68,-0.33,900,"sd","11:28:49",353000
8.69,-0.32,100,"bu","11:26:39",352100
8.69,-0.32,100,"bu","11:25:41",352000
8.68,-0.33,1900,"sd","11:24:42",351900
8.69,-0.32,100,"sd","11:24:42",350000
8.7,-0.31,1000,"sd","11:24:41",349900
8.7,-0.31,200,"sd","11:24:41",348900
8.7,-0.31,5000,"sd","11:24:41",348700
8.7,-0.31,300,"sd","11:24:41",343700
8.71,-0.3,200,"sd","11:24:41",343400
8.71,-0.3,2600,"sd","11:24:41",343200
8.71,-0.3,2400,"sd","11:22:51",340600
8.71,-0.3,2600,"sd","11:22:51",338200
8.71,-0.3,6000,"sd","11:22:17",335600
8.71,-0.3,1400,"sd","11:21:26",329600
8.71,-0.3,2000,"sd","11:21:26",328200
8.72,-0.29,600,"sd","11:21:26",326200
8.72,-0.29,100,"sd","11:20:20",325600
8.72,-0.29,100,"sd","11:20:20",325500
8.72,-0.29,500,"sd","11:18:23",325400
8.72,-0.29,1000,"sd","11:15:11",324900
8.74,-0.27,900,"sd","11:14:43",323900
8.75,-0.26,100,"bu","11:11:35",323000
8.74,-0.27,9000,"sd","11:11:34",322900
8.74,-0.27,100,"bu","11:10:14",313900
8.72,-0.29,3000,"sd","11:09:18",313800
8.72,-0.29,2400,"sd","11:08:45",310800
8.72,-0.29,1000,"sd","11:08:44",308400
8.72,-0.29,1500,"sd","11:08:44",307400
8.72,-0.29,100,"sd","11:08:44",305900
8.72,-0.29,1000,"sd","11:08:44",305800
8.73,-0.28,100,"sd","11:07:39",304800
8.73,-0.28,1000,"sd","11:07:39",304700
8.74,-0.27,200,"bu","11:06:40",303700
8.74,-0.27,500,"bu","11:03:17",303500
8.74,-0.27,1000,"bu","11:03:08",303000
8.74,-0.27,4300,"bu","11:02:57",302000
8.74,-0.27,1000,"bu","11:02:54",297700
8.74,-0.27,500,"bu","11:02:27",296700
8.74,-0.27,700,"bu","11:01:37",296200
8.74,-0.27,1200,"bu","11:01:34",295500
8.73,-0.28,100,"bu","10:58:08",294300
8.73,-0.28,400,"bu","10:57:42",294200
8.73,-0.28,100,"bu","10:57:37",293800
8.73,-0.28,500,"sd","10:57:20",293700
8.73,-0.28,1000,"sd","10:57:20",293200
8.73,-0.28,900,"sd","10:57:20",292200
8.73,-0.28,100,"bu","10:55:57",291300
8.73,-0.28,300,"sd","10:52:51",291200
8.73,-0.28,5000,"sd","10:52:51",290900
8.73,-0.28,100,"sd","10:52:51",285900
8.73,-0.28,100,"sd","10:52:51",285800
8.74,-0.27,100,"sd","10:52:28",285700
8.74,-0.27,10300,"sd","10:52:28",285600
8.74,-0.27,100,"sd","10:52:28",275300
8.75,-0.26,300,"sd","10:51:31",275200
8.75,-0.26,100,"sd","10:51:31",274900
8.76,-0.25,100,"bu","10:51:04",274800
8.75,-0.26,200,"sd","10:50:47",274700
8.75,-0.26,5000,"sd","10:50:47",274500
8.75,-0.26,100,"sd","10:50:47",269500
8.75,-0.26,4700,"sd","10:50:47",269400
8.76,-0.25,100,"sd","10:50:02",264700
8.76,-0.25,100,"sd","10:50:02",264600
8.77,-0.24,100,"sd","10:50:02",264500
8.76,-0.25,2000,"sd","10:38:38",264400
8.8,-0.21,200,"bu","10:38:21",262400
8.8,-0.21,100,"bu","10:37:25",262200
8.8,-0.21,600,"bu","10:37:25",262100
8.8,-0.21,100,"bu","10:37:23",261500
8.75,-0.26,300,"sd","10:36:32",261400
8.75,-0.26,200,"sd","10:36:31",261100
8.77,-0.24,500,"sd","10:36:31",260900
8.8,-0.21,100,"bu","10:36:13",260400
8.8,-0.21,200,"bu","10:36:07",260300
8.8,-0.21,100,"bu","10:36:02",260100
8.8,-0.21,5000,"bu","10:35:56",260000
8.8,-0.21,5000,"bu","10:35:46",255000
8.79,-0.22,200,"sd","10:35:12",250000
8.79,-0.22,1000,"sd","10:35:12",249800
8.79,-0.22,2000,"bu","10:28:28",248800
8.8,-0.21,5000,"unknown","10:27:03",246800
8.8,-0.21,200,"sd","10:27:03",241800
8.8,-0.21,200,"sd","10:27:03",241600
8.8,-0.21,1200,"sd","10:27:03",241400
8.8,-0.21,300,"sd","10:27:03",240200
8.8,-0.21,1000,"sd","10:27:03",239900
8.8,-0.21,1000,"sd","10:27:03",238900
8.85,-0.16,500,"bu","10:25:24",237900
8.85,-0.16,500,"bu","10:25:24",237400
8.85,-0.16,4000,"bu","10:23:20",236900
8.8,-0.21,300,"sd","10:20:43",232900
8.8,-0.21,500,"sd","10:20:43",232600
8.8,-0.21,500,"sd","10:20:43",232100
8.8,-0.21,100,"sd","10:20:43",231600
8.8,-0.21,10000,"sd","10:20:43",231500
8.8,-0.21,200,"sd","10:20:43",221500
8.8,-0.21,1000,"sd","10:20:43",221300
8.81,-0.2,300,"sd","10:20:43",220300
8.81,-0.2,6800,"sd","10:20:43",220000
8.83,-0.18,1000,"sd","10:20:23",213200
8.83,-0.18,2300,"sd","10:20:23",212200
8.83,-0.18,1900,"sd","10:19:51",209900
8.83,-0.18,5100,"sd","10:19:51",208000
8.85,-0.16,100,"sd","10:18:11",202900
8.85,-0.16,500,"sd","10:18:11",202800
8.85,-0.16,100,"sd","10:18:11",202300
8.85,-0.16,3800,"sd","10:18:11",202200
8.85,-0.16,100,"sd","10:18:11",198400
8.85,-0.16,600,"sd","10:17:27",198300
8.85,-0.16,5600,"sd","10:16:37",197700
8.85,-0.16,100,"sd","10:16:37",192100
8.85,-0.16,1100,"sd","10:16:37",192000
8.85,-0.16,100,"sd","10:16:37",190900
8.85,-0.16,200,"sd","10:16:37",190800
8.85,-0.16,2100,"sd","10:16:37",190600
8.86,-0.15,1000,"sd","10:16:37",188500
8.86,-0.15,100,"sd","10:16:37",187500
8.86,-0.15,300,"sd","10:16:37",187400
8.86,-0.15,8300,"sd","10:16:37",187100
8.87,-0.14,100,"sd","10:16:37",178800
8.87,-0.14,1000,"sd","10:16:37",178700
8.93,-0.08,100,"bu","10:15:55",177700
8.86,-0.15,1700,"sd","10:15:03",177600
8.86,-0.15,8300,"sd","10:15:03",175900
8.93,-0.08,400,"bu","10:14:42",167600
8.95,-0.06,100,"bu","10:12:30",167200
8.86,-0.15,1500,"sd","10:08:21",167100
8.88,-0.13,100,"bu","10:07:14",165600
8.96,-0.05,200,"bu","10:05:55",165500
8.95,-0.06,1300,"bu","10:05:55",165300
8.9,-0.11,1000,"bu","10:05:55",164000
8.95,-0.06,100,"bu","09:57:57",163000
8.96,-0.05,100,"bu","09:57:53",162900
8.87,-0.14,1900,"bu","09:57:53",162800
8.86,-0.15,200,"sd","09:57:48",160900
8.86,-0.15,2800,"sd","09:57:48",160700
8.87,-0.14,4600,"bu","09:57:42",157900
8.87,-0.14,3300,"bu","09:57:35",153300
8.87,-0.14,100,"bu","09:57:18",150000
8.9,-0.11,100,"bu","09:57:18",149900
8.95,-0.06,100,"bu","09:57:04",149800
8.97,-0.04,100,"bu","09:51:51",149700
8.98,-0.03,100,"bu","09:51:11",149600
8.92,-0.09,500,"bu","09:51:11",149500
8.92,-0.09,4600,"bu","09:51:11",149000
8.92,-0.09,2900,"bu","09:51:01",144400
8.92,-0.09,3500,"bu","09:50:53",141500
8.92,-0.09,4100,"bu","09:50:47",138000
8.92,-0.09,3200,"bu","09:50:34",133900
8.92,-0.09,2600,"bu","09:50:25",130700
8.91,-0.1,2200,"bu","09:50:25",128100
8.9,-0.11,5100,"bu","09:50:25",125900
8.89,-0.12,100,"bu","09:50:25",120800
8.86,-0.15,1000,"sd","09:45:41",120700
8.86,-0.15,6200,"sd","09:44:26",119700
8.86,-0.15,400,"sd","09:44:26",113500
8.86,-0.15,9600,"sd","09:42:10",113100
8.86,-0.15,400,"sd","09:42:10",103500
8.99,-0.02,200,"bu","09:38:41",103100
8.99,-0.02,100,"bu","09:37:35",102900
8.98,-0.03,1000,"bu","09:37:35",102800
8.86,-0.15,100,"sd","09:37:22",101800
8.86,-0.15,500,"sd","09:37:21",101700
8.86,-0.15,1000,"sd","09:36:31",101200
8.85,-0.16,3000,"sd","09:35:17",100200
8.85,-0.16,500,"sd","09:34:39",97200
8.85,-0.16,4400,"sd","09:33:25",96700
8.85,-0.16,3300,"sd","09:33:25",92300
8.86,-0.15,6000,"sd","09:33:25",89000
8.86,-0.15,1300,"sd","09:33:25",83000
9,-0.01,500,"bu","09:31:32",81700
9,-0.01,100,"bu","09:30:36",81200
8.86,-0.15,100,"sd","09:29:36",81100
8.88,-0.13,100,"sd","09:29:36",81000
8.86,-0.15,6200,"sd","09:29:17",80900
8.86,-0.15,1000,"sd","09:28:59",74700
8.86,-0.15,1000,"sd","09:28:34",73700
8.85,-0.16,300,"sd","09:25:16",72700
8.95,-0.06,100,"unknown","09:25:16",72400
8.95,-0.06,9200,"unknown","09:25:16",72300
8.96,-0.05,100,"sd","09:25:16",63100
8.96,-0.05,300,"sd","09:25:16",63000
9,-0.01,100,"bu","09:23:16",62700
9.01,0,500,"bu","09:22:48",62600
9.01,0,2000,"bu","09:22:48",62100
9.01,0,400,"bu","09:22:40",60100
8.97,-0.04,4600,"bu","09:22:40",59700
8.97,-0.04,3600,"bu","09:21:33",55100
8.97,-0.04,3600,"bu","09:20:58",51500
8.97,-0.04,2800,"bu","09:20:50",47900
8.97,-0.04,400,"bu","09:20:42",45100
8.97,-0.04,1400,"bu","09:20:42",44700
8.97,-0.04,1100,"sd","09:19:49",43300
9.01,0,1500,"bu","09:17:38",42200
8.97,-0.04,8900,"sd","09:17:24",40700
9.01,0,5300,"bu","09:17:08",31800
9.01,0,6100,"bu","09:16:56",26500
9.01,0,2600,"bu","09:16:36",20400
9.01,0,5200,"bu","09:16:21",17800
9.01,0,4100,"bu","09:15:59",12600
9.01,0,2600,"bu","09:15:47",8500
9.01,0,3200,"bu","09:15:40",5900
9.01,0,200,"bu","09:15:30",2700
9,-0.01,800,"bu","09:15:30",2500
8.99,-0.02,500,"bu","09:15:30",1700
8.95,-0.06,1200,"sd","09:15:01",1200
