"price","change","match_qtty","side","time","total_vol"
7890,-10,7800,"unknown","14:44:59",389100
7750,-150,200,"bu","14:29:41",381300
7750,-150,2900,"bu","14:29:38",381100
7750,-150,2900,"sd","14:29:05",378200
7760,-140,1000,"sd","14:29:05",375300
7780,-120,1000,"bu","14:26:12",374300
7800,-100,1000,"bu","14:25:14",373300
7740,-160,800,"sd","14:17:16",372300
7740,-160,1000,"sd","14:16:37",371500
7740,-160,500,"sd","14:16:37",370500
7740,-160,500,"sd","14:16:37",370000
7800,-100,200,"sd","14:14:56",369500
7800,-100,2300,"sd","14:14:56",369300
7800,-100,400,"sd","14:13:37",367000
7800,-100,1400,"sd","14:13:32",366600
7900,0,100,"sd","14:13:09",365200
7900,0,2100,"sd","14:10:08",365100
7990,90,200,"bu","14:09:09",363000
7900,0,100,"unknown","14:09:09",362800
7800,-100,5900,"bu","14:09:07",362700
7800,-100,4200,"bu","14:08:32",356800
7800,-100,2000,"sd","14:06:23",352600
7800,-100,600,"sd","14:06:23",350600
7900,0,2300,"sd","14:03:46",350000
7900,0,900,"sd","14:03:25",347700
7950,50,100,"sd","14:02:03",346800
7950,50,400,"sd","14:01:45",346700
7990,90,100,"bu","13:59:19",346300
8000,100,100,"bu","13:58:43",346200
7990,90,500,"sd","13:58:39",346100
8000,100,2000,"bu","13:58:25",345600
7990,90,500,"bu","13:58:08",343600
7920,20,300,"bu","13:57:29",343100
7920,20,1700,"sd","13:57:19",342800
8000,100,1000,"bu","13:57:12",341100
7950,50,2000,"bu","13:57:09",340100
7910,10,900,"bu","13:56:51",338100
7900,0,500,"bu","13:56:51",337200
7900,0,2000,"bu","13:56:51",336700
7900,0,5000,"bu","13:56:51",334700
7900,0,300,"bu","13:56:51",329700
7900,0,100,"bu","13:56:51",329400
7900,0,300,"bu","13:56:51",329300
7890,-10,4200,"bu","13:56:51",329000
7890,-10,1000,"bu","13:55:54",324800
7890,-10,100,"bu","13:55:19",323800
7890,-10,100,"bu","13:55:19",323700
7890,-10,100,"bu","13:54:06",323600
7890,-10,8300,"bu","13:54:06",323500
7890,-10,300,"bu","13:54:06",315200
7880,-20,400,"bu","13:54:06",314900
7850,-50,900,"bu","13:54:06",314500
7850,-50,200,"sd","13:52:56",313600
7850,-50,1000,"sd","13:52:56",313400
7850,-50,2900,"sd","13:52:56",312400
7850,-50,6000,"sd","13:51:31",309500
7850,-50,200,"bu","13:48:30",303500
7850,-50,900,"bu","13:48:30",303300
7850,-50,100,"sd","13:44:34",302400
7850,-50,1000,"bu","13:42:01",302300
7800,-100,1400,"bu","13:41:26",301300
7800,-100,100,"bu","13:41:00",299900
7800,-100,3500,"bu","13:39:45",299800
7800,-100,500,"bu","13:39:45",296300
7800,-100,1000,"bu","13:39:45",295800
7800,-100,4000,"bu","13:39:45",294800
7750,-150,1000,"bu","13:39:45",290800
7750,-150,5000,"bu","13:39:45",289800
7750,-150,500,"bu","13:34:32",284800
7750,-150,500,"bu","13:34:32",284300
7740,-160,600,"sd","13:33:27",283800
7750,-150,100,"sd","13:32:34",283200
7750,-150,200,"sd","13:32:34",283100
7750,-150,200,"bu","13:30:28",282900
7750,-150,1100,"bu","13:30:28",282700
7740,-160,500,"bu","13:30:11",281600
7700,-200,500,"bu","13:29:10",281100
7700,-200,8600,"bu","13:29:10",280600
7700,-200,1400,"bu","13:28:55",272000
7700,-200,100,"bu","13:28:55",270600
7690,-210,1800,"bu","13:28:40",270500
7690,-210,3200,"bu","13:28:40",268700
7690,-210,1000,"bu","13:28:40",265500
7690,-210,2000,"bu","13:28:40",264500
7680,-220,18800,"bu","13:28:19",262500
7670,-230,1000,"bu","13:28:00",243700
7550,-350,100,"sd","13:26:47",242700
7550,-350,400,"sd","13:26:20",242600
7550,-350,600,"sd","13:25:57",242200
7550,-350,400,"sd","13:25:57",241600
7550,-350,600,"sd","13:24:59",241200
7650,-250,600,"sd","13:24:41",240600
7650,-250,500,"sd","13:24:08",240000
7660,-240,900,"sd","13:24:08",239500
7660,-240,500,"sd","13:24:00",238600
7680,-220,1200,"bu","13:23:14",238100
7660,-240,100,"bu","13:22:57",236900
7650,-250,300,"sd","13:22:43",236800
7650,-250,100,"sd","13:22:43",236500
7650,-250,500,"sd","13:22:43",236400
7550,-350,1000,"sd","13:22:32",235900
7650,-250,500,"bu","13:21:53",234900
7650,-250,400,"sd","13:21:38",234400
7650,-250,100,"sd","13:21:38",234000
7600,-300,5000,"sd","13:21:08",233900
7600,-300,500,"sd","13:21:08",228900
7600,-300,4400,"sd","13:21:08",228400
7600,-300,100,"sd","13:19:50",224000
7600,-300,400,"sd","13:19:08",223900
7630,-270,500,"sd","13:19:08",223500
7640,-260,1100,"sd","13:19:08",223000
7650,-250,500,"sd","13:18:02",221900
7650,-250,400,"sd","13:18:02",221400
7660,-240,200,"bu","13:17:35",221000
7660,-240,800,"sd","13:16:21",220800
7660,-240,100,"bu","13:16:13",220000
7660,-240,100,"bu","13:16:13",219900
7650,-250,100,"sd","13:16:09",219800
7660,-240,100,"sd","13:14:26",219700
7660,-240,500,"sd","13:13:09",219600
7710,-190,1000,"sd","13:07:34",219100
7730,-170,200,"bu","13:05:58",218100
7730,-170,700,"sd","13:05:12",217900
7730,-170,300,"bu","13:04:22",217200
7730,-170,1600,"bu","13:04:05",216900
7640,-260,100,"sd","13:00:09",215300
7640,-260,700,"sd","13:00:03",215200
7800,-100,500,"bu","11:22:08",214500
7750,-150,400,"bu","11:22:08",214000
7750,-150,100,"bu","11:22:08",213600
7640,-260,1000,"bu","11:21:53",213500
7640,-260,100,"bu","11:21:53",212500
7630,-270,1500,"bu","11:21:35",212400
7600,-300,8000,"sd","11:21:21",210900
7600,-300,1000,"bu","11:20:43",202900
7600,-300,1000,"bu","11:20:43",201900
7600,-300,300,"bu","11:20:43",200900
7600,-300,4800,"bu","11:20:43",200600
7550,-350,100,"bu","11:20:24",195800
7550,-350,100,"bu","11:20:17",195700
7550,-350,1000,"bu","11:20:10",195600
7580,-320,800,"sd","11:20:05",194600
7580,-320,300,"bu","11:19:58",193800
7550,-350,400,"bu","11:19:58",193500
7550,-350,600,"sd","11:19:54",193100
7550,-350,4400,"bu","11:19:39",192500
7550,-350,1500,"bu","11:19:22",188100
7500,-400,700,"sd","11:19:09",186600
7500,-400,500,"bu","11:18:48",185900
7500,-400,3800,"sd","11:18:29",185400
7550,-350,1100,"sd","11:18:05",181600
7600,-300,1100,"bu","11:17:28",180500
7550,-350,1900,"bu","11:16:44",179400
7550,-350,100,"bu","11:16:21",177500
7550,-350,4900,"bu","11:16:21",177400
7550,-350,1400,"bu","11:15:34",172500
7550,-350,1400,"bu","11:15:33",171100
7550,-350,100,"bu","11:14:14",169700
7590,-310,500,"sd","11:13:48",169600
7590,-310,7600,"bu","11:13:30",169100
7590,-310,1000,"bu","11:13:30",161500
7590,-310,1000,"bu","11:13:30",160500
7590,-310,500,"bu","11:13:30",159500
7590,-310,700,"bu","11:13:30",159000
7590,-310,700,"bu","11:13:30",158300
7400,-500,200,"sd","11:10:25",157600
7400,-500,800,"sd","11:10:25",157400
7400,-500,100,"sd","10:58:04",156600
7400,-500,500,"bu","10:56:40",156500
7400,-500,300,"bu","10:56:33",156000
7400,-500,100,"bu","10:56:19",155700
7400,-500,100,"bu","10:56:00",155600
7590,-310,500,"bu","10:52:41",155500
7370,-530,1800,"sd","10:50:45",155000
7370,-530,200,"sd","10:50:45",153200
7370,-530,500,"sd","10:50:44",153000
7370,-530,4200,"sd","10:50:27",152500
7400,-500,800,"sd","10:50:27",148300
7370,-530,1300,"sd","10:49:44",147500
7380,-520,4000,"sd","10:49:44",146200
7380,-520,3000,"sd","10:49:44",142200
7380,-520,3000,"sd","10:49:44",139200
7380,-520,100,"sd","10:49:44",136200
7400,-500,1000,"sd","10:49:44",136100
7400,-500,700,"sd","10:49:44",135100
7400,-500,300,"sd","10:49:44",134400
7400,-500,700,"bu","10:49:02",134100
7400,-500,5000,"sd","10:48:25",133400
7490,-410,500,"sd","10:48:25",128400
7540,-360,800,"sd","10:48:25",127900
7590,-310,100,"bu","10:47:22",127100
7590,-310,600,"bu","10:46:50",127000
7540,-360,200,"bu","10:45:53",126400
7380,-520,200,"sd","10:45:50",126200
7390,-510,100,"sd","10:45:50",126000
7410,-490,200,"sd","10:45:50",125900
7400,-500,800,"bu","10:45:20",125700
7400,-500,3000,"sd","10:45:19",124900
7400,-500,500,"sd","10:45:19",121900
7400,-500,100,"sd","10:45:19",121400
7400,-500,100,"sd","10:45:19",121300
7410,-490,3000,"sd","10:45:19",121200
7410,-490,300,"sd","10:45:19",118200
7410,-490,200,"sd","10:45:19",117900
7410,-490,200,"sd","10:43:19",117700
7410,-490,200,"sd","10:43:19",117500
7420,-480,100,"sd","10:43:19",117300
7450,-450,300,"sd","10:43:19",117200
7460,-440,200,"sd","10:43:19",116900
7490,-410,1600,"sd","10:42:57",116700
7490,-410,1000,"bu","10:41:46",115100
7490,-410,900,"bu","10:41:46",114100
7490,-410,900,"bu","10:41:29",113200
7490,-410,100,"bu","10:40:15",112300
7490,-410,100,"sd","10:38:30",112200
7490,-410,2900,"bu","10:36:19",112100
7490,-410,100,"sd","10:33:56",109200
7490,-410,2000,"sd","10:33:56",109100
7490,-410,4600,"sd","10:31:51",107100
7490,-410,400,"sd","10:31:51",102500
7500,-400,100,"sd","10:31:51",102100
7500,-400,3000,"sd","10:31:51",102000
7500,-400,900,"sd","10:31:51",99000
7500,-400,500,"sd","10:31:51",98100
7500,-400,100,"sd","10:31:51",97600
7500,-400,200,"sd","10:31:51",97500
7500,-400,200,"sd","10:31:51",97300
7500,-400,500,"sd","10:31:51",97100
7500,-400,500,"sd","10:31:51",96600
7500,-400,500,"sd","10:31:51",96100
7500,-400,300,"sd","10:31:51",95600
7510,-390,3200,"sd","10:31:51",95300
7500,-400,12400,"sd","10:27:41",92100
7510,-390,100,"sd","10:27:41",79700
7520,-380,2500,"sd","10:27:41",79600
7520,-380,200,"bu","10:27:14",77100
7510,-390,500,"sd","10:26:01",76900
7510,-390,4000,"sd","10:26:01",76400
7540,-360,100,"bu","10:25:27",72400
7540,-360,100,"bu","10:22:39",72300
7540,-360,100,"sd","10:22:38",72200
7540,-360,1000,"sd","10:22:38",72100
7540,-360,500,"bu","10:21:18",71100
7540,-360,100,"sd","10:20:39",70600
7560,-340,500,"bu","10:20:34",70500
7540,-360,1000,"sd","10:19:42",70000
7550,-350,400,"sd","10:19:42",69000
7550,-350,300,"sd","10:19:42",68600
7560,-340,500,"bu","10:18:30",68300
7560,-340,1100,"bu","10:17:37",67800
7560,-340,200,"bu","10:17:05",66700
7560,-340,100,"bu","10:16:29",66500
7560,-340,200,"bu","10:16:21",66400
7560,-340,200,"sd","10:13:59",66200
7560,-340,500,"sd","10:13:59",66000
7580,-320,200,"sd","10:13:59",65500
7560,-340,700,"sd","10:13:59",65300
7580,-320,800,"bu","10:12:47",64600
7580,-320,500,"bu","10:12:21",63800
7580,-320,500,"bu","10:12:21",63300
7580,-320,1000,"sd","10:10:35",62800
7580,-320,200,"sd","10:10:35",61800
7580,-320,300,"sd","10:09:24",61600
7580,-320,8800,"sd","10:07:59",61300
7580,-320,1200,"bu","10:05:39",52500
7580,-320,200,"bu","10:04:21",51300
7580,-320,100,"sd","10:04:00",51100
7580,-320,500,"sd","10:04:00",51000
7580,-320,200,"sd","10:04:00",50500
7600,-300,100,"bu","09:59:15",50300
7600,-300,400,"bu","09:59:15",50200
7600,-300,300,"sd","09:57:15",49800
7600,-300,200,"sd","09:57:15",49500
7600,-300,1000,"sd","09:57:15",49300
7600,-300,4100,"sd","09:57:15",48300
7600,-300,300,"sd","09:55:04",44200
7600,-300,300,"sd","09:52:02",43900
7610,-290,400,"sd","09:52:02",43600
7610,-290,200,"sd","09:51:21",43200
7600,-300,600,"sd","09:48:30",43000
7600,-300,100,"sd","09:48:30",42400
7600,-300,2300,"unknown","09:45:09",42300
7600,-300,2000,"sd","09:45:09",40000
7600,-300,500,"sd","09:45:09",38000
7600,-300,100,"sd","09:45:09",37500
7660,-240,100,"sd","09:45:09",37400
7700,-200,500,"sd","09:45:09",37300
7700,-200,500,"sd","09:44:39",36800
7700,-200,100,"sd","09:44:39",36300
7700,-200,1000,"sd","09:44:39",36200
7700,-200,2000,"sd","09:44:39",35200
7700,-200,400,"sd","09:44:39",33200
7750,-150,200,"sd","09:44:01",32800
7750,-150,500,"sd","09:43:39",32600
7750,-150,600,"sd","09:41:08",32100
7800,-100,100,"sd","09:38:18",31500
7800,-100,1200,"sd","09:38:18",31400
7800,-100,100,"sd","09:25:47",30200
7800,-100,100,"sd","09:25:41",30100
7900,0,300,"bu","09:25:21",30000
7900,0,200,"bu","09:25:21",29700
7800,-100,8600,"bu","09:24:18",29500
7890,-10,800,"sd","09:22:48",20900
7900,0,1000,"bu","09:22:32",20100
7890,-10,200,"bu","09:22:20",19100
7890,-10,1800,"sd","09:21:11",18900
7890,-10,200,"bu","09:21:02",17100
7890,-10,700,"bu","09:20:40",16900
7800,-100,2900,"sd","09:20:12",16200
7900,0,100,"sd","09:19:34",13300
7900,0,5600,"sd","09:19:34",13200
7900,0,100,"sd","09:19:34",7600
7910,10,400,"sd","09:19:23",7500
7970,70,1700,"sd","09:19:23",7100
7990,90,200,"bu","09:16:47",5400
8000,100,5200,"unknown","09:15:00",5200
