"price","change","match_qtty","side","time","total_vol"
13500,0,500,"bu","14:59:29",601900
13400,-100,200,"sd","14:59:19",601400
13500,0,500,"bu","14:59:07",601200
13400,-100,1000,"bu","14:58:47",600700
13400,-100,500,"sd","14:57:44",599700
13400,-100,1000,"sd","14:57:38",599200
13400,-100,500,"sd","14:57:02",598200
13400,-100,3000,"bu","14:55:46",597700
13300,-200,600,"sd","14:47:18",594700
13300,-200,2000,"sd","14:44:50",594100
13300,-200,1700,"bu","14:44:34",592100
13200,-300,10000,"sd","14:44:07",590400
13300,-200,1000,"bu","14:43:40",580400
13300,-200,100,"bu","14:43:39",579400
13300,-200,200,"bu","14:42:20",579300
13300,-200,300,"bu","14:42:02",579100
13300,-200,500,"bu","14:41:09",578800
13300,-200,2200,"sd","14:40:50",578300
13300,-200,2800,"bu","14:40:16",576100
13300,-200,400,"bu","14:38:06",573300
13300,-200,300,"bu","14:37:35",572900
13300,-200,200,"bu","14:37:29",572600
13300,-200,100,"bu","14:37:15",572400
13300,-200,400,"bu","14:36:54",572300
13300,-200,200,"bu","14:36:41",571900
13300,-200,200,"bu","14:36:38",571700
13300,-200,3800,"sd","14:36:21",571500
13300,-200,5000,"sd","14:35:08",567700
13400,-100,900,"sd","14:34:49",562700
13400,-100,1100,"sd","14:33:41",561800
13300,-200,10000,"sd","14:32:45",560700
13300,-200,3000,"sd","14:32:10",550700
13400,-100,2000,"bu","14:32:04",547700
13300,-200,5000,"sd","14:31:56",545700
13300,-200,10000,"sd","14:31:30",540700
13300,-200,10000,"bu","14:30:53",530700
13300,-200,2100,"bu","14:30:42",520700
13300,-200,900,"bu","14:30:24",518600
13300,-200,100,"bu","14:29:29",517700
13300,-200,500,"bu","14:29:18",517600
13300,-200,4400,"bu","14:29:15",517100
13300,-200,3000,"sd","14:28:29",512700
13300,-200,10000,"sd","14:26:56",509700
13300,-200,1600,"bu","14:26:43",499700
13200,-300,20000,"sd","14:26:31",498100
13300,-200,1000,"bu","14:26:30",478100
13300,-200,500,"bu","14:26:21",477100
13300,-200,300,"bu","14:26:07",476600
13300,-200,200,"bu","14:25:58",476300
13300,-200,1000,"bu","14:25:56",476100
13300,-200,5400,"sd","14:25:52",475100
13300,-200,10000,"sd","14:25:34",469700
13400,-100,800,"sd","14:25:15",459700
13400,-100,1000,"sd","14:24:21",458900
13400,-100,1200,"sd","14:17:23",457900
13400,-100,500,"bu","14:17:07",456700
13400,-100,1000,"bu","14:16:27",456200
13400,-100,7300,"sd","14:13:59",455200
13400,-100,1000,"sd","14:11:56",447900
13400,-100,300,"sd","14:11:52",446900
13400,-100,1400,"sd","14:06:42",446600
13400,-100,1000,"bu","14:05:48",445200
13400,-100,600,"bu","14:05:02",444200
13400,-100,4000,"sd","14:04:42",443600
13400,-100,500,"sd","14:02:15",439600
13500,0,1000,"bu","14:00:21",439100
13400,-100,10000,"sd","13:56:10",438100
13500,0,200,"bu","13:50:49",428100
13500,0,5000,"bu","13:49:12",427900
13500,0,10000,"bu","13:48:40",422900
13500,0,1000,"bu","13:47:17",412900
13500,0,1200,"sd","13:40:26",411900
13500,0,100,"sd","13:40:12",410700
13500,0,700,"bu","13:39:31",410600
13500,0,1000,"bu","13:39:08",409900
13500,0,2000,"bu","13:39:03",408900
13500,0,1100,"bu","13:38:53",406900
13500,0,500,"bu","13:37:53",405800
13400,-100,200,"sd","13:35:25",405300
13500,0,3000,"bu","13:34:16",405100
13500,0,5900,"bu","13:32:33",402100
13500,0,500,"bu","13:29:59",396200
13500,0,1000,"bu","13:25:55",395700
13400,-100,6500,"sd","13:22:36",394700
13400,-100,500,"bu","13:21:51",388200
13300,-200,10000,"sd","13:21:06",387700
13400,-100,500,"bu","13:21:02",377700
13300,-200,10000,"sd","13:20:47",377200
13300,-200,5000,"sd","13:19:43",367200
13400,-100,1000,"bu","13:17:45",362200
13400,-100,1000,"bu","13:15:47",361200
13300,-200,3000,"sd","13:14:42",360200
13400,-100,2500,"sd","13:13:10",357200
13300,-200,10000,"sd","13:12:45",354700
13300,-200,3700,"sd","13:12:07",344700
13300,-200,100,"bu","13:12:05",341000
13300,-200,1000,"bu","13:12:00",340900
13200,-300,5000,"sd","13:10:57",339900
13200,-300,5000,"sd","13:10:10",334900
13300,-200,100,"bu","13:10:07",329900
13300,-200,100,"bu","13:09:40",329800
13200,-300,20000,"sd","13:09:16",329700
13300,-200,800,"sd","13:09:11",309700
13300,-200,200,"bu","13:09:02",308900
13200,-300,30000,"sd","13:08:54",308700
13300,-200,4000,"bu","13:08:53",278700
13300,-200,5000,"bu","13:08:23",274700
13400,-100,500,"bu","13:06:51",269700
13300,-200,10000,"sd","13:05:32",269200
13300,-200,10000,"sd","13:05:14",259200
13400,-100,2000,"sd","13:04:28",249200
13400,-100,5000,"sd","13:04:11",247200
13500,0,1300,"bu","13:03:25",242200
13500,0,1000,"sd","13:02:16",240900
13500,0,4000,"sd","13:00:05",239900
13500,0,2000,"sd","13:00:03",235900
13500,0,1700,"bu","13:00:02",233900
13500,0,500,"bu","11:25:22",232200
13400,-100,1100,"bu","11:23:35",231700
13400,-100,100,"bu","11:21:50",230600
13400,-100,500,"bu","11:20:18",230500
13400,-100,300,"bu","11:17:58",230000
13400,-100,1000,"bu","11:16:58",229700
13400,-100,2000,"sd","11:16:24",228700
13400,-100,3000,"sd","11:14:36",226700
13400,-100,1000,"unknown","11:10:09",223700
13400,-100,3000,"bu","11:09:24",222700
13400,-100,1000,"bu","11:05:51",219700
13400,-100,1000,"bu","11:03:50",218700
13400,-100,200,"bu","11:03:02",217700
13400,-100,8800,"bu","11:02:45",217500
13500,0,800,"bu","10:58:49",208700
13500,0,1200,"sd","10:55:48",207900
13500,0,1800,"bu","10:55:15",206700
13500,0,5000,"sd","10:50:41",204900
13600,100,500,"bu","10:39:25",199900
13600,100,200,"sd","10:37:08",199400
13600,100,1300,"sd","10:36:42",199200
13600,100,1500,"sd","10:36:30",197900
13600,100,500,"bu","10:34:09",196400
13500,0,2600,"bu","10:31:36",195900
13400,-100,5000,"sd","10:22:00",193300
13500,0,1000,"bu","10:19:41",188300
13400,-100,700,"bu","10:18:19",187300
13400,-100,4300,"bu","10:17:58",186600
13400,-100,1200,"sd","10:17:09",182300
13400,-100,400,"bu","10:16:42",181100
13400,-100,200,"bu","10:15:59",180700
13400,-100,500,"bu","10:15:05",180500
13400,-100,200,"bu","10:14:57",180000
13400,-100,500,"bu","10:14:40",179800
13400,-100,2000,"bu","10:14:18",179300
13400,-100,2000,"bu","10:13:55",177300
13300,-200,10000,"sd","10:13:51",175300
13400,-100,1000,"bu","10:12:36",165300
13400,-100,1000,"bu","10:12:27",164300
13300,-200,30000,"sd","10:12:26",163300
13300,-200,5000,"sd","10:11:19",133300
13400,-100,1000,"bu","10:10:58",128300
13400,-100,2000,"unknown","10:10:42",127300
13300,-200,5000,"sd","10:09:27",125300
13400,-100,2000,"bu","10:09:24",120300
13300,-200,43400,"sd","10:09:14",118300
13500,0,3500,"sd","09:56:06",74900
13500,0,6000,"sd","09:53:52",71400
13600,100,2500,"bu","09:51:57",65400
13600,100,3000,"sd","09:51:31",62900
13600,100,2000,"sd","09:49:27",59900
13600,100,3000,"sd","09:44:42",57900
13700,200,3000,"bu","09:41:55",54900
13600,100,100,"sd","09:41:31",51900
13700,200,5000,"bu","09:40:03",51800
13600,100,4300,"bu","09:39:17",46800
13600,100,5000,"sd","09:38:56",42500
13700,200,500,"bu","09:37:39",37500
13600,100,1000,"sd","09:35:37",37000
13600,100,2000,"bu","09:35:02",36000
13600,100,1000,"bu","09:32:55",34000
13500,0,3000,"sd","09:31:06",33000
13600,100,1000,"bu","09:29:56",30000
13500,0,3000,"sd","09:28:38",29000
13600,100,1000,"bu","09:27:05",26000
13500,0,1800,"bu","09:24:32",25000
13500,0,300,"bu","09:24:28",23200
13500,0,100,"bu","09:24:10",22900
13500,0,1000,"bu","09:23:40",22800
13500,0,6700,"sd","09:22:22",21800
13600,100,2100,"sd","09:20:42",15100
13600,100,2900,"bu","09:17:20",13000
13700,200,3000,"bu","09:16:29",10100
13600,100,100,"sd","09:16:10",7100
13600,100,1000,"sd","09:12:43",7000
13600,100,1000,"sd","09:11:51",6000
13700,200,1000,"bu","09:07:27",5000
13600,100,2000,"unknown","09:04:42",4000
13500,0,1000,"sd","09:04:15",2000
13600,100,1000,"bu","09:03:48",1000
