"price","change","match_qtty","side","time","total_vol"
7730,-20,70000,"unknown","14:44:59",1557800
7810,60,100,"bu","14:29:58",1487800
7800,50,200,"sd","14:29:49",1487700
7800,50,100,"sd","14:29:49",1487500
7800,50,700,"sd","14:29:49",1487400
7810,60,100,"bu","14:29:43",1486700
7810,60,700,"bu","14:29:38",1486600
7810,60,9000,"bu","14:29:38",1485900
7810,60,300,"bu","14:29:38",1476900
7810,60,100,"bu","14:29:12",1476600
7800,50,3000,"sd","14:29:00",1476500
7800,50,2000,"sd","14:28:39",1473500
7810,60,100,"bu","14:28:27",1471500
7800,50,15000,"unknown","14:28:15",1471400
7800,50,200,"unknown","14:28:15",1456400
7800,50,100,"unknown","14:28:15",1456200
7800,50,5000,"unknown","14:28:15",1456100
7800,50,3000,"bu","14:28:15",1451100
7800,50,200,"bu","14:28:15",1448100
7800,50,1000,"bu","14:28:15",1447900
7800,50,600,"bu","14:28:15",1446900
7800,50,400,"bu","14:27:51",1446300
7800,50,4600,"bu","14:27:51",1445900
7800,50,300,"bu","14:27:41",1441300
7790,40,400,"sd","14:27:32",1441000
7800,50,100,"bu","14:27:29",1440600
7790,40,100,"bu","14:27:08",1440500
7790,40,500,"bu","14:27:08",1440400
7790,40,200,"bu","14:27:08",1439900
7790,40,2900,"bu","14:27:08",1439700
7790,40,100,"bu","14:26:58",1436800
7780,30,600,"sd","14:26:43",1436700
7780,30,400,"sd","14:26:43",1436100
7790,40,100,"bu","14:26:41",1435700
7780,30,1000,"bu","14:26:28",1435600
7780,30,100,"bu","14:26:28",1434600
7780,30,100,"bu","14:25:55",1434500
7770,20,1100,"sd","14:25:34",1434400
7770,20,200,"bu","14:24:49",1433300
7770,20,600,"bu","14:24:27",1433100
7770,20,100,"bu","14:24:27",1432500
7770,20,500,"bu","14:24:27",1432400
7770,20,700,"bu","14:24:27",1431900
7770,20,100,"bu","14:24:27",1431200
7770,20,1000,"bu","14:23:58",1431100
7770,20,300,"bu","14:23:43",1430100
7770,20,700,"bu","14:23:43",1429800
7770,20,3000,"bu","14:23:29",1429100
7770,20,800,"bu","14:23:24",1426100
7750,0,200,"bu","14:23:24",1425300
7770,20,3000,"bu","14:22:29",1425100
7720,-30,200,"sd","14:22:22",1422100
7760,10,100,"sd","14:22:22",1421900
7720,-30,1200,"sd","14:22:06",1421800
7720,-30,1000,"sd","14:22:06",1420600
7720,-30,200,"sd","14:22:06",1419600
7720,-30,200,"sd","14:21:02",1419400
7710,-40,200,"sd","14:20:06",1419200
7710,-40,800,"sd","14:20:06",1419000
7710,-40,200,"sd","14:19:59",1418200
7710,-40,800,"sd","14:19:59",1418000
7710,-40,200,"sd","14:19:46",1417200
7760,10,200,"bu","14:19:46",1417000
7770,20,300,"bu","14:19:17",1416800
7700,-50,600,"bu","14:19:17",1416500
7700,-50,3000,"bu","14:19:08",1415900
7700,-50,2000,"bu","14:19:02",1412900
7700,-50,600,"bu","14:19:00",1410900
7700,-50,200,"sd","14:18:50",1410300
7700,-50,5000,"sd","14:18:50",1410100
7700,-50,1000,"sd","14:18:50",1405100
7700,-50,200,"sd","14:18:50",1404100
7700,-50,500,"sd","14:18:50",1403900
7700,-50,100,"sd","14:18:50",1403400
7700,-50,200,"sd","14:18:50",1403300
7700,-50,500,"sd","14:18:50",1403100
7700,-50,500,"sd","14:18:50",1402600
7700,-50,500,"sd","14:18:50",1402100
7700,-50,4000,"sd","14:18:50",1401600
7700,-50,1800,"sd","14:18:50",1397600
7700,-50,15000,"sd","14:18:50",1395800
7700,-50,100,"sd","14:18:50",1380800
7700,-50,200,"sd","14:18:50",1379700
7700,-50,1000,"sd","14:18:50",1380700
7720,-30,200,"sd","14:18:50",1379500
7730,-20,10000,"sd","14:18:50",1379300
7730,-20,200,"sd","14:18:50",1369300
7740,-10,100,"sd","14:18:50",1367100
7740,-10,2000,"sd","14:18:50",1369100
7750,0,1000,"sd","14:18:50",1367000
7750,0,2800,"sd","14:18:50",1366000
7750,0,800,"sd","14:18:50",1363200
7750,0,100,"sd","14:18:50",1362400
7750,0,1500,"sd","14:18:50",1362300
7750,0,300,"sd","14:18:50",1360800
7750,0,1400,"sd","14:18:50",1360500
7750,0,100,"sd","14:18:50",1359100
7750,0,2000,"sd","14:18:50",1359000
7750,0,1000,"sd","14:18:50",1357000
7750,0,1600,"sd","14:18:50",1356000
7750,0,100,"sd","14:18:50",1354400
7750,0,900,"sd","14:18:50",1354300
7750,0,100,"sd","14:18:50",1353400
7750,0,1000,"sd","14:18:50",1353300
7750,0,200,"sd","14:18:43",1352300
7750,0,1000,"sd","14:18:43",1352100
7750,0,100,"sd","14:18:43",1351100
7750,0,100,"sd","14:18:43",1351000
7750,0,3000,"sd","14:18:43",1350900
7750,0,200,"sd","14:18:43",1347900
7770,20,200,"bu","14:18:37",1347700
7760,10,300,"bu","14:18:37",1347500
7760,10,1000,"sd","14:18:32",1347200
7760,10,2700,"sd","14:18:32",1346200
7760,10,1000,"sd","14:18:23",1343500
7760,10,2300,"sd","14:18:08",1342500
7760,10,200,"sd","14:18:08",1340200
7760,10,800,"sd","14:17:49",1340000
7760,10,5200,"sd","14:17:49",1339200
7760,10,200,"sd","14:17:42",1334000
7760,10,300,"sd","14:17:42",1333800
7760,10,200,"sd","14:17:42",1333500
7760,10,4800,"sd","14:17:41",1333300
7770,20,500,"bu","14:17:12",1328500
7770,20,100,"bu","14:17:12",1328000
7770,20,100,"bu","14:17:12",1327900
7770,20,6600,"bu","14:17:12",1327800
7780,30,1000,"bu","14:17:12",1321200
7770,20,400,"sd","14:16:59",1320200
7770,20,100,"sd","14:16:29",1319800
7770,20,3000,"sd","14:16:23",1319700
7770,20,4900,"sd","14:16:09",1316700
7780,30,100,"bu","14:15:50",1311800
7790,40,400,"bu","14:15:44",1311700
7780,30,100,"bu","14:15:44",1311300
7780,30,1000,"sd","14:15:41",1311200
7780,30,300,"sd","14:15:41",1310200
7790,40,2000,"bu","14:15:40",1309900
7780,30,700,"bu","14:14:52",1307900
7780,30,300,"bu","14:14:40",1307200
7780,30,1000,"sd","14:14:40",1306900
7780,30,500,"sd","14:14:13",1305900
7780,30,100,"sd","14:14:13",1305400
7780,30,200,"sd","14:14:13",1305300
7780,30,1000,"sd","14:14:13",1305100
7780,30,200,"sd","14:14:13",1304100
7790,40,1000,"bu","14:14:01",1303900
7780,30,200,"sd","14:13:43",1302900
7780,30,400,"sd","14:13:43",1302700
7790,40,2400,"sd","14:13:43",1302300
7790,40,700,"bu","14:13:41",1299900
7790,40,6900,"bu","14:13:41",1299200
7790,40,300,"bu","14:13:23",1292300
7790,40,1500,"sd","14:13:04",1292000
7790,40,1300,"sd","14:13:04",1290500
7790,40,1500,"sd","14:12:56",1289200
7790,40,200,"sd","14:12:56",1287700
7790,40,200,"sd","14:12:56",1287500
7790,40,500,"sd","14:12:56",1287300
7790,40,100,"sd","14:12:56",1286800
7790,40,500,"sd","14:12:56",1286700
7790,40,300,"sd","14:12:56",1286200
7790,40,5000,"sd","14:12:56",1285900
7790,40,900,"sd","14:12:56",1280900
7790,40,100,"sd","14:12:56",1280000
7790,40,400,"sd","14:12:56",1279900
7790,40,200,"sd","14:12:56",1279500
7790,40,100,"sd","14:12:56",1279300
7800,50,200,"bu","14:12:45",1279200
7800,50,10000,"bu","14:12:23",1279000
7800,50,3000,"bu","14:11:14",1269000
7800,50,200,"bu","14:10:27",1266000
7800,50,500,"bu","14:10:14",1265800
7800,50,1000,"bu","14:09:23",1265300
7800,50,1000,"sd","14:09:12",1264300
7800,50,2000,"sd","14:09:12",1263300
7800,50,2000,"sd","14:09:12",1261300
7800,50,1000,"sd","14:09:12",1259300
7800,50,10000,"sd","14:09:12",1258300
7800,50,1000,"sd","14:09:12",1248300
7800,50,300,"sd","14:09:12",1247300
7800,50,6000,"sd","14:09:12",1247000
7800,50,10000,"sd","14:09:12",1241000
7800,50,100,"sd","14:09:12",1231000
7800,50,400,"sd","14:09:12",1230900
7800,50,100,"sd","14:09:12",1230500
7800,50,100,"sd","14:09:12",1230400
7800,50,100,"sd","14:09:12",1230300
7800,50,500,"sd","14:09:12",1230200
7800,50,1200,"sd","14:09:12",1229700
7800,50,100,"sd","14:09:12",1228500
7800,50,4000,"sd","14:09:12",1228400
7800,50,1000,"sd","14:09:12",1224400
7800,50,5000,"sd","14:09:12",1223400
7800,50,1000,"sd","14:09:12",1218400
7800,50,1500,"sd","14:09:12",1217400
7800,50,2000,"sd","14:09:12",1215900
7800,50,100,"sd","14:09:12",1213900
7810,60,3000,"bu","14:08:57",1213800
7810,60,800,"bu","14:08:49",1210800
7810,60,200,"bu","14:08:49",1210000
7810,60,1000,"bu","14:08:33",1209800
7810,60,800,"bu","14:07:33",1208800
7800,50,800,"sd","14:06:30",1208000
7800,50,2500,"sd","14:06:30",1207200
7800,50,500,"sd","14:06:30",1204700
7800,50,100,"sd","14:06:30",1204200
7810,60,1000,"bu","14:06:19",1204100
7810,60,400,"bu","14:05:36",1203100
7810,60,6500,"sd","14:05:32",1202700
7810,60,100,"sd","14:05:32",1196200
7810,60,200,"sd","14:05:16",1196100
7810,60,700,"bu","14:05:07",1195900
7810,60,1000,"bu","14:04:49",1195200
7810,60,400,"bu","14:04:38",1194200
7810,60,5000,"bu","14:03:06",1193800
7810,60,200,"bu","14:03:04",1188800
7810,60,1300,"bu","14:02:38",1188600
7810,60,5000,"bu","14:02:30",1187300
7810,60,800,"bu","14:02:30",1182300
7810,60,2900,"bu","14:02:30",1181500
7810,60,2100,"bu","14:02:28",1178600
7810,60,1900,"bu","14:02:28",1176500
7810,60,1000,"bu","14:02:18",1174600
7810,60,1000,"bu","14:02:05",1173600
7810,60,100,"sd","14:01:59",1172600
7810,60,200,"sd","14:01:58",1172500
7810,60,500,"sd","14:01:58",1172300
7810,60,300,"sd","14:01:58",1171800
7810,60,200,"sd","14:01:45",1171500
7810,60,100,"sd","14:01:45",1171300
7810,60,100,"sd","14:01:45",1171200
7810,60,300,"sd","14:01:45",1171100
7810,60,1000,"sd","14:01:45",1170800
7810,60,2000,"sd","14:01:45",1169800
7810,60,300,"sd","14:01:45",1167800
7810,60,400,"sd","14:01:44",1167500
7810,60,10000,"sd","14:01:44",1167100
7810,60,100,"sd","14:01:44",1157100
7810,60,500,"sd","14:01:44",1157000
7810,60,200,"sd","14:00:05",1156500
7810,60,2300,"sd","14:00:05",1156300
7810,60,200,"sd","14:00:05",1154000
7810,60,500,"sd","14:00:05",1153800
7820,70,500,"bu","13:59:16",1153300
7820,70,1000,"bu","13:59:06",1152800
7810,60,15000,"sd","13:58:45",1151800
7810,60,2000,"sd","13:58:31",1136800
7820,70,500,"sd","13:57:38",1134800
7820,70,100,"sd","13:57:38",1134300
7820,70,1000,"sd","13:57:38",1134200
7820,70,3000,"sd","13:57:38",1133200
7820,70,1000,"sd","13:57:38",1130200
7820,70,100,"sd","13:57:38",1129200
7820,70,100,"sd","13:57:38",1129100
7820,70,1900,"sd","13:57:36",1129000
7820,70,100,"sd","13:57:36",1127100
7820,70,1000,"sd","13:57:32",1127000
7820,70,500,"sd","13:57:22",1126000
7820,70,1000,"sd","13:57:20",1125500
7820,70,400,"sd","13:57:15",1124500
7820,70,100,"sd","13:57:15",1124100
7820,70,5500,"sd","13:57:15",1124000
7820,70,1000,"sd","13:56:54",1118500
7820,70,3000,"sd","13:56:35",1117500
7820,70,500,"sd","13:56:09",1114500
7830,80,100,"sd","13:55:47",1114000
7830,80,1000,"sd","13:55:47",1113900
7830,80,2000,"sd","13:55:47",1112900
7840,90,100,"bu","13:55:40",1110900
7830,80,1000,"sd","13:55:25",1110800
7830,80,2000,"sd","13:55:25",1109800
7830,80,10000,"sd","13:54:56",1107800
7840,90,300,"bu","13:54:15",1097800
7840,90,100,"bu","13:53:08",1097500
7830,80,1500,"sd","13:52:59",1097400
7830,80,500,"bu","13:52:11",1095900
7830,80,1000,"bu","13:52:11",1095400
7830,80,5000,"bu","13:52:11",1094400
7830,80,4900,"bu","13:52:11",1089400
7830,80,100,"sd","13:51:39",1084500
7830,80,900,"sd","13:51:33",1084400
7830,80,3100,"sd","13:51:33",1083500
7840,90,100,"bu","13:50:25",1080400
7830,80,500,"bu","13:50:01",1080300
7830,80,1300,"bu","13:50:01",1079800
7830,80,500,"bu","13:49:30",1078500
7830,80,1000,"sd","13:49:22",1078000
7830,80,2200,"sd","13:49:22",1077000
7830,80,2800,"sd","13:49:18",1074800
7830,80,100,"sd","13:49:18",1072000
7830,80,100,"sd","13:49:18",1071900
7830,80,100,"sd","13:48:58",1071800
7840,90,100,"bu","13:48:41",1071700
7830,80,2900,"sd","13:48:03",1071600
7830,80,1000,"sd","13:48:03",1068700
7830,80,1100,"sd","13:48:03",1067700
7840,90,200,"bu","13:47:12",1066600
7850,100,100,"bu","13:46:49",1066400
7840,90,300,"sd","13:46:49",1066300
7840,90,2000,"sd","13:46:49",1066000
7840,90,600,"bu","13:46:29",1064000
7840,90,2400,"bu","13:46:29",1063400
7840,90,100,"bu","13:45:47",1061000
7830,80,600,"sd","13:45:12",1060900
7840,90,4500,"bu","13:44:52",1060300
7840,90,3700,"bu","13:44:52",1055800
7840,90,1300,"sd","13:43:06",1052100
7840,90,1000,"sd","13:43:02",1050800
7840,90,300,"bu","13:43:00",1049800
7840,90,100,"bu","13:43:00",1049500
7840,90,1000,"bu","13:43:00",1049400
7840,90,1000,"bu","13:43:00",1048400
7840,90,1300,"bu","13:43:00",1047400
7840,90,200,"bu","13:42:08",1046100
7840,90,100,"bu","13:42:08",1045900
7840,90,1000,"bu","13:40:35",1045800
7840,90,1000,"bu","13:39:41",1044800
7840,90,100,"bu","13:37:27",1043800
7830,80,5000,"sd","13:37:24",1043700
7830,80,2600,"sd","13:37:08",1038700
7840,90,600,"bu","13:37:02",1036100
7840,90,100,"bu","13:36:37",1035500
7830,80,100,"sd","13:36:12",1035400
7830,80,100,"sd","13:35:58",1035300
7840,90,100,"bu","13:35:53",1035200
7830,80,100,"sd","13:35:44",1035100
7830,80,400,"sd","13:35:27",1035000
7840,90,100,"bu","13:35:20",1034600
7830,80,100,"sd","13:34:47",1034500
7830,80,1000,"sd","13:34:47",1034400
7830,80,2200,"sd","13:34:47",1033400
7830,80,200,"sd","13:34:47",1031200
7830,80,100,"sd","13:34:47",1031000
7830,80,1000,"sd","13:34:47",1030900
7830,80,200,"sd","13:34:47",1029900
7830,80,1000,"sd","13:34:47",1029700
7830,80,700,"sd","13:34:46",1028700
7840,90,500,"sd","13:34:46",1028000
7840,90,3000,"sd","13:34:46",1027500
7840,90,2000,"sd","13:34:37",1024500
7840,90,2100,"bu","13:33:18",1022500
7840,90,1000,"bu","13:33:18",1020400
7840,90,1000,"bu","13:33:18",1019400
7840,90,1000,"bu","13:33:18",1018400
7840,90,300,"bu","13:33:18",1017400
7840,90,500,"bu","13:33:18",1017100
7840,90,5000,"bu","13:33:18",1016600
7840,90,5000,"bu","13:33:18",1011600
7840,90,300,"bu","13:33:18",1006600
7840,90,1500,"bu","13:33:18",1006300
7840,90,600,"bu","13:33:18",1004800
7840,90,1000,"bu","13:33:18",1004200
7840,90,1000,"bu","13:33:18",1003200
7840,90,100,"bu","13:33:18",1002200
7840,90,2000,"bu","13:33:18",1002100
7840,90,200,"bu","13:33:18",1000100
7840,90,1000,"bu","13:33:18",999900
7840,90,100,"bu","13:33:13",998900
7840,90,100,"bu","13:32:10",998800
7830,80,1000,"sd","13:31:12",998700
7840,90,200,"bu","13:29:52",997700
7840,90,100,"bu","13:29:52",997500
7840,90,200,"bu","13:29:52",997400
7840,90,100,"bu","13:28:03",997200
7840,90,700,"bu","13:28:01",997100
7840,90,300,"bu","13:28:01",996400
7840,90,500,"bu","13:27:34",996100
7840,90,100,"bu","13:26:53",995600
7830,80,300,"sd","13:26:40",995500
7830,80,1200,"sd","13:26:40",995200
7840,90,300,"bu","13:25:30",994000
7840,90,100,"bu","13:24:49",993700
7840,90,100,"bu","13:21:30",993600
7830,80,100,"sd","13:21:29",993500
7830,80,1000,"sd","13:21:25",993400
7830,80,2500,"sd","13:21:25",992400
7840,90,200,"bu","13:21:20",989900
7830,80,1700,"sd","13:21:18",989700
7840,90,1200,"bu","13:20:42",988000
7840,90,900,"bu","13:19:48",986800
7830,80,100,"bu","13:19:48",985900
7830,80,100,"sd","13:19:44",985800
7840,90,300,"bu","13:19:26",985700
7830,80,100,"bu","13:19:24",985400
7830,80,200,"bu","13:18:55",985300
7830,80,300,"bu","13:18:12",985100
7830,80,700,"sd","13:17:16",984800
7830,80,200,"sd","13:17:15",984100
7830,80,200,"bu","13:16:10",983900
7820,70,1400,"sd","13:14:37",983700
7810,60,900,"sd","13:13:57",982300
7820,70,100,"sd","13:13:57",981400
7820,70,900,"sd","13:13:47",981300
7820,70,100,"sd","13:13:47",980400
7820,70,100,"sd","13:13:42",980300
7830,80,1800,"bu","13:13:41",980200
7830,80,5000,"bu","13:13:41",978400
7830,80,500,"bu","13:13:41",973400
7830,80,2500,"bu","13:13:41",972900
7830,80,1000,"bu","13:13:41",970400
7830,80,4200,"bu","13:13:41",969400
7830,80,1000,"bu","13:12:50",965200
7830,80,100,"bu","13:12:50",964200
7830,80,1900,"bu","13:12:50",964100
7830,80,100,"bu","13:12:19",962200
7820,70,700,"bu","13:12:06",962100
7820,70,300,"bu","13:11:23",961400
7820,70,200,"bu","13:11:23",961100
7820,70,200,"bu","13:11:18",960900
7820,70,700,"bu","13:11:18",960700
7820,70,100,"bu","13:11:07",960000
7820,70,900,"bu","13:11:03",959900
7820,70,3100,"bu","13:11:03",959000
7820,70,500,"bu","13:10:59",955900
7820,70,200,"bu","13:10:57",955400
7820,70,200,"bu","13:10:48",955200
7820,70,800,"bu","13:10:48",955000
7820,70,2700,"bu","13:10:48",954200
7820,70,100,"bu","13:10:48",951500
7820,70,200,"bu","13:10:48",951400
7820,70,100,"bu","13:10:18",951200
7820,70,100,"bu","13:10:12",951100
7810,60,100,"sd","13:09:21",951000
7820,70,100,"bu","13:09:09",950900
7810,60,300,"sd","13:08:53",950800
7810,60,500,"sd","13:08:50",950500
7810,60,700,"sd","13:08:23",950000
7810,60,1300,"sd","13:08:23",949300
7810,60,100,"sd","13:08:20",948000
7810,60,700,"sd","13:08:14",947900
7820,70,5400,"bu","13:08:12",947200
7820,70,400,"bu","13:08:11",941800
7820,70,200,"bu","13:07:45",941400
7810,60,2000,"sd","13:07:45",941200
7810,60,900,"sd","13:07:42",939200
7810,60,100,"sd","13:07:42",938300
7820,70,5000,"bu","13:07:27",938200
7820,70,10000,"sd","13:07:19",933200
7820,70,300,"sd","13:07:19",923200
7820,70,10000,"sd","13:07:19",922900
7820,70,1900,"sd","13:07:19",912900
7820,70,100,"sd","13:07:19",911000
7820,70,1000,"sd","13:07:19",910900
7820,70,200,"sd","13:07:19",909900
7820,70,5000,"sd","13:07:19",909700
7820,70,4000,"sd","13:07:00",904700
7820,70,100,"sd","13:06:18",900700
7830,80,2000,"bu","13:05:57",900600
7830,80,1000,"bu","13:05:39",898600
7830,80,1000,"bu","13:05:39",897600
7820,70,900,"sd","13:05:11",896600
7820,70,100,"sd","13:05:11",895700
7830,80,600,"sd","13:04:30",895600
7830,80,200,"sd","13:04:05",895000
7830,80,200,"sd","13:03:56",894800
7840,90,1000,"bu","13:03:56",894600
7830,80,1000,"sd","13:03:48",893600
7830,80,2000,"sd","13:03:48",892600
7830,80,300,"sd","13:03:48",890600
7830,80,700,"sd","13:03:48",890300
7830,80,300,"sd","13:03:03",889600
7830,80,300,"bu","13:02:57",889300
7830,80,700,"bu","13:02:57",889000
7830,80,400,"bu","13:02:49",888300
7830,80,1000,"sd","13:02:36",887900
7830,80,100,"sd","13:02:36",886900
7830,80,200,"sd","13:02:31",886800
7830,80,200,"sd","13:02:31",886600
7830,80,3000,"sd","13:02:31",886400
7830,80,1000,"sd","13:02:31",883400
7830,80,600,"sd","13:02:31",882400
7830,80,1400,"sd","13:02:16",881800
7830,80,200,"sd","13:02:16",880400
7830,80,3400,"sd","13:02:16",880200
7830,80,2000,"sd","13:02:16",876800
7830,80,3800,"sd","13:01:26",874800
7830,80,800,"sd","13:00:28",871000
7830,80,1000,"sd","13:00:28",870200
7830,80,200,"sd","13:00:28",869200
7840,90,4000,"bu","13:00:12",869000
7830,80,200,"sd","13:00:09",865000
7840,90,500,"bu","13:00:05",864800
7830,80,200,"sd","13:00:01",864300
7830,80,100,"sd","13:00:01",864100
7840,90,3000,"bu","13:00:01",864000
7840,90,1000,"bu","13:00:01",861000
7840,90,1500,"bu","13:00:01",860000
7830,80,1000,"sd","13:00:01",858500
7830,80,8500,"sd","13:00:01",857500
7830,80,500,"sd","13:00:00",849000
7830,80,1500,"sd","13:00:00",848500
7830,80,100,"sd","13:00:00",847000
7840,90,1000,"bu","12:59:59",846900
7840,90,100,"bu","11:28:44",845900
7840,90,100,"bu","11:28:36",845800
7830,80,5000,"sd","11:28:26",845700
7840,90,500,"bu","11:28:11",840700
7840,90,500,"bu","11:26:53",840200
7840,90,1000,"bu","11:26:38",839700
7840,90,300,"bu","11:26:22",838700
7840,90,900,"bu","11:26:14",838400
7840,90,200,"bu","11:25:56",837500
7840,90,1400,"sd","11:25:49",837300
7850,100,100,"bu","11:25:24",835900
7840,90,700,"bu","11:25:12",835800
7840,90,900,"bu","11:25:12",835100
7840,90,200,"bu","11:24:47",834200
7840,90,1800,"bu","11:24:47",834000
7840,90,200,"bu","11:23:08",832200
7840,90,400,"bu","11:23:08",832000
7840,90,800,"bu","11:23:08",831600
7840,90,1300,"bu","11:23:00",830800
7840,90,3900,"bu","11:21:54",829500
7840,90,1100,"bu","11:21:54",825600
7840,90,100,"bu","11:21:36",824500
7840,90,3000,"bu","11:21:30",824400
7840,90,800,"bu","11:21:10",821400
7850,100,100,"bu","11:20:15",820600
7840,90,1000,"sd","11:20:06",820500
7850,100,500,"bu","11:19:31",819500
7850,100,100,"bu","11:17:58",819000
7830,80,400,"sd","11:17:53",818900
7840,90,1300,"bu","11:17:26",818500
7850,100,100,"bu","11:16:49",817200
7840,90,100,"bu","11:16:37",817100
7840,90,1000,"bu","11:16:28",817000
7840,90,3400,"bu","11:16:28",816000
7840,90,600,"bu","11:16:25",812600
7840,90,1000,"bu","11:15:56",812000
7850,100,100,"bu","11:15:18",811000
7830,80,200,"sd","11:15:15",810900
7840,90,1300,"unknown","11:15:05",810700
7840,90,300,"unknown","11:15:05",809400
7840,90,900,"bu","11:15:05",809100
7840,90,100,"bu","11:14:46",808200
7830,80,100,"sd","11:14:37",808100
7840,90,1000,"bu","11:14:36",808000
7840,90,200,"bu","11:14:20",807000
7840,90,3000,"bu","11:13:59",806800
7840,90,1000,"bu","11:13:28",803800
7840,90,500,"bu","11:13:28",802800
7840,90,1200,"bu","11:13:28",802300
7840,90,300,"bu","11:13:28",801100
7840,90,500,"bu","11:13:23",800800
7840,90,400,"bu","11:13:06",800300
7840,90,5000,"bu","11:13:06",799900
7840,90,4600,"bu","11:13:06",794900
7830,80,3500,"bu","11:12:06",790300
7830,80,1000,"bu","11:12:02",786800
7830,80,5000,"sd","11:11:52",785800
7830,80,200,"sd","11:11:52",780800
7830,80,300,"sd","11:11:52",780600
7840,90,1000,"bu","11:11:47",780300
7840,90,1900,"bu","11:11:04",779300
7840,90,1800,"bu","11:10:53",777400
7840,90,3000,"bu","11:10:53",775600
7840,90,10000,"bu","11:10:53",772600
7840,90,1000,"bu","11:10:53",762600
7840,90,4200,"bu","11:10:53",761600
7820,70,6400,"sd","11:09:57",757400
7830,80,3000,"sd","11:09:57",751000
7830,80,4600,"sd","11:09:57",748000
7830,80,100,"sd","11:09:57",743400
7830,80,900,"sd","11:09:57",743300
7840,90,100,"bu","11:08:48",742400
7830,80,1200,"bu","11:07:48",742300
7830,80,500,"sd","11:06:25",741100
7830,80,1400,"sd","11:06:25",740600
7830,80,500,"sd","11:04:24",739200
7840,90,100,"bu","11:04:17",738700
7830,80,8100,"sd","11:03:43",738600
7830,80,100,"sd","11:03:43",730500
7830,80,100,"sd","11:03:43",730400
7840,90,600,"bu","11:02:58",730300
7840,90,800,"bu","11:02:58",729700
7840,90,100,"bu","11:02:13",728900
7820,70,900,"sd","10:59:49",728800
7820,70,500,"sd","10:59:48",727900
7820,70,100,"sd","10:59:48",727400
7820,70,100,"sd","10:59:48",727300
7820,70,1300,"sd","10:59:48",727200
7830,80,100,"sd","10:57:45",725900
7830,80,500,"sd","10:57:45",725800
7830,80,500,"sd","10:57:45",725300
7830,80,6900,"sd","10:57:45",724800
7830,80,3000,"sd","10:57:33",717900
7840,90,100,"bu","10:56:24",714900
7830,80,100,"sd","10:55:15",714800
7830,80,900,"sd","10:55:15",714700
7840,90,100,"bu","10:55:12",713800
7830,80,1000,"sd","10:53:40",713700
7840,90,100,"bu","10:51:22",712700
7840,90,1000,"bu","10:51:04",712600
7840,90,900,"bu","10:51:04",711600
7840,90,100,"bu","10:51:01",710700
7830,80,100,"sd","10:50:49",710600
7830,80,1000,"sd","10:49:39",710500
7830,80,2000,"sd","10:49:04",709500
7840,90,100,"bu","10:48:43",707500
7840,90,100,"bu","10:48:37",707400
7840,90,100,"bu","10:48:37",707300
7840,90,1000,"bu","10:48:37",707200
7840,90,500,"bu","10:48:37",706200
7840,90,200,"bu","10:48:37",705700
7840,90,5000,"bu","10:48:37",705500
7840,90,1900,"bu","10:48:37",700500
7840,90,1000,"bu","10:48:37",698600
7840,90,200,"bu","10:48:37",697600
7830,80,1000,"sd","10:47:28",697400
7830,80,2000,"sd","10:46:28",696400
7840,90,4000,"bu","10:44:58",694400
7840,90,2000,"bu","10:44:58",690400
7830,80,500,"sd","10:43:59",688400
7830,80,1500,"sd","10:43:57",687900
7830,80,400,"bu","10:43:34",686400
7830,80,100,"sd","10:43:17",686000
7830,80,1900,"sd","10:42:58",685900
7830,80,100,"sd","10:42:58",684000
7840,90,8000,"bu","10:42:09",683900
7840,90,2000,"bu","10:42:09",675900
7830,80,400,"sd","10:41:38",673900
7830,80,1300,"sd","10:41:38",673500
7830,80,100,"sd","10:41:38",672200
7830,80,200,"sd","10:41:38",672100
7840,90,100,"bu","10:41:18",671900
7840,90,100,"bu","10:41:18",671800
7840,90,1800,"bu","10:41:18",671700
7840,90,100,"bu","10:40:49",669900
7840,90,100,"sd","10:40:30",669800
7840,90,300,"sd","10:40:03",669700
7840,90,1500,"sd","10:39:58",669400
7840,90,500,"sd","10:39:58",667900
7840,90,1500,"sd","10:39:55",667400
7840,90,500,"sd","10:39:55",665900
7840,90,300,"sd","10:39:48",665400
7850,100,100,"bu","10:38:35",665100
7840,90,700,"sd","10:37:58",665000
7840,90,500,"sd","10:37:58",664300
7840,90,1400,"sd","10:37:58",663800
7850,100,100,"bu","10:37:34",662400
7840,90,500,"sd","10:37:21",662300
7850,100,100,"bu","10:37:12",661800
7850,100,100,"bu","10:37:12",661700
7850,100,100,"bu","10:36:22",661600
7840,90,300,"sd","10:36:01",661500
7850,100,100,"bu","10:33:55",661200
7840,90,500,"sd","10:33:27",661100
7850,100,600,"bu","10:33:24",660600
7850,100,100,"bu","10:32:57",660000
7840,90,100,"sd","10:31:22",659900
7850,100,1000,"bu","10:30:54",659800
7850,100,300,"bu","10:30:37",658800
7840,90,900,"sd","10:30:31",658500
7840,90,1000,"sd","10:29:48",657600
7840,90,1000,"sd","10:29:47",656600
7840,90,1000,"sd","10:29:01",655600
7850,100,100,"bu","10:28:58",654600
7850,100,100,"bu","10:28:17",654500
7840,90,500,"sd","10:27:35",654400
7840,90,2800,"sd","10:26:07",653900
7840,90,100,"sd","10:26:07",651100
7850,100,600,"bu","10:25:29",651000
7850,100,2500,"bu","10:25:29",650400
7850,100,100,"bu","10:25:29",647900
7850,100,200,"bu","10:25:29",647800
7850,100,100,"bu","10:25:29",647600
7850,100,1000,"bu","10:25:29",647500
7850,100,1500,"bu","10:25:29",646500
7850,100,100,"bu","10:25:24",645000
7850,100,5000,"bu","10:25:24",644900
7850,100,6200,"bu","10:25:24",639900
7850,100,200,"bu","10:24:33",633700
7840,90,500,"sd","10:22:58",633500
7840,90,100,"bu","10:22:57",633000
7830,80,1000,"sd","10:22:35",632900
7840,90,1000,"bu","10:21:58",631900
7830,80,100,"sd","10:21:57",630900
7840,90,1000,"bu","10:21:36",630800
7830,80,500,"bu","10:21:01",629800
7830,80,200,"bu","10:19:57",629300
7830,80,300,"bu","10:19:57",629100
7830,80,100,"bu","10:18:04",628800
7830,80,100,"bu","10:18:04",628700
7830,80,100,"sd","10:17:29",628600
7830,80,100,"sd","10:17:09",628500
7830,80,1000,"sd","10:17:00",628400
7840,90,100,"bu","10:16:36",627400
7840,90,900,"sd","10:16:24",627300
7840,90,100,"sd","10:16:24",626400
7840,90,900,"sd","10:16:22",626300
7840,90,100,"sd","10:16:22",625400
7840,90,900,"bu","10:15:26",625300
7840,90,6800,"bu","10:13:41",624400
7840,90,900,"bu","10:13:13",617600
7840,90,1000,"bu","10:12:22",616700
7840,90,1000,"sd","10:12:21",615700
7840,90,300,"sd","10:12:21",614700
7840,90,2000,"sd","10:12:13",614400
7850,100,100,"bu","10:11:17",612400
7840,90,4900,"sd","10:10:52",612300
7840,90,100,"sd","10:10:52",607400
7850,100,100,"bu","10:10:21",607300
7840,90,100,"sd","10:09:32",607200
7850,100,100,"bu","10:09:06",607100
7840,90,1000,"bu","10:08:25",607000
7840,90,100,"bu","10:08:25",606000
7840,90,100,"bu","10:08:25",605900
7840,90,400,"bu","10:08:18",605800
7840,90,1600,"bu","10:08:18",605400
7840,90,300,"bu","10:08:06",603800
7840,90,100,"bu","10:07:22",603500
7830,80,500,"sd","10:07:02",603400
7830,80,200,"bu","10:05:29",602900
7830,80,100,"bu","10:05:29",602700
7830,80,200,"bu","10:05:29",602600
7830,80,200,"bu","10:03:59",602400
7830,80,200,"bu","10:03:49",602200
7830,80,600,"bu","10:03:32",602000
7830,80,500,"sd","10:03:32",601400
7840,90,100,"bu","10:03:29",600900
7830,80,100,"sd","10:03:17",600800
7830,80,300,"bu","10:03:12",600700
7830,80,500,"bu","10:03:08",600400
7830,80,100,"bu","10:02:59",599900
7820,70,700,"sd","10:02:42",599800
7820,70,300,"sd","10:02:42",599100
7830,80,1500,"bu","10:02:17",598800
7830,80,1000,"bu","10:02:03",597300
7830,80,300,"bu","10:01:19",596300
7830,80,300,"bu","10:01:14",596000
7830,80,900,"bu","10:01:14",595700
7830,80,100,"bu","10:01:07",594800
7830,80,1800,"bu","10:01:07",594700
7830,80,100,"bu","09:59:59",592900
7830,80,100,"bu","09:59:21",592800
7830,80,1600,"bu","09:59:13",592700
7830,80,100,"bu","09:57:58",591100
7820,70,1000,"sd","09:56:54",591000
7830,80,1100,"bu","09:56:40",590000
7820,70,600,"sd","09:56:28",588900
7820,70,100,"sd","09:56:28",588300
7830,80,100,"bu","09:55:17",588200
7850,100,1000,"bu","09:53:37",588100
7850,100,2300,"bu","09:53:23",587100
7850,100,100,"bu","09:53:23",584800
7850,100,7600,"bu","09:53:23",584700
7850,100,7000,"bu","09:52:59",577100
7850,100,1000,"bu","09:52:47",570100
7850,100,2700,"sd","09:52:24",569100
7850,100,2300,"sd","09:52:22",566400
7850,100,2000,"sd","09:52:22",564100
7850,100,200,"sd","09:52:22",562100
7850,100,300,"sd","09:52:17",561900
7860,110,3000,"sd","09:51:59",561600
7860,110,600,"sd","09:51:59",558600
7860,110,1000,"sd","09:51:53",558000
7870,120,100,"bu","09:51:45",557000
7860,110,5000,"sd","09:51:36",556900
7860,110,1000,"sd","09:51:29",551900
7870,120,2600,"bu","09:50:36",550900
7870,120,200,"bu","09:50:04",548300
7870,120,500,"bu","09:49:53",548100
7860,110,900,"sd","09:49:43",547600
7870,120,5000,"bu","09:49:38",546700
7870,120,200,"bu","09:48:48",541700
7870,120,2600,"bu","09:48:40",541500
7870,120,6200,"bu","09:48:15",538900
7870,120,800,"bu","09:48:15",532700
7870,120,400,"bu","09:48:15",531900
7860,110,2000,"sd","09:48:05",531500
7860,110,1000,"sd","09:48:02",529500
7870,120,100,"sd","09:47:55",528500
7870,120,500,"sd","09:47:41",528400
7870,120,100,"sd","09:47:41",527900
7880,130,1500,"bu","09:47:40",527800
7880,130,1000,"bu","09:47:40",526300
7880,130,100,"bu","09:47:38",525300
7870,120,900,"bu","09:47:08",525200
7860,110,1200,"sd","09:47:03",524300
7870,120,100,"bu","09:47:01",523100
7870,120,300,"bu","09:47:01",523000
7870,120,100,"bu","09:47:01",522700
7870,120,100,"bu","09:47:01",522600
7860,110,2000,"bu","09:46:54",522500
7860,110,2000,"bu","09:46:54",520500
7860,110,500,"bu","09:46:54",518500
7860,110,1700,"bu","09:46:54",518000
7860,110,300,"bu","09:46:23",516300
7860,110,100,"bu","09:46:11",516000
7850,100,200,"sd","09:45:54",515900
7860,110,100,"bu","09:45:47",515700
7850,100,1000,"bu","09:44:46",515600
7850,100,100,"bu","09:44:46",514600
7850,100,1000,"bu","09:44:46",514500
7850,100,2000,"bu","09:44:46",513500
7850,100,100,"bu","09:44:46",511500
7850,100,3000,"bu","09:44:46",511400
7850,100,3000,"bu","09:44:46",508400
7850,100,100,"bu","09:44:46",505400
7850,100,2000,"bu","09:44:46",505300
7850,100,2000,"bu","09:44:46",503300
7850,100,1900,"bu","09:44:46",501300
7850,100,1000,"bu","09:44:46",499400
7850,100,1000,"bu","09:43:07",498400
7850,100,1000,"bu","09:42:59",497400
7850,100,100,"bu","09:42:59",496400
7850,100,5000,"bu","09:42:59",496300
7850,100,100,"bu","09:42:59",491300
7850,100,900,"bu","09:42:59",491200
7850,100,3000,"bu","09:42:59",490300
7850,100,200,"bu","09:42:59",487300
7850,100,100,"bu","09:42:59",487100
7850,100,9600,"bu","09:42:59",487000
7850,100,500,"bu","09:42:49",477400
7840,90,2000,"bu","09:42:30",476900
7840,90,2000,"bu","09:42:30",474900
7840,90,1000,"bu","09:42:30",472900
7840,90,1300,"bu","09:42:30",471900
7840,90,2200,"bu","09:42:30",470600
7830,80,400,"bu","09:42:30",468400
7830,80,1000,"bu","09:42:30",468000
7830,80,500,"bu","09:42:30",467000
7830,80,1000,"bu","09:42:30",466500
7830,80,4800,"bu","09:42:30",465500
7820,70,500,"bu","09:42:30",460700
7820,70,300,"bu","09:42:30",460200
7810,60,400,"sd","09:42:24",459900
7810,60,500,"sd","09:42:24",459500
7810,60,1100,"sd","09:42:24",459000
7820,70,1500,"bu","09:41:45",457900
7820,70,2000,"bu","09:41:39",456400
7820,70,200,"bu","09:41:39",454400
7820,70,800,"bu","09:41:39",454200
7820,70,300,"bu","09:41:11",453400
7820,70,700,"bu","09:41:11",453100
7810,60,100,"sd","09:41:07",452400
7820,70,300,"bu","09:41:05",452300
7820,70,1700,"bu","09:41:05",452000
7820,70,500,"bu","09:40:56",450300
7810,60,200,"bu","09:40:08",449800
7810,60,5000,"bu","09:40:08",449600
7810,60,3600,"bu","09:40:08",444600
7800,50,1200,"bu","09:39:30",441000
7800,50,100,"bu","09:39:30",439800
7800,50,900,"bu","09:39:13",439700
7800,50,1000,"bu","09:39:13",438800
7800,50,100,"bu","09:39:13",437800
7800,50,200,"bu","09:39:08",437700
7800,50,1000,"bu","09:39:04",437500
7800,50,2000,"bu","09:39:01",436500
7790,40,1100,"bu","09:38:21",434500
7790,40,300,"bu","09:38:10",433400
7780,30,100,"sd","09:38:01",433100
7790,40,1500,"bu","09:37:30",433000
7790,40,100,"sd","09:36:50",431500
7800,50,1000,"bu","09:34:32",431400
7800,50,1000,"bu","09:34:00",430400
7800,50,100,"bu","09:33:47",429400
7800,50,1000,"sd","09:33:45",429300
7800,50,200,"sd","09:33:45",428300
7800,50,300,"sd","09:32:49",428100
7800,50,700,"sd","09:32:49",427800
7800,50,300,"sd","09:32:17",427100
7800,50,100,"sd","09:32:17",426800
7800,50,600,"sd","09:32:17",426700
7800,50,1000,"sd","09:32:01",426100
7800,50,3000,"bu","09:31:41",425100
7800,50,200,"bu","09:31:41",422100
7800,50,3000,"bu","09:31:41",421900
7800,50,100,"bu","09:31:41",418900
7800,50,900,"bu","09:31:41",418800
7800,50,100,"bu","09:31:36",417900
7800,50,1500,"bu","09:30:53",417800
7800,50,1000,"bu","09:30:53",416300
7800,50,100,"bu","09:30:53",415300
7800,50,200,"bu","09:30:53",415200
7800,50,2400,"bu","09:30:53",415000
7800,50,300,"bu","09:30:20",412600
7790,40,700,"unknown","09:30:20",412300
7790,40,100,"sd","09:30:07",411600
7790,40,200,"sd","09:30:07",411500
7800,50,100,"bu","09:28:40",411300
7780,30,100,"sd","09:28:35",411200
7780,30,100,"sd","09:28:26",411100
7780,30,100,"sd","09:28:26",411000
7800,50,200,"bu","09:28:17",410900
7800,50,100,"bu","09:28:10",410700
7800,50,3000,"sd","09:27:51",410600
7800,50,300,"sd","09:27:51",407600
7800,50,200,"sd","09:27:35",407300
7800,50,10000,"sd","09:27:27",407100
7810,60,1200,"sd","09:27:05",397100
7810,60,2000,"sd","09:27:05",395900
7810,60,100,"sd","09:27:05",393900
7810,60,2000,"sd","09:27:05",393800
7810,60,1000,"sd","09:27:05",391800
7810,60,100,"sd","09:27:05",390800
7820,70,100,"bu","09:26:56",390700
7820,70,100,"bu","09:26:46",390600
7810,60,400,"sd","09:26:29",390500
7820,70,200,"bu","09:26:18",390100
7820,70,800,"bu","09:26:18",389900
7820,70,8700,"bu","09:26:05",389100
7820,70,100,"bu","09:26:01",380400
7820,70,400,"sd","09:26:01",380300
7820,70,600,"sd","09:25:55",379900
7820,70,3200,"sd","09:25:55",379300
7820,70,200,"sd","09:25:55",376100
7820,70,300,"sd","09:25:54",375900
7820,70,10000,"sd","09:25:51",375600
7820,70,400,"sd","09:25:38",365600
7820,70,2000,"sd","09:25:33",365200
7830,80,100,"bu","09:25:32",363200
7820,70,2000,"sd","09:25:27",363100
7820,70,900,"sd","09:25:04",361100
7820,70,4000,"sd","09:25:02",360200
7830,80,1000,"bu","09:24:45",356200
7830,80,100,"bu","09:24:34",355200
7820,70,100,"sd","09:24:30",355100
7830,80,2000,"bu","09:24:10",355000
7830,80,1000,"bu","09:23:58",353000
7830,80,1000,"sd","09:23:55",352000
7840,90,4300,"sd","09:23:42",351000
7840,90,3000,"sd","09:23:36",346700
7840,90,1000,"sd","09:23:36",343700
7850,100,100,"bu","09:23:21",342700
7850,100,400,"bu","09:23:20",342600
7850,100,100,"bu","09:23:11",342200
7850,100,100,"bu","09:23:06",342100
7840,90,1000,"sd","09:23:03",342000
7850,100,2000,"bu","09:23:02",341000
7840,90,100,"sd","09:22:56",339000
7840,90,900,"sd","09:22:50",338900
7840,90,400,"sd","09:22:50",338000
7850,100,1000,"bu","09:22:33",337600
7850,100,1000,"bu","09:22:22",336600
7850,100,200,"bu","09:22:13",335600
7840,90,400,"sd","09:22:06",335400
7840,90,100,"bu","09:21:58",334100
7840,90,900,"bu","09:21:58",335000
7830,80,1000,"sd","09:21:47",334000
7830,80,1200,"bu","09:21:39",333000
7830,80,1000,"bu","09:21:35",331800
7820,70,1300,"sd","09:21:34",330800
7830,80,5400,"bu","09:21:32",329500
7830,80,100,"bu","09:21:27",324100
7830,80,300,"bu","09:21:27",324000
7830,80,3200,"bu","09:21:27",323700
7830,80,100,"bu","09:21:24",320500
7830,80,100,"bu","09:21:24",320400
7820,70,9000,"sd","09:21:22",320300
7820,70,500,"sd","09:21:21",311300
7820,70,500,"sd","09:21:21",310800
7820,70,600,"sd","09:21:21",310300
7820,70,100,"sd","09:20:58",309700
7810,60,1000,"sd","09:20:39",309600
7810,60,100,"sd","09:20:09",308600
7810,60,700,"sd","09:19:55",308500
7810,60,600,"sd","09:19:55",307800
7810,60,5000,"sd","09:19:42",307200
7810,60,500,"sd","09:19:42",302200
7820,70,100,"sd","09:19:42",301700
7820,70,400,"sd","09:19:42",301600
7820,70,100,"bu","09:19:32",301200
7810,60,100,"bu","09:19:30",301100
7810,60,2000,"bu","09:19:30",301000
7810,60,3000,"sd","09:19:25",299000
7810,60,200,"bu","09:18:45",296000
7810,60,100,"bu","09:18:45",295800
7800,50,400,"bu","09:18:34",295700
7800,50,600,"bu","09:18:34",295300
7800,50,3600,"bu","09:18:34",294700
7800,50,5000,"sd","09:18:22",291100
7800,50,500,"sd","09:18:22",286100
7800,50,900,"sd","09:18:22",285600
7800,50,500,"bu","09:17:52",284700
7800,50,100,"bu","09:17:52",284200
7800,50,1100,"bu","09:17:43",284100
7800,50,100,"bu","09:17:43",283000
7800,50,3800,"bu","09:17:43",282900
7780,30,2000,"sd","09:17:43",279100
7800,50,1000,"bu","09:17:16",277100
7800,50,200,"bu","09:17:13",276100
7800,50,10000,"bu","09:17:00",275900
7790,40,1000,"bu","09:16:49",265900
7780,30,200,"bu","09:16:21",264900
7790,40,100,"bu","09:15:45",264700
7750,0,264600,"unknown","09:15:00",264600
