"price","change","match_qtty","side","time","total_vol"
5900,700,1400,"unknown","14:38:51",339600
5900,700,500,"bu","14:37:31",338200
5900,700,5500,"sd","14:37:16",337700
5900,700,1000,"bu","14:28:14",332200
5900,700,1000,"bu","14:27:43",331200
5900,700,500,"bu","14:26:42",330200
5900,700,100,"bu","14:24:36",329700
5800,600,4800,"sd","14:22:15",329600
5700,500,3000,"sd","14:21:17",324800
5700,500,200,"sd","14:18:04",321800
5700,500,100,"sd","14:17:23",321600
5700,500,100,"sd","14:11:16",321500
5700,500,2500,"sd","14:02:26",321400
5800,600,2000,"bu","14:01:49",318900
5900,700,100,"bu","13:59:30",316900
5900,700,3000,"bu","13:57:33",316800
5900,700,100,"bu","13:57:24",313800
5900,700,100,"bu","13:52:34",313700
5900,700,100,"bu","13:51:41",313600
5900,700,500,"bu","13:49:27",313500
5900,700,3000,"bu","13:45:48",313000
5900,700,33700,"sd","13:34:51",310000
5900,700,200,"bu","13:30:03",276300
5900,700,3800,"sd","13:29:44",276100
5900,700,4600,"bu","13:29:00",272300
5900,700,7000,"bu","13:27:36",267700
5900,700,1000,"bu","13:25:31",260700
5900,700,5000,"bu","13:20:13",259700
5900,700,200,"bu","13:14:27",254700
5800,600,4400,"sd","13:11:53",254500
5800,600,1000,"sd","13:10:32",250100
5800,600,1000,"sd","13:10:19",249100
5800,600,1500,"sd","13:07:45",248100
5900,700,500,"bu","13:05:20",246600
5900,700,300,"bu","13:04:17",246100
5900,700,5900,"sd","13:03:55",245800
5900,700,300,"sd","13:02:43",239900
5900,700,2500,"sd","13:02:32",239600
5900,700,600,"sd","13:01:27",237100
5900,700,2800,"sd","13:00:26",236500
5900,700,500,"sd","13:00:21",233700
5900,700,200,"sd","13:00:17",233200
5900,700,3000,"sd","13:00:06",233000
5900,700,5800,"sd","13:00:05",230000
5900,700,24700,"sd","13:00:04",224200
5900,700,100,"sd","11:26:13",199500
5900,700,1200,"sd","11:20:39",199400
5900,700,4000,"bu","11:18:28",198200
5900,700,100,"bu","11:18:05",194200
5900,700,100,"bu","11:16:16",194100
5900,700,100,"unknown","11:11:46",194000
5800,600,1000,"bu","11:01:50",193900
5700,500,500,"sd","11:01:18",192900
5800,600,4500,"bu","10:59:33",192400
5900,700,500,"sd","10:58:33",187900
5900,700,500,"sd","10:57:52",187400
5900,700,400,"sd","10:57:36",186900
5900,700,300,"sd","10:57:14",186500
5900,700,13600,"sd","10:55:55",186200
5800,600,5000,"sd","10:55:25",172600
5800,600,500,"bu","10:54:36",167600
5900,700,5000,"bu","10:54:18",167100
5900,700,2000,"bu","10:54:00",162100
5900,700,11000,"bu","10:52:44",160100
5700,500,9000,"sd","10:51:38",149100
5600,400,10100,"unknown","10:50:58",140100
5600,400,5000,"bu","10:48:46",130000
5500,300,12300,"unknown","10:36:27",125000
5400,200,1800,"sd","10:25:45",112700
5400,200,13300,"sd","10:24:44",110900
5400,200,900,"sd","10:18:11",97600
5400,200,200,"sd","10:17:07",96700
5400,200,7900,"sd","09:55:27",96500
5400,200,7000,"sd","09:53:52",88600
5400,200,8000,"sd","09:50:18",81600
5300,100,20000,"sd","09:45:02",73600
5300,100,100,"sd","09:32:03",53600
5300,100,9900,"sd","09:27:36",53500
5300,100,10000,"bu","09:21:09",43600
5200,0,1600,"sd","09:14:15",33600
5200,0,5500,"unknown","09:12:42",32000
5100,-100,6300,"sd","09:12:40",26500
5200,0,1400,"bu","09:12:13",20200
5200,0,5000,"sd","09:10:12",18800
5200,0,10000,"sd","09:09:49",13800
5300,100,3700,"bu","09:05:57",3800
5600,400,100,"bu","09:01:06",100
