"price","change","match_qtty","side","time","total_vol"
84100,100,101900,"unknown","14:45:00",839400
83600,-400,500,"sd","14:29:33",737500
83600,-400,100,"bu","14:27:58",737000
83500,-500,100,"sd","14:26:46",736900
83500,-500,200,"bu","14:26:42",736800
83500,-500,100,"bu","14:26:42",736600
83500,-500,200,"bu","14:25:54",736500
83200,-800,3100,"sd","14:25:10",736300
83200,-800,1000,"sd","14:25:10",733200
83200,-800,200,"sd","14:25:10",732200
83200,-800,500,"sd","14:25:10",732000
83300,-700,200,"sd","14:25:10",731500
83300,-700,300,"sd","14:25:09",731300
83300,-700,100,"sd","14:25:09",731000
83300,-700,100,"sd","14:25:09",730900
83100,-900,400,"sd","14:23:43",730800
83200,-800,1800,"sd","14:23:43",730400
83300,-700,1200,"sd","14:23:43",728600
83300,-700,200,"bu","14:23:36",727400
83300,-700,600,"bu","14:23:36",727200
83300,-700,500,"bu","14:23:25",726600
83200,-800,200,"sd","14:23:23",726100
83200,-800,1000,"sd","14:23:23",725900
83200,-800,100,"sd","14:23:23",724900
83200,-800,200,"sd","14:23:23",724800
83200,-800,1000,"sd","14:23:23",724600
83200,-800,100,"sd","14:23:23",723600
83100,-900,2800,"sd","14:22:10",723500
83200,-800,100,"sd","14:22:10",720700
83200,-800,100,"sd","14:22:10",720600
83300,-700,200,"bu","14:21:57",720500
83100,-900,800,"sd","14:21:56",720300
83100,-900,100,"sd","14:21:56",719500
83100,-900,100,"sd","14:21:56",719400
83100,-900,100,"sd","14:21:56",719300
83100,-900,100,"sd","14:21:56",719200
83100,-900,1700,"sd","14:21:56",719100
83200,-800,100,"sd","14:21:56",717400
83200,-800,100,"sd","14:21:56",717300
83200,-800,100,"sd","14:21:56",717200
83200,-800,100,"sd","14:21:41",717100
83300,-700,300,"bu","14:21:41",717000
83100,-900,300,"sd","14:21:34",716700
83100,-900,100,"sd","14:21:34",716400
83100,-900,100,"sd","14:21:34",716300
83100,-900,100,"sd","14:21:34",716200
83100,-900,100,"sd","14:21:34",716100
83100,-900,200,"sd","14:21:34",716000
83200,-800,100,"sd","14:21:34",715800
83200,-800,100,"sd","14:21:34",715700
83200,-800,500,"sd","14:21:34",715600
83200,-800,1000,"sd","14:21:34",715100
83200,-800,400,"sd","14:21:34",714100
83200,-800,100,"sd","14:21:34",713700
83300,-700,100,"bu","14:21:31",713600
83300,-700,1000,"bu","14:21:25",713500
83300,-700,200,"bu","14:21:19",712500
83300,-700,1000,"sd","14:21:15",712300
83300,-700,200,"sd","14:21:15",711300
83300,-700,200,"sd","14:21:15",711100
83300,-700,400,"sd","14:21:15",710900
83300,-700,100,"sd","14:21:15",710500
83400,-600,200,"sd","14:21:15",710400
83300,-700,3500,"sd","14:21:10",710200
83400,-600,100,"sd","14:20:42",706700
83400,-600,100,"sd","14:20:42",706600
83500,-500,100,"bu","14:20:20",706500
83500,-500,100,"bu","14:20:10",706400
83300,-700,1400,"bu","14:19:32",706300
83300,-700,200,"bu","14:19:21",704900
83300,-700,200,"bu","14:19:12",704700
83300,-700,100,"bu","14:19:10",704500
83200,-800,100,"sd","14:18:51",704400
83200,-800,3700,"sd","14:18:51",704300
83300,-700,500,"bu","14:18:43",700600
83200,-800,1100,"sd","14:18:40",700100
83200,-800,600,"sd","14:18:40",699000
83200,-800,100,"sd","14:18:40",698400
83200,-800,100,"sd","14:18:40",698300
83200,-800,300,"sd","14:18:40",698200
83200,-800,800,"sd","14:18:40",697900
83200,-800,200,"sd","14:18:28",697100
83200,-800,100,"sd","14:18:28",696900
83200,-800,100,"sd","14:18:28",696800
83200,-800,200,"sd","14:18:28",696700
83200,-800,200,"sd","14:18:28",696500
83200,-800,100,"sd","14:18:28",696300
83200,-800,100,"sd","14:18:28",696200
83300,-700,100,"sd","14:18:28",696100
83300,-700,100,"sd","14:18:28",696000
83300,-700,100,"sd","14:18:28",695900
83300,-700,300,"sd","14:18:28",695800
83300,-700,300,"sd","14:18:28",695500
83300,-700,100,"sd","14:18:28",695200
83300,-700,100,"sd","14:18:28",695100
83300,-700,100,"sd","14:18:28",695000
83300,-700,100,"sd","14:18:28",694900
83300,-700,1200,"sd","14:18:28",694800
83300,-700,3400,"sd","14:18:16",693600
83300,-700,400,"sd","14:18:01",690200
83300,-700,500,"sd","14:18:01",689800
83300,-700,100,"sd","14:18:01",689300
83300,-700,1000,"sd","14:18:01",689200
83300,-700,100,"sd","14:18:01",688200
83300,-700,100,"sd","14:18:01",688100
83300,-700,100,"sd","14:18:01",688000
83300,-700,100,"sd","14:18:01",687900
83400,-600,500,"sd","14:18:01",687800
83400,-600,900,"sd","14:18:01",687300
83400,-600,2000,"sd","14:17:56",686400
83400,-600,500,"sd","14:17:52",684400
83400,-600,800,"bu","14:16:57",683900
83400,-600,900,"sd","14:16:56",683100
83400,-600,1000,"sd","14:16:56",682200
83400,-600,300,"sd","14:16:56",681200
83400,-600,100,"sd","14:16:56",680900
83400,-600,100,"sd","14:16:56",680800
83400,-600,100,"sd","14:16:56",680700
83400,-600,100,"sd","14:16:56",680600
83400,-600,100,"sd","14:16:56",680500
83400,-600,200,"sd","14:16:56",680400
83400,-600,100,"sd","14:16:56",680200
83400,-600,100,"sd","14:16:56",680100
83400,-600,100,"sd","14:16:56",680000
83400,-600,100,"sd","14:16:56",679900
83400,-600,5000,"sd","14:16:56",679800
83400,-600,900,"sd","14:16:56",674800
83400,-600,100,"sd","14:16:56",673900
83500,-500,500,"sd","14:16:56",673800
83500,-500,200,"sd","14:16:56",673300
83500,-500,100,"sd","14:16:56",673100
83500,-500,3100,"sd","14:16:56",673000
83500,-500,100,"sd","14:16:35",669900
83500,-500,3600,"sd","14:16:01",669800
83500,-500,700,"sd","14:16:01",666200
83500,-500,2300,"sd","14:15:56",665500
83500,-500,300,"sd","14:15:56",663200
83500,-500,300,"sd","14:15:56",662900
83600,-400,2000,"bu","14:15:50",662600
83500,-500,200,"sd","14:15:44",660600
83500,-500,100,"sd","14:15:44",660400
83500,-500,100,"sd","14:15:40",660300
83500,-500,100,"sd","14:15:40",660200
83500,-500,500,"sd","14:15:40",660100
83500,-500,500,"sd","14:15:40",659600
83500,-500,100,"sd","14:15:40",659100
83500,-500,100,"sd","14:15:40",659000
83500,-500,100,"sd","14:15:40",658900
83500,-500,100,"sd","14:15:40",658800
83500,-500,400,"sd","14:15:40",658700
83600,-400,1000,"sd","14:15:40",658300
83500,-500,100,"sd","14:15:36",657300
83500,-500,900,"sd","14:15:36",657200
83500,-500,1800,"sd","14:15:29",656300
83500,-500,100,"sd","14:15:29",654500
83500,-500,100,"sd","14:15:29",654400
83500,-500,800,"sd","14:15:29",654300
83500,-500,200,"sd","14:15:22",653500
83500,-500,1000,"sd","14:15:22",653300
83500,-500,100,"sd","14:15:22",652300
83500,-500,200,"sd","14:15:22",652200
83500,-500,100,"sd","14:15:22",652000
83500,-500,100,"sd","14:15:22",651900
83500,-500,100,"sd","14:15:22",651800
83500,-500,100,"sd","14:15:22",651700
83500,-500,100,"sd","14:15:22",651600
83500,-500,1900,"sd","14:13:55",651500
83500,-500,200,"sd","14:13:55",649600
83500,-500,200,"sd","14:13:55",649400
83500,-500,100,"sd","14:13:55",649200
83500,-500,200,"sd","14:13:55",649100
83500,-500,500,"sd","14:13:55",648900
83500,-500,100,"sd","14:13:55",648400
83500,-500,400,"sd","14:13:55",648300
83500,-500,600,"sd","14:13:44",647900
83500,-500,300,"sd","14:13:44",647300
83500,-500,100,"sd","14:13:44",647000
83500,-500,100,"sd","14:13:44",646900
83500,-500,1000,"sd","14:13:44",646800
83500,-500,100,"sd","14:13:44",645800
83500,-500,900,"sd","14:13:44",645700
83600,-400,100,"sd","14:13:44",644800
83500,-500,100,"sd","14:13:32",644700
83500,-500,100,"sd","14:13:32",644600
83500,-500,200,"sd","14:13:32",644500
83500,-500,100,"sd","14:13:32",644300
83500,-500,100,"sd","14:13:32",644200
83500,-500,100,"sd","14:13:32",644100
83500,-500,100,"sd","14:13:32",644000
83600,-400,100,"sd","14:13:32",643900
83600,-400,1000,"sd","14:13:32",643800
83600,-400,300,"sd","14:13:32",642800
83600,-400,100,"sd","14:13:32",642500
83600,-400,100,"sd","14:13:32",642400
83600,-400,500,"sd","14:13:32",642300
83600,-400,200,"sd","14:13:32",641800
83600,-400,300,"sd","14:13:20",641600
83600,-400,100,"sd","14:13:20",641300
83600,-400,2700,"sd","14:13:20",641200
83600,-400,2000,"sd","14:12:32",638500
83600,-400,300,"sd","14:11:18",636500
83600,-400,100,"sd","14:11:18",636200
83700,-300,200,"bu","14:11:18",636100
83600,-400,300,"sd","14:11:18",635900
83600,-400,400,"sd","14:11:18",635600
83600,-400,300,"sd","14:11:18",635200
83700,-300,100,"bu","14:11:12",634900
83700,-300,100,"bu","14:11:07",634800
83700,-300,300,"bu","14:10:49",634700
83600,-400,100,"sd","14:07:57",634400
83600,-400,100,"sd","14:07:57",634300
83600,-400,300,"sd","14:07:57",634200
83600,-400,100,"sd","14:07:57",633900
83600,-400,300,"sd","14:07:57",633800
83600,-400,100,"sd","14:07:57",633500
83600,-400,100,"sd","14:07:57",633400
83600,-400,100,"sd","14:07:57",633300
83600,-400,100,"sd","14:07:57",633200
83600,-400,100,"sd","14:07:57",633100
83700,-300,200,"sd","14:07:26",633000
83700,-300,100,"sd","14:06:43",632800
83700,-300,200,"sd","14:06:43",632700
83700,-300,4700,"sd","14:06:43",632500
83700,-300,100,"sd","14:03:36",627800
84000,0,800,"bu","13:59:54",627700
84000,0,5600,"bu","13:59:54",626900
83900,-100,13500,"bu","13:59:54",621300
83800,-200,3000,"bu","13:59:54",607800
83800,-200,100,"bu","13:59:54",604800
83800,-200,800,"bu","13:59:54",604700
83800,-200,100,"bu","13:59:27",603900
83800,-200,1100,"bu","13:59:09",603800
83800,-200,1000,"bu","13:59:09",602700
83800,-200,2800,"bu","13:59:09",601700
83700,-300,100,"sd","13:58:09",598900
83700,-300,5000,"bu","13:57:46",598800
83600,-400,200,"sd","13:56:38",593800
83600,-400,800,"sd","13:56:38",593600
83600,-400,1000,"sd","13:56:38",592800
83600,-400,1200,"sd","13:56:30",591800
83600,-400,100,"sd","13:56:30",590600
83600,-400,100,"sd","13:56:30",590500
83600,-400,100,"sd","13:56:30",590400
83600,-400,500,"sd","13:56:30",590300
83600,-400,100,"sd","13:56:20",589800
83600,-400,100,"sd","13:56:20",589700
83600,-400,500,"sd","13:56:20",589100
83600,-400,500,"sd","13:56:20",589600
83700,-300,200,"bu","13:55:31",588600
83700,-300,400,"bu","13:55:16",588400
83700,-300,600,"bu","13:54:34",588000
83700,-300,100,"sd","13:54:34",587400
83700,-300,200,"sd","13:54:34",587300
83700,-300,100,"sd","13:54:34",587100
83700,-300,600,"sd","13:54:34",587000
83700,-300,400,"sd","13:54:15",586400
83700,-300,3000,"sd","13:54:15",586000
83700,-300,11600,"sd","13:54:15",583000
83700,-300,11300,"sd","13:54:10",571400
83700,-300,400,"sd","13:53:59",560100
83700,-300,6700,"sd","13:53:54",559700
83700,-300,2000,"sd","13:53:54",553000
83700,-300,200,"sd","13:53:54",551000
83700,-300,200,"sd","13:53:54",550800
83700,-300,100,"sd","13:53:54",550600
83700,-300,1000,"sd","13:53:54",550500
83700,-300,100,"sd","13:53:54",549500
83700,-300,1000,"sd","13:53:54",549400
83700,-300,100,"sd","13:53:54",548400
83700,-300,100,"sd","13:53:54",548300
83700,-300,200,"sd","13:53:54",548200
83700,-300,500,"sd","13:53:54",548000
83700,-300,500,"sd","13:53:54",547500
83700,-300,100,"sd","13:53:54",547000
83700,-300,100,"sd","13:53:54",546900
83700,-300,500,"sd","13:53:54",546800
83700,-300,100,"sd","13:53:54",546300
83700,-300,100,"sd","13:53:54",546200
83700,-300,100,"sd","13:53:54",546100
83700,-300,200,"sd","13:53:54",546000
83700,-300,100,"sd","13:53:54",545800
83700,-300,100,"sd","13:53:54",545700
83700,-300,100,"sd","13:53:54",545600
83700,-300,100,"sd","13:53:54",545500
83700,-300,100,"sd","13:53:54",545400
83700,-300,100,"sd","13:53:54",545300
83700,-300,100,"sd","13:53:54",545200
83700,-300,100,"sd","13:53:54",545100
83700,-300,100,"sd","13:53:54",545000
83700,-300,3700,"sd","13:53:54",544900
83800,-200,200,"bu","13:53:28",541200
83800,-200,100,"sd","13:50:47",541000
83800,-200,100,"sd","13:48:28",540900
83800,-200,100,"sd","13:48:28",540800
83800,-200,5000,"sd","13:48:28",540700
83800,-200,100,"sd","13:48:28",535700
83800,-200,100,"sd","13:48:28",535600
83800,-200,100,"sd","13:48:28",535500
83800,-200,100,"sd","13:48:28",535400
83800,-200,100,"sd","13:48:28",535300
83800,-200,100,"sd","13:48:28",535200
83800,-200,1000,"sd","13:48:28",535100
83800,-200,200,"sd","13:48:28",534100
83800,-200,100,"sd","13:48:28",533900
83800,-200,5000,"sd","13:48:28",533800
83800,-200,10000,"sd","13:48:28",528800
83900,-100,200,"bu","13:48:02",518800
83900,-100,1200,"sd","13:45:50",518600
83900,-100,600,"sd","13:45:50",517400
83900,-100,500,"sd","13:45:50",516800
83900,-100,900,"sd","13:45:50",516300
83900,-100,100,"sd","13:45:50",515400
83900,-100,100,"sd","13:45:50",515300
83900,-100,2000,"sd","13:45:50",515200
83900,-100,100,"sd","13:45:50",513200
83900,-100,100,"sd","13:45:50",513100
83900,-100,200,"sd","13:45:50",513000
83900,-100,200,"sd","13:45:50",512800
83900,-100,4800,"sd","13:45:50",512600
83900,-100,200,"sd","13:45:50",507800
83900,-100,100,"sd","13:45:50",507600
83900,-100,4800,"sd","13:45:50",507500
83900,-100,400,"sd","13:45:50",502700
83900,-100,122200,"sd","13:45:50",502300
83900,-100,5000,"sd","13:45:29",380100
84000,0,400,"bu","13:45:10",375100
84000,0,100,"bu","13:45:10",374700
84000,0,300,"bu","13:45:10",374600
83900,-100,20000,"sd","13:45:00",374300
83900,-100,600,"sd","13:44:20",354300
84000,0,300,"bu","13:43:25",353700
84000,0,100,"bu","13:42:53",353400
84000,0,100,"bu","13:41:36",353300
84000,0,3000,"bu","13:41:35",353200
84000,0,1000,"sd","13:41:20",350200
84000,0,200,"sd","13:41:20",349200
84000,0,1800,"sd","13:41:13",349000
84000,0,1200,"sd","13:41:13",347200
84000,0,300,"sd","13:39:40",346000
84000,0,500,"sd","13:39:33",345700
84000,0,100,"bu","13:39:32",345200
84000,0,500,"bu","13:39:32",345100
84000,0,3000,"bu","13:39:32",344600
84000,0,3000,"bu","13:39:32",341600
84000,0,200,"bu","13:39:32",338600
84000,0,100,"bu","13:39:32",338400
84000,0,600,"bu","13:39:32",338300
84000,0,200,"bu","13:38:28",337700
83900,-100,100,"sd","13:38:07",337500
83900,-100,600,"sd","13:37:30",337400
83900,-100,100,"sd","13:35:59",336800
83900,-100,100,"sd","13:34:17",336700
84000,0,200,"bu","13:32:54",336600
84000,0,200,"bu","13:32:31",336400
84000,0,400,"bu","13:31:16",336200
84000,0,2000,"bu","13:31:04",335800
84000,0,600,"bu","13:29:20",333800
84000,0,500,"bu","13:29:16",333200
84000,0,100,"bu","13:29:03",332700
84000,0,200,"bu","13:27:20",332600
84000,0,100,"bu","13:27:20",332400
84000,0,100,"bu","13:27:20",332300
84000,0,100,"bu","13:27:20",332200
83900,-100,4500,"sd","13:27:17",332100
84000,0,300,"bu","13:27:01",327600
84000,0,500,"bu","13:27:01",327300
84000,0,100,"bu","13:27:01",326800
84000,0,100,"bu","13:27:01",326700
84000,0,100,"bu","13:26:46",326600
84000,0,500,"bu","13:26:18",326500
83900,-100,200,"sd","13:26:09",326000
83900,-100,2000,"sd","13:26:08",325800
84000,0,100,"bu","13:26:04",323800
84000,0,200,"bu","13:26:02",323700
84000,0,1100,"bu","13:25:53",323500
84000,0,3000,"bu","13:25:53",322400
84000,0,400,"bu","13:25:53",319400
84000,0,600,"bu","13:25:53",319000
84000,0,5000,"bu","13:25:53",318400
84000,0,2000,"bu","13:25:53",313400
84000,0,2900,"bu","13:25:53",311400
84000,0,100,"bu","13:25:48",308500
83900,-100,5000,"sd","13:24:14",308400
83900,-100,200,"sd","13:23:27",303400
83900,-100,500,"sd","13:19:49",303200
83900,-100,5000,"sd","13:19:31",302700
83900,-100,20000,"sd","13:19:02",297700
83900,-100,100,"sd","13:18:45",277700
83900,-100,100,"sd","13:14:49",277600
83900,-100,200,"sd","13:14:41",277500
83900,-100,5000,"sd","13:13:42",277300
83900,-100,500,"sd","13:12:52",272300
83900,-100,500,"sd","13:12:20",271800
84000,0,100,"bu","13:10:28",271300
84000,0,300,"bu","13:10:18",271200
84000,0,100,"bu","13:09:43",270900
84000,0,100,"sd","13:07:09",270800
84000,0,100,"sd","13:07:09",270700
84000,0,4800,"sd","13:07:09",270600
84000,0,100,"sd","13:07:09",265800
84000,0,100,"sd","13:07:09",265700
84000,0,100,"sd","13:07:09",265600
84000,0,200,"sd","13:07:09",265500
84000,0,400,"sd","13:07:09",265300
84000,0,100,"sd","13:07:09",264900
84000,0,100,"sd","13:07:09",264800
84000,0,2000,"sd","13:07:09",264700
84000,0,100,"sd","13:07:09",262700
84000,0,400,"sd","13:07:09",262600
84000,0,1000,"sd","13:07:09",262200
84000,0,2400,"sd","13:07:09",261200
84000,0,100,"sd","13:06:52",258800
84000,0,600,"sd","13:06:48",258700
84000,0,4300,"sd","13:06:41",258100
84000,0,500,"sd","13:06:07",253800
84000,0,500,"sd","13:05:42",253300
84000,0,1000,"sd","13:05:35",252800
84000,0,400,"sd","13:04:16",251800
84000,0,200,"sd","13:03:49",251400
84000,0,100,"sd","13:03:49",251200
84000,0,300,"sd","13:03:49",251100
84000,0,500,"sd","13:03:38",250800
84000,0,100,"sd","13:03:38",250300
84000,0,500,"sd","13:03:38",250200
84000,0,400,"sd","13:03:31",249700
84000,0,500,"sd","13:03:30",249300
84000,0,5000,"sd","13:03:08",248800
84100,100,2500,"bu","13:01:56",243800
84100,100,2300,"bu","13:01:56",241300
84100,100,100,"bu","13:01:55",239000
84100,100,5000,"bu","13:00:26",238900
84100,100,600,"bu","13:00:09",233900
84100,100,400,"bu","13:00:09",233300
84000,0,100,"sd","13:00:08",232900
84100,100,600,"bu","13:00:02",232800
84100,100,200,"bu","13:00:02",232200
84100,100,100,"sd","13:00:01",232000
84100,100,700,"sd","13:00:01",231900
84200,200,200,"bu","13:00:00",231200
84200,200,200,"bu","13:00:00",231000
84100,100,1000,"sd","13:00:00",230800
84100,100,400,"sd","13:00:00",229800
84200,200,100,"bu","13:00:00",229400
84200,200,500,"bu","13:00:00",229300
84200,200,100,"bu","12:59:59",228800
84100,100,300,"sd","11:29:30",228700
84100,100,200,"sd","11:28:58",228400
84100,100,100,"sd","11:28:50",228200
84100,100,300,"sd","11:28:06",228100
84100,100,700,"sd","11:28:06",227800
84100,100,100,"bu","11:27:25",227100
84100,100,200,"bu","11:27:24",227000
84100,100,200,"bu","11:27:24",226800
84100,100,400,"bu","11:27:24",226600
84100,100,100,"bu","11:27:01",226200
84100,100,100,"bu","11:26:57",226100
84000,0,200,"sd","11:26:57",226000
84000,0,100,"sd","11:25:19",225800
84000,0,100,"sd","11:24:54",225700
84100,100,1400,"bu","11:24:33",225600
84100,100,200,"bu","11:24:33",224200
84000,0,100,"sd","11:23:10",224000
84000,0,500,"sd","11:22:22",223900
84000,0,1000,"sd","11:21:16",223400
84100,100,1300,"bu","11:21:02",222400
84000,0,100,"sd","11:20:36",221100
84100,100,100,"bu","11:18:13",221000
84100,100,100,"bu","11:16:20",220900
84100,100,100,"bu","11:12:44",220800
84100,100,100,"bu","11:10:56",220700
84100,100,800,"bu","11:09:04",220600
84100,100,200,"bu","11:09:04",219800
84100,100,100,"bu","11:08:02",219600
84100,100,1000,"sd","11:06:45",219500
84100,100,1000,"sd","11:06:45",218500
84100,100,100,"sd","11:06:19",217500
84100,100,900,"sd","11:05:10",217400
84100,100,100,"sd","11:05:10",216500
84100,100,300,"sd","11:05:01",216400
84100,100,700,"sd","11:05:01",216100
84200,200,100,"bu","11:04:40",215400
84100,100,2000,"bu","11:04:12",215300
84100,100,300,"bu","11:04:12",213300
84100,100,700,"bu","11:04:05",213000
84100,100,100,"bu","11:04:05",212300
84100,100,200,"bu","11:04:05",212200
84100,100,100,"bu","11:03:26",212000
84000,0,400,"sd","11:02:55",211900
84000,0,100,"sd","11:02:55",211500
84000,0,1000,"bu","11:02:27",211400
84000,0,600,"bu","11:02:27",210400
84000,0,100,"bu","11:02:26",209800
83900,-100,5000,"sd","11:01:57",209700
84000,0,100,"sd","11:01:08",204700
84000,0,200,"sd","11:01:08",204600
84000,0,100,"sd","11:01:08",204400
84000,0,3900,"sd","11:01:08",204300
84100,100,200,"bu","11:00:48",200400
84100,100,200,"bu","11:00:48",200200
84100,100,100,"bu","11:00:48",200000
84100,100,1000,"bu","11:00:48",199900
84000,0,500,"sd","11:00:46",198900
84100,100,1000,"bu","11:00:19",198400
84100,100,500,"bu","11:00:19",197400
84000,0,500,"sd","11:00:18",196900
84000,0,100,"bu","11:00:02",196400
84000,0,900,"sd","10:59:57",196300
84000,0,100,"bu","10:59:55",195400
84000,0,100,"bu","10:59:45",195300
84000,0,100,"bu","10:59:45",195200
84000,0,4900,"bu","10:59:40",195100
84000,0,100,"bu","10:59:40",190200
84000,0,1000,"bu","10:59:40",190100
84000,0,600,"bu","10:59:27",189100
84000,0,100,"bu","10:59:27",188500
84000,0,100,"bu","10:59:27",188400
84000,0,500,"bu","10:59:27",188300
84000,0,700,"bu","10:59:27",187800
84000,0,500,"bu","10:59:27",187100
84000,0,200,"bu","10:59:27",186600
84000,0,200,"bu","10:59:27",186400
84000,0,1000,"bu","10:59:27",186200
84000,0,4000,"bu","10:59:27",185200
84000,0,100,"bu","10:59:27",181200
84000,0,100,"bu","10:59:27",181100
84000,0,200,"bu","10:59:27",181000
84000,0,1000,"bu","10:59:27",180800
84000,0,100,"bu","10:59:27",179800
84000,0,200,"bu","10:59:27",179700
84000,0,500,"bu","10:59:27",179500
84000,0,900,"bu","10:59:27",179000
83900,-100,2500,"sd","10:59:03",178100
83900,-100,100,"sd","10:59:03",175600
83900,-100,400,"sd","10:59:03",175500
83900,-100,600,"bu","10:57:58",175100
83900,-100,100,"sd","10:57:14",174500
83900,-100,2900,"bu","10:54:20",174400
83900,-100,100,"sd","10:53:21",171500
83900,-100,200,"sd","10:53:21",171400
83900,-100,1600,"sd","10:53:21",171200
83900,-100,200,"sd","10:53:21",169600
84000,0,300,"bu","10:53:18",169400
84000,0,100,"bu","10:52:37",169100
83900,-100,200,"sd","10:52:28",169000
84000,0,100,"bu","10:52:21",168800
83900,-100,100,"sd","10:52:00",168700
84000,0,100,"bu","10:50:58",168600
84000,0,3300,"bu","10:50:34",168500
84000,0,300,"bu","10:50:34",165200
84000,0,100,"bu","10:50:17",164900
83900,-100,500,"sd","10:48:57",164800
83900,-100,100,"sd","10:48:34",164300
83900,-100,3000,"sd","10:48:33",164200
83900,-100,2800,"sd","10:48:33",161200
83900,-100,200,"bu","10:48:16",158400
83900,-100,2000,"bu","10:48:16",158200
83900,-100,2000,"bu","10:48:16",156200
83900,-100,200,"bu","10:48:16",154200
83900,-100,100,"bu","10:48:16",154000
83900,-100,500,"bu","10:48:16",153900
83700,-300,19500,"sd","10:46:25",153400
83800,-200,100,"sd","10:46:25",133900
83800,-200,400,"sd","10:46:25",133800
83800,-200,400,"sd","10:46:21",133400
83800,-200,4200,"bu","10:46:13",133000
83800,-200,100,"sd","10:45:49",128800
83800,-200,100,"sd","10:45:49",128700
83800,-200,100,"sd","10:45:49",128600
83800,-200,100,"sd","10:45:49",128500
83800,-200,1000,"sd","10:45:49",128400
83800,-200,200,"sd","10:45:49",127400
83800,-200,1000,"sd","10:45:49",127200
83800,-200,100,"sd","10:45:49",126200
83800,-200,100,"sd","10:45:49",126100
83800,-200,100,"sd","10:45:49",126000
83800,-200,100,"sd","10:45:49",125900
83800,-200,100,"sd","10:45:49",125800
83800,-200,100,"sd","10:45:49",125700
83800,-200,100,"sd","10:45:49",125600
83800,-200,500,"sd","10:45:49",125500
83800,-200,1000,"sd","10:42:51",125000
83800,-200,300,"sd","10:39:09",124000
83800,-200,400,"sd","10:38:54",123700
83800,-200,3000,"sd","10:38:51",123300
83900,-100,1000,"bu","10:37:08",120300
83900,-100,900,"bu","10:37:08",119300
83800,-200,4300,"sd","10:35:10",118400
83800,-200,5000,"sd","10:31:01",114100
83800,-200,200,"sd","10:27:13",109100
83800,-200,700,"sd","10:26:35",108900
83900,-100,200,"bu","10:25:23",108200
83900,-100,900,"bu","10:24:13",108000
83900,-100,100,"bu","10:24:13",107100
83900,-100,1000,"bu","10:23:33",107000
83900,-100,100,"bu","10:23:14",106000
83900,-100,200,"bu","10:22:54",105900
83900,-100,1600,"bu","10:21:51",105700
83900,-100,400,"bu","10:21:50",104100
83800,-200,400,"bu","10:21:25",103700
83800,-200,2000,"bu","10:21:25",103300
83800,-200,2000,"bu","10:21:25",101300
83800,-200,200,"bu","10:21:25",99300
83700,-300,500,"sd","10:20:21",99100
83700,-300,100,"sd","10:20:09",98600
83700,-300,400,"sd","10:20:00",98500
83800,-200,2000,"bu","10:19:59",98100
83700,-300,2000,"sd","10:19:12",96100
83700,-300,2000,"sd","10:19:03",94100
83800,-200,300,"bu","10:18:48",92100
83800,-200,200,"bu","10:18:48",91800
83800,-200,100,"bu","10:18:39",91600
83800,-200,1200,"bu","10:18:28",91500
83800,-200,100,"bu","10:18:06",90300
83800,-200,100,"bu","10:16:54",90200
83800,-200,200,"bu","10:16:24",90100
83800,-200,1000,"bu","10:15:46",89900
83800,-200,500,"bu","10:15:02",88900
83800,-200,1600,"bu","10:15:01",88400
83800,-200,400,"bu","10:15:01",86800
83800,-200,1000,"bu","10:13:58",86400
83800,-200,200,"bu","10:12:13",85400
83800,-200,400,"bu","10:11:32",85200
83800,-200,400,"bu","10:11:32",84800
83700,-300,700,"sd","10:11:01",84400
83800,-200,500,"bu","10:09:47",83700
83800,-200,500,"bu","10:09:40",83200
83700,-300,100,"sd","10:09:39",82700
83800,-200,400,"bu","10:09:08",82600
83800,-200,1000,"bu","10:08:23",82200
83800,-200,300,"bu","10:07:33",81200
83700,-300,100,"sd","10:05:30",80900
83700,-300,900,"sd","10:04:28",80800
83700,-300,200,"sd","10:04:28",79900
83700,-300,500,"sd","10:04:28",79700
83700,-300,200,"sd","10:04:28",79200
83700,-300,200,"sd","10:04:28",79000
83700,-300,600,"sd","10:03:21",78800
83700,-300,100,"sd","10:02:44",78200
83700,-300,100,"sd","10:02:43",78100
83700,-300,100,"sd","10:02:43",78000
83700,-300,100,"sd","10:02:43",77900
83700,-300,100,"sd","10:02:43",77800
83700,-300,200,"sd","10:02:43",77700
83700,-300,100,"sd","10:02:43",77500
83700,-300,100,"sd","10:02:43",77400
83700,-300,200,"sd","10:02:43",77300
83700,-300,200,"sd","10:02:43",77100
83700,-300,500,"sd","10:02:33",76900
83700,-300,500,"sd","10:02:24",76400
83700,-300,300,"sd","10:01:49",75900
83800,-200,100,"bu","10:01:31",75600
83800,-200,100,"bu","10:01:16",75500
83800,-200,100,"bu","09:59:45",75400
83800,-200,100,"bu","09:59:16",75300
83800,-200,1600,"bu","09:58:45",75200
83800,-200,200,"sd","09:58:44",73600
83800,-200,100,"sd","09:58:44",73400
83800,-200,600,"sd","09:58:44",73300
83800,-200,200,"sd","09:58:44",72700
83800,-200,1000,"sd","09:58:44",72500
83800,-200,2100,"sd","09:58:44",71500
83800,-200,2000,"sd","09:58:05",69400
83800,-200,900,"sd","09:58:05",67400
83800,-200,100,"sd","09:58:05",66500
83800,-200,100,"sd","09:58:05",66400
83800,-200,500,"sd","09:58:05",66300
83800,-200,400,"sd","09:58:05",65800
83800,-200,600,"sd","09:55:11",65400
83800,-200,1000,"sd","09:55:11",64800
83800,-200,100,"sd","09:55:11",63800
83800,-200,100,"sd","09:55:11",63700
83800,-200,100,"sd","09:55:11",63600
83800,-200,100,"sd","09:55:11",63500
83800,-200,500,"sd","09:55:11",63400
83800,-200,200,"sd","09:55:11",62900
83800,-200,100,"sd","09:55:11",62700
83800,-200,200,"sd","09:55:11",62600
83900,-100,1000,"bu","09:54:40",62400
83800,-200,100,"sd","09:54:09",61400
83900,-100,100,"sd","09:53:58",61300
83900,-100,100,"sd","09:53:58",61200
83900,-100,200,"sd","09:53:58",61100
83900,-100,100,"sd","09:53:58",60900
83900,-100,100,"sd","09:53:58",60800
83900,-100,200,"sd","09:53:58",60700
83900,-100,100,"sd","09:53:58",60500
83900,-100,100,"sd","09:53:58",60400
84000,0,900,"bu","09:52:50",60300
84000,0,100,"bu","09:52:39",59400
84000,0,100,"bu","09:52:33",59300
84000,0,2400,"bu","09:51:39",59200
84000,0,100,"bu","09:51:09",56800
83900,-100,100,"sd","09:48:00",56700
83900,-100,300,"sd","09:48:00",56600
83900,-100,100,"sd","09:48:00",56300
83900,-100,2000,"sd","09:48:00",56200
83900,-100,1800,"sd","09:48:00",54200
83900,-100,700,"sd","09:46:32",52400
83900,-100,200,"sd","09:41:34",51700
83900,-100,2000,"bu","09:41:32",51500
83900,-100,300,"bu","09:41:32",49500
83800,-200,100,"sd","09:41:13",49200
83800,-200,600,"sd","09:41:05",49100
83800,-200,700,"sd","09:41:02",48500
83800,-200,200,"sd","09:41:02",47800
83800,-200,100,"sd","09:41:02",47600
83800,-200,100,"bu","09:39:12",47500
83700,-300,500,"sd","09:38:32",47400
83700,-300,200,"sd","09:38:32",46900
83700,-300,100,"sd","09:38:32",46700
83700,-300,1000,"sd","09:38:32",46600
83700,-300,200,"sd","09:38:32",45600
83800,-200,100,"sd","09:38:11",45400
83800,-200,100,"sd","09:37:35",45300
83800,-200,400,"sd","09:36:57",45200
83700,-300,2200,"sd","09:33:38",44800
83700,-300,600,"sd","09:33:36",42600
83800,-200,1600,"bu","09:33:20",42000
83800,-200,200,"sd","09:33:19",40400
83800,-200,100,"sd","09:33:19",40200
83800,-200,100,"sd","09:33:19",40100
83800,-200,2000,"sd","09:33:19",40000
83800,-200,3700,"sd","09:33:19",38000
83800,-200,1000,"sd","09:31:57",34300
83800,-200,300,"sd","09:30:33",33300
83800,-200,100,"sd","09:30:33",33000
83900,-100,600,"bu","09:30:22",32900
83900,-100,400,"bu","09:30:22",32300
83800,-200,1300,"sd","09:30:13",31900
83900,-100,100,"bu","09:29:52",30600
83900,-100,100,"bu","09:29:49",30500
83900,-100,100,"sd","09:29:01",30400
83900,-100,200,"sd","09:29:01",30300
83900,-100,800,"sd","09:28:19",30100
83900,-100,200,"sd","09:28:19",29300
83800,-200,200,"sd","09:27:12",29100
83700,-300,2000,"sd","09:26:35",28900
83800,-200,100,"sd","09:26:35",26900
83800,-200,100,"sd","09:26:35",26800
83800,-200,100,"sd","09:26:35",26700
83800,-200,100,"sd","09:26:35",26600
83800,-200,100,"sd","09:26:35",26500
83800,-200,100,"sd","09:26:35",26400
83800,-200,200,"sd","09:26:35",26300
83800,-200,200,"sd","09:26:35",26100
83800,-200,100,"sd","09:26:35",25900
83900,-100,100,"sd","09:26:35",25800
83900,-100,200,"sd","09:26:35",25700
83900,-100,100,"sd","09:26:35",25500
83900,-100,200,"sd","09:26:35",25400
83900,-100,500,"sd","09:26:35",25200
83900,-100,100,"sd","09:26:35",24700
84000,0,100,"sd","09:24:12",24600
84000,0,100,"sd","09:24:12",24500
84000,0,100,"sd","09:24:12",24400
84000,0,100,"sd","09:24:06",24300
84000,0,900,"sd","09:22:08",24200
84000,0,100,"sd","09:22:08",23300
84000,0,1000,"sd","09:22:08",23200
84000,0,100,"sd","09:21:21",22200
84000,0,100,"sd","09:20:36",22100
84000,0,100,"sd","09:20:36",22000
84100,100,200,"bu","09:20:32",21900
84100,100,1100,"bu","09:19:51",21700
84000,0,100,"sd","09:19:17",20600
84100,100,1200,"bu","09:17:15",20500
84000,0,100,"sd","09:17:02",19300
84000,0,100,"sd","09:17:02",19200
84000,0,500,"sd","09:16:56",19100
84000,0,500,"sd","09:16:55",18600
84000,0,400,"sd","09:16:55",18100
84000,0,1100,"sd","09:16:55",17700
84000,0,900,"sd","09:16:47",16600
84000,0,100,"sd","09:16:47",15700
84000,0,600,"sd","09:16:47",15600
84000,0,1400,"sd","09:16:42",15000
84000,0,100,"sd","09:16:42",13600
84000,0,100,"sd","09:16:42",13500
84000,0,400,"sd","09:16:42",13400
84100,100,100,"bu","09:16:40",13000
84100,100,1000,"bu","09:16:12",12900
84100,100,100,"sd","09:15:55",11900
84100,100,300,"sd","09:15:31",11800
84100,100,800,"sd","09:15:31",11500
84200,200,300,"sd","09:15:31",10700
84200,200,700,"bu","09:15:28",10400
84200,200,9700,"bu","09:15:00",9700
