"price","change","match_qtty","side","time","total_vol"
8400,600,11100,"bu","14:45:02",183300
8300,500,2000,"bu","14:29:36",172200
8300,500,400,"bu","14:29:20",170200
8300,500,100,"bu","14:28:59",169800
8200,400,4700,"bu","14:26:43",169700
8200,400,300,"bu","14:25:03",165000
8200,400,1000,"sd","14:19:03",164700
8200,400,500,"sd","14:18:40",163700
8200,400,400,"sd","14:18:20",163200
8200,400,800,"sd","14:11:40",162800
8200,400,200,"bu","14:10:26",162000
8200,400,600,"bu","14:09:36",161800
8200,400,200,"bu","14:08:05",161200
8200,400,800,"bu","14:08:03",161000
8200,400,3000,"bu","14:07:45",160200
8200,400,300,"bu","14:06:13",157200
8200,400,1200,"bu","14:06:00",156900
8200,400,2700,"sd","14:01:25",155700
8200,400,100,"unknown","13:58:34",153000
8200,400,200,"sd","13:58:19",152900
8200,400,1000,"bu","13:57:36",152700
8200,400,10000,"bu","13:51:11",151700
8100,300,100,"sd","13:47:11",141700
8100,300,100,"sd","13:46:54",141600
8100,300,100,"sd","13:45:23",141500
8100,300,400,"sd","13:44:09",141400
8100,300,500,"sd","13:33:26",141000
8100,300,10000,"sd","13:32:39",140500
8100,300,700,"sd","13:28:02",130500
8100,300,4300,"sd","13:24:25",129800
8100,300,200,"sd","13:24:10",125500
8100,300,400,"sd","13:21:01",125300
8100,300,100,"bu","13:15:19",124900
8100,300,1000,"bu","13:15:10",124800
8100,300,2900,"bu","13:14:55",123800
8100,300,6000,"sd","13:14:22",120900
8200,400,200,"bu","13:06:27",114900
8200,400,300,"bu","13:04:54",114700
8200,400,1000,"bu","13:00:12",114400
8200,400,100,"bu","13:00:09",113400
8000,200,9700,"sd","13:00:04",113300
8200,400,100,"bu","11:27:25",103600
8200,400,5000,"bu","11:26:02",103500
8200,400,100,"bu","11:25:06",98500
8100,300,500,"sd","11:24:23",98400
8100,300,500,"sd","11:23:23",97900
8200,400,100,"bu","11:18:37",97400
8100,300,5000,"unknown","11:14:09",97300
8100,300,5000,"bu","11:13:45",92300
8100,300,200,"bu","11:12:49",87300
8000,200,300,"sd","11:11:01",87100
8000,200,2400,"sd","11:11:00",86800
8000,200,3300,"bu","11:10:47",84400
8000,200,2000,"bu","11:10:18",81100
8000,200,2100,"bu","11:09:47",79100
8000,200,100,"bu","11:09:08",77000
7900,100,2900,"bu","10:54:51",76900
7900,100,23000,"bu","10:54:40",74000
7900,100,4000,"bu","10:54:34",51000
7900,100,4600,"bu","10:54:24",47000
7900,100,1900,"bu","10:53:45",42400
7900,100,1000,"bu","10:53:39",40500
7900,100,1000,"bu","10:49:15",39500
7900,100,300,"bu","10:48:03",38500
7900,100,400,"bu","10:47:49",38200
7900,100,500,"bu","10:35:04",37800
7900,100,1000,"bu","10:32:45",37300
7900,100,100,"bu","10:24:52",36300
7900,100,100,"bu","10:24:22",36200
7900,100,200,"bu","10:23:46",36100
7900,100,100,"bu","10:23:21",35900
7900,100,100,"bu","10:23:05",35800
7900,100,2000,"bu","10:22:48",35700
7900,100,1000,"bu","10:22:42",33700
7900,100,2000,"bu","10:22:32",32700
7900,100,2000,"bu","10:22:26",30700
7900,100,1000,"bu","10:22:18",28700
7900,100,3200,"bu","10:22:13",27700
7900,100,2000,"bu","10:22:10",24500
7800,0,100,"sd","09:56:07",22500
7800,0,600,"sd","09:54:09",22400
7800,0,1200,"bu","09:53:45",21800
7800,0,4000,"bu","09:53:31",20600
7700,-100,10200,"sd","09:53:04",16600
7800,0,2300,"bu","09:52:27",6400
7800,0,2000,"bu","09:49:39",4100
7800,0,2000,"bu","09:23:27",2100
7800,0,100,"bu","09:18:10",100
