"price","change","match_qtty","side","time","total_vol"
24200,150,392600,"unknown","14:45:01",6583800
24100,50,100,"bu","14:29:54",6191200
24100,50,200,"bu","14:29:51",6191100
24100,50,1000,"bu","14:29:51",6190900
24100,50,100,"bu","14:29:51",6189900
24100,50,100,"bu","14:29:51",6189800
24100,50,500,"bu","14:29:48",6189700
24050,0,300,"sd","14:29:43",6189200
24050,0,500,"sd","14:29:42",6188900
24050,0,600,"sd","14:29:22",6188400
24050,0,500,"sd","14:29:22",6187800
24050,0,500,"sd","14:29:22",6187300
24050,0,3400,"sd","14:29:22",6186800
24100,50,400,"bu","14:29:18",6183400
24100,50,100,"bu","14:29:18",6183000
24100,50,500,"bu","14:29:18",6182900
24100,50,100,"bu","14:29:18",6182400
24100,50,400,"bu","14:29:18",6182300
24050,0,600,"sd","14:29:10",6181900
24050,0,400,"sd","14:29:10",6181300
24050,0,500,"sd","14:29:10",6180900
24050,0,200,"sd","14:29:10",6180400
24050,0,1000,"sd","14:29:10",6180200
24050,0,1000,"sd","14:29:10",6179200
24050,0,1000,"sd","14:29:10",6178200
24050,0,4000,"bu","14:29:00",6177200
24050,0,200,"bu","14:28:56",6173200
24050,0,800,"bu","14:28:51",6173000
24050,0,700,"bu","14:28:51",6172200
24050,0,100,"sd","14:28:44",6171500
24050,0,400,"sd","14:28:44",6171400
24050,0,400,"sd","14:28:44",6171000
24050,0,300,"sd","14:28:44",6170600
24050,0,100,"sd","14:28:44",6170300
24100,50,1900,"bu","14:28:38",6170200
24100,50,100,"bu","14:28:38",6168300
24100,50,300,"bu","14:28:38",6168200
24100,50,500,"bu","14:28:38",6167900
24100,50,200,"bu","14:28:38",6167400
24100,50,1200,"bu","14:28:23",6167200
24100,50,500,"bu","14:28:23",6166000
24100,50,1000,"bu","14:28:23",6165500
24100,50,200,"bu","14:28:23",6164500
24100,50,100,"bu","14:28:23",6164300
24000,-50,3900,"sd","14:28:23",6164200
24050,0,500,"sd","14:28:23",6160300
24050,0,200,"sd","14:28:23",6159800
24050,0,400,"sd","14:28:23",6159600
24100,50,1000,"bu","14:28:21",6159200
24100,50,1000,"bu","14:28:21",6158200
24100,50,500,"bu","14:28:21",6157200
24100,50,200,"bu","14:28:21",6156700
24100,50,2000,"bu","14:28:21",6156500
24100,50,200,"bu","14:28:21",6154500
24100,50,1000,"bu","14:28:21",6154300
24100,50,1000,"bu","14:28:21",6153300
24100,50,100,"bu","14:28:21",6152300
24100,50,200,"bu","14:28:21",6152200
24100,50,500,"bu","14:28:21",6152000
24100,50,1000,"bu","14:28:21",6151500
24100,50,1000,"bu","14:28:21",6150500
24100,50,100,"bu","14:28:21",6149500
24100,50,200,"bu","14:28:21",6149400
24100,50,500,"bu","14:28:18",6149200
24100,50,100,"bu","14:28:08",6148700
24050,0,300,"bu","14:28:08",6148600
24050,0,100,"bu","14:28:08",6148300
24050,0,1500,"bu","14:28:08",6148200
24000,-50,6000,"sd","14:28:03",6146700
24000,-50,200,"sd","14:28:01",6140700
24000,-50,400,"sd","14:27:55",6140500
24000,-50,2300,"sd","14:27:53",6140100
24050,0,500,"bu","14:27:50",6137800
24050,0,1000,"bu","14:27:50",6137300
24050,0,100,"bu","14:27:50",6136300
24050,0,200,"bu","14:27:50",6136200
24050,0,1000,"bu","14:27:50",6136000
24050,0,200,"bu","14:27:50",6135000
24000,-50,1000,"sd","14:27:49",6134800
24000,-50,500,"bu","14:27:43",6133800
24000,-50,700,"bu","14:27:43",6133300
24000,-50,400,"bu","14:27:43",6132600
24000,-50,200,"bu","14:27:43",6132200
24000,-50,2000,"bu","14:27:43",6132000
24000,-50,1500,"bu","14:27:43",6130000
24000,-50,300,"bu","14:27:43",6128500
24000,-50,300,"bu","14:27:43",6128200
24000,-50,200,"bu","14:27:43",6127900
24000,-50,100,"bu","14:27:43",6127700
24000,-50,500,"bu","14:27:43",6127600
24000,-50,500,"bu","14:27:43",6127100
24000,-50,2000,"bu","14:27:43",6126600
24000,-50,200,"bu","14:27:43",6124600
24000,-50,2000,"bu","14:27:43",6124400
24000,-50,800,"bu","14:27:43",6122400
24000,-50,1600,"bu","14:27:43",6121600
24000,-50,400,"bu","14:27:41",6120000
24000,-50,300,"bu","14:27:41",6119600
24000,-50,2300,"bu","14:27:41",6119300
24000,-50,3900,"bu","14:27:40",6117000
24000,-50,1100,"bu","14:27:40",6113100
24000,-50,100,"bu","14:27:38",6112000
24000,-50,300,"bu","14:27:32",6111900
24000,-50,2000,"bu","14:27:30",6111600
24000,-50,1000,"bu","14:27:26",6109600
24000,-50,1500,"bu","14:27:26",6108600
24000,-50,500,"bu","14:27:26",6107100
24000,-50,500,"bu","14:27:25",6106600
24000,-50,100,"bu","14:27:25",6106100
24000,-50,400,"bu","14:27:25",6106000
24000,-50,3200,"bu","14:27:24",6105600
24000,-50,1000,"bu","14:27:24",6102400
24000,-50,200,"bu","14:27:20",6101400
24000,-50,200,"bu","14:27:16",6101200
24000,-50,3000,"bu","14:27:14",6101000
24000,-50,1000,"bu","14:27:12",6098000
23950,-100,1200,"sd","14:27:11",6097000
23950,-100,1000,"sd","14:27:11",6095800
23950,-100,3000,"sd","14:27:11",6094800
23950,-100,500,"sd","14:27:11",6091800
23950,-100,4900,"sd","14:27:11",6091300
23950,-100,10000,"sd","14:27:11",6086400
23950,-100,300,"sd","14:27:11",6076400
23950,-100,400,"sd","14:27:11",6076100
23950,-100,3700,"sd","14:27:11",6075700
24000,-50,3000,"bu","14:27:11",6072000
24000,-50,100,"bu","14:27:10",6069000
24000,-50,500,"bu","14:27:08",6068900
24000,-50,1000,"bu","14:27:06",6068400
24000,-50,500,"bu","14:26:58",6067400
23950,-100,400,"sd","14:26:54",6066900
23950,-100,400,"sd","14:26:54",6066500
23950,-100,1000,"sd","14:26:54",6066100
23950,-100,100,"sd","14:26:54",6065100
23950,-100,500,"sd","14:26:54",6065000
23950,-100,500,"sd","14:26:54",6064500
23950,-100,2200,"sd","14:26:54",6064000
23950,-100,400,"sd","14:26:54",6061800
23950,-100,100,"sd","14:26:54",6061400
23950,-100,200,"sd","14:26:54",6061300
23950,-100,1200,"sd","14:26:54",6061100
23950,-100,200,"sd","14:26:54",6059900
23950,-100,1400,"sd","14:26:54",6059700
23950,-100,1000,"sd","14:26:54",6058300
23950,-100,400,"sd","14:26:54",6057300
23950,-100,100,"sd","14:26:54",6056900
23950,-100,100,"sd","14:26:54",6056800
23950,-100,7200,"sd","14:26:54",6056700
23950,-100,300,"sd","14:26:54",6049500
23950,-100,300,"sd","14:26:54",6049200
23950,-100,100,"sd","14:26:54",6048900
23950,-100,1900,"sd","14:26:54",6048800
24000,-50,5000,"bu","14:26:54",6046900
24000,-50,2200,"bu","14:26:54",6041900
24000,-50,1300,"bu","14:26:54",6039700
24000,-50,200,"bu","14:26:54",6038400
24000,-50,1000,"bu","14:26:54",6038200
24000,-50,100,"bu","14:26:54",6037200
24000,-50,300,"bu","14:26:54",6037100
24000,-50,2100,"bu","14:26:54",6036800
24000,-50,5000,"bu","14:26:50",6034700
24000,-50,3400,"bu","14:26:49",6029700
24000,-50,1000,"bu","14:26:48",6026300
24000,-50,500,"bu","14:26:47",6025300
24000,-50,2200,"bu","14:26:44",6024800
24000,-50,200,"bu","14:26:41",6022600
24000,-50,100,"bu","14:26:40",6022400
24000,-50,10000,"bu","14:26:39",6022300
24000,-50,2000,"bu","14:26:39",6012300
24000,-50,1000,"bu","14:26:38",6010300
24000,-50,4500,"bu","14:26:34",6009300
24000,-50,16000,"bu","14:26:33",6004800
24000,-50,100,"bu","14:26:25",5988800
24000,-50,3000,"bu","14:26:24",5988700
24000,-50,3300,"bu","14:26:21",5985700
24000,-50,1000,"bu","14:26:19",5982400
23950,-100,300,"sd","14:26:18",5981400
23950,-100,500,"sd","14:26:12",5981100
24000,-50,500,"bu","14:26:12",5980600
24000,-50,1000,"bu","14:26:07",5980100
24000,-50,3000,"bu","14:25:57",5979100
23950,-100,500,"sd","14:25:28",5976100
23950,-100,2000,"sd","14:25:20",5975600
24000,-50,1100,"bu","14:25:16",5973600
24000,-50,200,"bu","14:25:14",5972500
24000,-50,300,"bu","14:25:03",5972300
24000,-50,1000,"bu","14:24:58",5972000
24000,-50,500,"bu","14:24:41",5971000
23950,-100,4000,"sd","14:24:41",5970500
23950,-100,15000,"sd","14:24:40",5966500
24000,-50,500,"bu","14:24:22",5951500
24000,-50,1200,"bu","14:24:12",5951000
24000,-50,2000,"bu","14:24:05",5949800
24000,-50,100,"bu","14:23:57",5947800
24000,-50,500,"bu","14:23:57",5947700
23950,-100,3000,"sd","14:23:35",5947200
23950,-100,200,"sd","14:23:28",5944200
23950,-100,100,"sd","14:23:19",5944000
23950,-100,200,"bu","14:23:00",5943900
23950,-100,2500,"bu","14:23:00",5943700
23950,-100,1500,"bu","14:23:00",5941200
23950,-100,300,"bu","14:23:00",5939700
23950,-100,18000,"bu","14:23:00",5939400
23950,-100,1000,"bu","14:23:00",5921400
23950,-100,4300,"bu","14:22:58",5920400
23900,-150,700,"sd","14:22:58",5916100
23950,-100,200,"bu","14:22:58",5915400
23950,-100,16300,"bu","14:22:57",5915200
23950,-100,17100,"bu","14:22:57",5898900
23950,-100,3000,"bu","14:22:55",5881800
23950,-100,100,"bu","14:22:55",5878800
23950,-100,5000,"bu","14:22:54",5878700
23950,-100,200,"bu","14:22:52",5873700
23950,-100,500,"bu","14:22:52",5873500
23950,-100,100,"bu","14:22:50",5873000
23950,-100,10000,"bu","14:22:50",5872900
23950,-100,6800,"bu","14:22:47",5862900
23950,-100,9100,"bu","14:22:43",5856100
23950,-100,500,"bu","14:22:42",5847000
23950,-100,500,"bu","14:22:41",5846500
23950,-100,7100,"bu","14:22:39",5846000
23950,-100,5000,"bu","14:22:39",5838900
23950,-100,900,"bu","14:22:37",5833900
23900,-150,200,"sd","14:22:35",5833000
23950,-100,1000,"bu","14:22:28",5832800
23950,-100,500,"bu","14:22:27",5831800
23950,-100,500,"bu","14:22:25",5831300
23950,-100,500,"bu","14:22:24",5830800
23950,-100,300,"bu","14:22:03",5830300
23900,-150,1600,"sd","14:21:45",5830000
23950,-100,2200,"bu","14:21:33",5828400
23900,-150,400,"sd","14:21:09",5826200
23900,-150,8000,"sd","14:21:06",5825800
23950,-100,1700,"bu","14:21:05",5817800
23950,-100,200,"bu","14:21:05",5816100
23950,-100,500,"bu","14:21:05",5815900
23950,-100,200,"bu","14:21:05",5815400
23950,-100,200,"bu","14:21:05",5815200
23950,-100,2200,"bu","14:21:05",5815000
23950,-100,400,"bu","14:20:57",5812800
23950,-100,100,"bu","14:20:57",5812400
23950,-100,100,"bu","14:20:56",5812300
23950,-100,10000,"bu","14:20:52",5812200
23950,-100,500,"bu","14:20:51",5802200
23950,-100,400,"bu","14:20:50",5801700
23950,-100,100,"bu","14:20:45",5801300
23950,-100,1400,"bu","14:20:44",5801200
23950,-100,500,"bu","14:20:42",5799800
23950,-100,300,"bu","14:20:41",5799300
23950,-100,15100,"bu","14:20:40",5799000
23950,-100,4900,"bu","14:20:40",5783900
23950,-100,200,"bu","14:20:39",5779000
23950,-100,500,"bu","14:20:33",5778800
23950,-100,400,"bu","14:20:25",5778300
23900,-150,100,"sd","14:20:22",5777900
23900,-150,100,"sd","14:20:21",5777800
23900,-150,2000,"sd","14:19:55",5777700
23900,-150,1000,"sd","14:19:51",5775700
23900,-150,300,"sd","14:19:42",5774700
23900,-150,900,"sd","14:19:37",5774400
23900,-150,1000,"sd","14:19:36",5773500
23900,-150,100,"bu","14:19:34",5772500
23900,-150,1500,"bu","14:19:34",5772400
23900,-150,500,"bu","14:19:34",5770900
23900,-150,5000,"bu","14:19:34",5770400
23900,-150,500,"bu","14:19:34",5765400
23900,-150,1000,"bu","14:19:34",5764900
23900,-150,4000,"bu","14:19:34",5763900
23900,-150,2400,"bu","14:19:34",5759900
23900,-150,1000,"bu","14:19:34",5757500
23900,-150,1000,"bu","14:19:34",5756500
23900,-150,900,"bu","14:19:34",5755500
23900,-150,11600,"bu","14:19:34",5754600
23900,-150,4000,"bu","14:19:34",5743000
23900,-150,5000,"bu","14:19:34",5739000
23900,-150,1000,"bu","14:19:33",5734000
23900,-150,2000,"bu","14:19:29",5733000
23900,-150,200,"bu","14:19:27",5731000
23900,-150,1000,"bu","14:19:19",5730800
23900,-150,100,"bu","14:19:16",5729800
23900,-150,500,"bu","14:19:06",5729700
23900,-150,600,"bu","14:19:02",5729200
23900,-150,500,"bu","14:18:59",5728600
23900,-150,100,"bu","14:18:52",5728100
23850,-200,400,"sd","14:18:51",5728000
23900,-150,5900,"bu","14:18:46",5727600
23850,-200,1100,"sd","14:18:42",5721700
23850,-200,500,"sd","14:18:41",5720600
23900,-150,1000,"bu","14:18:36",5720100
23850,-200,500,"sd","14:18:36",5719100
23850,-200,100,"sd","14:18:22",5718600
23850,-200,500,"sd","14:18:17",5718500
23850,-200,1400,"sd","14:18:17",5718000
23850,-200,600,"sd","14:18:17",5716600
23850,-200,500,"sd","14:18:17",5716000
23850,-200,100,"sd","14:18:17",5715500
23850,-200,100,"sd","14:18:17",5715400
23850,-200,100,"sd","14:18:13",5715300
23850,-200,200,"sd","14:18:13",5715200
23850,-200,100,"bu","14:18:12",5715000
23850,-200,1000,"bu","14:18:10",5714900
23850,-200,1000,"bu","14:18:10",5713900
23850,-200,400,"bu","14:18:10",5712900
23850,-200,1700,"sd","14:18:09",5712500
23850,-200,100,"bu","14:18:06",5710800
23850,-200,200,"bu","14:18:06",5710700
23850,-200,500,"bu","14:18:03",5710500
23850,-200,300,"bu","14:18:02",5710000
23850,-200,100,"bu","14:18:02",5709700
23850,-200,2600,"bu","14:18:02",5709600
23850,-200,400,"bu","14:18:01",5707000
23850,-200,100,"bu","14:17:58",5706600
23850,-200,2900,"bu","14:17:58",5706500
23850,-200,4000,"bu","14:17:56",5703600
23850,-200,2500,"bu","14:17:54",5699600
23850,-200,600,"bu","14:17:50",5697100
23850,-200,400,"bu","14:17:50",5696500
23850,-200,500,"bu","14:17:50",5696100
23850,-200,500,"bu","14:17:50",5695600
23800,-250,1300,"sd","14:17:39",5695100
23800,-250,700,"sd","14:17:39",5693800
23850,-200,200,"bu","14:17:39",5693100
23850,-200,100,"bu","14:17:38",5692900
23800,-250,1500,"sd","14:17:38",5692800
23850,-200,500,"bu","14:17:37",5691300
23850,-200,500,"bu","14:17:37",5690800
23850,-200,3000,"bu","14:17:33",5690300
23850,-200,1000,"bu","14:17:24",5687300
23800,-250,1300,"sd","14:17:18",5686300
23800,-250,200,"sd","14:17:18",5685000
23800,-250,100,"sd","14:17:18",5684800
23800,-250,400,"sd","14:17:18",5684700
23850,-200,1000,"bu","14:17:17",5684300
23800,-250,600,"sd","14:17:14",5683300
23800,-250,900,"sd","14:17:14",5682700
23800,-250,2000,"sd","14:17:14",5681800
23800,-250,200,"sd","14:17:14",5679800
23800,-250,100,"sd","14:17:14",5679600
23800,-250,200,"sd","14:17:14",5679500
23800,-250,500,"sd","14:17:14",5679300
23800,-250,200,"sd","14:17:14",5678800
23800,-250,500,"sd","14:17:14",5678600
23800,-250,100,"sd","14:17:14",5678100
23800,-250,100,"sd","14:17:14",5678000
23800,-250,100,"sd","14:17:14",5677900
23800,-250,200,"sd","14:17:14",5677800
23800,-250,4300,"sd","14:17:14",5677600
23850,-200,1000,"bu","14:17:11",5673300
23800,-250,1900,"sd","14:17:11",5672300
23850,-200,100,"bu","14:17:11",5670400
23850,-200,100,"bu","14:17:09",5670300
23800,-250,3800,"sd","14:17:08",5670200
23800,-250,500,"sd","14:17:08",5666400
23800,-250,15700,"sd","14:17:08",5665900
23800,-250,4000,"sd","14:17:08",5650200
23800,-250,300,"sd","14:17:07",5646200
23800,-250,500,"sd","14:17:07",5645900
23800,-250,100,"sd","14:17:07",5645400
23800,-250,100,"sd","14:17:07",5645300
23800,-250,1000,"sd","14:17:07",5645200
23800,-250,1000,"sd","14:17:07",5644200
23800,-250,1000,"sd","14:17:07",5643200
23800,-250,100,"sd","14:17:07",5642200
23800,-250,5000,"sd","14:17:07",5642100
23800,-250,900,"sd","14:17:07",5637100
23800,-250,100,"sd","14:17:01",5636200
23800,-250,1000,"sd","14:17:01",5636100
23800,-250,100,"sd","14:17:01",5635100
23800,-250,3800,"sd","14:17:01",5635000
23850,-200,100,"bu","14:16:59",5631200
23850,-200,400,"sd","14:16:54",5631100
23850,-200,100,"bu","14:16:52",5630700
23850,-200,200,"bu","14:16:51",5630600
23850,-200,200,"bu","14:16:51",5630400
23850,-200,100,"bu","14:16:51",5630200
23800,-250,1200,"sd","14:16:50",5630100
23800,-250,300,"sd","14:16:50",5628900
23800,-250,400,"sd","14:16:50",5628600
23800,-250,100,"sd","14:16:50",5628200
23800,-250,700,"sd","14:16:50",5628100
23800,-250,100,"sd","14:16:50",5627400
23800,-250,500,"sd","14:16:50",5627300
23800,-250,500,"sd","14:16:50",5626800
23800,-250,300,"sd","14:16:50",5626300
23800,-250,500,"sd","14:16:50",5626000
23800,-250,5000,"sd","14:16:50",5625500
23800,-250,100,"sd","14:16:50",5620500
23800,-250,1000,"sd","14:16:50",5620400
23800,-250,1000,"sd","14:16:50",5619400
23800,-250,300,"sd","14:16:50",5618400
23800,-250,1000,"sd","14:16:50",5618100
23800,-250,100,"sd","14:16:50",5617100
23800,-250,100,"sd","14:16:50",5617000
23800,-250,2000,"sd","14:16:50",5616900
23800,-250,500,"sd","14:16:50",5614900
23800,-250,1900,"sd","14:16:50",5614400
23800,-250,2300,"sd","14:16:50",5612500
23800,-250,100,"sd","14:16:50",5610200
23850,-200,1000,"bu","14:16:50",5610100
23850,-200,400,"bu","14:16:47",5609100
23850,-200,100,"bu","14:16:47",5608700
23850,-200,100,"bu","14:16:44",5608600
23850,-200,300,"sd","14:16:43",5608500
23850,-200,300,"sd","14:16:43",5608200
23850,-200,200,"sd","14:16:43",5607900
23850,-200,400,"bu","14:16:33",5607700
23850,-200,600,"bu","14:16:32",5607300
23850,-200,600,"bu","14:16:31",5606700
23850,-200,100,"bu","14:16:30",5606100
23850,-200,3100,"bu","14:16:29",5606000
23850,-200,1000,"bu","14:16:28",5602900
23850,-200,500,"bu","14:16:27",5601900
23850,-200,1800,"sd","14:16:20",5601400
23850,-200,300,"sd","14:16:20",5599600
23850,-200,200,"sd","14:16:17",5599300
23800,-250,400,"sd","14:16:17",5599100
23800,-250,3000,"sd","14:16:17",5598700
23800,-250,500,"sd","14:16:17",5595700
23800,-250,300,"sd","14:16:17",5595200
23800,-250,20000,"sd","14:16:17",5594900
23800,-250,5000,"sd","14:16:17",5574900
23800,-250,500,"sd","14:16:17",5569900
23800,-250,5000,"sd","14:16:17",5569400
23800,-250,100,"sd","14:16:17",5564400
23800,-250,3000,"sd","14:16:17",5564300
23800,-250,200,"sd","14:16:17",5561300
23800,-250,3200,"sd","14:16:17",5561100
23800,-250,100,"sd","14:16:17",5557900
23800,-250,2000,"sd","14:16:17",5557800
23800,-250,100,"sd","14:16:17",5555800
23800,-250,100,"sd","14:16:17",5555700
23800,-250,200,"sd","14:16:17",5555600
23800,-250,500,"sd","14:16:17",5555400
23800,-250,5000,"sd","14:16:17",5554900
23800,-250,200,"sd","14:16:17",5549900
23800,-250,1000,"sd","14:16:17",5549700
23800,-250,400,"sd","14:16:17",5548700
23800,-250,2000,"sd","14:16:17",5548300
23800,-250,200,"sd","14:16:17",5546300
23800,-250,500,"sd","14:16:17",5546100
23800,-250,300,"sd","14:16:17",5545600
23800,-250,100,"sd","14:16:17",5545300
23800,-250,1000,"sd","14:16:17",5545200
23800,-250,100,"sd","14:16:17",5544200
23800,-250,100,"sd","14:16:17",5544100
23800,-250,2000,"sd","14:16:17",5544000
23800,-250,6400,"sd","14:16:17",5542000
23800,-250,100,"sd","14:16:17",5535600
23800,-250,500,"sd","14:16:17",5535500
23800,-250,500,"sd","14:16:17",5535000
23800,-250,200,"sd","14:16:17",5534500
23800,-250,50000,"sd","14:16:17",5534300
23800,-250,3100,"sd","14:16:17",5484300
23800,-250,100,"sd","14:16:17",5481200
23800,-250,100,"sd","14:16:17",5481100
23800,-250,1000,"sd","14:16:17",5481000
23800,-250,600,"sd","14:16:17",5480000
23800,-250,2000,"sd","14:16:17",5479400
23800,-250,600,"sd","14:16:17",5477400
23800,-250,600,"sd","14:16:17",5476800
23800,-250,400,"sd","14:16:17",5476200
23800,-250,100,"sd","14:16:17",5475800
23800,-250,100,"sd","14:16:17",5475700
23800,-250,200,"sd","14:16:17",5475600
23800,-250,6800,"sd","14:16:17",5475400
23800,-250,1300,"sd","14:16:17",5468600
23800,-250,1000,"sd","14:16:17",5467300
23800,-250,1000,"sd","14:16:17",5466300
23800,-250,200,"sd","14:16:17",5465300
23800,-250,200,"sd","14:16:17",5465100
23800,-250,6500,"sd","14:16:17",5464900
23800,-250,400,"sd","14:16:17",5458400
23800,-250,100,"sd","14:16:17",5458000
23800,-250,3200,"sd","14:16:17",5457900
23800,-250,400,"sd","14:16:17",5454700
23800,-250,1100,"sd","14:16:17",5454300
23800,-250,2000,"sd","14:16:17",5453200
23800,-250,1000,"sd","14:16:17",5451200
23800,-250,800,"sd","14:16:17",5450200
23800,-250,100,"sd","14:16:17",5449400
23800,-250,100,"sd","14:16:17",5449300
23800,-250,1000,"sd","14:16:17",5449200
23800,-250,100,"sd","14:16:17",5448200
23800,-250,200,"sd","14:16:17",5448100
23800,-250,300,"sd","14:16:17",5447900
23850,-200,300,"sd","14:16:17",5447600
23800,-250,3000,"sd","14:16:17",5447300
23850,-200,500,"sd","14:16:17",5444300
23800,-250,1000,"sd","14:16:17",5443800
23850,-200,100,"sd","14:16:17",5442800
23800,-250,500,"sd","14:16:17",5442700
23850,-200,100,"sd","14:16:17",5442200
23800,-250,200,"sd","14:16:17",5442100
23800,-250,200,"sd","14:16:17",5441400
23850,-200,500,"sd","14:16:17",5441900
23850,-200,500,"sd","14:16:17",5441200
23850,-200,100,"sd","14:16:17",5440700
23850,-200,100,"sd","14:16:17",5440600
23850,-200,1000,"sd","14:16:17",5440500
23850,-200,100,"sd","14:16:17",5439500
23850,-200,1000,"sd","14:16:17",5439400
23850,-200,100,"sd","14:16:17",5438400
23850,-200,1800,"sd","14:16:17",5438300
23850,-200,500,"sd","14:16:17",5436500
23850,-200,2000,"sd","14:16:17",5436000
23850,-200,100,"sd","14:16:17",5434000
23850,-200,900,"sd","14:16:17",5433900
23850,-200,1000,"sd","14:16:17",5433000
23850,-200,200,"sd","14:16:17",5432000
23850,-200,300,"sd","14:16:17",5431800
23850,-200,1900,"sd","14:16:17",5431500
23850,-200,200,"sd","14:16:17",5429600
23850,-200,500,"sd","14:16:17",5429400
23850,-200,1000,"sd","14:16:17",5428900
23850,-200,2000,"sd","14:16:17",5427900
23850,-200,2000,"sd","14:16:17",5425900
23850,-200,2000,"sd","14:16:17",5423900
23850,-200,100,"sd","14:16:17",5421900
23850,-200,200,"sd","14:16:17",5421800
23850,-200,100,"sd","14:16:17",5421600
23850,-200,1900,"sd","14:16:17",5421500
23850,-200,6000,"sd","14:16:17",5419600
23850,-200,2500,"sd","14:16:17",5413600
23850,-200,500,"sd","14:16:17",5411100
23850,-200,300,"sd","14:16:17",5410600
23850,-200,2000,"sd","14:16:17",5410300
23850,-200,1000,"sd","14:16:17",5408300
23850,-200,2000,"sd","14:16:17",5407300
23850,-200,200,"sd","14:16:17",5405300
23850,-200,100,"sd","14:16:17",5405100
23850,-200,300,"sd","14:16:17",5405000
23850,-200,300,"sd","14:16:17",5404700
23850,-200,100,"sd","14:16:17",5404400
23850,-200,900,"sd","14:16:17",5404300
23850,-200,500,"sd","14:16:17",5403400
23850,-200,2000,"sd","14:16:17",5402900
23850,-200,100,"sd","14:16:17",5400900
23850,-200,100,"sd","14:16:17",5400800
23850,-200,1600,"sd","14:16:17",5400700
23850,-200,1500,"sd","14:16:14",5399100
23850,-200,300,"sd","14:16:03",5397600
23850,-200,600,"sd","14:15:58",5397300
23850,-200,100,"sd","14:15:58",5396700
23850,-200,100,"sd","14:15:58",5396600
23850,-200,100,"sd","14:15:58",5396500
23850,-200,400,"sd","14:15:58",5396400
23850,-200,300,"sd","14:15:58",5396000
23850,-200,400,"sd","14:15:58",5395700
23850,-200,300,"sd","14:15:47",5395300
23850,-200,300,"sd","14:15:44",5395000
23850,-200,700,"sd","14:15:44",5394700
23850,-200,200,"sd","14:15:43",5394000
23850,-200,1100,"sd","14:15:42",5393800
23850,-200,400,"sd","14:15:42",5392700
23850,-200,500,"sd","14:15:42",5392300
23850,-200,100,"sd","14:15:36",5391800
23850,-200,100,"sd","14:15:36",5391700
23850,-200,200,"sd","14:15:36",5391600
23850,-200,100,"sd","14:15:36",5391400
23850,-200,100,"sd","14:15:36",5391300
23850,-200,400,"sd","14:15:15",5391200
23850,-200,100,"sd","14:15:15",5390800
23850,-200,200,"sd","14:15:15",5390700
23850,-200,800,"sd","14:15:15",5390500
23850,-200,1100,"sd","14:15:15",5389700
23850,-200,1000,"sd","14:15:15",5388600
23850,-200,100,"sd","14:15:15",5387600
23850,-200,500,"sd","14:15:15",5387500
23850,-200,500,"sd","14:15:15",5387000
23850,-200,500,"sd","14:15:14",5386500
23850,-200,200,"sd","14:15:14",5386000
23850,-200,300,"sd","14:15:06",5385800
23850,-200,1400,"sd","14:15:06",5385500
23850,-200,5000,"sd","14:15:05",5384100
23850,-200,200,"sd","14:15:03",5379100
23900,-150,100,"bu","14:15:00",5378900
23850,-200,3000,"sd","14:15:00",5378800
23900,-150,1300,"bu","14:14:59",5375800
23900,-150,600,"sd","14:14:41",5374500
23900,-150,1000,"sd","14:14:41",5373900
23900,-150,1900,"sd","14:14:41",5372900
23900,-150,300,"sd","14:14:41",5371000
23900,-150,500,"sd","14:14:41",5370700
23900,-150,500,"sd","14:14:41",5370200
23900,-150,200,"sd","14:14:41",5369700
23900,-150,100,"sd","14:14:41",5369500
23900,-150,500,"sd","14:14:41",5369400
23900,-150,300,"sd","14:14:38",5368900
23900,-150,1000,"sd","14:14:37",5368600
23900,-150,3100,"sd","14:14:33",5367600
23900,-150,1900,"sd","14:14:33",5364500
23900,-150,100,"sd","14:14:32",5362600
23900,-150,100,"sd","14:14:32",5362500
23900,-150,200,"sd","14:14:32",5362400
23900,-150,100,"sd","14:14:32",5362200
23900,-150,200,"sd","14:14:32",5362100
23900,-150,300,"sd","14:14:32",5361900
23900,-150,200,"sd","14:14:31",5361600
23900,-150,500,"sd","14:14:31",5361400
23900,-150,100,"sd","14:14:31",5360900
23900,-150,100,"sd","14:14:31",5360800
23900,-150,100,"sd","14:14:31",5360700
23900,-150,100,"sd","14:14:29",5360600
23900,-150,3000,"sd","14:14:29",5360500
23900,-150,300,"sd","14:14:29",5357500
23900,-150,1000,"sd","14:14:29",5357200
23900,-150,400,"sd","14:14:29",5356200
23900,-150,1000,"sd","14:14:29",5355800
23900,-150,500,"sd","14:14:29",5354800
23900,-150,400,"sd","14:14:29",5354300
23900,-150,500,"sd","14:14:29",5353900
23900,-150,100,"sd","14:14:29",5353400
23900,-150,200,"sd","14:14:29",5353300
23900,-150,3000,"sd","14:14:29",5353100
23900,-150,2000,"sd","14:14:29",5350100
23900,-150,200,"sd","14:14:29",5348100
23900,-150,600,"sd","14:14:29",5347900
23900,-150,100,"sd","14:14:29",5347300
23900,-150,200,"sd","14:14:29",5347200
23900,-150,10000,"sd","14:14:29",5347000
23900,-150,10000,"sd","14:14:29",5337000
23900,-150,1000,"sd","14:14:29",5327000
23900,-150,2000,"sd","14:14:29",5326000
23900,-150,100,"sd","14:14:29",5324000
23900,-150,200,"sd","14:14:29",5323900
23900,-150,200,"sd","14:14:29",5323700
23900,-150,1000,"sd","14:14:29",5323500
23900,-150,800,"sd","14:14:29",5322500
23900,-150,1000,"sd","14:14:29",5321700
23900,-150,1000,"sd","14:14:29",5320700
23900,-150,100,"sd","14:14:29",5319700
23900,-150,500,"sd","14:14:29",5319600
23900,-150,200,"sd","14:14:29",5319100
23900,-150,600,"sd","14:14:29",5318900
23900,-150,1000,"sd","14:14:29",5318300
23900,-150,4000,"sd","14:14:29",5317300
23900,-150,500,"sd","14:14:29",5313300
23900,-150,500,"sd","14:14:29",5312800
23900,-150,1000,"sd","14:14:29",5312300
23900,-150,200,"sd","14:14:29",5311300
23900,-150,500,"sd","14:14:29",5311100
23900,-150,400,"sd","14:14:29",5310600
23900,-150,500,"sd","14:14:29",5310200
23900,-150,1000,"sd","14:14:29",5309700
23900,-150,200,"sd","14:14:29",5308700
23900,-150,100,"sd","14:14:29",5308500
23900,-150,900,"sd","14:14:29",5308400
23900,-150,300,"sd","14:14:29",5307500
23900,-150,100,"sd","14:14:29",5307200
23900,-150,500,"sd","14:14:29",5307100
23900,-150,1000,"sd","14:14:29",5306600
23900,-150,100,"sd","14:14:29",5305600
23900,-150,300,"sd","14:14:29",5305500
23900,-150,1000,"sd","14:14:29",5305200
23900,-150,100,"sd","14:14:29",5304200
23900,-150,300,"sd","14:14:29",5304100
23900,-150,3000,"sd","14:14:29",5303800
23900,-150,200,"sd","14:14:29",5300800
23900,-150,500,"sd","14:14:26",5300600
23900,-150,300,"sd","14:14:13",5300100
23900,-150,500,"sd","14:14:13",5299800
23900,-150,200,"sd","14:14:13",5299300
23900,-150,200,"sd","14:14:13",5299100
23900,-150,500,"sd","14:14:13",5298900
23900,-150,200,"sd","14:14:13",5298400
23900,-150,300,"sd","14:14:13",5298200
23900,-150,100,"sd","14:14:13",5297900
23900,-150,300,"sd","14:14:13",5297800
23900,-150,2000,"sd","14:14:13",5297500
23900,-150,400,"sd","14:14:13",5295500
23900,-150,2500,"sd","14:14:10",5295100
23900,-150,200,"sd","14:14:10",5292600
23900,-150,1000,"sd","14:14:10",5292400
23900,-150,300,"sd","14:14:10",5291400
23900,-150,100,"sd","14:14:10",5291100
23900,-150,200,"sd","14:14:10",5291000
23900,-150,200,"sd","14:14:10",5290800
23900,-150,200,"sd","14:14:10",5290600
23900,-150,2000,"sd","14:14:10",5290400
23900,-150,1000,"sd","14:14:10",5288400
23900,-150,500,"sd","14:14:10",5287400
23900,-150,1800,"sd","14:14:10",5286900
23950,-100,200,"bu","14:14:05",5285100
23900,-150,200,"sd","14:14:01",5284900
23900,-150,700,"sd","14:13:51",5284700
23900,-150,2300,"sd","14:13:51",5284000
23900,-150,500,"sd","14:13:51",5281700
23900,-150,400,"sd","14:13:51",5281200
23900,-150,500,"sd","14:13:51",5280800
23900,-150,100,"sd","14:13:51",5280300
23900,-150,1000,"sd","14:13:51",5280200
23900,-150,500,"sd","14:13:51",5279200
23900,-150,2000,"sd","14:13:51",5278700
23900,-150,100,"sd","14:13:50",5276700
23900,-150,300,"sd","14:13:50",5276600
23900,-150,1000,"sd","14:13:50",5276300
23900,-150,300,"sd","14:13:50",5275300
23900,-150,100,"sd","14:13:50",5275000
23900,-150,100,"sd","14:13:50",5274900
23900,-150,100,"sd","14:13:50",5274800
23900,-150,200,"sd","14:13:50",5274700
23900,-150,500,"sd","14:13:50",5274500
23950,-100,1000,"bu","14:13:48",5274000
23950,-100,100,"bu","14:13:46",5273000
23950,-100,200,"sd","14:13:46",5272900
23950,-100,2100,"sd","14:13:46",5272700
23950,-100,100,"sd","14:13:46",5270600
23950,-100,200,"sd","14:13:46",5270500
23950,-100,1200,"sd","14:13:46",5270300
23950,-100,100,"sd","14:13:46",5269100
23950,-100,2000,"sd","14:13:46",5269000
23950,-100,100,"sd","14:13:46",5267000
23950,-100,100,"sd","14:13:46",5266900
23950,-100,500,"sd","14:13:46",5266800
23950,-100,1000,"sd","14:13:46",5266300
23950,-100,5000,"sd","14:13:46",5265300
23950,-100,3200,"sd","14:13:46",5260300
23950,-100,2000,"sd","14:13:46",5257100
23950,-100,2000,"sd","14:13:46",5255100
23950,-100,2100,"sd","14:13:46",5253100
23950,-100,1000,"sd","14:13:46",5251000
23950,-100,1000,"sd","14:13:46",5250000
23950,-100,2000,"sd","14:13:46",5249000
23950,-100,1000,"sd","14:13:46",5247000
23950,-100,100,"sd","14:13:46",5246000
23950,-100,3000,"sd","14:13:46",5245900
23950,-100,1000,"sd","14:13:46",5242900
23950,-100,300,"sd","14:13:46",5241900
23950,-100,1100,"sd","14:13:46",5241600
23950,-100,1000,"sd","14:13:45",5240500
23950,-100,300,"sd","14:13:45",5239500
23950,-100,400,"sd","14:13:45",5239200
23950,-100,100,"sd","14:13:45",5238800
23950,-100,200,"sd","14:13:45",5238700
23950,-100,2000,"sd","14:13:45",5238500
23950,-100,200,"sd","14:13:45",5236500
23950,-100,700,"sd","14:13:45",5236300
23950,-100,100,"sd","14:13:45",5235600
23950,-100,900,"sd","14:13:45",5235500
23950,-100,500,"sd","14:13:45",5234600
23950,-100,500,"sd","14:13:45",5234100
23950,-100,2100,"sd","14:13:45",5233600
23950,-100,200,"sd","14:13:45",5231500
23950,-100,300,"sd","14:13:45",5231300
23950,-100,500,"sd","14:13:45",5231000
23950,-100,1000,"sd","14:13:42",5230500
23950,-100,300,"sd","14:13:41",5229500
23950,-100,200,"sd","14:13:39",5229200
23950,-100,200,"sd","14:13:39",5229000
23950,-100,1000,"sd","14:13:39",5228800
23950,-100,100,"sd","14:13:39",5227800
23950,-100,1000,"sd","14:13:39",5227700
23950,-100,100,"sd","14:13:39",5226700
23950,-100,2000,"sd","14:13:39",5226600
23950,-100,300,"sd","14:13:39",5224600
23950,-100,100,"sd","14:13:39",5224300
23950,-100,500,"sd","14:13:39",5224200
23950,-100,200,"sd","14:13:39",5223700
23950,-100,1900,"sd","14:13:39",5223500
23950,-100,500,"sd","14:13:39",5221600
23950,-100,100,"sd","14:13:39",5221100
23950,-100,1000,"sd","14:13:39",5221000
23950,-100,1000,"sd","14:13:39",5220000
23950,-100,100,"sd","14:13:39",5219000
23950,-100,400,"sd","14:13:39",5218900
24000,-50,1000,"bu","14:13:38",5218500
23950,-100,1100,"sd","14:13:34",5217500
23950,-100,500,"sd","14:13:34",5216400
23950,-100,1000,"sd","14:13:34",5215900
23950,-100,2000,"sd","14:13:34",5214900
23950,-100,2800,"sd","14:13:34",5212900
23950,-100,100,"sd","14:13:34",5210100
23950,-100,100,"sd","14:13:34",5210000
23950,-100,2800,"sd","14:13:34",5209900
23950,-100,500,"sd","14:13:34",5207100
23950,-100,400,"sd","14:13:34",5206600
23950,-100,100,"sd","14:13:34",5206200
23950,-100,100,"sd","14:13:34",5206100
23950,-100,200,"sd","14:13:34",5206000
23950,-100,500,"sd","14:13:34",5205800
23950,-100,1000,"sd","14:13:34",5205300
23950,-100,900,"sd","14:13:34",5204300
23950,-100,900,"sd","14:13:34",5203400
23950,-100,1000,"sd","14:13:34",5202500
23950,-100,100,"sd","14:13:25",5201500
23950,-100,100,"sd","14:13:25",5201400
23950,-100,100,"sd","14:13:25",5201300
23950,-100,100,"sd","14:13:19",5201200
23950,-100,100,"sd","14:13:19",5201100
24000,-50,1500,"bu","14:13:18",5201000
23950,-100,100,"sd","14:13:13",5199500
23950,-100,200,"sd","14:13:13",5199400
23950,-100,200,"sd","14:13:08",5199200
23950,-100,100,"sd","14:13:08",5199000
23950,-100,600,"sd","14:13:08",5198900
23950,-100,500,"sd","14:12:54",5198300
23950,-100,900,"sd","14:12:47",5197800
23950,-100,2500,"sd","14:12:47",5196900
23950,-100,100,"sd","14:12:47",5194400
23950,-100,300,"sd","14:12:44",5194300
23950,-100,1000,"sd","14:12:44",5194000
23950,-100,500,"sd","14:12:44",5193000
23950,-100,1500,"sd","14:12:44",5192500
23950,-100,1900,"sd","14:12:44",5191000
23950,-100,100,"sd","14:12:30",5189100
23950,-100,100,"sd","14:12:30",5189000
23950,-100,100,"sd","14:12:30",5188900
24000,-50,200,"bu","14:12:10",5188800
23950,-100,500,"sd","14:12:00",5188600
23950,-100,200,"sd","14:12:00",5188100
23950,-100,200,"sd","14:12:00",5187900
23950,-100,1000,"sd","14:12:00",5187700
23950,-100,100,"sd","14:12:00",5186700
24000,-50,200,"bu","14:11:46",5186600
23950,-100,100,"sd","14:11:35",5186400
24000,-50,1100,"bu","14:11:32",5186300
23950,-100,300,"sd","14:11:31",5185200
23950,-100,1000,"sd","14:11:31",5184900
23950,-100,1000,"sd","14:11:31",5183900
23950,-100,100,"sd","14:11:31",5182900
23950,-100,100,"sd","14:11:31",5182800
23950,-100,300,"sd","14:11:31",5182700
23950,-100,200,"sd","14:11:31",5182400
23950,-100,5000,"sd","14:11:31",5182200
23950,-100,400,"sd","14:11:31",5177200
23950,-100,1600,"sd","14:11:31",5176800
23950,-100,100,"sd","14:11:27",5175200
23950,-100,300,"sd","14:11:24",5175100
23950,-100,200,"sd","14:11:24",5174800
23950,-100,100,"sd","14:11:12",5174600
23950,-100,1700,"sd","14:11:07",5174500
23950,-100,300,"sd","14:11:07",5172800
24000,-50,1000,"bu","14:11:05",5172500
24000,-50,300,"bu","14:11:05",5171500
24000,-50,1000,"bu","14:11:01",5171200
24000,-50,700,"bu","14:11:00",5170200
24000,-50,300,"bu","14:10:44",5169500
24000,-50,1000,"bu","14:10:41",5169200
24000,-50,700,"bu","14:10:40",5168200
24000,-50,1000,"bu","14:10:32",5167500
24000,-50,2000,"bu","14:10:28",5166500
24000,-50,500,"bu","14:10:19",5164500
24000,-50,100,"bu","14:10:19",5164000
24000,-50,400,"bu","14:10:19",5163900
24000,-50,100,"bu","14:10:17",5163500
24000,-50,2500,"bu","14:10:16",5163400
24000,-50,200,"bu","14:10:16",5160900
24000,-50,100,"bu","14:10:16",5160700
24000,-50,600,"bu","14:10:14",5160600
24000,-50,1400,"bu","14:10:14",5160000
24000,-50,600,"bu","14:10:11",5158600
24000,-50,3900,"bu","14:10:11",5158000
24000,-50,400,"bu","14:10:08",5154100
24000,-50,500,"bu","14:10:05",5153700
23950,-100,300,"sd","14:09:57",5153200
23950,-100,100,"sd","14:09:57",5152900
23950,-100,100,"sd","14:09:57",5152800
23950,-100,300,"sd","14:09:57",5152700
24000,-50,200,"bu","14:09:56",5152400
23950,-100,100,"sd","14:09:51",5152200
24000,-50,800,"bu","14:09:51",5152100
24000,-50,1000,"bu","14:09:49",5151300
24000,-50,3000,"bu","14:09:48",5150300
24000,-50,300,"bu","14:09:46",5147300
24000,-50,600,"bu","14:09:39",5147000
24000,-50,200,"bu","14:09:36",5146400
24000,-50,500,"bu","14:09:36",5146200
23950,-100,100,"sd","14:09:34",5145700
23950,-100,5000,"sd","14:09:34",5145600
24000,-50,700,"bu","14:09:32",5140600
24000,-50,100,"bu","14:09:32",5139900
24000,-50,200,"bu","14:09:31",5139800
24000,-50,800,"bu","14:09:31",5139600
24000,-50,200,"bu","14:09:18",5138800
24000,-50,100,"bu","14:09:14",5138600
24000,-50,1000,"bu","14:09:13",5138500
24000,-50,500,"bu","14:09:10",5137500
24000,-50,300,"sd","14:09:08",5137000
24000,-50,1400,"sd","14:09:08",5136700
24000,-50,700,"sd","14:09:08",5135300
24000,-50,300,"sd","14:09:05",5134600
24000,-50,100,"sd","14:09:05",5134300
24000,-50,5000,"sd","14:09:05",5134200
24000,-50,200,"sd","14:09:05",5129200
24000,-50,2000,"sd","14:09:05",5129000
24000,-50,200,"sd","14:09:05",5127000
24000,-50,1000,"sd","14:09:05",5126800
24000,-50,2100,"sd","14:09:05",5125800
24000,-50,1000,"sd","14:09:05",5123700
24000,-50,1000,"sd","14:09:05",5122700
24000,-50,4000,"sd","14:09:05",5121700
24000,-50,2000,"sd","14:09:05",5117700
24000,-50,100,"sd","14:09:05",5115700
24000,-50,100,"sd","14:09:05",5115600
24000,-50,300,"sd","14:09:05",5115500
24000,-50,2500,"sd","14:09:05",5115200
24000,-50,100,"sd","14:09:05",5112700
24000,-50,5000,"sd","14:09:05",5112600
24000,-50,500,"sd","14:09:05",5107600
24000,-50,2100,"sd","14:09:05",5107100
24000,-50,600,"sd","14:09:05",5105000
24000,-50,300,"sd","14:09:05",5104400
24000,-50,100,"sd","14:09:05",5104100
24000,-50,500,"sd","14:09:05",5104000
24000,-50,1400,"sd","14:09:05",5103500
24000,-50,2100,"sd","14:09:05",5102100
24000,-50,1000,"sd","14:09:05",5100000
24000,-50,100,"sd","14:09:05",5099000
24000,-50,5000,"sd","14:09:05",5098900
24000,-50,10000,"sd","14:09:05",5093900
24000,-50,9300,"sd","14:09:05",5083900
24050,0,7100,"bu","14:09:04",5074600
24050,0,2000,"bu","14:09:04",5067500
24000,-50,500,"sd","14:09:01",5065500
24000,-50,200,"sd","14:08:59",5065000
24000,-50,1800,"sd","14:08:59",5064800
24000,-50,1800,"sd","14:08:53",5063000
24000,-50,200,"sd","14:08:50",5061200
24000,-50,1000,"sd","14:08:48",5061000
24000,-50,600,"sd","14:08:45",5060000
24000,-50,300,"sd","14:08:45",5059400
24000,-50,100,"sd","14:08:45",5059100
24000,-50,1000,"sd","14:08:45",5059000
24000,-50,100,"sd","14:08:45",5058000
24000,-50,500,"sd","14:08:45",5057900
24000,-50,200,"sd","14:08:45",5057400
24000,-50,800,"sd","14:08:45",5057200
24000,-50,400,"sd","14:08:45",5056400
24000,-50,100,"sd","14:08:43",5056000
24000,-50,2800,"sd","14:08:43",5055900
24000,-50,1000,"sd","14:08:43",5053100
24000,-50,1000,"sd","14:08:43",5052100
24000,-50,15100,"sd","14:08:43",5051100
24050,0,100,"bu","14:08:36",5036000
24000,-50,10900,"sd","14:08:32",5035900
24000,-50,100,"sd","14:08:31",5025000
24000,-50,500,"sd","14:08:31",5024900
24000,-50,1000,"sd","14:08:31",5024400
24000,-50,600,"sd","14:08:31",5023400
24000,-50,1900,"sd","14:08:31",5022800
24000,-50,800,"sd","14:08:30",5020900
24000,-50,2000,"sd","14:08:30",5020100
24000,-50,2200,"sd","14:08:30",5018100
24050,0,400,"bu","14:08:26",5015900
24000,-50,200,"sd","14:08:10",5015500
24050,0,100,"bu","14:08:08",5015300
24050,0,200,"bu","14:08:03",5015200
24050,0,100,"sd","14:08:03",5015000
24050,0,500,"sd","14:08:02",5014900
24050,0,100,"sd","14:08:02",5014400
24000,-50,1000,"sd","14:07:58",5014300
24050,0,1000,"sd","14:07:58",5013300
24050,0,200,"sd","14:07:57",5012300
24050,0,500,"sd","14:07:57",5012100
24050,0,500,"sd","14:07:57",5011600
24050,0,900,"sd","14:07:47",5011100
24050,0,100,"sd","14:07:47",5010200
24050,0,500,"sd","14:07:47",5010100
24050,0,400,"sd","14:07:47",5009600
24050,0,400,"bu","14:07:38",5009200
24050,0,100,"bu","14:07:38",5008800
24050,0,100,"bu","14:07:38",5008700
24050,0,1000,"bu","14:07:35",5008600
24050,0,100,"bu","14:07:30",5007600
24050,0,700,"bu","14:07:30",5007500
24050,0,1400,"bu","14:07:30",5006800
24050,0,500,"bu","14:07:30",5005400
24050,0,1200,"bu","14:07:30",5004900
24050,0,1000,"bu","14:07:22",5003700
24000,-50,900,"sd","14:07:20",5002700
24000,-50,100,"sd","14:07:20",5001800
24050,0,100,"bu","14:07:19",5001700
24050,0,800,"bu","14:07:13",5001600
24050,0,10000,"bu","14:07:09",5000800
24050,0,800,"bu","14:07:09",4990800
24050,0,5000,"bu","14:07:03",4990000
24050,0,100,"bu","14:07:03",4985000
24050,0,1000,"bu","14:06:50",4984900
24050,0,4100,"bu","14:06:50",4983900
24050,0,100,"bu","14:06:49",4979800
24050,0,500,"bu","14:06:35",4979700
24050,0,4600,"bu","14:06:33",4979200
24050,0,5700,"bu","14:06:30",4974600
24050,0,600,"bu","14:06:30",4968900
24050,0,3300,"bu","14:06:30",4968300
24050,0,400,"bu","14:06:30",4965000
24050,0,100,"bu","14:06:30",4964600
24050,0,300,"bu","14:06:25",4964500
24050,0,200,"bu","14:06:13",4964200
24050,0,500,"bu","14:06:13",4964000
24050,0,500,"bu","14:06:13",4963500
24050,0,1000,"bu","14:06:13",4963000
24050,0,800,"bu","14:06:13",4962000
24050,0,100,"bu","14:06:06",4961200
24000,-50,300,"sd","14:06:05",4961100
24050,0,100,"bu","14:05:38",4960800
24050,0,200,"bu","14:05:38",4960700
24050,0,100,"bu","14:05:38",4960500
24050,0,100,"bu","14:05:38",4960400
24050,0,900,"bu","14:05:22",4960300
24050,0,100,"bu","14:05:22",4959400
24000,-50,700,"sd","14:05:18",4959300
24000,-50,1000,"sd","14:05:18",4958600
24000,-50,500,"sd","14:05:18",4957600
24000,-50,100,"sd","14:05:18",4957100
24000,-50,2000,"sd","14:05:18",4957000
24000,-50,500,"sd","14:05:18",4955000
24000,-50,2800,"sd","14:05:18",4954500
24000,-50,2000,"sd","14:05:18",4951700
24000,-50,25000,"sd","14:05:18",4949700
24000,-50,2400,"sd","14:05:18",4924700
24000,-50,500,"sd","14:05:18",4922300
24000,-50,1000,"sd","14:05:18",4921800
24000,-50,200,"sd","14:05:18",4920800
24000,-50,500,"sd","14:05:18",4920600
24000,-50,800,"sd","14:05:18",4920100
24050,0,100,"bu","14:05:15",4919300
24050,0,800,"bu","14:05:05",4919200
24050,0,200,"bu","14:05:05",4918400
24050,0,100,"bu","14:04:16",4918200
24000,-50,8000,"sd","14:04:12",4918100
24000,-50,2800,"sd","14:04:03",4910100
24000,-50,300,"sd","14:04:03",4907300
24000,-50,1000,"sd","14:04:03",4907000
24000,-50,2000,"sd","14:04:03",4906000
24000,-50,1200,"sd","14:04:03",4904000
24000,-50,500,"sd","14:04:03",4902800
24000,-50,1200,"sd","14:04:03",4902300
24000,-50,500,"sd","14:03:54",4901100
24000,-50,600,"sd","14:03:48",4900600
24000,-50,100,"sd","14:03:42",4900000
24000,-50,100,"bu","14:03:39",4899900
24000,-50,400,"bu","14:03:36",4899800
24000,-50,200,"bu","14:03:36",4899400
24000,-50,100,"bu","14:03:36",4899200
24000,-50,300,"bu","14:03:36",4899100
24000,-50,500,"bu","14:03:34",4898800
24000,-50,100,"bu","14:03:29",4898300
24000,-50,500,"sd","14:03:28",4898200
24000,-50,1500,"sd","14:03:28",4897700
24000,-50,1000,"sd","14:03:23",4896200
24000,-50,200,"bu","14:03:22",4895200
24000,-50,1000,"bu","14:03:21",4895000
24000,-50,100,"sd","14:03:18",4894000
24000,-50,100,"sd","14:03:18",4893900
24000,-50,200,"sd","14:03:18",4893800
24000,-50,3000,"sd","14:03:18",4893600
24000,-50,400,"sd","14:03:18",4890600
24000,-50,1900,"sd","14:03:18",4890200
24000,-50,1400,"sd","14:03:16",4888300
24000,-50,500,"sd","14:03:15",4886900
24000,-50,400,"sd","14:03:12",4886400
24000,-50,400,"sd","14:03:00",4886000
24000,-50,100,"sd","14:03:00",4885600
24000,-50,8200,"sd","14:03:00",4885500
24000,-50,1000,"bu","14:02:58",4877300
24000,-50,1000,"bu","14:02:58",4876300
24000,-50,10000,"bu","14:02:58",4875300
24000,-50,4700,"bu","14:02:58",4865300
24000,-50,100,"bu","14:02:54",4860600
24000,-50,200,"bu","14:02:53",4860500
24000,-50,400,"bu","14:02:53",4860300
24000,-50,400,"bu","14:02:53",4859900
24000,-50,3000,"bu","14:02:50",4859500
24000,-50,200,"sd","14:02:39",4856500
24000,-50,500,"sd","14:02:39",4856300
24000,-50,200,"sd","14:02:39",4855800
24000,-50,100,"sd","14:02:39",4855600
24000,-50,1000,"sd","14:02:39",4855500
24000,-50,500,"sd","14:02:39",4854500
24000,-50,2800,"sd","14:02:39",4854000
24000,-50,500,"sd","14:02:39",4851200
24000,-50,100,"sd","14:02:39",4850700
24000,-50,500,"sd","14:02:39",4850600
24000,-50,300,"sd","14:02:39",4850100
24000,-50,1000,"sd","14:02:39",4849800
24000,-50,500,"sd","14:02:39",4848800
24000,-50,5000,"sd","14:02:39",4848300
24000,-50,500,"sd","14:02:39",4843300
24000,-50,2800,"sd","14:02:39",4842800
24000,-50,100,"sd","14:02:39",4840000
24000,-50,300,"sd","14:02:38",4839900
24000,-50,1200,"sd","14:02:38",4839600
24000,-50,100,"sd","14:02:36",4838400
24000,-50,1000,"sd","14:02:36",4838300
24000,-50,100,"sd","14:02:36",4837300
24000,-50,2000,"sd","14:02:36",4837200
24000,-50,2000,"sd","14:02:36",4835200
24000,-50,100,"sd","14:02:36",4833200
24000,-50,200,"sd","14:02:36",4833100
24000,-50,1000,"sd","14:02:30",4832900
24000,-50,700,"sd","14:02:25",4831900
24000,-50,500,"sd","14:02:25",4831200
24000,-50,200,"sd","14:02:25",4830700
24000,-50,100,"sd","14:02:25",4830500
24000,-50,2700,"sd","14:02:25",4830400
24000,-50,200,"sd","14:02:25",4827700
24000,-50,300,"sd","14:02:24",4827500
24050,0,1800,"bu","14:02:24",4827200
24050,0,100,"bu","14:02:24",4825400
24050,0,500,"bu","14:02:24",4825300
24050,0,200,"bu","14:02:23",4824800
24050,0,1000,"bu","14:02:23",4824600
24050,0,500,"bu","14:02:23",4823600
24050,0,500,"bu","14:02:23",4823100
24050,0,1400,"bu","14:02:23",4822600
24000,-50,500,"sd","14:02:22",4821200
24000,-50,1000,"sd","14:02:22",4820700
24000,-50,100,"sd","14:02:22",4819700
24000,-50,2800,"sd","14:02:22",4819600
24000,-50,2000,"sd","14:02:22",4816800
24000,-50,500,"sd","14:02:22",4814800
24000,-50,1000,"sd","14:02:22",4814300
24000,-50,2800,"sd","14:02:22",4813300
24000,-50,1000,"sd","14:02:22",4810500
24000,-50,100,"sd","14:02:22",4809500
24000,-50,1000,"sd","14:02:22",4809400
24000,-50,500,"sd","14:02:22",4808400
24000,-50,5000,"sd","14:02:22",4807900
24000,-50,1000,"sd","14:02:22",4802900
24000,-50,1500,"sd","14:02:22",4801900
24000,-50,2900,"sd","14:02:22",4800400
24000,-50,800,"sd","14:02:22",4797500
24000,-50,500,"sd","14:02:22",4796700
24000,-50,200,"sd","14:02:19",4796200
24000,-50,1800,"sd","14:02:13",4796000
24000,-50,1000,"sd","14:02:13",4794200
24000,-50,1000,"sd","14:02:13",4793200
24000,-50,200,"sd","14:02:13",4792200
24000,-50,10000,"sd","14:02:13",4792000
24000,-50,3000,"sd","14:02:13",4782000
24000,-50,300,"sd","14:02:13",4779000
24000,-50,100,"sd","14:02:13",4778700
24000,-50,400,"sd","14:02:13",4778600
24000,-50,100,"sd","14:02:13",4778200
24000,-50,500,"sd","14:02:13",4778100
24000,-50,500,"sd","14:02:13",4777600
24000,-50,100,"sd","14:02:13",4777100
24000,-50,500,"sd","14:02:13",4777000
24000,-50,100,"sd","14:02:13",4776500
24000,-50,200,"sd","14:02:13",4776400
24000,-50,500,"sd","14:02:13",4776200
24000,-50,600,"sd","14:02:13",4775700
24000,-50,200,"sd","14:02:13",4775100
24000,-50,300,"sd","14:02:13",4774900
24000,-50,200,"sd","14:02:13",4774600
24000,-50,1000,"sd","14:02:13",4774400
24000,-50,3000,"sd","14:02:13",4773400
24000,-50,100,"sd","14:02:13",4770400
24000,-50,900,"sd","14:02:13",4770300
24000,-50,2000,"sd","14:02:13",4769400
24000,-50,1000,"sd","14:02:13",4767400
24000,-50,400,"sd","14:02:13",4766400
24000,-50,500,"sd","14:02:13",4766000
24000,-50,6300,"sd","14:02:13",4765500
24000,-50,1000,"sd","14:02:13",4759200
24000,-50,500,"sd","14:02:13",4758200
24000,-50,300,"sd","14:02:13",4757700
24000,-50,100,"sd","14:02:13",4757400
24000,-50,11000,"sd","14:02:13",4757300
24000,-50,3000,"sd","14:02:13",4746300
24000,-50,2000,"sd","14:02:13",4743300
24000,-50,1000,"sd","14:02:13",4741300
24000,-50,200,"sd","14:02:13",4740300
24000,-50,200,"sd","14:02:13",4740100
24000,-50,400,"sd","14:02:13",4739900
24000,-50,200,"sd","14:02:13",4739500
24000,-50,100,"sd","14:02:13",4739300
24000,-50,5000,"sd","14:02:13",4739200
24000,-50,1000,"sd","14:02:13",4734200
24000,-50,500,"sd","14:02:12",4733200
24000,-50,100,"sd","14:02:12",4732700
24000,-50,5400,"sd","14:02:12",4732600
24000,-50,100,"sd","14:02:12",4727200
24000,-50,100,"sd","14:02:12",4727100
24000,-50,1000,"sd","14:02:12",4727000
24000,-50,200,"sd","14:02:12",4726000
24000,-50,2000,"sd","14:02:12",4725800
24000,-50,2000,"sd","14:02:12",4723800
24000,-50,5000,"sd","14:02:12",4721800
24000,-50,100,"sd","14:02:12",4716800
24000,-50,500,"sd","14:02:12",4716700
24000,-50,500,"sd","14:02:12",4716200
24000,-50,300,"sd","14:02:12",4715700
24000,-50,100,"sd","14:02:12",4715400
24000,-50,5000,"sd","14:02:12",4715300
24000,-50,100,"sd","14:02:12",4710300
24000,-50,100,"sd","14:02:12",4710200
24000,-50,1000,"sd","14:02:12",4710100
24000,-50,100,"sd","14:02:12",4709100
24000,-50,100,"sd","14:02:12",4709000
24000,-50,100,"sd","14:02:12",4708900
24000,-50,200,"sd","14:02:12",4708800
24000,-50,100,"sd","14:02:12",4708600
24000,-50,10000,"sd","14:02:12",4708500
24000,-50,2500,"sd","14:02:12",4698500
24000,-50,2500,"sd","14:02:02",4696000
24000,-50,300,"sd","14:01:54",4693500
24000,-50,100,"sd","14:01:27",4693200
24000,-50,4600,"sd","14:01:22",4693100
24000,-50,200,"sd","14:01:22",4688500
24000,-50,1000,"sd","14:01:22",4688300
24000,-50,100,"sd","14:01:22",4687300
24000,-50,300,"sd","14:01:22",4687200
24000,-50,400,"sd","14:01:22",4686900
24000,-50,3400,"sd","14:01:22",4686500
24000,-50,200,"sd","14:01:20",4683100
24050,0,1000,"bu","14:01:11",4682900
24050,0,400,"bu","14:01:08",4681900
24050,0,200,"bu","14:01:03",4681500
24050,0,800,"bu","14:01:03",4681300
24050,0,100,"bu","14:01:02",4680500
24050,0,1000,"bu","14:00:59",4680400
24050,0,100,"bu","14:00:54",4679400
24000,-50,500,"sd","14:00:48",4679300
24000,-50,400,"sd","14:00:41",4678800
24000,-50,4900,"sd","14:00:37",4678400
24000,-50,600,"sd","14:00:25",4673500
24000,-50,400,"sd","14:00:23",4672900
24000,-50,100,"sd","14:00:16",4672500
24000,-50,1000,"sd","14:00:14",4672400
24000,-50,300,"sd","14:00:10",4671400
24000,-50,300,"sd","14:00:10",4671100
24000,-50,500,"sd","14:00:10",4670800
24000,-50,400,"sd","14:00:10",4670300
24000,-50,500,"sd","13:59:55",4669900
24000,-50,3000,"sd","13:59:53",4669400
24050,0,11000,"bu","13:59:52",4666400
24000,-50,100,"sd","13:59:34",4655400
24000,-50,1200,"sd","13:59:33",4655300
24000,-50,500,"sd","13:59:33",4654100
24000,-50,1000,"sd","13:59:33",4653600
24000,-50,1000,"sd","13:59:33",4652600
24000,-50,200,"sd","13:59:33",4651600
24000,-50,200,"sd","13:59:33",4651400
24000,-50,100,"sd","13:59:33",4651200
24000,-50,1000,"sd","13:59:33",4651100
24000,-50,100,"sd","13:59:33",4650100
24000,-50,100,"sd","13:59:33",4650000
24000,-50,500,"sd","13:59:29",4649900
24000,-50,2000,"sd","13:59:28",4649400
24000,-50,400,"sd","13:59:24",4647400
24000,-50,1500,"sd","13:59:23",4647000
24000,-50,200,"sd","13:59:19",4645500
24050,0,100,"bu","13:59:10",4645300
24000,-50,300,"sd","13:59:09",4645200
24000,-50,200,"sd","13:59:09",4644900
24000,-50,200,"sd","13:59:09",4644700
24000,-50,300,"sd","13:59:09",4644500
24000,-50,1700,"sd","13:59:09",4644200
24000,-50,500,"sd","13:59:09",4642500
24000,-50,500,"sd","13:59:09",4642000
24000,-50,100,"sd","13:59:09",4641500
24000,-50,200,"sd","13:59:09",4641400
24000,-50,1500,"sd","13:59:09",4641200
24000,-50,100,"sd","13:59:09",4639700
24000,-50,200,"sd","13:59:09",4639600
24000,-50,100,"sd","13:59:09",4639400
24000,-50,1900,"sd","13:58:56",4639300
24000,-50,1000,"sd","13:58:56",4637400
24000,-50,2000,"sd","13:58:56",4636400
24000,-50,1000,"sd","13:58:56",4634400
24000,-50,3000,"sd","13:58:56",4633400
24000,-50,500,"sd","13:58:56",4630400
24000,-50,100,"sd","13:58:56",4629900
24000,-50,500,"sd","13:58:56",4629800
24000,-50,1000,"sd","13:58:55",4629300
24000,-50,1500,"sd","13:58:52",4628300
24000,-50,1000,"sd","13:58:52",4626800
24000,-50,100,"sd","13:58:50",4625800
24000,-50,200,"sd","13:58:50",4625700
24000,-50,200,"sd","13:58:50",4625500
24050,0,2000,"bu","13:58:31",4625300
24000,-50,300,"sd","13:58:30",4623300
24000,-50,500,"sd","13:58:30",4623000
24000,-50,100,"sd","13:58:30",4622500
24050,0,100,"bu","13:58:26",4622400
24000,-50,1000,"sd","13:58:24",4622300
24000,-50,1400,"sd","13:58:22",4621300
24000,-50,500,"sd","13:58:22",4619900
24000,-50,300,"sd","13:58:22",4619400
24000,-50,1500,"sd","13:58:22",4619100
24000,-50,300,"sd","13:58:22",4617600
24000,-50,500,"sd","13:58:22",4617300
24000,-50,100,"sd","13:58:22",4616800
24000,-50,400,"sd","13:58:22",4616700
24000,-50,400,"sd","13:58:15",4616300
24000,-50,600,"sd","13:58:15",4615900
24000,-50,500,"sd","13:58:15",4615300
24000,-50,500,"sd","13:58:15",4614800
24000,-50,100,"sd","13:58:15",4614300
24000,-50,2000,"sd","13:58:15",4614200
24000,-50,900,"sd","13:58:15",4612200
24050,0,100,"bu","13:58:06",4611300
24050,0,1700,"bu","13:57:59",4611200
24050,0,200,"bu","13:57:53",4609500
24000,-50,200,"sd","13:57:47",4609300
24050,0,100,"bu","13:57:39",4609100
24050,0,100,"bu","13:57:38",4609000
24050,0,100,"bu","13:57:24",4608900
24050,0,1500,"bu","13:57:24",4608800
24050,0,3200,"bu","13:57:24",4607300
24050,0,1000,"bu","13:57:21",4604100
24050,0,1100,"bu","13:57:19",4603100
24050,0,2100,"bu","13:57:09",4602000
24000,-50,3000,"sd","13:57:07",4599900
24050,0,500,"bu","13:56:54",4596900
24050,0,800,"bu","13:56:54",4596400
24050,0,1000,"bu","13:56:52",4595600
24050,0,3000,"bu","13:56:52",4594600
24050,0,100,"sd","13:56:51",4591600
24050,0,700,"sd","13:56:51",4591500
24050,0,900,"sd","13:56:51",4590800
24050,0,500,"sd","13:56:51",4589900
24050,0,3000,"sd","13:56:51",4589400
24050,0,1000,"sd","13:56:51",4586400
24050,0,3000,"sd","13:56:51",4585400
24050,0,1000,"sd","13:56:51",4582400
24050,0,500,"sd","13:56:51",4581400
24050,0,300,"sd","13:56:51",4580900
24050,0,600,"sd","13:56:51",4580600
24050,0,300,"sd","13:56:51",4580000
24050,0,800,"sd","13:56:51",4579700
24050,0,600,"sd","13:56:51",4578900
24050,0,2400,"sd","13:56:50",4578300
24050,0,2600,"sd","13:56:50",4575900
24050,0,6400,"sd","13:56:50",4573300
24050,0,3000,"sd","13:56:50",4566900
24050,0,600,"sd","13:56:50",4563900
24050,0,500,"sd","13:56:48",4563300
24050,0,500,"sd","13:56:31",4562800
24050,0,400,"sd","13:56:30",4562300
24050,0,1100,"sd","13:56:30",4561900
24050,0,1900,"sd","13:56:29",4560800
24050,0,600,"sd","13:56:29",4558900
24050,0,400,"sd","13:56:29",4558300
24050,0,200,"sd","13:56:29",4557900
24050,0,400,"sd","13:56:29",4557700
24050,0,500,"sd","13:56:29",4557300
24050,0,3000,"sd","13:56:29",4556800
24100,50,200,"bu","13:56:28",4553800
24050,0,1100,"sd","13:56:19",4553600
24050,0,1900,"sd","13:56:19",4552500
24050,0,2000,"sd","13:56:19",4550600
24050,0,200,"sd","13:56:19",4548600
24050,0,800,"sd","13:56:19",4548400
24050,0,2800,"sd","13:56:19",4547600
24050,0,100,"sd","13:56:19",4544800
24050,0,9400,"sd","13:56:19",4544700
24050,0,200,"sd","13:56:19",4535300
24050,0,500,"sd","13:56:19",4535100
24050,0,1000,"sd","13:56:19",4534600
24050,0,2500,"sd","13:56:17",4533600
24050,0,1000,"sd","13:56:17",4531100
24050,0,200,"sd","13:56:16",4530100
24050,0,10000,"sd","13:56:14",4529900
24050,0,900,"sd","13:56:14",4519900
24050,0,400,"sd","13:56:13",4519000
24050,0,500,"sd","13:56:11",4518600
24050,0,2500,"sd","13:56:10",4518100
24050,0,3000,"sd","13:56:10",4515600
24050,0,1000,"sd","13:56:09",4512600
24050,0,500,"sd","13:56:06",4511600
24050,0,5000,"sd","13:56:06",4511100
24050,0,700,"sd","13:56:06",4506100
24050,0,1000,"sd","13:56:06",4505400
24050,0,5000,"sd","13:56:06",4504400
24050,0,1000,"sd","13:56:06",4499400
24050,0,400,"sd","13:56:06",4498400
24050,0,500,"sd","13:56:06",4498000
24050,0,1000,"sd","13:56:06",4497500
24050,0,100,"sd","13:56:06",4496500
24050,0,200,"sd","13:56:06",4496400
24050,0,3000,"sd","13:56:06",4496200
24050,0,200,"sd","13:56:06",4493200
24050,0,100,"sd","13:56:06",4493000
24050,0,900,"sd","13:56:02",4492900
24050,0,100,"sd","13:56:02",4492000
24050,0,1000,"sd","13:56:02",4491900
24050,0,2000,"sd","13:55:56",4490900
24050,0,100,"sd","13:55:56",4488900
24050,0,3000,"sd","13:55:56",4488800
24050,0,400,"sd","13:55:56",4485800
24050,0,500,"sd","13:55:56",4485400
24050,0,300,"sd","13:55:56",4484900
24050,0,500,"sd","13:55:56",4484600
24050,0,2200,"sd","13:55:56",4484100
24050,0,800,"sd","13:55:56",4481900
24050,0,200,"sd","13:55:56",4481100
24050,0,200,"sd","13:55:47",4480900
24100,50,300,"bu","13:55:36",4480700
24050,0,700,"sd","13:55:35",4480400
24050,0,200,"sd","13:55:35",4479700
24050,0,100,"sd","13:55:35",4479500
24050,0,2900,"sd","13:55:33",4479400
24050,0,100,"sd","13:55:33",4476500
24050,0,1000,"sd","13:55:33",4476400
24050,0,1000,"sd","13:55:33",4475400
24050,0,4500,"sd","13:55:33",4474400
24050,0,1500,"sd","13:55:33",4469900
24050,0,1000,"sd","13:55:14",4468400
24050,0,500,"sd","13:55:13",4467400
24050,0,1000,"sd","13:55:13",4466900
24050,0,3000,"sd","13:55:13",4465900
24050,0,800,"sd","13:55:09",4462900
24050,0,5000,"sd","13:55:08",4462100
24050,0,1200,"sd","13:55:02",4457100
24050,0,300,"sd","13:55:02",4455900
24050,0,15900,"sd","13:55:02",4455600
24050,0,2600,"sd","13:55:02",4439700
24050,0,700,"sd","13:54:31",4437100
24050,0,300,"sd","13:54:31",4436400
24100,50,3000,"bu","13:54:16",4436100
24100,50,1000,"bu","13:54:16",4433100
24100,50,6000,"bu","13:54:16",4432100
24100,50,1600,"bu","13:54:16",4426100
24100,50,100,"sd","13:53:49",4424500
24100,50,300,"sd","13:53:49",4424400
24100,50,1000,"sd","13:53:47",4424100
24100,50,1700,"sd","13:53:45",4423100
24100,50,600,"sd","13:53:45",4421400
24100,50,3000,"sd","13:53:45",4420800
24100,50,1000,"sd","13:53:45",4417800
24100,50,200,"sd","13:53:45",4416800
24100,50,100,"sd","13:53:45",4416600
24100,50,1000,"sd","13:53:45",4416500
24100,50,100,"sd","13:53:45",4415500
24100,50,500,"sd","13:53:45",4415400
24100,50,3000,"sd","13:53:45",4414900
24100,50,600,"sd","13:53:45",4411900
24100,50,200,"sd","13:53:45",4411300
24100,50,3000,"sd","13:53:45",4411100
24100,50,400,"sd","13:53:43",4408100
24100,50,100,"sd","13:53:43",4407700
24100,50,2900,"sd","13:53:39",4407600
24100,50,100,"sd","13:53:39",4404700
24100,50,1000,"sd","13:53:39",4404600
24100,50,1000,"sd","13:53:39",4403600
24100,50,1000,"sd","13:53:39",4402600
24100,50,3000,"sd","13:53:33",4401600
24100,50,3000,"sd","13:53:33",4398600
24100,50,200,"sd","13:53:32",4395600
24100,50,300,"sd","13:53:32",4395400
24100,50,2000,"sd","13:53:32",4395100
24100,50,1000,"sd","13:53:31",4393100
24100,50,1000,"sd","13:53:31",4392100
24100,50,200,"sd","13:53:31",4391100
24100,50,100,"sd","13:53:31",4390900
24100,50,400,"sd","13:53:30",4390800
24100,50,3000,"sd","13:53:30",4390400
24100,50,1000,"sd","13:53:30",4387400
24100,50,600,"sd","13:53:30",4386400
24100,50,7400,"sd","13:53:21",4385800
24100,50,500,"sd","13:53:21",4378400
24100,50,2100,"sd","13:53:21",4377900
24100,50,900,"sd","13:53:19",4375800
24100,50,200,"sd","13:53:19",4374900
24100,50,3000,"sd","13:53:19",4374700
24100,50,200,"sd","13:53:19",4371700
24100,50,3000,"sd","13:53:19",4371500
24100,50,1200,"sd","13:53:19",4368500
24100,50,500,"sd","13:52:50",4367300
24100,50,1300,"sd","13:52:37",4366800
24100,50,500,"sd","13:52:37",4365500
24100,50,3000,"sd","13:52:37",4365000
24100,50,2000,"sd","13:52:37",4362000
24100,50,4400,"sd","13:52:37",4360000
24100,50,600,"sd","13:52:36",4355600
24100,50,300,"sd","13:52:36",4355000
24100,50,100,"sd","13:52:26",4354700
24100,50,2600,"sd","13:52:11",4354600
24100,50,2000,"sd","13:52:11",4352000
24100,50,1000,"sd","13:52:11",4350000
24100,50,3000,"sd","13:52:11",4349000
24100,50,1400,"sd","13:52:11",4346000
24100,50,100,"sd","13:52:04",4344600
24100,50,400,"sd","13:51:55",4344500
24100,50,400,"sd","13:51:43",4344100
24100,50,1100,"sd","13:51:43",4343700
24150,100,400,"bu","13:51:22",4342600
24100,50,600,"sd","13:51:17",4342200
24100,50,100,"sd","13:51:17",4341600
24100,50,300,"sd","13:51:17",4341500
24100,50,1000,"sd","13:51:17",4341200
24150,100,200,"bu","13:51:10",4340200
24150,100,1000,"bu","13:50:58",4340000
24100,50,3000,"sd","13:50:58",4339000
24100,50,100,"sd","13:50:54",4336000
24100,50,100,"sd","13:50:44",4335900
24100,50,100,"sd","13:50:40",4335800
24100,50,700,"sd","13:50:38",4335700
24100,50,100,"sd","13:50:38",4335000
24100,50,700,"sd","13:50:38",4334900
24100,50,500,"sd","13:50:38",4334200
24100,50,2500,"sd","13:50:25",4333700
24100,50,100,"sd","13:50:25",4331200
24100,50,600,"sd","13:50:25",4331100
24100,50,700,"sd","13:50:25",4330500
24100,50,1000,"sd","13:50:25",4329800
24100,50,900,"sd","13:50:25",4328800
24100,50,3000,"sd","13:50:25",4327900
24100,50,500,"sd","13:50:25",4324900
24100,50,700,"sd","13:50:25",4324400
24100,50,1500,"sd","13:50:20",4323700
24100,50,800,"sd","13:50:17",4322200
24100,50,300,"sd","13:50:17",4321400
24100,50,3300,"sd","13:50:03",4321100
24100,50,3000,"sd","13:50:03",4317800
24100,50,200,"sd","13:49:15",4314800
24100,50,300,"sd","13:49:15",4314600
24150,100,500,"bu","13:49:01",4314300
24100,50,2700,"sd","13:48:57",4313800
24100,50,500,"sd","13:48:57",4311100
24100,50,1800,"sd","13:48:57",4310600
24150,100,900,"bu","13:48:30",4308800
24150,100,500,"bu","13:48:30",4307900
24100,50,300,"sd","13:48:27",4307400
24100,50,500,"sd","13:48:27",4307100
24100,50,200,"sd","13:48:27",4306600
24100,50,3000,"sd","13:48:27",4306400
24100,50,3000,"sd","13:48:27",4303400
24100,50,800,"sd","13:48:27",4300400
24100,50,200,"sd","13:48:27",4299600
24100,50,100,"sd","13:48:06",4299400
24100,50,1000,"sd","13:48:06",4299300
24100,50,3000,"sd","13:48:06",4298300
24100,50,200,"sd","13:48:06",4295300
24100,50,800,"sd","13:48:06",4295100
24100,50,100,"sd","13:48:06",4294300
24100,50,3000,"sd","13:48:06",4294200
24100,50,200,"sd","13:48:06",4291200
24100,50,100,"sd","13:48:06",4291000
24100,50,1000,"sd","13:48:06",4290900
24100,50,400,"sd","13:48:06",4289900
24150,100,100,"bu","13:47:38",4289500
24150,100,1400,"sd","13:47:26",4289400
24150,100,2100,"sd","13:47:25",4288000
24150,100,900,"sd","13:47:25",4285900
24150,100,100,"bu","13:47:23",4285000
24150,100,1000,"bu","13:47:23",4284900
24150,100,2000,"bu","13:47:21",4283900
24150,100,1000,"bu","13:47:20",4281900
24150,100,1000,"bu","13:47:19",4280900
24150,100,200,"bu","13:47:16",4279900
24150,100,100,"bu","13:47:09",4279700
24150,100,500,"bu","13:46:57",4279600
24150,100,1200,"bu","13:46:51",4279100
24150,100,500,"bu","13:46:51",4277900
24150,100,3800,"bu","13:46:51",4277400
24150,100,600,"bu","13:46:39",4273600
24150,100,600,"bu","13:46:39",4273000
24150,100,200,"bu","13:46:39",4272400
24150,100,1500,"bu","13:46:39",4272200
24150,100,900,"bu","13:46:39",4270700
24150,100,500,"bu","13:46:39",4269800
24150,100,1500,"bu","13:46:39",4269300
24150,100,600,"bu","13:46:39",4267800
24150,100,1000,"bu","13:46:39",4267200
24150,100,500,"bu","13:46:39",4266200
24150,100,300,"bu","13:46:39",4265700
24150,100,300,"bu","13:46:38",4265400
24150,100,700,"bu","13:46:38",4265100
24150,100,1300,"bu","13:46:36",4264400
24150,100,200,"bu","13:46:36",4263100
24100,50,600,"sd","13:46:34",4262900
24100,50,900,"sd","13:46:34",4262300
24100,50,500,"sd","13:46:25",4261400
24100,50,1000,"sd","13:45:39",4260900
24150,100,2500,"bu","13:45:38",4259900
24150,100,500,"bu","13:45:36",4257400
24150,100,2400,"bu","13:45:00",4256900
24150,100,500,"bu","13:44:37",4254500
24150,100,100,"bu","13:44:34",4254000
24100,50,100,"sd","13:44:29",4253900
24100,50,100,"sd","13:44:27",4253800
24150,100,800,"bu","13:44:24",4253700
24100,50,400,"sd","13:44:12",4252900
24100,50,500,"sd","13:44:12",4252500
24100,50,1000,"sd","13:44:12",4252000
24100,50,500,"sd","13:44:12",4251000
24100,50,3000,"sd","13:44:12",4250500
24100,50,200,"sd","13:44:12",4247500
24100,50,2000,"sd","13:44:12",4247300
24100,50,800,"sd","13:44:12",4245300
24100,50,500,"sd","13:44:12",4244500
24100,50,1100,"sd","13:44:12",4244000
24100,50,900,"sd","13:44:08",4242900
24100,50,900,"sd","13:43:42",4242000
24150,100,300,"bu","13:43:36",4241100
24150,100,100,"bu","13:43:08",4240800
24100,50,100,"sd","13:42:54",4240700
24100,50,1000,"sd","13:42:50",4240600
24100,50,300,"sd","13:42:49",4239600
24100,50,1300,"sd","13:42:49",4239300
24100,50,500,"sd","13:42:30",4238000
24100,50,200,"sd","13:42:30",4237500
24100,50,100,"sd","13:42:30",4237300
24100,50,100,"sd","13:42:30",4237200
24100,50,3000,"sd","13:42:30",4237100
24100,50,100,"sd","13:42:30",4234100
24100,50,100,"sd","13:42:22",4234000
24100,50,1100,"sd","13:42:19",4233900
24100,50,5000,"sd","13:42:19",4232800
24100,50,3000,"sd","13:42:19",4227800
24100,50,900,"sd","13:42:19",4224800
24100,50,100,"sd","13:42:13",4223900
24100,50,4000,"sd","13:41:57",4223800
24100,50,100,"sd","13:41:41",4219800
24150,100,1000,"bu","13:41:40",4219700
24150,100,1900,"bu","13:41:30",4218700
24150,100,700,"bu","13:41:30",4216800
24100,50,200,"sd","13:41:15",4216100
24100,50,300,"sd","13:41:03",4215900
24100,50,3000,"sd","13:41:03",4215600
24100,50,200,"sd","13:41:03",4212600
24100,50,5600,"sd","13:41:03",4212400
24100,50,3000,"sd","13:41:03",4206800
24100,50,2900,"sd","13:41:03",4203800
24150,100,5000,"sd","13:41:02",4200900
24150,100,3000,"sd","13:41:02",4195900
24150,100,1300,"sd","13:41:02",4192900
24150,100,700,"bu","13:40:58",4191600
24150,100,3000,"bu","13:40:49",4190900
24150,100,3500,"sd","13:40:49",4187900
24150,100,2800,"sd","13:40:49",4184400
24150,100,15000,"bu","13:40:41",4181600
24150,100,100,"bu","13:40:41",4166600
24150,100,1000,"bu","13:40:41",4166500
24150,100,2000,"bu","13:40:41",4165500
24150,100,500,"bu","13:40:41",4163500
24150,100,2000,"bu","13:40:41",4163000
24150,100,4000,"bu","13:40:41",4161000
24150,100,200,"bu","13:40:41",4157000
24150,100,6600,"bu","13:40:41",4156800
24150,100,300,"bu","13:40:41",4150200
24150,100,100,"bu","13:40:41",4149900
24150,100,2000,"bu","13:40:41",4149800
24150,100,400,"bu","13:40:41",4147800
24150,100,300,"bu","13:40:41",4147400
24150,100,8000,"bu","13:40:41",4147100
24150,100,200,"bu","13:40:41",4139100
24150,100,100,"bu","13:40:41",4138900
24150,100,100,"bu","13:40:41",4138800
24150,100,500,"bu","13:40:41",4138700
24150,100,1300,"bu","13:40:41",4138200
24150,100,2000,"bu","13:40:41",4136900
24150,100,100,"bu","13:40:41",4134900
24150,100,400,"bu","13:40:41",4134800
24150,100,1100,"bu","13:40:37",4134400
24150,100,3100,"bu","13:40:37",4133300
24150,100,3000,"bu","13:40:36",4130200
24150,100,600,"bu","13:40:30",4127200
24150,100,400,"bu","13:40:26",4126600
24150,100,2600,"bu","13:40:26",4126200
24150,100,100,"bu","13:40:24",4123600
24150,100,2300,"bu","13:40:01",4123500
24150,100,700,"bu","13:40:01",4121200
24150,100,100,"bu","13:39:59",4120500
24150,100,200,"bu","13:39:50",4120400
24150,100,800,"bu","13:39:50",4120200
24150,100,500,"bu","13:39:49",4119400
24100,50,100,"sd","13:39:09",4118900
24100,50,1900,"sd","13:39:09",4118800
24100,50,100,"sd","13:38:01",4116900
24100,50,2900,"sd","13:38:01",4116800
24100,50,100,"sd","13:37:55",4113900
24100,50,900,"sd","13:37:55",4113800
24100,50,200,"sd","13:37:21",4112900
24150,100,100,"bu","13:37:11",4112700
24100,50,1300,"sd","13:36:52",4112600
24100,50,600,"sd","13:36:48",4111300
24100,50,400,"sd","13:36:48",4110700
24100,50,500,"sd","13:36:40",4110300
24100,50,200,"sd","13:36:37",4109800
24100,50,100,"sd","13:36:21",4109600
24100,50,300,"sd","13:36:21",4109500
24100,50,600,"sd","13:36:21",4109200
24150,100,300,"bu","13:36:17",4108600
24150,100,400,"bu","13:36:11",4108300
24150,100,100,"bu","13:36:05",4107900
24150,100,1000,"bu","13:35:53",4107800
24150,100,100,"bu","13:35:53",4106800
24150,100,1800,"bu","13:35:53",4106700
24150,100,100,"bu","13:35:49",4104900
24150,100,100,"bu","13:35:38",4104800
24150,100,100,"bu","13:35:38",4104700
24150,100,1300,"bu","13:35:38",4104600
24150,100,1500,"bu","13:35:35",4103300
24100,50,2000,"sd","13:35:28",4101800
24150,100,100,"bu","13:35:25",4099800
24100,50,100,"sd","13:35:11",4099700
24150,100,300,"bu","13:35:09",4099600
24150,100,3000,"bu","13:35:08",4099300
24100,50,300,"sd","13:34:52",4096300
24100,50,100,"sd","13:34:52",4096000
24100,50,600,"sd","13:34:52",4095900
24150,100,200,"bu","13:34:52",4095300
24100,50,2000,"sd","13:34:49",4095100
24100,50,200,"sd","13:34:36",4093100
24150,100,100,"bu","13:34:34",4092900
24100,50,3500,"sd","13:34:33",4092800
24150,100,500,"bu","13:34:28",4089300
24150,100,1000,"bu","13:34:28",4088800
24150,100,200,"bu","13:34:28",4087800
24100,50,1200,"sd","13:33:58",4087600
24100,50,1000,"sd","13:33:28",4086400
24100,50,900,"sd","13:33:25",4085400
24100,50,500,"sd","13:33:25",4084500
24100,50,100,"sd","13:33:22",4084000
24100,50,100,"sd","13:33:22",4083900
24100,50,200,"sd","13:33:05",4083800
24100,50,200,"sd","13:33:04",4083600
24100,50,800,"sd","13:33:04",4083400
24100,50,800,"sd","13:32:48",4082600
24100,50,5000,"sd","13:32:19",4081800
24100,50,1000,"sd","13:32:11",4076800
24150,100,200,"bu","13:31:50",4075800
24150,100,1600,"bu","13:31:39",4075600
24150,100,100,"bu","13:31:39",4074000
24150,100,100,"bu","13:31:39",4073900
24150,100,500,"bu","13:31:39",4073800
24150,100,3900,"bu","13:31:39",4073300
24150,100,200,"bu","13:31:39",4069400
24150,100,8000,"bu","13:31:39",4069200
24150,100,2500,"bu","13:31:39",4061200
24150,100,1000,"bu","13:31:39",4058700
24150,100,300,"bu","13:31:39",4057700
24150,100,200,"bu","13:31:39",4057400
24150,100,3000,"bu","13:31:39",4057200
24150,100,100,"bu","13:31:39",4054200
24150,100,3000,"bu","13:31:39",4054100
24150,100,200,"bu","13:31:39",4051100
24150,100,1000,"bu","13:31:39",4050900
24150,100,4300,"bu","13:31:39",4049900
24100,50,500,"sd","13:31:27",4045600
24100,50,1600,"sd","13:31:21",4045100
24100,50,400,"sd","13:31:21",4043500
24100,50,500,"sd","13:31:16",4043100
24100,50,2300,"sd","13:31:05",4042600
24100,50,200,"sd","13:31:05",4040300
24100,50,1400,"sd","13:31:05",4040100
24150,100,500,"bu","13:31:01",4038700
24100,50,100,"sd","13:30:57",4038200
24100,50,2000,"sd","13:30:57",4038100
24100,50,1500,"sd","13:30:44",4036100
24100,50,500,"sd","13:30:44",4034600
24100,50,500,"sd","13:30:28",4034100
24100,50,1000,"sd","13:30:27",4033600
24150,100,200,"bu","13:30:16",4032600
24150,100,300,"bu","13:30:16",4032400
24100,50,100,"sd","13:30:07",4032100
24100,50,400,"bu","13:29:51",4032000
24100,50,100,"bu","13:29:46",4031600
24100,50,200,"bu","13:29:46",4031500
24100,50,200,"bu","13:29:46",4031300
24100,50,100,"bu","13:29:38",4031100
24100,50,100,"bu","13:29:38",4031000
24100,50,100,"bu","13:29:37",4030900
24100,50,500,"bu","13:29:37",4030800
24100,50,200,"bu","13:29:33",4030300
24100,50,500,"bu","13:29:32",4030100
24100,50,200,"bu","13:29:32",4029600
24100,50,100,"bu","13:29:32",4029400
24100,50,200,"bu","13:29:32",4029300
24100,50,300,"bu","13:29:15",4029100
24100,50,5700,"bu","13:29:15",4028800
24050,0,200,"sd","13:29:02",4023100
24050,0,100,"sd","13:29:02",4022900
24050,0,3000,"sd","13:29:02",4022800
24050,0,10000,"sd","13:29:02",4019800
24050,0,2500,"sd","13:29:01",4009800
24050,0,4200,"sd","13:29:01",4007300
24050,0,5800,"sd","13:28:46",4003100
24050,0,1000,"sd","13:28:46",3997300
24050,0,500,"sd","13:28:46",3996300
24050,0,1000,"sd","13:28:46",3995800
24050,0,100,"sd","13:28:46",3994800
24050,0,2000,"sd","13:28:46",3994700
24050,0,9600,"sd","13:28:46",3992700
24100,50,800,"bu","13:28:43",3983100
24100,50,200,"bu","13:28:43",3982300
24100,50,500,"bu","13:28:43",3982100
24100,50,2500,"bu","13:28:43",3981600
24100,50,100,"bu","13:28:30",3979100
24100,50,1000,"bu","13:28:19",3979000
24100,50,200,"bu","13:28:12",3978000
24100,50,100,"sd","13:28:10",3977800
24100,50,100,"sd","13:28:10",3977700
24100,50,400,"sd","13:28:09",3977600
24100,50,600,"sd","13:28:09",3977200
24100,50,2000,"sd","13:28:04",3976600
24100,50,1500,"sd","13:27:55",3974600
24100,50,3000,"sd","13:27:55",3973100
24100,50,3800,"sd","13:27:55",3970100
24100,50,8900,"sd","13:27:55",3966300
24100,50,500,"sd","13:27:55",3957400
24100,50,1000,"sd","13:27:55",3956900
24100,50,1300,"sd","13:27:55",3955900
24100,50,1500,"sd","13:27:20",3954600
24100,50,500,"sd","13:27:17",3953100
24100,50,6700,"sd","13:27:12",3952600
24100,50,3000,"sd","13:27:12",3945900
24100,50,300,"sd","13:27:12",3942900
24100,50,1000,"bu","13:26:53",3942600
24100,50,600,"bu","13:26:53",3941600
24100,50,3600,"bu","13:26:53",3941000
24100,50,200,"bu","13:26:53",3937400
24100,50,4300,"bu","13:26:53",3937200
24100,50,1000,"bu","13:26:53",3932900
24100,50,2000,"bu","13:26:43",3931900
24100,50,200,"bu","13:26:31",3929900
24100,50,100,"bu","13:26:29",3929700
24100,50,100,"bu","13:26:22",3929600
24100,50,2000,"bu","13:26:21",3929500
24100,50,300,"bu","13:26:15",3927500
24100,50,5000,"bu","13:26:00",3927200
24050,0,100,"sd","13:26:00",3922200
24100,50,500,"bu","13:25:58",3922100
24100,50,400,"bu","13:25:51",3921600
24100,50,2600,"bu","13:25:51",3921200
24100,50,2800,"bu","13:25:43",3918600
24100,50,2200,"bu","13:25:43",3915800
24050,0,300,"sd","13:25:36",3913600
24050,0,500,"sd","13:25:36",3913300
24100,50,3000,"sd","13:25:14",3912800
24100,50,300,"sd","13:25:14",3909800
24100,50,200,"sd","13:25:14",3909500
24100,50,800,"sd","13:25:14",3909300
24100,50,3000,"sd","13:25:14",3908500
24100,50,100,"sd","13:25:14",3905500
24100,50,10400,"sd","13:25:14",3905400
24100,50,1000,"sd","13:25:07",3895000
24100,50,100,"sd","13:24:29",3894000
24100,50,300,"bu","13:24:28",3893900
24100,50,5000,"bu","13:24:28",3893600
24100,50,100,"bu","13:24:28",3888600
24100,50,200,"bu","13:24:28",3888500
24100,50,200,"bu","13:24:28",3888300
24100,50,500,"bu","13:24:28",3888100
24100,50,300,"bu","13:24:28",3887600
24100,50,1900,"bu","13:24:28",3887300
24100,50,1100,"bu","13:24:27",3885400
24100,50,1900,"bu","13:24:27",3884300
24100,50,8100,"bu","13:24:25",3882400
24100,50,1900,"bu","13:24:25",3874300
24100,50,8100,"bu","13:24:23",3872400
24100,50,400,"bu","13:24:23",3864300
24100,50,500,"bu","13:24:23",3863900
24100,50,1000,"bu","13:24:23",3863400
24100,50,500,"bu","13:24:07",3862400
24100,50,100,"bu","13:23:46",3861900
24100,50,400,"bu","13:23:27",3861800
24100,50,4400,"bu","13:23:27",3861400
24100,50,2700,"bu","13:23:27",3857000
24100,50,500,"bu","13:23:27",3854300
24100,50,100,"bu","13:23:27",3853800
24100,50,1900,"bu","13:23:27",3853700
24050,0,300,"sd","13:23:23",3851800
24050,0,1800,"sd","13:23:08",3851500
24050,0,2400,"sd","13:22:51",3849700
24050,0,100,"sd","13:22:51",3847300
24050,0,1200,"sd","13:22:51",3847200
24050,0,1300,"sd","13:22:51",3846000
24050,0,300,"sd","13:22:20",3844700
24050,0,300,"sd","13:22:13",3844400
24050,0,5000,"sd","13:22:12",3844100
24050,0,100,"sd","13:22:12",3839100
24050,0,300,"sd","13:22:03",3839000
24050,0,2300,"sd","13:21:42",3838700
24050,0,400,"sd","13:21:40",3836400
24050,0,100,"sd","13:21:40",3836000
24100,50,100,"bu","13:21:36",3835900
24050,0,900,"sd","13:21:31",3835800
24050,0,500,"sd","13:21:31",3834900
24050,0,100,"sd","13:21:31",3834400
24050,0,500,"sd","13:21:31",3834300
24050,0,9500,"sd","13:21:28",3833800
24050,0,300,"sd","13:21:28",3824300
24050,0,100,"sd","13:21:28",3824000
24050,0,100,"sd","13:21:28",3823900
24050,0,900,"sd","13:21:10",3823800
24050,0,400,"sd","13:21:10",3822900
24050,0,400,"sd","13:21:10",3822500
24050,0,200,"sd","13:21:10",3822100
24050,0,200,"sd","13:21:04",3821900
24050,0,600,"sd","13:20:52",3821700
24050,0,500,"sd","13:20:51",3821100
24050,0,3000,"sd","13:20:50",3820600
24050,0,5000,"sd","13:20:46",3817600
24050,0,100,"sd","13:20:39",3812600
24050,0,400,"bu","13:20:29",3812500
24050,0,100,"bu","13:20:29",3812100
24050,0,200,"bu","13:20:29",3812000
24050,0,500,"bu","13:20:29",3811800
24050,0,5000,"bu","13:20:29",3811300
24050,0,5000,"bu","13:20:29",3806300
24050,0,100,"bu","13:20:29",3801300
24050,0,4100,"bu","13:20:29",3801200
24050,0,900,"bu","13:20:28",3797100
24050,0,700,"bu","13:20:26",3796200
24050,0,100,"bu","13:20:22",3795500
24050,0,300,"bu","13:20:11",3795400
24050,0,400,"bu","13:20:09",3795100
24050,0,100,"bu","13:20:06",3794700
24050,0,100,"sd","13:20:01",3794600
24050,0,100,"sd","13:20:01",3794500
24050,0,600,"sd","13:20:01",3794400
24050,0,1000,"sd","13:20:01",3793800
24050,0,300,"sd","13:20:01",3792800
24050,0,3000,"sd","13:20:01",3792500
24050,0,500,"sd","13:20:01",3789500
24050,0,500,"sd","13:20:01",3789000
24050,0,200,"sd","13:20:01",3788500
24050,0,500,"sd","13:20:01",3788300
24050,0,300,"sd","13:20:01",3787800
24050,0,3000,"sd","13:20:01",3787500
24050,0,10000,"sd","13:20:01",3784500
24050,0,9300,"sd","13:20:01",3774500
24050,0,700,"sd","13:19:55",3765200
24050,0,1000,"sd","13:19:55",3764500
24050,0,100,"sd","13:19:55",3763500
24050,0,2000,"sd","13:19:55",3763400
24050,0,100,"sd","13:19:55",3761400
24050,0,2000,"sd","13:19:55",3761300
24050,0,100,"sd","13:19:55",3759300
24050,0,1500,"sd","13:19:55",3759200
24050,0,100,"sd","13:19:55",3757700
24050,0,200,"sd","13:19:55",3757600
24050,0,200,"sd","13:19:55",3757400
24050,0,2000,"sd","13:19:55",3757200
24050,0,100,"sd","13:19:51",3755200
24050,0,900,"sd","13:19:51",3755100
24050,0,1300,"sd","13:19:51",3754200
24050,0,2300,"sd","13:19:51",3752900
24050,0,5500,"sd","13:19:51",3750600
24100,50,200,"bu","13:19:49",3745100
24050,0,4500,"sd","13:19:46",3744900
24050,0,4500,"sd","13:19:46",3740400
24100,50,2000,"bu","13:19:41",3735900
24050,0,600,"sd","13:19:38",3733900
24050,0,2200,"sd","13:19:25",3733300
24050,0,1100,"sd","13:19:17",3731100
24050,0,1600,"sd","13:19:14",3730000
24050,0,100,"sd","13:19:14",3728400
24050,0,200,"sd","13:19:14",3728300
24050,0,2000,"sd","13:19:14",3728100
24050,0,3100,"sd","13:19:14",3726100
24050,0,1800,"sd","13:19:11",3723000
24100,50,1000,"bu","13:19:08",3721200
24050,0,100,"sd","13:19:04",3720200
24050,0,500,"sd","13:19:04",3720100
24050,0,1000,"sd","13:19:04",3719600
24050,0,800,"sd","13:19:04",3718600
24050,0,600,"sd","13:19:04",3717800
24050,0,400,"sd","13:18:59",3717200
24050,0,500,"sd","13:18:59",3716800
24050,0,100,"sd","13:18:59",3716300
24050,0,1000,"sd","13:18:59",3716200
24100,50,300,"bu","13:18:51",3715200
24100,50,400,"bu","13:18:50",3714900
24050,0,500,"sd","13:18:46",3714500
24050,0,3500,"sd","13:18:46",3714000
24100,50,500,"bu","13:18:45",3710500
24050,0,2000,"sd","13:18:40",3710000
24050,0,4500,"sd","13:18:39",3708000
24050,0,100,"sd","13:18:39",3703500
24050,0,2000,"sd","13:18:39",3703400
24050,0,2000,"sd","13:18:39",3701400
24050,0,500,"sd","13:18:39",3699400
24050,0,200,"sd","13:18:39",3698900
24050,0,500,"sd","13:18:39",3698700
24050,0,200,"sd","13:18:39",3698200
24100,50,400,"bu","13:18:36",3698000
24100,50,200,"bu","13:18:33",3697600
24100,50,200,"bu","13:18:33",3697400
24100,50,7000,"bu","13:18:33",3697200
24100,50,1000,"bu","13:18:33",3690200
24100,50,200,"bu","13:18:33",3689200
24100,50,3000,"bu","13:18:33",3689000
24100,50,2000,"bu","13:18:33",3686000
24100,50,5000,"bu","13:18:33",3684000
24100,50,200,"bu","13:18:33",3679000
24100,50,300,"bu","13:18:33",3678800
24100,50,5900,"bu","13:18:33",3678500
24050,0,100,"sd","13:18:17",3672600
24050,0,100,"sd","13:18:17",3672500
24050,0,1000,"sd","13:18:17",3672400
24050,0,500,"sd","13:18:17",3671400
24050,0,1800,"sd","13:18:17",3670900
24050,0,200,"sd","13:18:10",3669100
24050,0,2600,"sd","13:18:10",3668900
24050,0,200,"sd","13:18:10",3666300
24050,0,500,"sd","13:18:10",3666100
24100,50,100,"bu","13:18:05",3665600
24100,50,500,"bu","13:18:05",3665500
24100,50,500,"sd","13:17:56",3665000
24100,50,500,"sd","13:17:56",3664500
24100,50,400,"sd","13:17:56",3664000
24100,50,2100,"sd","13:17:56",3663600
24100,50,2900,"sd","13:17:49",3661500
24100,50,800,"sd","13:17:49",3658600
24100,50,1300,"sd","13:17:49",3657800
24100,50,700,"sd","13:17:43",3656500
24100,50,500,"sd","13:17:43",3655800
24100,50,2000,"sd","13:17:43",3655300
24100,50,5500,"sd","13:17:43",3653300
24100,50,100,"sd","13:17:43",3647800
24100,50,500,"sd","13:17:43",3647700
24100,50,700,"sd","13:17:43",3647200
24100,50,1500,"sd","13:17:37",3646500
24150,100,800,"bu","13:17:27",3645000
24150,100,700,"bu","13:17:15",3644200
24100,50,200,"sd","13:17:09",3643500
24100,50,600,"sd","13:17:03",3643300
24100,50,2000,"sd","13:17:00",3642700
24100,50,3900,"sd","13:17:00",3640700
24100,50,1200,"sd","13:17:00",3636800
24100,50,100,"sd","13:17:00",3635600
24100,50,1000,"sd","13:17:00",3635500
24100,50,1000,"sd","13:17:00",3634500
24100,50,20000,"sd","13:17:00",3633500
24100,50,1000,"sd","13:17:00",3613500
24100,50,300,"sd","13:17:00",3612500
24100,50,1500,"sd","13:17:00",3612200
24100,50,500,"sd","13:17:00",3610700
24100,50,1000,"sd","13:17:00",3610200
24100,50,16500,"sd","13:17:00",3609200
24150,100,400,"bu","13:16:59",3592700
24100,50,1000,"sd","13:16:45",3592300
24150,100,800,"bu","13:16:45",3591300
24100,50,100,"sd","13:16:33",3590500
24150,100,600,"bu","13:16:31",3590400
24100,50,2400,"sd","13:16:29",3589800
24100,50,200,"sd","13:16:29",3587400
24100,50,1000,"sd","13:16:29",3587200
24100,50,100,"sd","13:16:29",3586200
24100,50,100,"sd","13:16:29",3586100
24100,50,200,"sd","13:16:28",3586000
24100,50,1000,"sd","13:16:28",3585800
24100,50,1700,"sd","13:16:28",3584800
24100,50,1300,"sd","13:16:17",3583100
24100,50,1000,"sd","13:16:17",3581800
24100,50,1000,"sd","13:16:17",3580800
24100,50,500,"sd","13:16:17",3579800
24100,50,100,"sd","13:16:17",3579300
24100,50,1100,"sd","13:16:17",3579200
24100,50,100,"sd","13:16:13",3578100
24100,50,800,"sd","13:16:03",3578000
24100,50,100,"sd","13:16:03",3577200
24100,50,100,"sd","13:16:03",3577100
24100,50,100,"sd","13:16:03",3577000
24100,50,300,"sd","13:16:03",3576900
24100,50,100,"sd","13:16:03",3576600
24100,50,200,"sd","13:16:03",3576500
24100,50,500,"sd","13:16:03",3576300
24100,50,1000,"sd","13:16:03",3575800
24100,50,300,"sd","13:16:03",3574800
24100,50,100,"sd","13:16:03",3574500
24100,50,1000,"sd","13:16:03",3574400
24100,50,1400,"sd","13:16:03",3573400
24100,50,500,"sd","13:16:03",3572000
24100,50,1000,"sd","13:15:33",3571500
24150,100,600,"bu","13:15:30",3570500
24150,100,1100,"bu","13:15:08",3569900
24100,50,300,"sd","13:15:08",3568800
24100,50,200,"sd","13:14:30",3568500
24100,50,300,"sd","13:14:19",3568300
24150,100,100,"bu","13:13:46",3568000
24100,50,100,"sd","13:13:33",3567900
24100,50,3900,"sd","13:13:05",3567800
24150,100,500,"bu","13:13:01",3563900
24100,50,3300,"sd","13:12:48",3563400
24100,50,2500,"sd","13:12:48",3560100
24100,50,100,"sd","13:12:48",3557600
24100,50,1000,"sd","13:12:48",3557500
24100,50,3100,"sd","13:12:48",3556500
24100,50,1900,"sd","13:12:38",3553400
24100,50,100,"sd","13:12:38",3551500
24100,50,9900,"sd","13:12:19",3551400
24100,50,5100,"sd","13:12:19",3541500
24150,100,200,"bu","13:12:02",3536400
24150,100,1000,"bu","13:11:50",3536200
24150,100,200,"bu","13:11:40",3535200
24150,100,5000,"bu","13:11:31",3535000
24100,50,200,"sd","13:11:27",3530000
24100,50,500,"sd","13:11:01",3529800
24100,50,1000,"sd","13:10:51",3529300
24100,50,3000,"sd","13:10:49",3528300
24100,50,200,"sd","13:10:32",3525300
24100,50,2800,"sd","13:10:32",3525100
24100,50,200,"sd","13:10:09",3522300
24150,100,500,"bu","13:09:31",3522100
24100,50,7000,"sd","13:09:19",3521600
24100,50,2000,"sd","13:09:19",3514600
24150,100,1300,"bu","13:08:46",3512600
24100,50,6000,"sd","13:08:44",3511300
24100,50,5600,"sd","13:08:44",3505300
24100,50,500,"sd","13:08:44",3499700
24100,50,2300,"sd","13:08:44",3499200
24100,50,100,"sd","13:08:44",3496900
24100,50,1800,"sd","13:08:44",3496800
24100,50,3000,"sd","13:08:44",3495000
24100,50,800,"sd","13:08:44",3492000
24100,50,2000,"sd","13:08:44",3491200
24100,50,500,"sd","13:08:44",3489200
24100,50,9000,"sd","13:08:44",3488700
24100,50,100,"sd","13:08:44",3479700
24100,50,500,"sd","13:08:44",3479600
24100,50,7800,"sd","13:08:44",3479100
24150,100,100,"bu","13:08:35",3471300
24150,100,1000,"sd","13:08:32",3471200
24150,100,500,"sd","13:08:32",3470200
24150,100,5000,"sd","13:08:32",3469700
24150,100,10900,"sd","13:08:32",3464700
24150,100,1500,"sd","13:08:29",3453800
24150,100,3500,"sd","13:08:29",3452300
24150,100,500,"sd","13:08:00",3448800
24150,100,500,"sd","13:08:00",3448300
24150,100,300,"sd","13:07:56",3447800
24150,100,2500,"sd","13:07:47",3447500
24150,100,2000,"sd","13:07:45",3445000
24150,100,500,"sd","13:07:30",3443000
24150,100,500,"sd","13:07:12",3442500
24200,150,600,"bu","13:07:12",3442000
24150,100,300,"sd","13:07:10",3441400
24150,100,200,"sd","13:07:05",3441100
24150,100,200,"sd","13:06:47",3440900
24150,100,100,"sd","13:06:25",3440700
24150,100,800,"sd","13:06:10",3440600
24200,150,200,"bu","13:06:03",3439800
24200,150,500,"bu","13:06:03",3439600
24200,150,200,"bu","13:05:56",3439100
24200,150,1000,"bu","13:05:56",3438900
24200,150,1600,"bu","13:05:56",3437900
24200,150,100,"bu","13:05:56",3436300
24200,150,100,"bu","13:05:56",3436200
24200,150,100,"bu","13:05:56",3436100
24200,150,500,"bu","13:05:56",3436000
24200,150,100,"bu","13:05:56",3435500
24200,150,500,"bu","13:05:56",3435400
24150,100,4000,"sd","13:05:54",3434900
24150,100,1000,"sd","13:05:54",3430900
24150,100,300,"sd","13:05:49",3429900
24150,100,100,"bu","13:05:42",3429600
24150,100,1000,"bu","13:05:33",3429500
24100,50,100,"sd","13:05:22",3428500
24200,150,2000,"bu","13:05:20",3428400
24200,150,1000,"bu","13:05:20",3426400
24200,150,100,"bu","13:05:20",3425400
24200,150,1000,"bu","13:05:20",3425300
24200,150,2400,"bu","13:05:20",3424300
24150,100,500,"bu","13:05:20",3421900
24150,100,500,"bu","13:05:16",3421400
24150,100,1400,"sd","13:05:07",3420900
24150,100,1000,"sd","13:04:55",3419500
24150,100,500,"sd","13:04:47",3418500
24150,100,100,"sd","13:04:39",3418000
24150,100,300,"sd","13:04:26",3417900
24150,100,1000,"sd","13:04:17",3417600
24150,100,200,"sd","13:04:12",3416600
24150,100,500,"bu","13:04:08",3416400
24150,100,200,"bu","13:04:04",3415900
24150,100,100,"bu","13:04:03",3415700
24150,100,100,"sd","13:03:51",3415600
24150,100,300,"sd","13:03:51",3415500
24150,100,300,"sd","13:03:51",3415200
24150,100,12500,"sd","13:03:51",3414900
24150,100,200,"sd","13:03:31",3402400
24200,150,200,"bu","13:03:28",3402200
24150,100,900,"sd","13:03:24",3402000
24200,150,1400,"bu","13:03:24",3401100
24200,150,200,"bu","13:03:24",3399700
24200,150,100,"bu","13:03:24",3399500
24200,150,200,"bu","13:03:24",3399400
24200,150,600,"bu","13:03:24",3399200
24200,150,200,"bu","13:03:24",3398600
24200,150,100,"bu","13:03:24",3398400
24200,150,1000,"bu","13:03:24",3398300
24200,150,2000,"bu","13:03:24",3397300
24150,100,500,"sd","13:03:23",3395300
24150,100,100,"sd","13:03:08",3394800
24150,100,800,"sd","13:03:06",3394700
24150,100,1000,"sd","13:03:06",3393900
24150,100,1200,"sd","13:03:06",3392900
24150,100,300,"bu","13:02:58",3391700
24150,100,400,"bu","13:02:58",3391400
24150,100,100,"bu","13:02:58",3391000
24150,100,100,"bu","13:02:53",3390900
24150,100,700,"bu","13:02:53",3390800
24150,100,1100,"bu","13:02:43",3390100
24150,100,1100,"bu","13:02:43",3389000
24150,100,3900,"bu","13:02:35",3387900
24150,100,300,"bu","13:02:35",3384000
24150,100,500,"bu","13:02:35",3383700
24150,100,200,"bu","13:02:35",3383200
24150,100,1000,"bu","13:02:17",3383000
24150,100,500,"sd","13:02:08",3382000
24150,100,100,"sd","13:02:08",3381500
24150,100,1200,"sd","13:02:08",3381400
24150,100,6300,"sd","13:02:01",3380200
24150,100,1800,"sd","13:02:01",3373900
24150,100,2000,"sd","13:02:01",3372100
24150,100,100,"sd","13:02:01",3370100
24150,100,100,"sd","13:02:01",3370000
24150,100,10000,"sd","13:02:01",3369900
24150,100,1000,"sd","13:02:01",3359900
24150,100,100,"sd","13:02:01",3358900
24150,100,100,"sd","13:02:01",3358800
24150,100,300,"sd","13:01:20",3358700
24150,100,100,"sd","13:01:20",3358400
24150,100,400,"sd","13:01:20",3358300
24150,100,9200,"sd","13:01:20",3357900
24150,100,100,"sd","13:01:09",3348700
24150,100,5700,"sd","13:00:55",3348600
24150,100,3100,"sd","13:00:55",3342900
24150,100,600,"sd","13:00:55",3339800
24150,100,500,"sd","13:00:55",3339200
24150,100,1000,"sd","13:00:55",3338700
24150,100,100,"sd","13:00:55",3337700
24150,100,1000,"sd","13:00:35",3337600
24200,150,100,"bu","13:00:32",3336600
24150,100,3000,"sd","13:00:19",3336500
24150,100,100,"sd","13:00:06",3333500
24150,100,1000,"sd","13:00:03",3333400
24150,100,300,"sd","13:00:01",3332400
24150,100,100,"sd","13:00:00",3332100
24150,100,200,"sd","13:00:00",3332000
24150,100,100,"sd","13:00:00",3331800
24150,100,100,"sd","13:00:00",3331700
24200,150,500,"bu","12:59:59",3331600
24200,150,500,"bu","12:59:59",3331100
24150,100,4000,"sd","11:29:49",3330600
24150,100,300,"sd","11:29:49",3326600
24150,100,1000,"sd","11:29:49",3326300
24150,100,3000,"sd","11:29:49",3325300
24150,100,200,"sd","11:29:49",3322300
24150,100,100,"sd","11:29:49",3322100
24150,100,200,"sd","11:29:49",3322000
24150,100,100,"sd","11:29:49",3321800
24150,100,1100,"sd","11:29:49",3321700
24200,150,500,"bu","11:29:46",3320600
24200,150,200,"bu","11:29:36",3320100
24150,100,900,"sd","11:29:31",3319900
24150,100,100,"sd","11:29:31",3319000
24200,150,300,"bu","11:28:44",3318900
24200,150,500,"bu","11:27:35",3318600
24200,150,500,"sd","11:27:27",3318100
24200,150,2500,"sd","11:27:27",3317600
24200,150,300,"sd","11:27:27",3315100
24200,150,500,"sd","11:27:22",3314800
24200,150,100,"sd","11:26:58",3314300
24200,150,100,"bu","11:26:49",3314200
24200,150,1200,"bu","11:26:45",3314100
24200,150,500,"sd","11:26:07",3312900
24200,150,1300,"sd","11:26:07",3312400
24250,200,1000,"bu","11:25:59",3311100
24200,150,1000,"bu","11:25:25",3310100
24200,150,100,"bu","11:25:25",3309100
24200,150,600,"bu","11:25:25",3309000
24200,150,500,"bu","11:25:07",3308400
24200,150,900,"bu","11:24:30",3307900
24200,150,100,"bu","11:24:30",3307000
24200,150,200,"bu","11:23:54",3306900
24200,150,100,"sd","11:23:18",3306700
24200,150,700,"sd","11:23:18",3306600
24200,150,1500,"sd","11:23:11",3305900
24200,150,500,"bu","11:22:08",3304400
24200,150,300,"bu","11:22:08",3303900
24200,150,700,"bu","11:22:03",3303600
24200,150,100,"bu","11:22:03",3302900
24200,150,300,"bu","11:22:03",3302800
24200,150,100,"bu","11:22:03",3302500
24200,150,800,"bu","11:22:03",3302400
24150,100,2000,"sd","11:21:58",3301600
24150,100,100,"sd","11:21:26",3299600
24200,150,5000,"bu","11:21:17",3299500
24200,150,1000,"bu","11:20:58",3294500
24200,150,200,"bu","11:20:45",3293500
24200,150,1000,"bu","11:20:45",3293300
24200,150,300,"bu","11:20:45",3292300
24200,150,500,"bu","11:20:45",3292000
24200,150,300,"bu","11:20:02",3291500
24200,150,200,"bu","11:20:00",3291200
24200,150,500,"bu","11:19:57",3291000
24200,150,1000,"bu","11:19:57",3290500
24200,150,1000,"bu","11:19:57",3289500
24200,150,300,"bu","11:19:57",3288500
24200,150,700,"bu","11:19:53",3288200
24200,150,100,"bu","11:19:53",3287500
24200,150,200,"bu","11:19:53",3287400
24150,100,100,"sd","11:19:05",3287200
24200,150,9800,"bu","11:18:58",3287100
24200,150,300,"bu","11:18:58",3277300
24200,150,1000,"bu","11:18:58",3277000
24200,150,100,"bu","11:18:58",3276000
24200,150,400,"bu","11:18:58",3275900
24200,150,100,"bu","11:18:58",3275500
24200,150,100,"bu","11:18:58",3275400
24200,150,7200,"bu","11:18:58",3275300
24200,150,100,"bu","11:17:30",3268100
24200,150,2700,"bu","11:17:22",3268000
24200,150,1500,"bu","11:17:22",3265300
24200,150,200,"bu","11:17:22",3263800
24200,150,500,"bu","11:17:22",3263600
24200,150,200,"bu","11:17:22",3263100
24200,150,1000,"bu","11:17:22",3262900
24200,150,300,"bu","11:17:22",3261900
24200,150,8000,"bu","11:17:22",3261600
24200,150,100,"bu","11:17:22",3253600
24200,150,300,"bu","11:17:22",3253500
24200,150,100,"bu","11:17:22",3253200
24200,150,100,"bu","11:17:22",3253100
24200,150,2000,"bu","11:17:22",3253000
24200,150,500,"bu","11:17:22",3251000
24200,150,1000,"bu","11:17:22",3250500
24200,150,1500,"bu","11:17:22",3249500
24150,100,500,"sd","11:16:58",3248000
24150,100,3000,"bu","11:16:14",3247500
24150,100,1000,"bu","11:16:14",3244500
24150,100,100,"bu","11:16:14",3243500
24150,100,200,"bu","11:16:14",3243400
24150,100,2900,"bu","11:16:14",3243200
24150,100,1000,"bu","11:16:05",3240300
24150,100,100,"bu","11:16:05",3239300
24150,100,500,"bu","11:16:05",3239200
24150,100,1500,"bu","11:16:05",3238700
24100,50,100,"sd","11:15:57",3237200
24100,50,100,"sd","11:15:53",3237100
24100,50,300,"sd","11:15:11",3237000
24100,50,100,"sd","11:14:29",3236700
24100,50,500,"sd","11:14:23",3236600
24100,50,1200,"sd","11:14:23",3236100
24100,50,300,"sd","11:14:23",3234900
24100,50,100,"sd","11:14:03",3234600
24100,50,400,"sd","11:13:48",3234500
24100,50,200,"sd","11:13:33",3234100
24100,50,400,"sd","11:13:33",3233900
24150,100,5000,"bu","11:13:32",3233500
24100,50,2000,"sd","11:12:50",3228500
24150,100,300,"bu","11:12:39",3226500
24150,100,15700,"bu","11:12:39",3226200
24100,50,500,"sd","11:12:37",3210500
24100,50,1000,"sd","11:11:42",3210000
24100,50,2700,"sd","11:11:36",3209000
24100,50,400,"sd","11:11:29",3206300
24100,50,200,"sd","11:10:53",3205900
24100,50,1000,"sd","11:09:45",3205700
24100,50,100,"sd","11:09:30",3204700
24100,50,100,"sd","11:08:37",3204600
24100,50,1000,"sd","11:07:49",3204500
24100,50,100,"sd","11:06:51",3203500
24100,50,4400,"sd","11:06:49",3203400
24100,50,2700,"sd","11:06:35",3199000
24100,50,3400,"sd","11:06:22",3196300
24100,50,2000,"sd","11:06:22",3192900
24100,50,500,"sd","11:06:22",3190900
24100,50,2000,"sd","11:06:22",3190400
24100,50,100,"sd","11:06:22",3188400
24100,50,100,"sd","11:06:22",3188300
24100,50,1900,"sd","11:06:22",3188200
24100,50,400,"sd","11:06:08",3186300
24100,50,2000,"sd","11:05:14",3185900
24100,50,700,"bu","11:03:52",3183900
24100,50,300,"sd","11:03:46",3183200
24100,50,100,"sd","11:03:46",3182900
24100,50,100,"sd","11:03:46",3182800
24100,50,100,"sd","11:03:46",3182700
24100,50,200,"sd","11:03:46",3182600
24100,50,500,"sd","11:03:46",3182400
24100,50,1000,"sd","11:03:46",3181900
24100,50,1300,"sd","11:03:46",3180900
24100,50,700,"sd","11:03:46",3179600
24100,50,4000,"sd","11:03:15",3178900
24100,50,300,"sd","11:02:47",3174900
24100,50,300,"sd","11:02:47",3174600
24100,50,200,"sd","11:02:47",3174300
24100,50,300,"sd","11:02:47",3174100
24100,50,100,"sd","11:02:47",3173800
24100,50,400,"sd","11:02:47",3173700
24100,50,2000,"sd","11:02:47",3173300
24100,50,100,"sd","11:02:47",3171300
24100,50,100,"sd","11:02:47",3171200
24100,50,100,"sd","11:02:47",3171100
24100,50,600,"sd","11:02:47",3171000
24100,50,900,"sd","11:02:47",3170400
24100,50,100,"sd","11:02:47",3169500
24100,50,100,"sd","11:02:47",3169400
24150,100,200,"bu","11:02:42",3169300
24100,50,100,"sd","11:02:41",3169100
24100,50,1000,"sd","11:02:41",3169000
24100,50,500,"sd","11:02:41",3168000
24100,50,2600,"sd","11:02:41",3167500
24100,50,400,"sd","11:02:41",3164900
24100,50,1000,"sd","11:02:41",3164500
24100,50,100,"sd","11:02:41",3163500
24100,50,100,"sd","11:02:41",3163400
24100,50,4200,"sd","11:02:41",3163300
24100,50,800,"sd","11:02:39",3159100
24100,50,100,"sd","11:02:39",3158300
24100,50,1200,"sd","11:02:39",3158200
24100,50,1000,"sd","11:02:24",3157000
24150,100,1000,"bu","11:02:00",3156000
24100,50,800,"sd","11:00:47",3155000
24100,50,200,"sd","11:00:47",3154200
24100,50,500,"sd","10:59:07",3154000
24100,50,1000,"sd","10:59:07",3153500
24100,50,4000,"sd","10:58:59",3152500
24150,100,5000,"bu","10:58:56",3148500
24100,50,5000,"sd","10:58:42",3143500
24100,50,400,"sd","10:58:42",3138500
24100,50,500,"sd","10:58:42",3138100
24100,50,1100,"sd","10:58:42",3137600
24100,50,100,"sd","10:58:10",3136500
24150,100,800,"bu","10:57:39",3136400
24100,50,800,"sd","10:56:55",3135600
24100,50,1000,"sd","10:56:55",3134800
24100,50,200,"sd","10:56:55",3133800
24100,50,100,"sd","10:55:37",3133600
24100,50,1000,"sd","10:55:37",3133500
24100,50,300,"sd","10:55:37",3132500
24100,50,2000,"sd","10:55:37",3132200
24100,50,300,"sd","10:55:37",3130200
24100,50,1300,"sd","10:55:37",3129900
24100,50,200,"sd","10:55:22",3128600
24150,100,2000,"bu","10:54:56",3128400
24100,50,500,"sd","10:54:14",3126400
24100,50,500,"sd","10:54:14",3125900
24100,50,500,"sd","10:54:14",3125400
24100,50,500,"sd","10:53:59",3124900
24100,50,100,"sd","10:53:59",3124400
24100,50,100,"sd","10:53:59",3124300
24100,50,500,"sd","10:53:59",3124200
24100,50,500,"sd","10:53:59",3123700
24100,50,100,"sd","10:53:59",3123200
24100,50,2000,"sd","10:53:59",3123100
24100,50,300,"sd","10:53:59",3121100
24100,50,500,"sd","10:53:59",3120800
24100,50,1000,"sd","10:53:59",3120300
24100,50,3300,"sd","10:53:59",3119300
24100,50,200,"sd","10:53:59",3116000
24100,50,100,"sd","10:53:59",3115800
24100,50,1000,"sd","10:53:59",3115700
24100,50,500,"sd","10:53:59",3114700
24100,50,700,"sd","10:53:59",3114200
24100,50,100,"sd","10:53:59",3113500
24100,50,1000,"sd","10:53:59",3113400
24100,50,2000,"sd","10:53:59",3112400
24100,50,500,"sd","10:53:59",3110400
24100,50,100,"sd","10:53:59",3109900
24100,50,2000,"sd","10:53:59",3109800
24100,50,10700,"sd","10:53:59",3107800
24100,50,2000,"sd","10:53:59",3097100
24100,50,900,"sd","10:53:59",3095100
24100,50,5000,"sd","10:53:59",3094200
24100,50,200,"sd","10:53:59",3089200
24100,50,3800,"sd","10:53:59",3089000
24100,50,10300,"sd","10:53:59",3085200
24100,50,300,"sd","10:53:51",3074900
24150,100,100,"sd","10:53:28",3074600
24150,100,200,"sd","10:53:28",3074500
24150,100,2100,"bu","10:53:18",3074300
24150,100,200,"bu","10:53:10",3072200
24150,100,200,"bu","10:53:01",3072000
24150,100,2500,"sd","10:52:58",3071800
24150,100,16600,"sd","10:52:58",3069300
24150,100,2000,"sd","10:52:58",3052700
24150,100,200,"sd","10:52:58",3050700
24150,100,500,"sd","10:52:58",3050500
24150,100,700,"sd","10:52:58",3050000
24150,100,100,"bu","10:52:29",3049300
24150,100,200,"bu","10:52:29",3049200
24150,100,800,"bu","10:52:28",3049000
24150,100,200,"bu","10:52:28",3048200
24150,100,1800,"bu","10:52:26",3048000
24150,100,200,"bu","10:52:26",3046200
24150,100,5000,"bu","10:52:07",3046000
24150,100,200,"bu","10:51:41",3041000
24150,100,100,"bu","10:51:41",3040800
24150,100,300,"bu","10:51:41",3040700
24150,100,400,"bu","10:51:41",3040400
24150,100,1000,"bu","10:51:31",3040000
24150,100,500,"bu","10:51:27",3039000
24150,100,500,"bu","10:51:13",3038500
24150,100,400,"bu","10:51:08",3038000
24150,100,700,"bu","10:51:03",3037600
24150,100,300,"bu","10:50:53",3036900
24150,100,1200,"bu","10:50:50",3036600
24150,100,100,"bu","10:50:50",3035400
24150,100,300,"bu","10:50:50",3035300
24150,100,1400,"bu","10:50:50",3035000
24150,100,200,"bu","10:50:42",3033600
24150,100,200,"bu","10:50:21",3033400
24150,100,100,"bu","10:50:08",3033200
24150,100,500,"bu","10:50:01",3033100
24150,100,500,"bu","10:49:45",3032600
24150,100,100,"sd","10:49:34",3032100
24150,100,200,"bu","10:48:56",3032000
24100,50,3000,"sd","10:48:55",3031800
24150,100,2000,"sd","10:48:37",3028800
24150,100,500,"sd","10:48:37",3026800
24150,100,1200,"sd","10:48:37",3026300
24150,100,100,"sd","10:48:37",3025100
24150,100,100,"sd","10:48:37",3025000
24150,100,100,"sd","10:48:37",3024900
24150,100,5000,"sd","10:48:37",3024800
24150,100,4400,"sd","10:48:37",3019800
24150,100,100,"sd","10:48:37",3015400
24150,100,1000,"sd","10:48:37",3015300
24150,100,2000,"sd","10:48:37",3014300
24150,100,500,"sd","10:48:37",3012300
24150,100,2800,"sd","10:48:37",3011800
24150,100,5800,"sd","10:46:48",3009000
24150,100,3000,"sd","10:46:31",3003200
24150,100,100,"sd","10:46:15",3000200
24150,100,200,"bu","10:46:01",3000100
24150,100,600,"bu","10:46:01",2999900
24150,100,100,"bu","10:46:01",2999300
24150,100,1300,"bu","10:46:01",2999200
24150,100,200,"bu","10:46:01",2997900
24150,100,900,"bu","10:46:01",2997700
24150,100,300,"bu","10:45:38",2996800
24150,100,3000,"bu","10:45:31",2996500
24100,50,3000,"sd","10:45:20",2993500
24150,100,500,"bu","10:45:01",2990500
24150,100,200,"bu","10:44:51",2990000
24100,50,3400,"sd","10:44:37",2989800
24100,50,300,"sd","10:44:37",2986400
24100,50,300,"sd","10:44:37",2986100
24100,50,1000,"sd","10:44:37",2985800
24150,100,200,"bu","10:43:58",2984800
24150,100,300,"sd","10:43:49",2984600
24150,100,7000,"sd","10:43:49",2984300
24150,100,1000,"sd","10:43:49",2977300
24150,100,1000,"sd","10:43:49",2976300
24150,100,2000,"sd","10:43:49",2975300
24150,100,2000,"sd","10:43:49",2973300
24150,100,100,"sd","10:43:49",2971300
24150,100,200,"sd","10:43:49",2971200
24150,100,2000,"sd","10:43:49",2971000
24150,100,500,"sd","10:43:49",2969000
24150,100,200,"sd","10:43:49",2968500
24150,100,500,"sd","10:43:49",2968300
24150,100,6600,"sd","10:43:49",2967800
24150,100,1000,"sd","10:43:49",2961200
24150,100,300,"sd","10:43:49",2960200
24150,100,200,"sd","10:43:49",2959900
24150,100,3000,"sd","10:43:49",2959700
24150,100,2000,"sd","10:43:49",2956700
24150,100,100,"sd","10:43:49",2954700
24150,100,100,"sd","10:43:49",2954600
24150,100,100,"sd","10:43:49",2954500
24150,100,500,"sd","10:43:49",2954400
24150,100,5000,"sd","10:43:49",2953900
24150,100,600,"sd","10:43:49",2948900
24150,100,500,"sd","10:43:49",2948300
24150,100,100,"sd","10:43:49",2947800
24150,100,1500,"sd","10:43:49",2947700
24150,100,100,"sd","10:43:49",2946200
24150,100,1000,"sd","10:43:49",2946100
24150,100,500,"sd","10:43:49",2945100
24150,100,4900,"sd","10:43:49",2944600
24200,150,200,"bu","10:43:21",2939700
24150,100,100,"sd","10:43:18",2939500
24200,150,200,"bu","10:43:17",2939400
24150,100,100,"sd","10:42:40",2939200
24150,100,900,"sd","10:42:04",2939100
24150,100,200,"sd","10:42:04",2938200
24150,100,100,"sd","10:42:04",2938000
24150,100,2000,"sd","10:42:04",2937900
24150,100,100,"sd","10:42:04",2935900
24150,100,600,"sd","10:42:04",2935800
24150,100,500,"sd","10:41:57",2935200
24150,100,200,"sd","10:41:57",2934700
24150,100,500,"sd","10:41:57",2934500
24200,150,1000,"bu","10:41:56",2934000
24200,150,1000,"bu","10:41:43",2933000
24150,100,3000,"sd","10:41:41",2932000
24200,150,500,"bu","10:41:26",2929000
24150,100,1000,"sd","10:41:21",2928500
24150,100,100,"sd","10:41:20",2927500
24150,100,200,"sd","10:41:19",2927400
24150,100,100,"sd","10:41:19",2927200
24150,100,200,"sd","10:41:19",2927100
24200,150,500,"bu","10:41:16",2926900
24200,150,1000,"sd","10:41:10",2926400
24200,150,5000,"sd","10:41:10",2925400
24200,150,100,"sd","10:41:10",2920400
24200,150,500,"sd","10:41:10",2920300
24200,150,300,"sd","10:41:10",2919800
24200,150,5000,"sd","10:41:10",2919500
24200,150,10000,"sd","10:41:10",2914500
24200,150,1600,"sd","10:41:10",2904500
24200,150,1000,"sd","10:41:10",2902900
24200,150,600,"sd","10:41:10",2901900
24200,150,400,"sd","10:41:03",2901300
24200,150,200,"sd","10:41:03",2900900
24200,150,400,"sd","10:41:03",2900700
24200,150,1000,"sd","10:41:03",2900300
24200,150,1000,"sd","10:41:01",2899300
24200,150,500,"sd","10:41:01",2898300
24200,150,100,"sd","10:41:01",2897800
24200,150,1400,"sd","10:41:01",2897700
24200,150,300,"sd","10:40:47",2896300
24200,150,1400,"sd","10:40:47",2896000
24200,150,2100,"sd","10:40:47",2894600
24200,150,100,"sd","10:40:43",2892500
24200,150,1400,"sd","10:40:10",2892400
24200,150,600,"sd","10:40:10",2891000
24200,150,200,"sd","10:39:48",2890400
24200,150,100,"sd","10:39:48",2890200
24200,150,200,"sd","10:39:43",2890100
24200,150,5000,"sd","10:39:43",2889900
24200,150,600,"sd","10:39:43",2884900
24200,150,800,"sd","10:39:43",2884300
24200,150,1000,"sd","10:39:43",2883500
24200,150,300,"sd","10:39:43",2882500
24200,150,100,"sd","10:39:43",2882200
24200,150,200,"sd","10:39:28",2882100
24200,150,200,"sd","10:39:28",2881900
