"price","change","match_qtty","side","time","total_vol"
8510,-130,80000,"unknown","14:45:06",1657700
8560,-80,5000,"bu","14:29:55",1577700
8550,-90,100,"sd","14:29:45",1572700
8560,-80,10000,"bu","14:29:45",1572600
8550,-90,500,"sd","14:29:39",1562600
8550,-90,2800,"sd","14:29:39",1562100
8550,-90,200,"sd","14:29:39",1559300
8550,-90,1300,"sd","14:29:39",1559100
8560,-80,1000,"bu","14:29:32",1557800
8560,-80,1900,"bu","14:29:24",1556800
8560,-80,100,"bu","14:29:13",1554900
8560,-80,500,"sd","14:28:46",1554800
8550,-90,100,"sd","14:28:04",1554300
8550,-90,3600,"sd","14:27:52",1554200
8550,-90,1400,"sd","14:27:52",1550600
8550,-90,1600,"bu","14:27:39",1549200
8550,-90,2400,"bu","14:27:39",1547600
8550,-90,100,"bu","14:27:35",1545200
8550,-90,300,"bu","14:27:35",1545100
8550,-90,200,"bu","14:27:35",1544800
8550,-90,400,"bu","14:27:35",1544600
8550,-90,100,"bu","14:27:22",1544200
8550,-90,500,"bu","14:27:07",1544100
8550,-90,100,"bu","14:26:57",1543600
8550,-90,1900,"bu","14:26:49",1543500
8550,-90,100,"bu","14:26:49",1541600
8550,-90,6000,"bu","14:26:49",1541500
8550,-90,1500,"bu","14:26:49",1535500
8550,-90,500,"bu","14:26:49",1534000
8550,-90,800,"bu","14:26:48",1533500
8550,-90,200,"bu","14:26:32",1532700
8550,-90,500,"bu","14:26:13",1532500
8540,-100,9900,"bu","14:26:01",1532000
8510,-130,200,"sd","14:25:46",1522100
8510,-130,300,"sd","14:25:46",1521900
8540,-100,100,"bu","14:25:32",1521600
8510,-130,1800,"sd","14:24:32",1521500
8510,-130,100,"sd","14:24:32",1519700
8520,-120,100,"sd","14:24:32",1519600
8510,-130,100,"sd","14:23:58",1519500
8550,-90,100,"bu","14:23:56",1519400
8500,-140,100,"sd","14:22:39",1519300
8500,-140,500,"sd","14:22:39",1519200
8500,-140,200,"sd","14:22:39",1518700
8500,-140,3000,"sd","14:22:39",1518500
8500,-140,500,"sd","14:22:39",1515500
8500,-140,2600,"sd","14:22:39",1515000
8500,-140,100,"sd","14:22:39",1512400
8500,-140,300,"sd","14:22:39",1512300
8520,-120,500,"sd","14:22:39",1512000
8500,-140,700,"sd","14:22:31",1511500
8500,-140,100,"sd","14:22:31",1510800
8500,-140,200,"sd","14:22:31",1510700
8500,-140,500,"sd","14:22:31",1510500
8510,-130,1000,"unknown","14:22:31",1510000
8510,-130,200,"unknown","14:22:31",1509000
8510,-130,5000,"unknown","14:22:31",1508800
8510,-130,500,"unknown","14:22:31",1503800
8510,-130,1100,"unknown","14:22:31",1503300
8520,-120,200,"sd","14:22:31",1502200
8520,-120,100,"sd","14:22:31",1502000
8520,-120,700,"sd","14:22:31",1501900
8520,-120,4900,"sd","14:22:22",1501200
8520,-120,500,"sd","14:22:22",1496300
8530,-110,500,"sd","14:22:22",1495800
8530,-110,200,"sd","14:22:22",1495300
8540,-100,1000,"sd","14:22:22",1495100
8550,-90,600,"bu","14:21:36",1494100
8510,-130,100,"sd","14:21:10",1493500
8500,-140,100,"sd","14:21:01",1493400
8500,-140,200,"sd","14:21:01",1493300
8500,-140,2000,"sd","14:21:01",1493100
8500,-140,1500,"sd","14:21:01",1491100
8500,-140,100,"sd","14:21:01",1489600
8500,-140,100,"sd","14:21:01",1489500
8500,-140,500,"sd","14:21:01",1489400
8500,-140,1000,"sd","14:21:01",1488900
8500,-140,300,"sd","14:21:01",1487900
8500,-140,500,"sd","14:21:01",1487600
8500,-140,100,"sd","14:21:01",1487100
8500,-140,1000,"sd","14:21:01",1487000
8500,-140,1000,"sd","14:21:01",1486000
8500,-140,800,"sd","14:21:01",1485000
8510,-130,500,"sd","14:21:01",1484200
8500,-140,200,"sd","14:21:01",1483700
8500,-140,100,"sd","14:21:01",1483500
8550,-90,800,"bu","14:20:44",1483400
8550,-90,100,"bu","14:20:44",1482600
8550,-90,100,"bu","14:20:44",1482500
8500,-140,100,"sd","14:20:32",1482400
8500,-140,500,"sd","14:20:26",1482300
8500,-140,100,"sd","14:20:26",1481800
8500,-140,1000,"sd","14:20:26",1481700
8500,-140,500,"sd","14:20:26",1480700
8500,-140,300,"sd","14:20:26",1480200
8500,-140,5000,"sd","14:20:26",1479900
8500,-140,100,"sd","14:20:26",1474900
8500,-140,2000,"sd","14:20:26",1474800
8500,-140,300,"sd","14:20:26",1472800
8500,-140,4200,"sd","14:20:26",1472500
8500,-140,500,"sd","14:20:26",1468300
8500,-140,100,"sd","14:20:26",1467800
8500,-140,200,"sd","14:20:26",1467700
8500,-140,100,"sd","14:20:26",1467500
8500,-140,200,"sd","14:20:26",1467400
8500,-140,300,"sd","14:20:26",1467200
8500,-140,1000,"sd","14:20:26",1466900
8500,-140,100,"sd","14:20:26",1465900
8500,-140,1200,"sd","14:20:26",1465800
8510,-130,3000,"sd","14:20:26",1464600
8510,-130,1900,"sd","14:20:26",1461600
8510,-130,1000,"sd","14:20:26",1459700
8510,-130,500,"sd","14:20:26",1458700
8510,-130,2100,"sd","14:20:26",1458200
8510,-130,3000,"sd","14:20:26",1456100
8510,-130,1000,"sd","14:20:26",1453100
8510,-130,200,"sd","14:20:26",1452100
8510,-130,300,"sd","14:20:26",1451900
8510,-130,100,"sd","14:20:26",1451600
8510,-130,2000,"sd","14:20:26",1451500
8520,-120,800,"sd","14:20:26",1449500
8520,-120,100,"sd","14:20:26",1448700
8530,-110,500,"sd","14:20:26",1448600
8530,-110,100,"sd","14:20:26",1448100
8530,-110,300,"sd","14:20:26",1448000
8530,-110,2000,"sd","14:20:26",1447700
8520,-120,1100,"sd","14:20:26",1445700
8540,-100,20000,"sd","14:20:26",1444600
8520,-120,700,"sd","14:20:26",1424600
8520,-120,5000,"sd","14:20:26",1423900
8520,-120,1000,"sd","14:20:26",1418900
8520,-120,300,"sd","14:20:26",1417900
8530,-110,5000,"sd","14:20:26",1417600
8530,-110,300,"sd","14:20:26",1412600
8550,-90,500,"bu","14:20:16",1412300
8530,-110,300,"sd","14:18:16",1411800
8530,-110,500,"sd","14:17:42",1411500
8530,-110,200,"sd","14:17:42",1411000
8520,-120,1000,"sd","14:17:37",1410800
8520,-120,1000,"sd","14:17:27",1409800
8520,-120,500,"sd","14:17:27",1408800
8520,-120,100,"sd","14:17:27",1408300
8520,-120,3400,"sd","14:17:27",1408200
8520,-120,6600,"sd","14:17:17",1404800
8520,-120,5000,"sd","14:17:17",1398200
8520,-120,600,"sd","14:17:17",1393200
8520,-120,100,"sd","14:17:17",1392600
8520,-120,500,"sd","14:17:17",1392500
8520,-120,100,"sd","14:17:17",1392000
8530,-110,200,"sd","14:17:17",1391900
8530,-110,1900,"sd","14:17:17",1391700
8530,-110,200,"sd","14:16:59",1389800
8530,-110,100,"sd","14:16:59",1389600
8530,-110,2700,"sd","14:16:59",1389500
8530,-110,7300,"sd","14:16:45",1386800
8530,-110,500,"sd","14:16:45",1379500
8530,-110,100,"sd","14:16:45",1379000
8530,-110,100,"sd","14:16:45",1378900
8530,-110,1000,"sd","14:16:45",1378800
8530,-110,1000,"sd","14:16:45",1377800
8530,-110,2000,"sd","14:16:45",1376800
8530,-110,3000,"sd","14:16:29",1374800
8530,-110,200,"sd","14:16:29",1371800
8530,-110,1800,"sd","14:16:29",1371600
8550,-90,100,"bu","14:16:18",1369800
8530,-110,1400,"sd","14:15:58",1369700
8540,-100,2100,"unknown","14:15:58",1368300
8540,-100,4000,"unknown","14:15:58",1366200
8550,-90,100,"unknown","14:15:58",1362200
8550,-90,100,"unknown","14:15:58",1362100
8530,-110,1200,"sd","14:15:58",1362000
8530,-110,1000,"sd","14:15:58",1360800
8530,-110,100,"sd","14:15:58",1359800
8550,-90,200,"sd","14:15:10",1359700
8550,-90,700,"sd","14:15:08",1359500
8550,-90,300,"sd","14:15:08",1358800
8550,-90,800,"sd","14:15:07",1358500
8550,-90,300,"sd","14:14:44",1357700
8550,-90,1000,"sd","14:14:43",1357400
8550,-90,200,"sd","14:14:35",1356400
8550,-90,1300,"sd","14:14:29",1356200
8550,-90,100,"sd","14:14:25",1354900
8550,-90,1000,"sd","14:14:14",1354800
8560,-80,100,"sd","14:14:14",1353800
8560,-80,200,"sd","14:14:14",1353700
8560,-80,9800,"sd","14:14:11",1353500
8560,-80,200,"sd","14:14:11",1343700
8560,-80,800,"sd","14:13:45",1343500
8560,-80,2000,"sd","14:13:45",1342700
8560,-80,100,"sd","14:13:44",1340700
8560,-80,1000,"sd","14:13:44",1340600
8560,-80,6800,"sd","14:13:44",1339600
8560,-80,5200,"sd","14:13:44",1332800
8560,-80,6900,"sd","14:12:53",1327600
8570,-70,100,"bu","14:12:40",1320700
8570,-70,2300,"bu","14:12:38",1320600
8570,-70,100,"bu","14:12:16",1318300
8560,-80,400,"sd","14:12:14",1318200
8570,-70,1200,"sd","14:12:08",1317800
8580,-60,1000,"bu","14:11:55",1316600
8570,-70,200,"sd","14:11:49",1315600
8570,-70,10000,"sd","14:11:46",1315400
8570,-70,2000,"bu","14:11:05",1305400
8570,-70,3500,"bu","14:11:05",1303400
8570,-70,2100,"bu","14:11:05",1299900
8560,-80,700,"sd","14:11:01",1297800
8560,-80,800,"sd","14:11:01",1297100
8570,-70,600,"bu","14:09:42",1296300
8570,-70,100,"bu","14:09:42",1295700
8570,-70,4300,"bu","14:09:42",1295600
8560,-80,300,"sd","14:09:39",1291300
8570,-70,200,"bu","14:09:11",1291000
8570,-70,100,"bu","14:07:29",1290800
8550,-90,100,"sd","14:07:22",1290700
8550,-90,2900,"sd","14:07:22",1290600
8560,-80,500,"sd","14:07:22",1287700
8560,-80,3000,"sd","14:07:22",1287200
8560,-80,1000,"sd","14:07:22",1284200
8560,-80,200,"sd","14:07:22",1283200
8560,-80,1300,"sd","14:07:22",1283000
8560,-80,3700,"unknown","14:06:23",1281700
8560,-80,500,"bu","14:06:08",1278000
8560,-80,400,"bu","14:06:05",1277500
8560,-80,100,"bu","14:05:42",1277100
8560,-80,300,"unknown","14:05:27",1277000
8560,-80,200,"sd","14:05:16",1276700
8550,-90,300,"bu","14:03:27",1276500
8540,-100,5000,"bu","14:03:27",1276200
8540,-100,1800,"bu","14:03:27",1271200
8540,-100,200,"bu","14:03:18",1269400
8540,-100,200,"bu","14:03:16",1269200
8540,-100,400,"bu","14:03:07",1269000
8540,-100,500,"sd","14:03:05",1268600
8540,-100,100,"sd","14:03:05",1268100
8540,-100,2800,"sd","14:03:05",1268000
8540,-100,2200,"bu","14:02:52",1265200
8540,-100,100,"bu","14:02:36",1263000
8540,-100,500,"bu","14:02:34",1262900
8540,-100,200,"sd","14:02:27",1262400
8540,-100,1000,"sd","14:02:27",1262200
8540,-100,3000,"sd","14:02:11",1261200
8550,-90,700,"sd","14:02:11",1258200
8550,-90,1200,"sd","14:02:11",1257500
8550,-90,200,"sd","14:02:11",1256300
8550,-90,300,"sd","14:02:11",1256100
8550,-90,1000,"sd","14:02:11",1255800
8550,-90,500,"sd","14:02:11",1254800
8550,-90,100,"sd","14:02:11",1254300
8540,-100,3000,"sd","14:02:11",1254200
8560,-80,1000,"unknown","14:02:02",1251200
8560,-80,300,"sd","14:02:01",1250200
8560,-80,700,"sd","14:02:01",1249900
8560,-80,100,"bu","14:01:30",1249200
8560,-80,100,"bu","14:01:27",1249100
8560,-80,900,"bu","14:01:27",1249000
8560,-80,100,"sd","14:01:04",1248100
8560,-80,200,"sd","14:00:31",1248000
8550,-90,200,"sd","13:59:44",1247800
8550,-90,900,"sd","13:59:16",1247600
8550,-90,900,"sd","13:59:06",1246700
8550,-90,1000,"sd","13:58:23",1245800
8550,-90,300,"sd","13:58:19",1244800
8560,-80,200,"sd","13:58:19",1244500
8560,-80,800,"sd","13:58:13",1244300
8560,-80,100,"bu","13:58:04",1243500
8560,-80,2000,"bu","13:58:04",1243400
8560,-80,1000,"bu","13:57:43",1241400
8560,-80,500,"bu","13:57:38",1240400
8560,-80,100,"sd","13:57:15",1239900
8570,-70,400,"bu","13:57:14",1239800
8570,-70,100,"bu","13:57:14",1239400
8560,-80,500,"bu","13:56:57",1239300
8560,-80,500,"bu","13:56:45",1238800
8570,-70,300,"bu","13:56:04",1238300
8550,-90,600,"sd","13:55:59",1238000
8570,-70,100,"bu","13:55:09",1237400
8550,-90,300,"sd","13:54:53",1237300
8550,-90,200,"sd","13:54:53",1237000
8550,-90,800,"sd","13:54:44",1236800
8550,-90,200,"sd","13:54:44",1236000
8550,-90,800,"sd","13:54:33",1235800
8550,-90,1500,"bu","13:53:49",1235000
8530,-110,900,"sd","13:53:19",1233500
8550,-90,100,"bu","13:53:16",1232600
8550,-90,1000,"bu","13:53:08",1232500
8530,-110,5500,"sd","13:53:07",1231500
8530,-110,500,"sd","13:53:07",1226000
8530,-110,500,"sd","13:53:07",1225500
8530,-110,500,"sd","13:53:07",1225000
8530,-110,2000,"sd","13:53:07",1224500
8530,-110,400,"sd","13:53:07",1222500
8540,-100,300,"sd","13:53:07",1222100
8540,-100,300,"sd","13:53:07",1221800
8550,-90,1500,"bu","13:53:05",1221500
8550,-90,100,"sd","13:52:49",1220000
8550,-90,500,"sd","13:52:49",1219900
8550,-90,5000,"sd","13:52:49",1219400
8550,-90,4000,"sd","13:52:49",1214400
8550,-90,6300,"sd","13:52:49",1210400
8550,-90,3700,"sd","13:52:43",1204100
8550,-90,1000,"sd","13:52:43",1200400
8560,-80,100,"sd","13:52:43",1199400
8560,-80,500,"sd","13:52:43",1199300
8570,-70,3700,"sd","13:52:43",1198800
8570,-70,300,"sd","13:52:33",1195100
8580,-60,1000,"bu","13:52:32",1194800
8570,-70,1000,"sd","13:52:32",1193800
8570,-70,1500,"sd","13:52:32",1192800
8570,-70,500,"sd","13:52:27",1191300
8580,-60,2000,"bu","13:51:53",1190800
8580,-60,300,"bu","13:51:53",1188800
8580,-60,1000,"bu","13:51:53",1188500
8590,-50,200,"sd","13:51:25",1187500
8590,-50,1000,"sd","13:51:25",1187300
8590,-50,2000,"sd","13:51:25",1186300
8590,-50,3100,"sd","13:51:25",1184300
8590,-50,200,"sd","13:51:25",1181200
8590,-50,2000,"sd","13:51:25",1181000
8590,-50,200,"sd","13:51:25",1179000
8590,-50,100,"sd","13:51:04",1178800
8600,-40,2000,"bu","13:50:00",1178700
8600,-40,900,"sd","13:49:27",1176700
8600,-40,100,"sd","13:49:27",1175800
8600,-40,100,"sd","13:49:27",1175700
8600,-40,1000,"sd","13:49:27",1175600
8620,-20,100,"bu","13:48:19",1174600
8620,-20,100,"bu","13:48:11",1174500
8620,-20,100,"bu","13:47:41",1174400
8620,-20,100,"bu","13:47:36",1174300
8610,-30,100,"bu","13:47:27",1174200
8600,-40,100,"bu","13:47:16",1174100
8600,-40,1000,"bu","13:47:14",1174000
8600,-40,300,"bu","13:47:09",1173000
8600,-40,100,"bu","13:46:55",1172700
8600,-40,1000,"sd","13:46:54",1172600
8600,-40,2500,"sd","13:46:54",1171600
8600,-40,6700,"sd","13:46:46",1169100
8600,-40,100,"sd","13:46:46",1162400
8600,-40,1300,"sd","13:46:46",1162300
8600,-40,2800,"sd","13:46:07",1161000
8600,-40,200,"sd","13:46:07",1158200
8600,-40,100,"sd","13:46:07",1158000
8600,-40,500,"sd","13:46:07",1157900
8600,-40,1000,"sd","13:46:07",1157400
8600,-40,400,"sd","13:46:07",1156400
8610,-30,600,"bu","13:46:04",1156000
8610,-30,400,"bu","13:46:04",1155400
8610,-30,1000,"sd","13:44:38",1155000
8600,-40,1000,"sd","13:42:00",1154000
8600,-40,5400,"sd","13:41:25",1153000
8600,-40,3000,"sd","13:41:25",1147600
8600,-40,1000,"sd","13:41:25",1144600
8600,-40,500,"sd","13:41:25",1143600
8600,-40,2400,"sd","13:41:25",1143100
8600,-40,100,"sd","13:41:25",1140700
8600,-40,5700,"sd","13:41:25",1140600
8610,-30,3000,"sd","13:41:25",1134900
8600,-40,600,"sd","13:41:25",1131900
8600,-40,3000,"sd","13:41:25",1131300
8600,-40,300,"sd","13:41:25",1128300
8630,-10,5700,"sd","13:40:57",1128000
8630,-10,2000,"bu","13:40:08",1122300
8630,-10,100,"bu","13:40:08",1120300
8630,-10,700,"bu","13:40:08",1120200
8620,-20,8500,"bu","13:40:08",1119500
8610,-30,2000,"bu","13:40:08",1111000
8610,-30,2000,"sd","13:39:48",1109000
8610,-30,1000,"sd","13:39:48",1107000
8620,-20,1000,"sd","13:39:37",1106000
8620,-20,500,"sd","13:39:37",1105000
8620,-20,100,"sd","13:39:13",1104500
8620,-20,300,"sd","13:38:15",1104400
8620,-20,100,"bu","13:38:13",1104100
8620,-20,100,"bu","13:38:07",1104000
8630,-10,1300,"bu","13:37:08",1103900
8630,-10,1000,"bu","13:37:08",1102600
8600,-40,1200,"sd","13:36:13",1101600
8600,-40,800,"sd","13:35:56",1100400
8600,-40,200,"sd","13:35:56",1099600
8600,-40,100,"sd","13:35:39",1099400
8600,-40,3000,"sd","13:34:49",1099300
8600,-40,700,"sd","13:34:31",1096300
8600,-40,500,"sd","13:34:31",1095600
8610,-30,2800,"sd","13:34:09",1095100
8610,-30,2200,"bu","13:33:08",1092300
8610,-30,1000,"sd","13:32:53",1090100
8610,-30,100,"sd","13:32:53",1089100
8610,-30,300,"sd","13:32:53",1089000
8610,-30,1400,"sd","13:32:53",1088700
8610,-30,600,"sd","13:32:15",1087300
8610,-30,200,"sd","13:32:15",1086700
8610,-30,500,"sd","13:32:15",1086500
8610,-30,1000,"sd","13:30:01",1086000
8610,-30,100,"sd","13:28:33",1085000
8620,-20,100,"bu","13:28:18",1084900
8620,-20,2500,"bu","13:28:18",1084800
8610,-30,700,"bu","13:28:08",1082300
8600,-40,20000,"sd","13:28:03",1081600
8610,-30,500,"unknown","13:28:00",1061600
8610,-30,100,"unknown","13:28:00",1061100
8610,-30,8700,"unknown","13:28:00",1061000
8620,-20,1000,"bu","13:27:46",1052300
8620,-20,500,"sd","13:27:34",1051300
8620,-20,1000,"sd","13:27:28",1050800
8610,-30,10000,"sd","13:27:22",1049800
8610,-30,500,"sd","13:26:25",1039800
8610,-30,800,"sd","13:25:46",1039300
8610,-30,3800,"sd","13:25:46",1038500
8620,-20,100,"sd","13:25:46",1034700
8620,-20,2300,"sd","13:25:46",1034600
8620,-20,1700,"sd","13:25:26",1032300
8620,-20,500,"sd","13:25:26",1030600
8620,-20,2800,"sd","13:25:26",1030100
8620,-20,4000,"sd","13:25:12",1027300
8620,-20,900,"bu","13:24:29",1023300
8620,-20,100,"bu","13:24:28",1022400
8620,-20,2000,"bu","13:24:24",1022300
8620,-20,1000,"bu","13:24:20",1020300
8620,-20,2000,"bu","13:24:12",1019300
8620,-20,7000,"bu","13:24:05",1017300
8620,-20,1500,"bu","13:24:05",1010300
8620,-20,1500,"bu","13:23:53",1008800
8620,-20,500,"bu","13:23:53",1007300
8620,-20,300,"bu","13:23:53",1006800
8610,-30,400,"sd","13:23:43",1006500
8610,-30,700,"bu","13:23:34",1006100
8610,-30,200,"bu","13:23:33",1005400
8590,-50,20000,"sd","13:23:22",1005200
8610,-30,500,"bu","13:23:13",985200
8610,-30,100,"bu","13:22:26",984700
8620,-20,200,"bu","13:21:33",984600
8620,-20,10000,"bu","13:20:18",984400
8620,-20,1000,"bu","13:19:35",974400
8620,-20,300,"bu","13:19:34",973400
8620,-20,5000,"bu","13:19:12",973100
8620,-20,300,"bu","13:19:10",968100
8650,10,6200,"bu","13:18:29",965100
8650,10,2700,"bu","13:18:29",967800
8580,-60,7200,"bu","13:18:29",958900
8640,0,5000,"bu","13:18:29",951700
8640,0,500,"bu","13:18:29",946700
8620,-20,3900,"bu","13:18:29",946200
8600,-40,100,"bu","13:18:29",942300
8600,-40,2500,"bu","13:18:29",942200
8600,-40,200,"bu","13:18:29",939700
8600,-40,200,"bu","13:18:29",939500
8600,-40,1000,"bu","13:18:29",939300
8590,-50,500,"bu","13:18:29",938300
8580,-60,400,"bu","13:18:25",937800
8570,-70,5000,"bu","13:18:12",937400
8570,-70,5000,"bu","13:18:01",932400
8550,-90,500,"bu","13:17:17",927400
8550,-90,1000,"bu","13:17:17",926900
8540,-100,100,"bu","13:17:06",925900
8540,-100,300,"bu","13:17:04",925800
8540,-100,100,"bu","13:17:04",925500
8530,-110,1000,"sd","13:16:48",925400
8530,-110,2000,"bu","13:16:08",924400
8530,-110,1600,"bu","13:16:08",922400
8530,-110,500,"bu","13:15:41",920800
8530,-110,400,"bu","13:15:34",920300
8530,-110,1500,"bu","13:15:34",919900
8530,-110,1100,"bu","13:15:34",918400
8520,-120,1400,"sd","13:15:30",917300
8530,-110,100,"bu","13:15:27",915900
8520,-120,400,"sd","13:15:21",915800
8520,-120,100,"sd","13:15:21",915400
8530,-110,1000,"bu","13:15:16",915300
8530,-110,200,"bu","13:15:16",914300
8530,-110,3000,"bu","13:15:13",914100
8530,-110,1000,"bu","13:15:13",911100
8530,-110,100,"bu","13:15:07",910100
8530,-110,1000,"bu","13:15:03",910000
8530,-110,3100,"bu","13:15:02",909000
8530,-110,500,"sd","13:14:44",905900
8530,-110,200,"sd","13:14:44",905400
8530,-110,100,"sd","13:14:44",905200
8530,-110,300,"sd","13:14:44",905100
8530,-110,1000,"sd","13:14:44",904800
8530,-110,1000,"sd","13:14:44",903800
8530,-110,700,"sd","13:14:44",902800
8530,-110,300,"sd","13:14:43",902100
8530,-110,100,"sd","13:14:43",901800
8530,-110,100,"sd","13:14:43",901700
8530,-110,2000,"sd","13:14:43",901600
8530,-110,3100,"sd","13:14:43",899600
8540,-100,500,"bu","13:13:51",896500
8540,-100,500,"bu","13:13:51",896000
8540,-100,3500,"bu","13:13:27",895500
8540,-100,1500,"bu","13:13:27",892000
8540,-100,600,"bu","13:13:14",890500
8540,-100,1600,"bu","13:13:12",889900
8540,-100,300,"sd","13:13:01",888300
8550,-90,100,"bu","13:12:54",888000
8540,-100,700,"sd","13:12:54",887900
8540,-100,1000,"sd","13:12:54",887200
8540,-100,400,"sd","13:12:54",886200
8540,-100,900,"sd","13:12:54",885800
8550,-90,400,"bu","13:12:48",884900
8550,-90,800,"bu","13:12:48",884500
8550,-90,200,"bu","13:12:39",883700
8550,-90,3800,"bu","13:12:39",883500
8550,-90,100,"bu","13:12:37",879700
8550,-90,100,"bu","13:12:25",879600
8540,-100,100,"sd","13:12:22",879500
8550,-90,100,"bu","13:12:18",879400
8550,-90,900,"bu","13:11:42",879300
8550,-90,100,"bu","13:11:42",878400
8540,-100,100,"sd","13:11:29",878300
8550,-90,1000,"bu","13:11:20",878200
8540,-100,200,"bu","13:11:14",877200
8540,-100,500,"sd","13:11:06",877000
8540,-100,100,"sd","13:11:06",876500
8540,-100,100,"sd","13:11:06",876400
8540,-100,200,"sd","13:11:05",876300
8540,-100,100,"sd","13:11:05",876100
8540,-100,200,"sd","13:11:05",876000
8540,-100,100,"sd","13:11:05",875800
8540,-100,400,"sd","13:11:05",875700
8550,-90,100,"bu","13:10:09",875300
8540,-100,600,"sd","13:10:03",875200
8540,-100,300,"sd","13:10:03",874600
8540,-100,1000,"sd","13:10:03",874300
8540,-100,100,"sd","13:10:03",873300
8540,-100,900,"sd","13:09:12",873200
8540,-100,100,"bu","13:09:06",872300
8540,-100,3000,"bu","13:09:02",872200
8540,-100,1000,"bu","13:08:58",869200
8530,-110,100,"sd","13:08:22",868200
8530,-110,800,"sd","13:08:11",868100
8530,-110,1900,"sd","13:08:11",867300
8540,-100,500,"sd","13:08:11",865400
8540,-100,500,"sd","13:08:11",864900
8540,-100,2300,"sd","13:08:11",864400
8540,-100,900,"sd","13:08:11",862100
8550,-90,100,"sd","13:08:11",861200
8550,-90,100,"sd","13:08:11",861100
8550,-90,300,"sd","13:08:11",861000
8550,-90,100,"sd","13:08:11",860700
8550,-90,500,"sd","13:08:11",860600
8550,-90,3500,"sd","13:08:03",860100
8550,-90,1000,"sd","13:07:11",856600
8540,-100,2100,"unknown","13:06:50",855600
8540,-100,500,"bu","13:06:48",853500
8530,-110,5000,"sd","13:06:22",853000
8520,-120,1000,"bu","13:05:25",848000
8510,-130,1000,"sd","13:05:16",847000
8500,-140,800,"sd","13:05:03",846000
8500,-140,100,"sd","13:05:03",845200
8500,-140,200,"sd","13:05:03",845100
8500,-140,5000,"sd","13:05:03",844900
8500,-140,2000,"sd","13:05:03",839900
8500,-140,500,"sd","13:05:03",837900
8500,-140,100,"sd","13:05:03",837400
8500,-140,1000,"sd","13:05:03",837300
8510,-130,5000,"sd","13:04:58",836300
8510,-130,300,"sd","13:04:58",831300
8510,-130,500,"sd","13:04:58",831000
8510,-130,300,"sd","13:04:58",830500
8510,-130,5000,"sd","13:04:58",830200
8520,-120,2000,"sd","13:04:46",825200
8520,-120,200,"sd","13:04:46",823200
8520,-120,500,"sd","13:04:46",823000
8520,-120,100,"sd","13:04:46",822500
8520,-120,1100,"sd","13:04:46",822400
8520,-120,500,"sd","13:04:46",821300
8530,-110,2000,"sd","13:04:43",820800
8530,-110,1000,"sd","13:04:43",818800
8530,-110,1000,"sd","13:04:43",817800
8530,-110,1200,"sd","13:04:43",816800
8530,-110,800,"sd","13:04:25",815600
8530,-110,200,"sd","13:04:25",814800
8530,-110,200,"sd","13:04:25",814600
8530,-110,100,"sd","13:04:25",814400
8530,-110,1000,"sd","13:04:25",814300
8540,-100,1000,"sd","13:04:25",813300
8540,-100,500,"sd","13:04:11",812300
8550,-90,1300,"sd","13:03:43",811800
8550,-90,1400,"sd","13:03:43",810500
8540,-100,300,"bu","13:03:40",809100
8540,-100,500,"bu","13:03:39",808800
8540,-100,500,"bu","13:03:39",808300
8540,-100,2000,"bu","13:03:39",807800
8540,-100,300,"bu","13:03:29",805800
8540,-100,800,"bu","13:03:29",805500
8540,-100,3900,"bu","13:03:29",804700
8540,-100,1000,"bu","13:03:27",800800
8540,-100,2000,"bu","13:03:19",799800
8540,-100,3000,"sd","13:03:15",797800
8540,-100,100,"sd","13:03:15",794800
8540,-100,100,"sd","13:03:06",794700
8540,-100,300,"sd","13:03:06",794600
8540,-100,100,"sd","13:03:06",794300
8540,-100,200,"sd","13:02:55",794200
8560,-80,200,"sd","13:02:46",794000
8560,-80,100,"bu","13:02:43",793800
8540,-100,100,"sd","13:02:28",793700
8540,-100,100,"sd","13:02:28",793600
8560,-80,100,"sd","13:02:19",793500
8560,-80,900,"bu","13:02:13",793400
8560,-80,1000,"bu","13:01:55",792500
8550,-90,400,"unknown","13:01:52",791500
8550,-90,200,"unknown","13:01:52",791100
8560,-80,300,"sd","13:01:52",790900
8550,-90,1000,"sd","13:01:52",790600
8550,-90,300,"sd","13:01:52",789600
8550,-90,100,"sd","13:01:52",789300
8550,-90,1000,"sd","13:01:52",789200
8560,-80,200,"bu","13:01:48",788200
8560,-80,100,"sd","13:01:39",788000
8560,-80,300,"sd","13:01:39",787900
8570,-70,1000,"sd","13:01:19",787600
8570,-70,5500,"sd","13:01:17",786600
8570,-70,1900,"bu","13:01:17",781100
8560,-80,1700,"sd","13:01:16",779200
8560,-80,200,"sd","13:01:16",777500
8560,-80,100,"sd","13:01:16",777300
8570,-70,1000,"sd","13:01:15",777200
8570,-70,1000,"sd","13:01:14",776200
8570,-70,100,"sd","13:01:14",775200
8570,-70,500,"sd","13:01:14",775100
8570,-70,500,"sd","13:01:11",774600
8570,-70,200,"sd","13:01:11",774100
8580,-60,2400,"sd","13:00:56",773900
8580,-60,2100,"sd","13:00:52",771500
8580,-60,200,"sd","13:00:52",769400
8580,-60,4000,"sd","13:00:52",769200
8580,-60,100,"sd","13:00:52",765200
8580,-60,100,"sd","13:00:52",765100
8580,-60,300,"sd","13:00:52",765000
8580,-60,100,"sd","13:00:52",764700
8580,-60,500,"sd","13:00:52",764600
8580,-60,200,"sd","13:00:51",764100
8580,-60,1000,"sd","13:00:51",763900
8580,-60,300,"sd","13:00:51",762900
8580,-60,500,"sd","13:00:51",762600
8580,-60,300,"sd","13:00:51",762100
8580,-60,300,"sd","13:00:51",761800
8590,-50,1000,"sd","13:00:46",761500
8590,-50,100,"sd","13:00:46",760500
8590,-50,100,"sd","13:00:30",760400
8600,-40,1000,"sd","13:00:30",760300
8610,-30,900,"sd","13:00:30",759300
8600,-40,100,"bu","13:00:24",758400
8600,-40,300,"sd","13:00:23",758300
8600,-40,600,"sd","13:00:23",758000
8600,-40,400,"sd","13:00:21",757400
8620,-20,1000,"bu","13:00:18",757000
8620,-20,900,"sd","13:00:17",756000
8620,-20,200,"sd","13:00:08",755100
8620,-20,200,"sd","13:00:07",754900
8620,-20,1000,"sd","13:00:05",754700
8620,-20,100,"sd","13:00:05",753700
8620,-20,5000,"unknown","13:00:05",753600
8620,-20,1500,"unknown","13:00:04",748600
8610,-30,500,"unknown","13:00:04",747100
8600,-40,200,"unknown","13:00:04",746600
8600,-40,200,"unknown","13:00:04",746400
8600,-40,200,"unknown","13:00:04",746200
8600,-40,1500,"bu","13:00:03",746000
8600,-40,5500,"bu","13:00:03",744500
8580,-60,900,"sd","13:00:03",739000
8600,-40,400,"bu","13:00:02",738100
8600,-40,300,"bu","13:00:02",737700
8600,-40,300,"bu","13:00:02",737400
8600,-40,100,"bu","13:00:01",737100
8580,-60,100,"sd","13:00:00",737000
8580,-60,500,"sd","13:00:00",736900
8580,-60,200,"sd","13:00:00",736400
8580,-60,1000,"sd","13:00:00",736200
8580,-60,500,"sd","13:00:00",735200
8580,-60,1000,"sd","13:00:00",734700
8580,-60,100,"sd","13:00:00",733700
8590,-50,2000,"sd","13:00:00",733600
8590,-50,100,"sd","13:00:00",731600
8590,-50,500,"sd","13:00:00",731500
8590,-50,300,"sd","13:00:00",731000
8590,-50,1000,"sd","13:00:00",730700
8590,-50,300,"sd","13:00:00",729700
8600,-40,100,"sd","13:00:00",729400
8600,-40,1000,"sd","13:00:00",729300
8600,-40,1000,"sd","13:00:00",728300
8600,-40,200,"sd","13:00:00",727300
8600,-40,1000,"sd","12:59:59",727100
8620,-20,100,"bu","11:29:49",726100
8600,-40,800,"sd","11:29:42",726000
8600,-40,3800,"sd","11:29:42",725200
8620,-20,100,"bu","11:29:40",721400
8600,-40,500,"sd","11:28:29",721300
8600,-40,100,"sd","11:28:16",720800
8600,-40,600,"sd","11:28:06",720700
8600,-40,300,"sd","11:28:06",720100
8600,-40,700,"sd","11:28:06",719800
8600,-40,400,"sd","11:28:06",719100
8600,-40,100,"sd","11:26:44",718700
8600,-40,1000,"sd","11:26:44",718600
8600,-40,100,"sd","11:26:44",717600
8600,-40,1000,"sd","11:26:44",717500
8600,-40,200,"sd","11:26:44",716500
8600,-40,2000,"sd","11:26:44",716300
8610,-30,3000,"sd","11:26:44",714300
8610,-30,2000,"sd","11:26:44",711300
8610,-30,100,"sd","11:26:44",709300
8610,-30,900,"sd","11:26:44",709200
8610,-30,600,"sd","11:26:44",708300
8610,-30,3000,"sd","11:26:44",707700
8610,-30,5000,"sd","11:26:44",704700
8610,-30,1000,"sd","11:26:44",699700
8620,-20,1800,"bu","11:26:22",698700
8620,-20,500,"bu","11:26:22",696900
8620,-20,500,"bu","11:26:22",696400
8620,-20,1900,"sd","11:24:01",695900
8620,-20,1800,"sd","11:24:01",694000
8620,-20,200,"sd","11:22:58",692200
8610,-30,300,"bu","11:20:07",692000
8610,-30,1000,"bu","11:19:58",691700
8610,-30,300,"bu","11:19:57",690700
8610,-30,14900,"bu","11:19:48",690400
8610,-30,200,"bu","11:19:46",675500
8610,-30,100,"bu","11:19:36",675300
8600,-40,200,"sd","11:17:13",675200
8600,-40,500,"sd","11:16:48",675000
8600,-40,100,"sd","11:16:48",674500
8600,-40,7400,"sd","11:16:48",674400
8600,-40,2600,"sd","11:16:46",667000
8600,-40,200,"sd","11:16:46",664400
8600,-40,300,"sd","11:16:46",664200
8600,-40,1000,"sd","11:16:46",663900
8600,-40,500,"sd","11:16:46",662900
8600,-40,100,"sd","11:16:46",662400
8600,-40,300,"sd","11:16:46",662300
8600,-40,4000,"sd","11:16:46",662000
8600,-40,1000,"sd","11:16:44",658000
8600,-40,900,"sd","11:16:41",657000
8600,-40,3100,"sd","11:16:41",656100
8600,-40,5000,"sd","11:16:41",653000
8600,-40,200,"sd","11:16:41",648000
8600,-40,500,"sd","11:16:41",647800
8600,-40,100,"sd","11:16:41",647300
8600,-40,200,"sd","11:16:41",647200
8600,-40,3000,"sd","11:16:36",647000
8600,-40,2000,"sd","11:16:19",644000
8600,-40,700,"sd","11:16:19",642000
8600,-40,300,"sd","11:16:19",641300
8600,-40,200,"sd","11:15:54",641000
8600,-40,300,"sd","11:15:54",640800
8600,-40,500,"sd","11:15:34",640500
8600,-40,200,"sd","11:15:34",640000
8600,-40,200,"sd","11:15:34",639800
8600,-40,2100,"sd","11:15:34",639600
8600,-40,400,"sd","11:14:39",637500
8600,-40,500,"sd","11:14:39",637100
8600,-40,100,"sd","11:14:39",636600
8610,-30,500,"sd","11:13:27",636500
8610,-30,10000,"sd","11:13:27",636000
8610,-30,100,"sd","11:13:27",626000
8610,-30,2600,"sd","11:13:27",625900
8620,-20,100,"sd","11:13:27",623300
8620,-20,100,"sd","11:13:27",623200
8620,-20,5000,"sd","11:13:27",623100
8620,-20,100,"sd","11:13:27",618100
8620,-20,3000,"sd","11:13:27",618000
8620,-20,1000,"sd","11:13:27",615000
8630,-10,200,"sd","11:13:27",614000
8630,-10,1100,"sd","11:13:27",613800
8630,-10,5000,"sd","11:13:27",612700
8630,-10,200,"sd","11:13:27",607700
8630,-10,4200,"sd","11:13:27",607500
8630,-10,1000,"sd","11:13:06",603300
8630,-10,100,"sd","11:12:47",602300
8630,-10,2000,"sd","11:12:30",602200
8630,-10,5000,"sd","11:12:20",600200
8630,-10,1100,"sd","11:10:39",595200
8640,0,500,"bu","11:10:16",594100
8630,-10,2400,"sd","11:07:45",593600
8640,0,4500,"sd","11:07:10",591200
8640,0,500,"sd","11:07:09",586700
8640,0,4500,"sd","11:07:09",586200
8640,0,500,"sd","11:06:17",581700
8650,10,2000,"bu","11:05:50",581200
8650,10,600,"bu","11:05:39",579200
8650,10,1200,"bu","11:03:33",578600
8650,10,1300,"bu","11:03:33",577400
8650,10,100,"bu","11:03:21",576100
8650,10,100,"bu","11:00:54",576000
8650,10,100,"bu","11:00:54",575900
8650,10,300,"bu","11:00:54",575800
8630,-10,300,"sd","11:00:32",575500
8630,-10,3900,"bu","11:00:20",575200
8630,-10,100,"bu","10:59:38",571300
8630,-10,500,"bu","10:59:38",571200
8630,-10,500,"bu","10:59:38",570700
8630,-10,100,"sd","10:59:33",570200
8630,-10,1800,"bu","10:56:58",570100
8620,-20,500,"bu","10:56:58",568300
8620,-20,600,"bu","10:56:58",567800
8620,-20,400,"bu","10:56:24",567200
8610,-30,200,"bu","10:54:55",566800
8610,-30,1000,"bu","10:54:32",566600
8610,-30,300,"bu","10:54:28",565600
8610,-30,100,"sd","10:54:08",565300
8610,-30,100,"sd","10:54:08",565200
8610,-30,300,"sd","10:54:08",565100
8610,-30,300,"sd","10:52:31",564800
8610,-30,700,"sd","10:52:31",564500
8610,-30,300,"sd","10:51:50",563800
8610,-30,1000,"bu","10:51:12",563500
8610,-30,100,"sd","10:51:10",562500
8610,-30,900,"sd","10:51:10",562400
8610,-30,100,"sd","10:51:05",561500
8610,-30,500,"sd","10:51:05",561400
8610,-30,1400,"sd","10:51:05",560900
8610,-30,500,"sd","10:50:52",559500
8610,-30,2000,"sd","10:50:19",559000
8610,-30,2300,"sd","10:50:06",557000
8610,-30,500,"sd","10:49:40",554700
8610,-30,200,"sd","10:49:40",554200
8610,-30,200,"sd","10:49:40",554000
8610,-30,100,"sd","10:49:40",553800
8620,-20,200,"sd","10:48:55",553700
8620,-20,500,"sd","10:48:55",553500
8620,-20,200,"sd","10:47:58",553000
8630,-10,200,"bu","10:46:52",552800
8630,-10,800,"bu","10:46:52",552600
8630,-10,3200,"bu","10:46:32",551800
8630,-10,5800,"sd","10:46:20",548600
8630,-10,2800,"sd","10:46:20",542800
8630,-10,200,"sd","10:46:00",540000
8630,-10,100,"sd","10:46:00",539800
8630,-10,1000,"sd","10:46:00",539700
8630,-10,8300,"sd","10:46:00",538700
8640,0,3000,"bu","10:45:55",530400
8640,0,100,"bu","10:44:55",527400
8640,0,200,"bu","10:43:28",527300
8630,-10,5000,"sd","10:43:11",527100
8630,-10,1300,"sd","10:42:18",522100
8630,-10,3000,"sd","10:40:17",520800
8640,0,500,"bu","10:40:13",517800
8640,0,900,"bu","10:40:02",517300
8640,0,100,"bu","10:40:02",516400
8640,0,1900,"bu","10:38:51",516300
8640,0,4700,"bu","10:38:51",514400
8630,-10,500,"sd","10:38:28",509700
8630,-10,5600,"sd","10:38:28",509200
8630,-10,1400,"sd","10:38:28",503600
8630,-10,2500,"sd","10:38:28",502200
8640,0,100,"sd","10:37:10",499700
8640,0,3000,"sd","10:37:10",499600
8640,0,100,"sd","10:37:10",496600
8640,0,2000,"sd","10:37:10",496500
8640,0,100,"sd","10:37:10",494500
8650,10,1000,"bu","10:32:56",494400
8650,10,400,"bu","10:32:27",493400
8650,10,100,"bu","10:32:14",493000
8650,10,500,"sd","10:31:23",492900
8650,10,100,"bu","10:31:09",492400
8650,10,1500,"bu","10:31:09",492300
8650,10,200,"bu","10:31:09",490800
8650,10,500,"bu","10:30:40",490600
8640,0,2000,"sd","10:29:50",490100
8640,0,1000,"bu","10:29:41",488100
8630,-10,400,"sd","10:29:23",487100
8630,-10,100,"sd","10:29:23",486700
8640,0,1000,"sd","10:27:18",486600
8640,0,500,"sd","10:27:18",485600
8640,0,200,"sd","10:27:18",485100
8640,0,300,"sd","10:27:18",484900
8640,0,400,"sd","10:26:08",484600
8640,0,1400,"sd","10:26:08",484200
8640,0,5000,"sd","10:26:08",482800
8640,0,2000,"sd","10:26:08",477800
8640,0,1000,"sd","10:26:08",475800
8640,0,100,"sd","10:26:08",474800
8640,0,100,"sd","10:26:08",474700
8650,10,300,"bu","10:25:23",474600
8650,10,100,"bu","10:25:20",474300
8650,10,200,"bu","10:25:20",474200
8650,10,2000,"bu","10:25:15",474000
8650,10,5500,"bu","10:24:55",472000
8650,10,1000,"bu","10:24:55",466500
8650,10,100,"bu","10:24:55",465500
8650,10,1600,"bu","10:24:55",465400
8650,10,7500,"bu","10:24:55",463800
8650,10,2000,"bu","10:24:55",456300
8650,10,100,"bu","10:24:55",454300
8650,10,500,"sd","10:24:07",454200
8650,10,1400,"sd","10:22:24",453700
8650,10,500,"sd","10:22:24",452300
8650,10,200,"sd","10:22:24",451800
8650,10,200,"sd","10:22:24",451600
8650,10,2000,"sd","10:22:24",451400
8650,10,700,"sd","10:22:24",449400
8670,30,900,"sd","10:21:56",448700
8670,30,2100,"bu","10:21:41",447800
8650,10,300,"sd","10:21:28",445700
8650,10,900,"sd","10:21:28",445400
8670,30,3000,"bu","10:20:33",444500
8670,30,4900,"sd","10:20:06",441500
8670,30,100,"sd","10:19:40",436600
8650,10,100,"sd","10:16:47",436500
8660,20,1000,"sd","10:16:47",436400
8660,20,1000,"sd","10:16:47",435400
8660,20,400,"sd","10:16:47",434400
8660,20,1000,"sd","10:16:47",434000
8660,20,500,"sd","10:16:47",433000
8660,20,3000,"sd","10:16:47",432500
8660,20,3000,"sd","10:16:47",429500
8670,30,2000,"sd","10:16:47",426500
8670,30,1000,"sd","10:16:47",424500
8670,30,500,"sd","10:16:47",423500
8670,30,200,"sd","10:16:47",423000
8680,40,1000,"sd","10:16:47",422800
8680,40,2900,"sd","10:16:20",421800
8680,40,1600,"bu","10:16:20",418900
8680,40,1000,"bu","10:14:51",417300
8680,40,100,"bu","10:14:51",416300
8680,40,1100,"bu","10:14:50",416200
8680,40,3300,"bu","10:14:40",415100
8680,40,1700,"bu","10:14:40",411800
8670,30,100,"sd","10:14:28",410100
8670,30,700,"sd","10:14:10",410000
8670,30,300,"sd","10:14:10",409300
8670,30,2000,"sd","10:14:10",409000
8680,40,300,"bu","10:13:54",407000
8680,40,1700,"bu","10:13:54",406700
8680,40,300,"sd","10:13:23",405000
8680,40,3000,"sd","10:13:23",404700
8680,40,2900,"sd","10:13:23",401700
8680,40,100,"sd","10:13:23",398800
8680,40,2000,"sd","10:12:49",398700
8680,40,500,"sd","10:11:14",396700
8680,40,100,"sd","10:09:50",396200
8700,60,4700,"bu","10:09:38",396100
8690,50,800,"bu","10:09:38",391400
8690,50,800,"bu","10:09:37",390600
8690,50,6900,"bu","10:09:37",389800
8690,50,1300,"bu","10:09:37",382900
8680,40,1600,"bu","10:09:17",381600
8680,40,10000,"bu","10:09:12",380000
8670,30,2000,"sd","10:08:42",370000
8680,40,3000,"bu","10:08:07",368000
8690,50,500,"bu","10:08:04",365000
8690,50,300,"sd","10:07:13",364500
8690,50,200,"sd","10:07:13",364200
8690,50,3300,"sd","10:07:13",364000
8700,60,1000,"bu","10:06:26",360700
8700,60,1000,"sd","10:06:04",359700
8700,60,2000,"sd","10:06:04",358700
8700,60,9000,"sd","10:06:04",356700
8700,60,2000,"sd","10:05:38",347700
8700,60,9000,"bu","10:04:56",345700
8690,50,100,"sd","10:04:54",336700
8690,50,9800,"bu","10:03:39",336600
8680,40,1000,"bu","10:03:39",326800
8670,30,3000,"sd","10:03:37",325800
8670,30,1000,"sd","10:03:37",322800
8680,40,1000,"sd","10:03:23",321800
8690,50,500,"bu","10:02:57",320800
8680,40,6500,"bu","10:01:46",320300
8680,40,500,"bu","10:01:39",313800
8680,40,1000,"bu","10:01:32",313300
8680,40,700,"bu","10:01:18",312300
8680,40,1000,"bu","10:00:37",311600
8680,40,200,"sd","10:00:13",310600
8680,40,100,"sd","10:00:13",310400
8690,50,1600,"bu","09:59:59",310300
8690,50,4000,"sd","09:59:57",308700
8700,60,4100,"sd","09:59:57",304700
8700,60,1000,"bu","09:59:55",300600
8700,60,1000,"bu","09:59:55",299600
8700,60,500,"bu","09:59:55",298600
8700,60,1400,"bu","09:59:55",298100
8700,60,3000,"bu","09:59:47",296700
8700,60,5600,"bu","09:59:41",293700
8700,60,2700,"bu","09:59:41",288100
8690,50,1000,"sd","09:59:24",285400
8680,40,300,"sd","09:59:24",284400
8680,40,300,"sd","09:59:22",284100
8680,40,400,"sd","09:59:22",283800
8680,40,4600,"sd","09:58:37",283400
8680,40,1000,"bu","09:58:28",278800
8670,30,1000,"bu","09:58:28",277800
8670,30,3000,"bu","09:58:28",276800
8660,20,2000,"sd","09:57:35",273800
8660,20,1000,"sd","09:57:35",271800
8660,20,2000,"sd","09:57:35",270800
8670,30,900,"bu","09:57:17",268800
8670,30,5000,"unknown","09:57:16",267900
8670,30,1000,"sd","09:57:16",262900
8670,30,500,"sd","09:57:16",261900
8680,40,700,"sd","09:57:16",261400
8680,40,300,"bu","09:57:03",260700
8680,40,100,"bu","09:56:57",260400
8680,40,1000,"bu","09:56:50",260300
8680,40,1000,"bu","09:56:09",259300
8670,30,500,"sd","09:55:39",258300
8680,40,2000,"bu","09:55:32",257800
8680,40,600,"bu","09:55:32",255800
8700,60,1000,"bu","09:55:28",255200
8680,40,400,"bu","09:55:21",254200
8670,30,500,"sd","09:55:12",253800
8680,40,800,"bu","09:55:06",253300
8680,40,2000,"sd","09:54:49",252500
8680,40,700,"sd","09:54:49",250500
8700,60,1000,"bu","09:54:40",249800
8700,60,500,"sd","09:54:14",248800
8700,60,500,"sd","09:54:14",248300
8700,60,2500,"sd","09:54:14",247800
8700,60,1000,"sd","09:54:14",245300
8720,80,500,"sd","09:54:14",244300
8720,80,5000,"sd","09:54:14",243800
8720,80,3300,"sd","09:54:14",238800
8730,90,2000,"sd","09:54:14",235500
8750,110,16000,"bu","09:54:07",233500
8760,120,1400,"bu","09:54:02",217500
8760,120,200,"bu","09:54:02",216100
8760,120,100,"bu","09:54:02",215900
8760,120,1300,"bu","09:54:02",215800
8760,120,3700,"sd","09:53:32",214500
8760,120,6200,"bu","09:53:27",210800
8760,120,100,"bu","09:53:27",204600
8760,120,8500,"bu","09:52:45",204500
8750,110,1000,"bu","09:52:45",196000
8750,110,500,"bu","09:52:45",195000
8750,110,5000,"bu","09:52:45",194500
8720,80,1700,"sd","09:52:27",189500
8720,80,200,"sd","09:52:27",187800
8720,80,1100,"sd","09:52:27",187600
8750,110,1000,"sd","09:52:27",186500
8760,120,10000,"sd","09:52:00",185500
8760,120,2200,"sd","09:51:50",175500
8760,120,800,"sd","09:51:50",173300
8770,130,500,"bu","09:51:25",172500
8770,130,1000,"bu","09:51:13",172000
8770,130,1000,"bu","09:51:13",171000
8760,120,1000,"sd","09:51:07",170000
8760,120,1000,"sd","09:51:07",169000
8760,120,2000,"sd","09:51:07",168000
8770,130,1000,"bu","09:51:06",166000
8760,120,3000,"sd","09:50:54",165000
8750,110,5500,"bu","09:50:17",162000
8750,110,1900,"bu","09:50:17",156500
8750,110,500,"bu","09:50:07",154600
8750,110,600,"bu","09:49:54",154100
8720,80,500,"sd","09:49:29",153500
8720,80,600,"bu","09:49:29",153000
8720,80,1400,"bu","09:49:29",152400
8710,70,1000,"sd","09:49:15",151000
8720,80,300,"bu","09:49:15",150000
8720,80,500,"bu","09:49:10",149700
8720,80,2000,"bu","09:49:06",149200
8700,60,3000,"sd","09:48:54",147200
8700,60,1000,"bu","09:48:45",144200
8700,60,200,"bu","09:48:45",143200
8700,60,1600,"bu","09:48:45",143000
8700,60,1000,"bu","09:48:45",141400
8700,60,200,"bu","09:48:45",140400
8690,50,900,"bu","09:48:45",140200
8690,50,1000,"bu","09:48:19",139300
8690,50,200,"bu","09:48:13",138300
8690,50,1000,"sd","09:48:04",138100
8690,50,2000,"sd","09:47:52",137100
8690,50,5000,"bu","09:47:20",135100
8680,40,300,"bu","09:46:44",130100
8680,40,300,"sd","09:46:32",129800
8680,40,100,"sd","09:46:32",129500
8680,40,1000,"sd","09:46:24",129400
8680,40,500,"bu","09:46:17",128400
8680,40,500,"bu","09:46:17",127900
8680,40,3400,"bu","09:46:17",127400
8680,40,1500,"bu","09:46:17",124000
8680,40,500,"bu","09:45:52",122500
8680,40,2000,"bu","09:45:52",122000
8680,40,200,"bu","09:45:52",120000
8680,40,2200,"bu","09:45:52",119800
8680,40,100,"bu","09:45:52",117600
8670,30,400,"bu","09:45:06",117500
8650,10,200,"sd","09:44:20",117100
8660,20,200,"sd","09:44:20",116900
8660,20,1600,"sd","09:44:20",116700
8660,20,100,"sd","09:44:16",115100
8660,20,300,"sd","09:44:16",115000
8650,10,500,"bu","09:43:59",114700
8650,10,200,"sd","09:42:26",114200
8650,10,800,"sd","09:42:26",114000
8650,10,1000,"sd","09:42:19",113200
8660,20,100,"bu","09:42:01",112200
8660,20,300,"bu","09:41:59",112100
8660,20,300,"bu","09:41:48",111800
8660,20,1000,"bu","09:41:04",111500
8650,10,2000,"sd","09:40:41",110500
8660,20,500,"bu","09:40:36",108500
8660,20,1000,"bu","09:40:19",108000
8660,20,1200,"bu","09:39:58",107000
8650,10,300,"sd","09:39:18",105800
8630,-10,200,"bu","09:38:03",105500
8630,-10,300,"bu","09:37:41",105300
8630,-10,300,"bu","09:37:41",105000
8630,-10,1400,"bu","09:37:41",104700
8620,-20,500,"bu","09:37:22",103300
8610,-30,500,"sd","09:36:56",102800
8620,-20,500,"bu","09:36:56",102300
8620,-20,500,"bu","09:36:56",101800
8610,-30,500,"sd","09:36:36",101300
8620,-20,500,"bu","09:35:48",100800
8600,-40,300,"bu","09:34:24",100300
8600,-40,100,"bu","09:34:24",100000
8600,-40,1000,"bu","09:34:24",99900
8600,-40,200,"bu","09:34:24",98900
8600,-40,300,"bu","09:34:24",98700
8580,-60,1600,"sd","09:33:46",98400
8580,-60,1800,"sd","09:33:45",96800
8580,-60,900,"sd","09:33:45",95000
8580,-60,100,"sd","09:33:33",94100
8580,-60,100,"sd","09:33:33",94000
8580,-60,1800,"unknown","09:33:06",93900
8580,-60,100,"bu","09:33:04",92100
8580,-60,1000,"sd","09:32:42",92000
8580,-60,400,"sd","09:32:42",91000
8580,-60,2900,"sd","09:32:42",90600
8580,-60,1900,"sd","09:32:40",87700
8590,-50,500,"bu","09:32:28",85800
8580,-60,200,"bu","09:32:23",85300
8580,-60,1000,"bu","09:32:06",85100
8580,-60,200,"bu","09:32:01",84100
8580,-60,10000,"bu","09:31:48",83900
8580,-60,400,"sd","09:31:36",73900
8580,-60,1100,"sd","09:31:36",73500
8580,-60,400,"sd","09:31:23",72400
8580,-60,500,"sd","09:31:23",72000
8590,-50,100,"sd","09:31:19",71500
8600,-40,100,"sd","09:30:38",71400
8600,-40,100,"sd","09:30:38",71300
8600,-40,200,"sd","09:30:38",71200
8600,-40,400,"sd","09:30:38",71000
8600,-40,500,"sd","09:30:17",70600
8600,-40,2000,"sd","09:29:43",70100
8610,-30,900,"bu","09:29:32",68100
8600,-40,100,"sd","09:29:30",67200
8600,-40,400,"sd","09:29:30",67100
8600,-40,200,"sd","09:29:29",66700
8600,-40,2000,"sd","09:29:29",66500
8600,-40,2400,"sd","09:29:23",64500
8600,-40,200,"sd","09:29:23",62100
8600,-40,100,"sd","09:29:23",61900
8600,-40,200,"sd","09:29:23",61800
8600,-40,100,"sd","09:29:22",61600
8600,-40,300,"sd","09:29:13",61500
8600,-40,100,"sd","09:29:01",61200
8610,-30,5000,"bu","09:28:45",61100
8620,-20,1000,"bu","09:28:03",56100
8620,-20,100,"bu","09:28:00",55100
8630,-10,100,"sd","09:27:01",55000
8630,-10,3000,"sd","09:27:01",54900
8630,-10,100,"sd","09:27:01",51900
8640,0,700,"bu","09:26:58",51800
8640,0,3000,"bu","09:26:58",51100
8640,0,300,"bu","09:26:58",48100
8640,0,700,"sd","09:26:19",47800
8640,0,800,"sd","09:26:11",47100
8640,0,500,"sd","09:26:11",46300
8640,0,2000,"sd","09:26:11",45800
8640,0,700,"sd","09:26:11",43800
8640,0,200,"sd","09:26:01",43100
8640,0,300,"sd","09:25:43",42900
8640,0,700,"sd","09:25:43",42600
8640,0,500,"sd","09:25:30",41900
8640,0,1300,"sd","09:25:30",41400
8640,0,100,"sd","09:25:30",40100
8640,0,100,"sd","09:25:30",40000
8650,10,200,"sd","09:24:05",39900
8650,10,1500,"sd","09:24:05",39700
8650,10,4500,"sd","09:23:51",38200
8650,10,500,"sd","09:23:51",33700
8660,20,1500,"bu","09:23:49",33200
8660,20,500,"bu","09:23:49",31700
8660,20,400,"bu","09:23:00",31200
8660,20,400,"bu","09:23:00",30800
8660,20,400,"bu","09:21:43",30400
8660,20,800,"bu","09:21:43",30000
8660,20,1300,"sd","09:20:00",29200
8660,20,3300,"sd","09:18:48",27900
8660,20,6700,"bu","09:18:41",24600
8660,20,200,"bu","09:18:41",17900
8660,20,200,"bu","09:17:13",17700
8660,20,100,"sd","09:17:05",17500
8660,20,400,"sd","09:16:47",17400
8660,20,9000,"sd","09:16:47",17000
8660,20,100,"sd","09:16:47",8000
8660,20,3500,"sd","09:16:47",7900
8680,40,100,"bu","09:15:09",4400
8660,20,4300,"sd","09:15:01",4300
