"price","change","match_qtty","side","time","total_vol"
44750,800,5400,"unknown","14:44:59",80700
44600,650,500,"unknown","14:27:50",75300
44600,650,500,"sd","14:27:50",74800
44300,350,300,"sd","14:27:50",74300
44500,550,100,"sd","14:27:50",74000
44500,550,300,"sd","14:27:50",73900
44500,550,1000,"sd","14:27:50",73600
44500,550,100,"sd","14:27:50",72600
44550,600,100,"sd","14:27:50",72500
44600,650,500,"sd","14:24:28",72400
44600,650,4400,"sd","14:18:07",71900
44650,700,600,"sd","14:18:07",67500
44600,650,3400,"bu","14:16:49",66900
44600,650,100,"bu","14:16:42",63500
44600,650,1500,"sd","14:12:26",63400
44800,850,100,"bu","14:12:01",61900
44600,650,200,"bu","14:09:40",61800
44600,650,1000,"bu","14:09:40",61600
44600,650,4000,"bu","14:05:16",60600
44550,600,2000,"sd","13:59:06",56600
44800,850,500,"bu","13:58:41",54600
44800,850,900,"bu","13:57:52",54100
44800,850,2500,"sd","13:57:33",53200
44800,850,200,"bu","13:56:55",50700
44550,600,1300,"sd","13:56:34",50500
44550,600,3100,"sd","13:48:38",49200
44550,600,800,"sd","13:48:38",46100
44600,650,1000,"sd","13:48:38",45300
44600,650,100,"sd","13:48:38",44300
44800,850,100,"sd","13:38:30",44200
44900,950,700,"sd","13:34:07",44100
44900,950,100,"bu","13:33:47",43400
44900,950,1000,"bu","13:31:30",43300
44900,950,500,"bu","13:29:00",42300
44950,1000,100,"bu","13:21:09",41800
45000,1050,200,"bu","13:16:27",41700
45000,1050,100,"bu","13:12:06",41500
45000,1050,500,"bu","13:12:06",41400
44950,1000,100,"bu","13:12:06",40900
44950,1000,100,"bu","13:12:06",40800
44900,950,1000,"bu","13:12:06",40700
44900,950,500,"bu","13:12:06",39700
44900,950,100,"bu","13:12:06",39200
44900,950,500,"bu","13:12:06",39100
44900,950,100,"bu","13:12:06",38600
44850,900,2000,"unknown","13:10:49",38500
44850,900,200,"bu","13:10:49",36500
44750,800,300,"bu","13:10:49",36300
44750,800,100,"sd","13:09:22",36000
44750,800,500,"sd","13:08:20",35900
44700,750,100,"bu","13:00:06",35400
44700,750,600,"sd","13:00:03",35300
44700,750,400,"sd","11:28:31",34700
44700,750,1000,"sd","11:28:31",34300
44600,650,800,"sd","11:22:01",33300
44650,700,1000,"sd","11:21:41",32500
44650,700,200,"sd","11:21:41",31500
44650,700,800,"sd","11:20:03",31300
44650,700,300,"sd","11:20:03",30500
44650,700,500,"sd","11:20:03",30200
44650,700,100,"sd","11:20:03",29700
44750,800,200,"bu","11:15:31",29600
44700,750,100,"bu","11:11:44",29400
44700,750,100,"unknown","11:09:31",29300
44650,700,900,"bu","10:54:13",29200
44600,650,100,"bu","10:52:09",28300
44550,600,200,"sd","10:47:30",28200
44600,650,100,"unknown","10:40:05",28000
44650,700,700,"sd","10:34:48",27900
44750,800,200,"bu","10:30:49",27200
44750,800,300,"bu","10:29:35",27000
44750,800,1300,"bu","10:28:40",26700
44800,850,500,"bu","10:24:09",25400
44800,850,2500,"bu","10:24:09",24900
44800,850,500,"sd","10:23:04",22400
44800,850,100,"sd","10:22:17",21900
44700,750,2400,"bu","10:20:19",21800
44650,700,100,"sd","10:19:26",19400
44650,700,100,"sd","10:17:02",19300
44650,700,200,"bu","10:16:26",19200
44650,700,800,"sd","10:12:37",19000
44700,750,1500,"bu","10:09:37",18200
44650,700,500,"bu","10:09:37",16700
44650,700,700,"sd","10:07:41",16200
44700,750,100,"sd","10:01:33",15500
44850,900,500,"bu","10:00:13",15400
44800,850,500,"bu","10:00:13",14900
44850,900,300,"bu","09:59:55",14400
44800,850,500,"bu","09:58:57",14100
44800,850,100,"bu","09:58:57",13600
44800,850,100,"bu","09:58:57",13500
44700,750,100,"sd","09:58:10",13400
44700,750,100,"bu","09:57:52",13300
44650,700,100,"sd","09:57:26",13200
44600,650,100,"bu","09:56:05",13100
44550,600,200,"unknown","09:51:55",13000
44500,550,200,"sd","09:47:05",12800
44550,600,300,"sd","09:47:05",12600
44550,600,500,"sd","09:46:53",12300
44500,550,500,"sd","09:43:35",11800
44500,550,500,"sd","09:43:30",11300
44500,550,500,"bu","09:38:20",10800
44500,550,200,"bu","09:38:20",10300
44500,550,200,"bu","09:37:54",10100
44400,450,300,"bu","09:37:17",9900
44250,300,500,"sd","09:31:15",9600
44400,450,400,"bu","09:30:50",9100
44400,450,100,"sd","09:30:50",8700
44400,450,100,"bu","09:30:08",8600
44250,300,100,"sd","09:28:23",8500
44500,550,100,"bu","09:26:12",8400
44500,550,1000,"sd","09:26:04",8300
44600,650,500,"sd","09:26:04",7300
44900,950,200,"sd","09:24:34",6800
44900,950,600,"sd","09:24:34",6600
44950,1000,500,"bu","09:22:38",6000
45000,1050,500,"bu","09:22:16",5500
44900,950,100,"unknown","09:21:55",5000
44900,950,100,"unknown","09:21:55",4900
44900,950,100,"bu","09:21:24",4800
44900,950,100,"bu","09:21:03",4700
44500,550,100,"sd","09:20:55",4600
44500,550,300,"sd","09:20:54",4500
44500,550,100,"bu","09:20:05",4200
44500,550,100,"bu","09:18:59",4100
44500,550,100,"bu","09:18:59",4000
44000,50,800,"bu","09:17:50",3900
44000,50,1000,"bu","09:17:33",3100
44000,50,200,"bu","09:16:53",2100
44000,50,800,"bu","09:16:53",1900
43950,0,1100,"sd","09:14:59",1100
