"price","change","match_qtty","side","time","total_vol"
4500,170,78400,"bu","14:45:01",253300
4340,10,1400,"sd","14:28:51",174900
4340,10,600,"sd","14:28:51",173500
4350,20,5000,"sd","14:28:40",172900
4340,10,2400,"sd","14:27:06",167900
4350,20,500,"sd","14:27:06",165500
4350,20,500,"sd","14:27:06",165000
4350,20,400,"sd","14:27:06",164500
4350,20,600,"bu","14:26:26",164100
4350,20,200,"bu","14:26:01",163500
4350,20,100,"bu","14:25:45",163300
4350,20,200,"bu","14:25:34",163200
4350,20,600,"sd","14:24:53",163000
4380,50,100,"bu","14:23:15",162400
4370,40,1000,"bu","14:23:00",162300
4370,40,300,"bu","14:20:00",161300
4370,40,500,"bu","14:19:40",161000
4370,40,600,"bu","14:18:38",160500
4370,40,100,"bu","14:18:26",159900
4370,40,100,"bu","14:17:20",159800
4360,30,500,"bu","14:17:20",159700
4360,30,1000,"bu","14:17:20",159200
4360,30,200,"bu","14:17:04",158200
4360,30,100,"bu","14:16:54",158000
4360,30,200,"bu","14:16:46",157900
4360,30,100,"bu","14:16:38",157700
4360,30,200,"bu","14:16:27",157600
4360,30,100,"bu","14:16:18",157400
4360,30,200,"bu","14:16:09",157300
4360,30,100,"bu","14:16:01",157100
4360,30,200,"bu","14:15:50",157000
4340,10,4500,"sd","14:15:47",156800
4340,10,300,"sd","14:15:47",152300
4340,10,8800,"sd","14:15:47",152000
4340,10,4400,"sd","14:15:47",143200
4360,30,100,"bu","14:15:41",138800
4360,30,200,"bu","14:15:33",138700
4360,30,100,"bu","14:15:25",138500
4360,30,200,"bu","14:15:16",138400
4350,20,3800,"bu","14:15:16",138200
4350,20,200,"sd","14:14:48",134400
4350,20,300,"sd","14:13:26",134200
4350,20,1000,"sd","14:13:26",133900
4350,20,700,"sd","14:13:26",132900
4350,20,300,"sd","14:11:49",132200
4350,20,600,"sd","14:11:49",131900
4350,20,500,"sd","14:11:49",131300
4360,30,2400,"sd","14:11:49",130800
4360,30,200,"sd","14:11:49",128400
4380,50,100,"bu","14:05:46",128200
4360,30,100,"sd","14:04:38",128100
4380,50,500,"bu","14:02:49",128000
4380,50,2000,"bu","14:02:49",127500
4380,50,500,"bu","14:02:49",125500
4380,50,100,"bu","14:01:14",125000
4370,40,100,"bu","14:01:14",124900
4360,30,2500,"sd","14:00:43",124800
4360,30,3000,"sd","14:00:37",122300
4360,30,4200,"bu","14:00:15",119300
4350,20,200,"sd","13:59:53",115100
4360,30,800,"bu","13:57:58",114900
4360,30,100,"bu","13:53:49",114100
4360,30,1500,"bu","13:53:43",114000
4360,30,500,"bu","13:53:43",112500
4360,30,700,"bu","13:52:31",112000
4360,30,800,"bu","13:49:58",111300
4350,20,400,"sd","13:48:37",110500
4350,20,200,"sd","13:41:44",110100
4350,20,200,"sd","13:41:23",109900
4350,20,300,"sd","13:41:23",109700
4350,20,4700,"sd","13:40:36",109400
4350,20,3300,"sd","13:40:36",104700
4350,20,7700,"sd","13:38:26",101400
4350,20,2300,"sd","13:38:26",93700
4350,20,2700,"sd","13:37:37",91400
4360,30,100,"sd","13:37:37",88700
4360,30,4900,"bu","13:31:34",88600
4360,30,100,"bu","13:31:33",83700
4360,30,2900,"bu","13:31:33",83600
4350,20,1000,"sd","13:28:57",80700
4350,20,10000,"sd","13:26:30",79700
4350,20,1000,"sd","13:24:21",69700
4350,20,100,"sd","13:24:21",68700
4350,20,1000,"sd","13:24:21",68600
4350,20,600,"sd","13:24:21",67600
4360,30,100,"bu","13:14:23",67000
4360,30,1000,"bu","13:13:23",66900
4350,20,500,"sd","13:13:05",65900
4360,30,200,"sd","13:04:09",65400
4360,30,100,"sd","13:00:20",65200
4360,30,700,"bu","13:00:07",65100
4350,20,900,"sd","13:00:02",64400
4350,20,100,"sd","13:00:02",63500
4370,40,700,"bu","13:00:01",63400
4370,40,600,"bu","13:00:01",62700
4370,40,5000,"bu","13:00:01",62100
4370,40,1000,"bu","13:00:01",57100
4370,40,200,"bu","13:00:01",56100
4360,30,4300,"unknown","11:06:49",55900
4340,10,200,"sd","11:06:49",51600
4350,20,5000,"sd","11:06:49",51400
4350,20,500,"sd","11:06:49",46400
4360,30,100,"bu","11:00:15",45900
4360,30,200,"bu","11:00:15",45800
4360,30,3000,"bu","10:59:26",45600
4370,40,100,"bu","10:22:29",42600
4340,10,100,"sd","10:18:19",42500
4340,10,100,"bu","10:13:37",42400
4340,10,200,"bu","10:13:37",42300
4340,10,8000,"bu","10:13:18",42100
4340,10,500,"bu","10:12:53",34100
4340,10,1000,"bu","10:11:21",33600
4340,10,300,"sd","10:09:10",32600
4340,10,200,"sd","10:08:55",32300
4340,10,4500,"bu","10:07:03",32100
4340,10,500,"bu","10:06:31",27600
4340,10,1000,"bu","10:04:03",27100
4330,0,100,"sd","10:03:25",26100
4330,0,2900,"sd","10:03:11",26000
4330,0,100,"sd","10:03:11",23100
4340,10,300,"bu","10:03:08",23000
4340,10,1100,"sd","10:02:36",22700
4340,10,1900,"sd","10:02:36",21600
4340,10,400,"sd","10:02:36",19700
4350,20,300,"sd","10:02:08",19300
4350,20,100,"sd","10:01:46",19000
4350,20,300,"sd","10:01:35",18900
4380,50,300,"bu","09:57:43",18600
4370,40,1000,"bu","09:57:11",18300
4370,40,200,"bu","09:56:29",17300
4350,20,300,"sd","09:54:24",17100
4350,20,100,"sd","09:54:24",16800
4370,40,1000,"bu","09:47:58",16700
4370,40,1000,"bu","09:42:12",15700
4350,20,400,"sd","09:41:10",14700
4350,20,3000,"bu","09:40:51",14300
4350,20,1000,"bu","09:40:51",11300
4350,20,2000,"bu","09:40:51",10300
4350,20,2000,"bu","09:40:51",8300
4340,10,400,"sd","09:40:20",6300
4340,10,3000,"bu","09:40:16",5900
4350,20,100,"sd","09:27:22",2900
4340,10,200,"sd","09:25:50",2800
4380,50,100,"bu","09:23:00",2600
4330,0,200,"sd","09:18:06",2500
4330,0,400,"sd","09:16:48",2300
4300,-30,1900,"sd","09:15:00",1900
