"price","change","match_qtty","side","time","total_vol"
26650,-50,3300,"bu","14:45:01",58500
26650,-50,800,"bu","14:29:56",55200
26650,-50,1000,"bu","14:27:09",54400
26600,-100,100,"sd","14:27:02",53400
26600,-100,200,"sd","14:27:02",53300
26600,-100,100,"sd","14:27:02",53100
26600,-100,100,"sd","14:27:02",53000
26600,-100,200,"sd","14:26:10",52900
26650,-50,1000,"bu","14:26:06",52700
26650,-50,400,"bu","14:24:50",51700
26650,-50,100,"bu","14:24:50",51300
26650,-50,300,"bu","14:24:17",51200
26650,-50,200,"bu","14:24:17",50900
26650,-50,300,"bu","14:23:27",50700
26650,-50,200,"bu","14:22:51",50400
26650,-50,100,"bu","14:22:51",50200
26600,-100,200,"bu","14:19:04",50100
26600,-100,300,"bu","14:18:55",49900
26600,-100,100,"bu","14:17:11",49600
26600,-100,400,"bu","14:15:18",49500
26600,-100,600,"bu","14:15:18",49100
26550,-150,400,"sd","14:13:29",48500
26550,-150,700,"sd","14:13:29",48100
26550,-150,800,"sd","14:12:45",47400
26550,-150,200,"sd","14:12:45",46600
26550,-150,100,"sd","14:08:46",46400
26550,-150,400,"sd","14:08:46",46300
26550,-150,100,"sd","14:08:46",45900
26550,-150,400,"sd","14:08:46",45800
26550,-150,400,"sd","14:04:23",45400
26550,-150,100,"sd","14:04:23",45000
26550,-150,500,"sd","14:00:30",44900
26550,-150,500,"sd","13:59:48",44400
26550,-150,1400,"sd","13:59:48",43900
26600,-100,500,"bu","13:59:21",42500
26550,-150,100,"bu","13:56:38",42000
26550,-150,400,"bu","13:56:35",41900
26550,-150,500,"bu","13:56:35",41500
26550,-150,200,"bu","13:56:35",41000
26550,-150,400,"bu","13:56:35",40800
26550,-150,100,"bu","13:54:29",40400
26550,-150,900,"bu","13:54:29",40300
26550,-150,500,"bu","13:50:45",39400
26550,-150,100,"bu","13:50:29",38900
26550,-150,200,"sd","13:48:40",38800
26550,-150,1000,"sd","13:48:40",38600
26550,-150,300,"sd","13:48:40",37600
26550,-150,1000,"sd","13:48:40",37300
26550,-150,500,"sd","13:48:40",36300
26550,-150,500,"sd","13:48:40",35800
26550,-150,500,"sd","13:48:01",35300
26550,-150,500,"sd","13:48:01",34800
26550,-150,200,"sd","13:47:29",34300
26600,-100,800,"bu","13:43:30",34100
26600,-100,1000,"bu","13:40:36",33300
26600,-100,100,"bu","13:39:04",32300
26600,-100,100,"bu","13:37:07",32200
26550,-150,300,"sd","13:36:58",32100
26550,-150,500,"sd","13:36:58",31800
26550,-150,200,"sd","13:36:58",31300
26600,-100,500,"bu","13:36:00",31100
26600,-100,100,"sd","13:35:53",30600
26600,-100,200,"sd","13:35:53",30500
26650,-50,200,"bu","13:32:43",30300
26650,-50,800,"bu","13:15:15",30100
26650,-50,1200,"bu","13:15:14",29300
26550,-150,300,"sd","13:15:02",28100
26550,-150,200,"bu","13:08:19",27800
26550,-150,800,"bu","13:08:06",27600
26550,-150,200,"bu","13:08:06",26800
26550,-150,1000,"bu","13:07:05",26600
26550,-150,1000,"bu","13:06:42",25600
26550,-150,1000,"bu","13:06:41",24600
26550,-150,2000,"bu","13:06:34",23600
26550,-150,100,"sd","13:06:07",21600
26550,-150,500,"sd","13:06:07",21500
26550,-150,500,"sd","13:06:07",21000
26550,-150,700,"sd","13:06:07",20500
26550,-150,800,"bu","13:00:00",19800
26500,-200,800,"sd","11:29:45",19000
26550,-150,300,"sd","11:29:24",18200
26550,-150,1500,"sd","11:29:24",17900
26550,-150,400,"sd","11:29:24",16400
26550,-150,700,"sd","11:28:37",16000
26550,-150,200,"sd","11:28:37",15300
26550,-150,1000,"sd","11:28:37",15100
26600,-100,200,"sd","11:28:37",14100
26600,-100,100,"sd","11:28:37",13900
26600,-100,500,"sd","11:28:37",13800
26600,-100,300,"sd","11:28:37",13300
26650,-50,800,"bu","11:21:39",13000
26600,-100,500,"sd","10:55:29",12200
26600,-100,500,"sd","10:55:29",11700
26600,-100,200,"sd","10:48:34",11200
26600,-100,100,"sd","10:46:42",11000
26600,-100,700,"sd","10:43:09",10900
26600,-100,100,"sd","10:30:07",10200
26600,-100,1000,"sd","10:30:07",10100
26600,-100,500,"sd","10:30:07",9100
26600,-100,200,"sd","10:30:07",8600
26600,-100,1000,"sd","10:30:07",8400
26600,-100,100,"sd","10:30:07",7400
26600,-100,100,"sd","10:30:07",7300
26700,0,100,"bu","10:28:38",7200
26600,-100,100,"sd","10:25:51",7100
26650,-50,100,"sd","10:25:51",7000
26650,-50,200,"sd","10:25:51",6900
26650,-50,100,"sd","10:15:03",6700
26650,-50,1000,"sd","10:15:03",6600
26650,-50,200,"sd","10:15:03",5600
26650,-50,100,"sd","10:15:03",5400
26650,-50,200,"sd","10:15:03",5300
26700,0,200,"sd","10:07:31",5100
26700,0,500,"sd","10:06:12",4900
26750,50,100,"unknown","10:05:44",4400
26750,50,200,"unknown","10:05:44",4300
26700,0,300,"sd","10:05:44",4100
26700,0,200,"bu","09:57:42",3800
26650,-50,200,"sd","09:57:10",3600
26700,0,400,"sd","09:56:15",3400
26650,-50,200,"sd","09:47:53",3000
26650,-50,100,"bu","09:46:20",2800
26650,-50,300,"bu","09:46:20",2700
26650,-50,200,"sd","09:39:45",2400
26650,-50,1000,"sd","09:39:45",2200
26800,100,100,"bu","09:39:33",1200
26800,100,100,"bu","09:39:33",1100
26800,100,100,"bu","09:39:33",1000
26800,100,200,"bu","09:27:14",900
26800,100,100,"bu","09:27:14",700
26800,100,100,"bu","09:25:01",600
26800,100,200,"bu","09:25:01",500
26900,200,300,"unknown","09:15:00",300
