"price","change","match_qtty","side","time","total_vol"
36000,500,6000,"sd","14:45:01",138700
36050,550,100,"bu","14:29:30",132700
36000,500,500,"sd","14:29:15",132600
36000,500,800,"sd","14:28:30",132100
36000,500,400,"sd","14:26:37",131300
36000,500,1600,"sd","14:26:37",130900
36000,500,100,"sd","14:25:34",129300
36050,550,900,"bu","14:23:39",129200
36050,550,400,"bu","14:23:39",128300
36050,550,500,"bu","14:21:50",127900
36050,550,100,"bu","14:21:38",127400
36050,550,100,"bu","14:21:38",127300
36050,550,200,"bu","14:20:23",127200
36050,550,1300,"bu","14:16:46",127000
36050,550,400,"sd","14:16:27",125700
36050,550,100,"sd","14:15:49",125300
36050,550,500,"bu","14:14:50",125200
36000,500,2500,"sd","14:14:26",124700
36000,500,800,"sd","14:14:21",122200
36000,500,1000,"sd","14:14:21",121400
36000,500,300,"sd","14:14:21",120400
36050,550,800,"sd","14:14:05",120100
36050,550,200,"bu","14:12:34",119300
36050,550,600,"bu","14:11:39",119100
36050,550,400,"sd","14:11:07",118500
36050,550,100,"sd","14:08:05",118100
36050,550,300,"bu","14:06:53",118000
36050,550,700,"bu","14:06:48",117700
36050,550,500,"bu","14:05:12",117000
36000,500,1700,"sd","14:04:19",116500
36050,550,1000,"sd","14:03:04",114800
36050,550,600,"sd","14:03:04",113800
36050,550,2000,"sd","14:00:37",113200
36050,550,1000,"sd","14:00:20",111200
36100,600,200,"bu","13:59:19",110200
36100,600,300,"bu","13:59:19",110000
36050,550,1200,"sd","13:58:34",109700
36050,550,500,"sd","13:58:13",108500
36050,550,2000,"sd","13:57:52",108000
36100,600,700,"bu","13:52:08",106000
36050,550,1000,"sd","13:50:14",105300
36050,550,700,"sd","13:50:10",104300
36050,550,300,"sd","13:50:10",103600
36100,600,200,"bu","13:49:12",103300
36100,600,400,"bu","13:47:00",103100
36100,600,100,"sd","13:46:58",102700
36100,600,500,"sd","13:45:03",102600
36100,600,200,"sd","13:44:15",102100
36100,600,400,"sd","13:44:15",101900
36100,600,700,"sd","13:44:15",101500
36200,700,300,"sd","13:39:53",100800
36200,700,200,"sd","13:39:53",100500
36200,700,500,"sd","13:39:45",100300
36200,700,200,"sd","13:39:45",99800
36200,700,300,"sd","13:39:45",99600
36200,700,1000,"sd","13:39:34",99300
36200,700,1000,"sd","13:39:28",98300
36200,700,100,"sd","13:38:23",97300
36200,700,2600,"sd","13:38:07",97200
36200,700,400,"sd","13:38:07",94600
36200,700,200,"sd","13:37:54",94200
36300,800,100,"bu","13:35:05",94000
36300,800,500,"bu","13:35:05",93900
36300,800,100,"bu","13:35:05",93400
36200,700,100,"sd","13:31:03",93300
36300,800,200,"bu","13:27:32",93200
36300,800,400,"bu","13:24:01",93000
36300,800,300,"bu","13:24:01",92600
36300,800,400,"bu","13:23:23",92300
36300,800,200,"bu","13:20:34",91900
36300,800,1800,"bu","13:20:34",91700
36250,750,200,"bu","13:20:10",89900
36250,750,800,"bu","13:19:38",89700
36250,750,1000,"sd","13:18:52",88900
36250,750,200,"bu","13:18:20",87900
36250,750,800,"bu","13:18:20",87700
36250,750,100,"bu","13:18:11",86900
36250,750,200,"bu","13:18:11",86800
36200,700,1000,"sd","13:16:50",86600
36300,800,200,"bu","13:16:18",85600
36300,800,200,"bu","13:16:18",85400
36300,800,100,"bu","13:16:18",85200
36250,750,100,"bu","13:16:18",85100
36250,750,100,"bu","13:16:18",85000
36200,700,300,"bu","13:14:47",84900
36200,700,1000,"bu","13:14:47",84600
36200,700,400,"bu","13:14:47",83600
36200,700,200,"bu","13:12:46",83200
36200,700,500,"bu","13:12:46",83000
36200,700,100,"bu","13:12:46",82500
36200,700,100,"bu","13:12:46",82400
36200,700,100,"bu","13:12:46",82300
36150,650,1000,"bu","13:11:33",82200
36150,650,100,"unknown","13:09:55",81200
36150,650,100,"unknown","13:09:55",81100
36100,600,500,"unknown","13:09:55",81000
36100,600,300,"unknown","13:09:55",80500
36100,600,800,"unknown","13:09:55",80200
36150,650,200,"bu","13:09:55",79400
36150,650,1000,"bu","13:09:55",79200
36050,550,200,"sd","13:07:04",78200
36050,550,300,"sd","13:07:04",78000
36100,600,200,"sd","13:00:38",77700
36100,600,200,"sd","13:00:05",77500
36100,600,300,"sd","13:00:03",77300
36100,600,200,"sd","13:00:03",77000
36100,600,500,"bu","11:27:57",76800
36100,600,500,"bu","11:27:49",76300
36100,600,600,"bu","11:27:41",75800
36100,600,100,"bu","11:27:41",75200
36050,550,100,"sd","11:25:29",75100
36050,550,700,"sd","11:24:44",75000
36050,550,1000,"sd","11:24:00",74300
36050,550,600,"bu","11:21:49",73300
36050,550,300,"sd","11:19:34",72700
36050,550,100,"sd","11:19:34",72400
36050,550,400,"bu","11:16:32",72300
36050,550,200,"bu","11:16:29",71900
36050,550,900,"bu","11:16:07",71700
36050,550,1000,"bu","11:16:07",70800
36050,550,100,"bu","11:16:07",69800
36000,500,1000,"bu","11:14:44",69700
36000,500,1000,"bu","11:14:44",68700
36000,500,500,"bu","11:14:44",67700
35950,450,100,"sd","11:13:32",67200
35950,450,200,"sd","11:10:16",67100
35950,450,500,"sd","11:09:32",66900
35950,450,500,"sd","11:09:32",66400
36000,500,1000,"bu","11:09:03",65900
36000,500,1000,"bu","11:07:11",64900
35900,400,200,"sd","11:05:42",63900
35900,400,100,"sd","11:05:42",63700
35900,400,900,"sd","11:05:04",63600
35900,400,100,"sd","11:05:04",62700
35950,450,1000,"sd","11:05:04",62600
36000,500,1000,"bu","11:03:13",61600
36000,500,1000,"bu","11:03:13",60600
35950,450,200,"bu","11:03:13",59600
36000,500,1000,"bu","11:01:14",59400
36000,500,300,"sd","11:00:13",58400
36000,500,700,"sd","11:00:13",58100
36050,550,100,"bu","10:58:49",57400
36050,550,200,"bu","10:58:49",57300
36050,550,300,"bu","10:58:42",57100
36050,550,100,"bu","10:57:33",56800
36050,550,100,"bu","10:57:15",56700
36050,550,100,"bu","10:56:26",56600
36050,550,300,"bu","10:56:26",56500
36050,550,700,"bu","10:55:30",56200
36050,550,1000,"bu","10:55:30",55500
36050,550,200,"bu","10:55:30",54500
36050,550,100,"bu","10:55:30",54300
36000,500,800,"bu","10:52:54",54200
36000,500,500,"bu","10:49:06",53400
36000,500,200,"bu","10:49:06",52900
36000,500,100,"bu","10:48:08",52700
36000,500,700,"bu","10:45:37",52600
36000,500,1000,"bu","10:44:38",51900
36000,500,500,"bu","10:44:38",50900
36000,500,100,"bu","10:42:45",50400
36000,500,1000,"bu","10:42:16",50300
36000,500,1000,"bu","10:42:16",49300
36000,500,100,"bu","10:42:16",48300
36000,500,100,"bu","10:42:16",48200
35950,450,500,"bu","10:42:16",48100
35950,450,300,"bu","10:42:16",47600
35950,450,1000,"bu","10:39:35",47300
35950,450,200,"bu","10:39:35",46300
35950,450,200,"bu","10:39:35",46100
35950,450,800,"bu","10:33:23",45900
35950,450,300,"bu","10:33:23",45100
35950,450,100,"bu","10:33:23",44800
35950,450,1000,"bu","10:33:23",44700
35950,450,800,"bu","10:33:23",43700
35900,400,1000,"bu","10:32:17",42900
35900,400,300,"bu","10:32:17",41900
35900,400,700,"bu","10:31:23",41600
35900,400,700,"bu","10:30:59",40900
35900,400,300,"bu","10:30:52",40200
35900,400,100,"bu","10:30:52",39900
35850,350,100,"sd","10:30:44",39800
35850,350,100,"sd","10:27:24",39700
35850,350,200,"bu","10:26:24",39600
35850,350,1000,"bu","10:26:24",39400
35850,350,700,"bu","10:26:24",38400
35800,300,1000,"sd","10:22:16",37700
35850,350,200,"bu","10:19:34",36700
35850,350,100,"bu","10:16:12",36500
35850,350,900,"bu","10:16:12",36400
35850,350,100,"bu","10:15:01",35500
35850,350,1000,"bu","10:14:33",35400
35800,300,100,"sd","10:12:20",34400
35800,300,200,"sd","10:09:52",34300
35800,300,100,"sd","10:09:52",34100
35800,300,100,"sd","10:09:52",34000
35800,300,2000,"sd","10:03:12",33900
35800,300,100,"sd","10:00:43",31900
35950,450,200,"bu","09:59:08",31800
35950,450,1000,"bu","09:58:24",31600
35950,450,100,"bu","09:58:24",30600
35900,400,100,"bu","09:57:59",30500
35900,400,100,"bu","09:57:59",30400
35900,400,500,"bu","09:57:25",30300
35900,400,700,"bu","09:56:09",29800
35900,400,400,"bu","09:55:29",29100
35900,400,600,"bu","09:54:26",28700
35900,400,200,"sd","09:54:09",28100
35900,400,300,"sd","09:54:09",27900
35900,400,3000,"sd","09:53:27",27600
35900,400,3000,"sd","09:53:12",24600
36000,500,100,"bu","09:52:39",21600
36000,500,200,"bu","09:52:39",21500
36000,500,400,"bu","09:50:56",21300
36000,500,600,"bu","09:50:16",20900
36000,500,1000,"bu","09:50:16",20300
36000,500,400,"bu","09:50:16",19300
36000,500,100,"bu","09:49:43",18900
36000,500,100,"bu","09:49:43",18800
36000,500,700,"bu","09:49:43",18700
36000,500,100,"bu","09:49:43",18000
35900,400,500,"bu","09:48:42",17900
35900,400,500,"bu","09:48:42",17400
35900,400,700,"bu","09:48:42",16900
35900,400,300,"sd","09:46:24",16200
35900,400,100,"sd","09:45:07",15900
36000,500,200,"bu","09:44:16",15800
35800,300,400,"sd","09:41:51",15600
35900,400,100,"sd","09:41:51",15200
36000,500,100,"bu","09:35:54",15100
36000,500,600,"bu","09:35:48",15000
36000,500,100,"bu","09:35:48",14400
36000,500,100,"bu","09:35:48",14300
36000,500,1300,"bu","09:33:00",14200
36000,500,200,"bu","09:33:00",12900
36000,500,1000,"bu","09:33:00",12700
36000,500,200,"bu","09:33:00",11700
36000,500,100,"bu","09:33:00",11500
36000,500,100,"bu","09:33:00",11400
36000,500,100,"bu","09:33:00",11300
36000,500,100,"bu","09:30:45",11200
36000,500,400,"bu","09:30:45",11100
36000,500,600,"bu","09:29:16",10700
36000,500,400,"bu","09:29:16",10100
35850,350,1000,"bu","09:25:50",9700
36000,500,600,"sd","09:24:48",8700
36000,500,400,"sd","09:24:48",8100
36000,500,100,"sd","09:23:57",7700
36000,500,900,"sd","09:23:48",7600
36000,500,100,"sd","09:23:21",6700
36000,500,100,"bu","09:22:26",6600
36000,500,600,"bu","09:22:26",6500
36000,500,100,"bu","09:21:41",5900
35700,200,100,"sd","09:17:05",5800
36600,1100,5700,"bu","09:15:00",5700
