"price","change","match_qtty","side","time","total_vol"
38100,200,8500,"unknown","14:45:00",258700
38000,100,2000,"sd","14:29:08",250200
38000,100,200,"sd","14:29:07",248200
38000,100,4000,"sd","14:28:36",248000
38000,100,400,"sd","14:28:35",244000
38100,200,300,"bu","14:28:11",243600
38100,200,10000,"bu","14:28:03",243300
38100,200,800,"bu","14:27:43",233300
38000,100,600,"sd","14:26:39",232500
38100,200,100,"bu","14:26:23",231900
38100,200,500,"bu","14:26:18",231800
38100,200,100,"bu","14:26:10",231300
38100,200,500,"bu","14:25:53",231200
38000,100,800,"sd","14:25:43",230700
38200,300,1000,"bu","14:24:28",229900
38000,100,15000,"sd","14:23:45",228900
38200,300,200,"bu","14:22:46",213900
38100,200,7400,"unknown","14:22:30",213700
38200,300,9000,"bu","14:22:15",206300
38200,300,800,"bu","14:21:31",197300
38200,300,400,"bu","14:19:30",196500
38200,300,100,"bu","14:18:53",196100
38100,200,100,"bu","14:18:24",196000
38100,200,200,"bu","14:18:08",195900
38100,200,700,"bu","14:17:54",195700
38200,300,1000,"bu","14:17:10",195000
38200,300,100,"bu","14:16:01",194000
38100,200,5700,"unknown","14:15:11",193900
38200,300,100,"bu","14:13:51",188200
38100,200,3000,"sd","14:13:30",188100
38100,200,100,"sd","14:12:34",185100
38200,300,100,"bu","14:12:04",185000
38100,200,5000,"sd","14:11:53",184900
38100,200,100,"sd","14:11:08",179900
38200,300,2000,"bu","14:11:07",179800
38100,200,3000,"sd","14:11:03",177800
38200,300,500,"bu","14:10:02",174800
38200,300,300,"bu","14:09:40",174300
38200,300,1900,"bu","14:09:21",174000
38200,300,400,"bu","14:09:03",172100
38200,300,3500,"bu","14:07:54",171700
38100,200,500,"sd","14:07:20",168200
38100,200,500,"sd","14:07:08",167700
38100,200,7000,"sd","14:06:09",167200
38100,200,300,"bu","14:05:39",160200
38100,200,700,"bu","14:04:51",159900
38100,200,1400,"bu","14:04:01",159200
38100,200,500,"bu","14:03:43",157800
38100,200,200,"bu","14:01:57",157300
38100,200,3500,"bu","14:00:58",157100
38100,200,200,"bu","13:59:52",153600
38000,100,1500,"sd","13:56:08",153400
38100,200,100,"bu","13:55:38",151900
38000,100,100,"sd","13:55:04",151800
38100,200,100,"bu","13:55:02",151700
38000,100,200,"sd","13:52:13",151600
38000,100,500,"sd","13:51:12",151400
38100,200,100,"bu","13:48:49",150900
38000,100,200,"sd","13:43:16",150800
38100,200,100,"bu","13:43:10",150600
38000,100,400,"sd","13:42:43",150500
38000,100,500,"bu","13:40:47",150100
38000,100,600,"bu","13:40:43",149600
38000,100,100,"bu","13:38:31",149000
37900,0,100,"sd","13:38:24",148900
37900,0,1500,"sd","13:38:14",148800
38000,100,300,"bu","13:38:06",147300
38000,100,200,"bu","13:37:16",147000
38000,100,900,"bu","13:35:22",146800
38000,100,900,"sd","13:33:28",145900
38000,100,3000,"sd","13:31:41",145000
38100,200,400,"bu","13:29:37",142000
38100,200,400,"sd","13:28:53",141600
38100,200,500,"sd","13:28:24",141200
38100,200,1000,"sd","13:28:03",140700
38100,200,100,"bu","13:24:35",139700
38100,200,100,"bu","13:22:44",139600
38100,200,300,"bu","13:21:55",139500
38100,200,500,"unknown","13:19:57",139200
38100,200,600,"bu","13:18:54",138700
38200,300,1300,"bu","13:15:47",138100
38200,300,100,"bu","13:14:55",136800
38200,300,100,"bu","13:14:43",136700
38100,200,100,"sd","13:14:27",136600
38100,200,1600,"bu","13:14:21",136500
38000,100,500,"sd","13:14:20",134900
38100,200,100,"bu","13:12:17",134400
38100,200,5000,"bu","13:12:11",134300
38100,200,1300,"bu","13:11:51",129300
38100,200,3300,"bu","13:11:47",128000
38100,200,100,"bu","13:11:01",124700
38000,100,10600,"sd","13:10:35",124600
38000,100,1000,"bu","13:10:11",114000
38000,100,100,"bu","13:10:10",113000
38000,100,6000,"bu","13:09:54",112900
38000,100,200,"bu","13:09:09",106900
37900,0,400,"sd","13:09:05",106700
38000,100,200,"bu","13:09:04",106300
38000,100,5000,"bu","13:08:59",106100
38000,100,200,"bu","13:07:52",101100
37900,0,1000,"sd","13:05:40",100900
37900,0,600,"sd","13:05:12",99900
37900,0,2000,"sd","13:03:21",99300
37900,0,1000,"sd","13:02:46",97300
37900,0,2100,"sd","13:02:36",96300
37900,0,300,"sd","13:02:04",94200
37900,0,600,"sd","13:00:09",93900
37900,0,400,"sd","13:00:08",93300
37900,0,600,"sd","13:00:06",92900
37900,0,1300,"sd","13:00:05",92300
37900,0,1000,"sd","11:29:17",91000
37900,0,100,"sd","11:27:01",90000
38000,100,100,"bu","11:25:31",89900
37900,0,500,"sd","11:25:10",89800
37900,0,100,"sd","11:25:04",89300
38000,100,100,"bu","11:25:03",89200
37900,0,200,"sd","11:24:55",89100
37900,0,200,"sd","11:24:48",88900
38000,100,100,"bu","11:24:46",88700
38000,100,3500,"bu","11:18:19",88600
38000,100,2000,"bu","11:16:53",85100
38000,100,100,"bu","11:15:28",83100
37800,-100,1000,"sd","11:08:48",83000
37900,0,3000,"sd","11:07:35",82000
37900,0,700,"sd","11:06:06",79000
37900,0,4200,"sd","11:04:06",78300
37900,0,2000,"sd","11:02:28",74100
37900,0,400,"sd","11:02:08",72100
37900,0,2000,"sd","11:02:01",71700
37900,0,300,"sd","10:58:41",69700
37900,0,500,"sd","10:54:52",69400
37900,0,500,"sd","10:54:30",68900
38000,100,3000,"bu","10:53:16",68400
37900,0,200,"sd","10:47:14",65400
37900,0,1000,"sd","10:43:58",65200
37900,0,500,"sd","10:43:42",64200
37900,0,1000,"sd","10:42:48",63700
37900,0,200,"sd","10:42:13",62700
37900,0,6100,"bu","10:41:24",62500
37800,-100,200,"sd","10:36:27",56400
37800,-100,1200,"sd","10:35:18",56200
37900,0,100,"bu","10:32:16",55000
37900,0,200,"bu","10:29:38",54900
37900,0,1500,"bu","10:28:57",54700
37900,0,800,"sd","10:28:08",53200
37900,0,100,"sd","10:26:34",52400
38000,100,1000,"bu","10:26:32",52300
38000,100,6000,"bu","10:25:47",51300
37900,0,1000,"sd","10:22:04",45300
38000,100,100,"bu","10:20:50",44300
37900,0,500,"sd","10:20:05",44200
38000,100,3000,"bu","10:17:53",43700
37900,0,500,"sd","10:17:25",40700
37900,0,100,"sd","10:17:02",40200
38000,100,6000,"bu","10:13:47",40100
37800,-100,3500,"sd","10:13:44",34100
37900,0,100,"unknown","10:12:51",30600
37900,0,1900,"bu","10:12:15",30500
37900,0,1700,"bu","10:11:47",28600
37900,0,300,"bu","10:11:17",26900
37900,0,400,"bu","10:10:54",26600
37900,0,500,"bu","10:10:39",26200
37900,0,1300,"bu","10:09:36",25700
37900,0,400,"bu","10:00:32",24400
37900,0,4200,"bu","09:59:46",24000
37900,0,100,"bu","09:56:11",19800
37900,0,300,"bu","09:55:25",19700
37900,0,100,"bu","09:52:00",19400
37900,0,500,"bu","09:51:06",19300
37900,0,200,"bu","09:47:54",18800
37900,0,1000,"bu","09:44:25",18600
37900,0,700,"bu","09:44:18",17600
37900,0,200,"bu","09:41:38",16900
37700,-200,100,"sd","09:40:07",16700
37700,-200,600,"sd","09:36:21",16600
37800,-100,2100,"unknown","09:35:47",16000
37800,-100,2700,"sd","09:33:13",13900
37800,-100,200,"sd","09:31:14",11200
37800,-100,100,"unknown","09:29:55",11000
37800,-100,300,"bu","09:29:45",10900
37800,-100,200,"bu","09:29:18",10600
37800,-100,600,"bu","09:29:13",10400
37700,-200,100,"sd","09:28:53",9800
37700,-200,100,"sd","09:27:39",9700
37700,-200,500,"sd","09:27:23",9600
37700,-200,500,"sd","09:26:07",9100
37800,-100,200,"bu","09:24:53",8600
37800,-100,200,"sd","09:23:58",8400
37800,-100,1000,"sd","09:23:54",8200
37800,-100,1000,"sd","09:22:36",7200
37800,-100,1400,"sd","09:20:32",6200
37900,0,1000,"bu","09:19:33",4800
37800,-100,300,"sd","09:19:27",3800
37900,0,1000,"bu","09:18:43",3500
37900,0,2000,"sd","09:15:15",2500
38000,100,200,"bu","09:11:17",500
38000,100,100,"bu","09:07:59",300
37900,0,200,"sd","09:00:14",200
