"price","change","match_qtty","side","time","total_vol"
40700,-100,2300,"bu","14:45:00",73200
40100,-700,800,"sd","14:19:16",70900
40100,-700,200,"sd","14:19:16",70100
40100,-700,800,"sd","14:12:09",69900
40100,-700,1000,"sd","14:12:09",69100
40100,-700,200,"sd","14:12:09",68100
40100,-700,1000,"sd","14:09:01",67900
40100,-700,1800,"sd","14:08:55",66900
40100,-700,200,"sd","14:08:55",65100
40100,-700,100,"sd","14:08:10",64900
40100,-700,700,"sd","14:07:39",64800
40100,-700,1300,"sd","14:07:39",64100
40100,-700,700,"sd","14:04:21",62800
40100,-700,300,"sd","14:04:21",62100
40100,-700,700,"sd","13:59:53",61800
40100,-700,200,"sd","13:59:53",61100
40100,-700,100,"sd","13:59:53",60900
40100,-700,14900,"sd","13:58:15",60800
40100,-700,100,"sd","13:58:15",45900
40100,-700,4900,"sd","13:56:11",45800
40100,-700,100,"sd","13:56:11",40900
40100,-700,200,"sd","13:55:57",40800
40100,-700,4700,"sd","13:55:11",40600
40100,-700,300,"sd","13:55:11",35900
40100,-700,2500,"sd","13:53:45",35600
40100,-700,2200,"sd","13:53:01",33100
40100,-700,1000,"sd","13:53:01",30900
40100,-700,7000,"sd","13:53:01",29900
40100,-700,300,"sd","13:53:01",22900
40100,-700,500,"sd","13:53:01",22600
40150,-650,2500,"sd","13:53:01",22100
40100,-700,100,"sd","13:47:53",19600
40150,-650,100,"sd","13:47:53",19500
40150,-650,800,"sd","13:47:53",19400
40150,-650,100,"sd","13:47:53",18600
40350,-450,500,"bu","13:41:53",18500
40150,-650,1900,"sd","13:35:16",18000
40150,-650,100,"sd","13:35:16",16100
40100,-700,2400,"sd","13:31:40",16000
40200,-600,100,"sd","13:31:40",13600
40200,-600,400,"sd","13:31:40",13500
40250,-550,100,"sd","13:31:40",13100
40400,-400,1000,"bu","13:16:43",13000
40300,-500,1000,"sd","11:25:45",12000
40450,-350,200,"sd","11:23:05",11000
40500,-300,1000,"sd","10:39:39",10800
40550,-250,200,"sd","10:39:39",9800
40500,-300,2300,"sd","10:31:39",9600
40600,-200,400,"bu","10:29:41",7300
40600,-200,100,"bu","10:29:41",6900
40600,-200,1900,"sd","09:56:13",6800
40750,-50,200,"bu","09:45:38",4900
40750,-50,100,"bu","09:45:38",4700
40500,-300,700,"bu","09:45:38",4600
40750,-50,200,"bu","09:43:47",3900
40700,-100,300,"bu","09:43:47",3700
40600,-200,400,"bu","09:43:47",3400
40500,-300,100,"bu","09:43:47",3000
40550,-250,1900,"sd","09:41:49",2900
40600,-200,700,"sd","09:35:21",1000
40600,-200,200,"sd","09:33:57",300
40700,-100,100,"bu","09:26:29",100
