"price","change","match_qtty","side","time","total_vol"
18000,800,14800,"unknown","14:45:02",366500
18000,800,1000,"bu","14:29:53",351700
17900,700,3500,"sd","14:29:39",350700
17900,700,100,"bu","14:29:32",347200
17900,700,1000,"bu","14:27:23",347100
17900,700,4000,"unknown","14:26:52",346100
18000,800,1000,"bu","14:25:51",342100
17900,700,200,"bu","14:25:32",341100
17900,700,2500,"bu","14:24:07",340900
17900,700,500,"bu","14:22:41",338400
17900,700,1000,"bu","14:21:21",337900
17800,600,2000,"bu","14:16:48",336900
17800,600,3000,"bu","14:14:42",334900
17700,500,5200,"bu","14:13:01",331900
17700,500,1300,"bu","14:12:32",326700
17600,400,4300,"bu","14:12:10",325400
17600,400,2000,"bu","14:10:40",321100
17500,300,200,"sd","14:08:11",319100
17500,300,100,"sd","14:08:06",318900
17600,400,1000,"bu","14:06:32",318800
17500,300,500,"bu","14:06:02",317800
17500,300,2000,"bu","14:05:52",317300
17500,300,1000,"bu","14:02:45",315300
17500,300,1000,"bu","14:02:38",314300
17500,300,2500,"bu","14:02:26",313300
17400,200,5900,"sd","14:01:36",310800
17300,100,100,"sd","13:59:54",304900
17300,100,4400,"sd","13:59:53",304800
17200,0,5100,"sd","13:59:33",300400
17200,0,5000,"bu","13:59:23",295300
17100,-100,5500,"sd","13:58:56",290300
17100,-100,500,"bu","13:58:41",284800
17100,-100,100,"bu","13:58:36",284300
17000,-200,3100,"sd","13:56:26",284200
16900,-300,5300,"sd","13:56:06",281100
16800,-400,3300,"bu","13:55:27",275800
16700,-500,300,"sd","13:55:16",272500
16700,-500,7700,"sd","13:55:08",272200
16700,-500,2300,"sd","13:53:06",264500
16700,-500,500,"bu","13:52:51",262200
16700,-500,12200,"bu","13:52:46",261700
16700,-500,10000,"sd","13:51:08",249500
16700,-500,300,"sd","13:48:44",239500
16700,-500,6000,"sd","13:48:43",239200
16800,-400,1100,"bu","13:48:37",233200
16800,-400,5900,"bu","13:47:52",232100
16800,-400,700,"sd","13:47:03",226200
16800,-400,2300,"sd","13:45:57",225500
16800,-400,1000,"sd","13:45:27",223200
16800,-400,1900,"sd","13:45:12",222200
16800,-400,8100,"bu","13:44:41",220300
16800,-400,1900,"sd","13:44:22",212200
16800,-400,100,"bu","13:44:20",210300
16800,-400,21000,"sd","13:44:07",210200
17000,-200,500,"bu","13:41:29",189200
17000,-200,8000,"bu","13:39:47",188700
17000,-200,100,"bu","13:37:14",180700
17000,-200,10000,"bu","13:36:33",180600
17000,-200,200,"bu","13:36:06",170600
17000,-200,2600,"bu","13:32:33",170400
17100,-100,100,"bu","13:27:51",167800
17100,-100,2900,"bu","13:25:27",167700
17200,0,300,"bu","13:24:20",164800
17100,-100,100,"sd","13:19:17",164500
17100,-100,100,"sd","13:16:18",164400
17100,-100,200,"sd","13:16:17",164300
17200,0,3300,"bu","13:11:41",164100
17200,0,6500,"unknown","13:10:10",160800
17200,0,3500,"bu","13:09:14",154300
17200,0,5800,"sd","13:09:06",150800
17200,0,1700,"sd","13:08:15",145000
17200,0,300,"bu","13:08:10",143300
17200,0,500,"bu","13:06:21",143000
17200,0,100,"bu","13:05:36",142500
17200,0,1600,"bu","13:01:49",142400
17200,0,400,"sd","13:01:08",140800
17200,0,100,"bu","13:00:06",140400
17200,0,3000,"bu","13:00:05",140300
17200,0,300,"unknown","11:23:30",137300
17200,0,400,"bu","11:22:46",137000
17200,0,2000,"bu","11:22:40",136600
17200,0,300,"bu","11:20:34",134600
17200,0,100,"bu","11:20:20",134300
17200,0,200,"bu","11:20:10",134200
17200,0,200,"bu","11:17:50",134000
17200,0,3000,"bu","11:17:29",133800
17200,0,2000,"sd","11:17:08",130800
17200,0,300,"unknown","11:14:36",128800
17200,0,1000,"bu","11:13:55",128500
17200,0,200,"bu","11:07:35",127500
17200,0,500,"bu","11:07:03",127300
17200,0,1000,"bu","11:05:54",126800
17200,0,200,"bu","11:05:09",125800
17200,0,800,"bu","11:02:04",125600
17200,0,2200,"sd","11:01:36",124800
17200,0,800,"bu","10:59:41",122600
17200,0,1200,"sd","10:59:23",121800
17200,0,13800,"bu","10:58:42",120600
17300,100,4800,"bu","10:58:21",106800
17300,100,2000,"sd","10:57:02",102000
17300,100,1000,"sd","10:52:12",100000
17400,200,4400,"sd","10:51:01",99000
17400,200,2500,"sd","10:50:41",94600
17500,300,4000,"unknown","10:48:42",92100
17600,400,300,"sd","10:32:08",88100
17800,600,500,"bu","10:16:52",87800
17700,500,1000,"bu","10:16:05",87300
17800,600,1000,"bu","10:08:07",86300
17700,500,2000,"bu","10:07:46",85300
17600,400,7000,"bu","10:06:05",83300
17600,400,500,"bu","09:51:19",76300
17600,400,2500,"bu","09:50:39",75800
17600,400,200,"sd","09:48:34",73300
17700,500,400,"bu","09:45:34",73100
17700,500,100,"bu","09:44:20",72700
17700,500,1000,"bu","09:43:01",72600
17700,500,3500,"bu","09:42:47",71600
17700,500,2000,"bu","09:42:20",68100
17600,400,1500,"bu","09:42:13",66100
17600,400,3500,"sd","09:40:37",64600
17800,600,3000,"bu","09:38:36",61100
17800,600,300,"bu","09:36:43",58100
17800,600,2000,"bu","09:33:59",57800
17700,500,300,"bu","09:33:31",55800
17700,500,2000,"bu","09:33:26",55500
17700,500,3000,"bu","09:33:12",53500
17700,500,500,"bu","09:29:03",50500
17700,500,1000,"bu","09:28:02",50000
17700,500,1500,"bu","09:25:35",49000
17600,400,3900,"sd","09:25:28",47500
17600,400,2100,"bu","09:25:26",43600
17600,400,2000,"bu","09:25:01",41500
17600,400,4000,"bu","09:24:43",39500
17600,400,1000,"bu","09:24:17",35500
17500,300,2500,"sd","09:24:11",34500
17500,300,1000,"bu","09:22:19",32000
17500,300,2000,"bu","09:21:00",31000
17500,300,5000,"bu","09:19:45",29000
17500,300,500,"bu","09:18:38",24000
17500,300,1500,"bu","09:18:19",23500
17400,200,2100,"sd","09:18:11",22000
17400,200,3000,"bu","09:17:54",19900
17400,200,200,"bu","09:14:12",16900
17400,200,1000,"bu","09:14:06",16700
17400,200,2800,"bu","09:12:34",15700
17400,200,100,"bu","09:11:40",12900
17400,200,2000,"bu","09:11:33",12800
17300,100,5100,"bu","09:11:08",10800
17300,100,1500,"bu","09:10:33",5700
17300,100,200,"bu","09:09:58",4200
17300,100,3000,"bu","09:09:11",4000
17300,100,1000,"bu","09:07:13",1000
