"price","change","match_qtty","side","time","total_vol"
13300,300,6100,"bu","14:45:00",147500
13300,300,100,"bu","14:28:35",141400
13200,200,500,"sd","14:27:54",141300
13200,200,400,"sd","14:27:50",140800
13200,200,800,"bu","14:27:43",140400
13200,200,200,"bu","14:27:43",139600
13200,200,2600,"bu","14:27:43",139400
13200,200,4000,"bu","14:27:43",136800
13200,200,1000,"bu","14:27:43",132800
13150,150,400,"sd","14:27:29",131800
13150,150,100,"sd","14:23:42",131400
13200,200,1000,"bu","14:19:41",131300
13150,150,100,"sd","14:14:15",130300
13150,150,100,"sd","14:11:29",130200
13150,150,400,"sd","14:04:22",130100
13150,150,100,"sd","14:01:50",129700
13150,150,400,"sd","13:57:58",129600
13150,150,1100,"sd","13:56:19",129200
13150,150,100,"sd","13:54:01",128100
13150,150,2000,"sd","13:50:29",128000
13150,150,500,"sd","13:50:14",126000
13200,200,100,"bu","13:33:02",125500
13200,200,100,"bu","13:33:02",125400
13200,200,500,"bu","13:31:28",125300
13200,200,500,"bu","13:31:28",124800
13150,150,2900,"sd","13:30:40",124300
13150,150,100,"sd","13:30:40",121400
13200,200,100,"sd","13:29:33",121300
13200,200,100,"sd","13:29:33",121200
13200,200,300,"sd","13:29:33",121100
13200,200,500,"sd","13:29:09",120800
13200,200,200,"sd","13:28:44",120300
13200,200,1000,"sd","13:28:30",120100
13250,250,3600,"sd","13:28:01",119100
13250,250,6400,"sd","13:27:42",115500
13250,250,3600,"sd","13:27:42",109100
13250,250,100,"sd","13:24:23",105500
13250,250,1000,"sd","13:24:12",105400
13250,250,200,"sd","13:24:06",104400
13250,250,100,"sd","13:23:40",104200
13250,250,100,"sd","13:22:08",104100
13250,250,100,"bu","13:19:05",104000
13250,250,600,"bu","13:18:42",103900
13250,250,1400,"bu","13:18:42",103300
13250,250,1000,"bu","13:13:11",101900
13250,250,100,"sd","13:13:01",100900
13250,250,200,"sd","13:10:09",100800
13250,250,2700,"sd","13:05:51",100600
13250,250,1300,"sd","13:05:51",97900
13250,250,200,"sd","13:03:13",96600
13250,250,500,"unknown","11:29:08",96400
13250,250,3000,"unknown","11:29:08",95900
13250,250,200,"unknown","11:29:08",92900
13250,250,800,"unknown","11:29:08",92700
13100,100,4000,"sd","11:29:08",91900
13200,200,300,"sd","11:29:08",87900
13200,200,2000,"sd","11:29:08",87600
13200,200,300,"sd","11:29:08",85600
13200,200,500,"sd","11:29:08",85300
13200,200,200,"sd","11:29:08",84800
13200,200,900,"sd","11:29:08",84600
13350,350,3800,"sd","11:28:21",83700
13350,350,1000,"sd","11:27:56",79900
13400,400,200,"sd","11:18:13",78900
13400,400,800,"sd","11:18:13",78700
13400,400,200,"sd","11:16:36",77900
13400,400,200,"bu","11:15:07",77700
13400,400,300,"sd","11:14:07",77500
13400,400,1800,"sd","11:14:07",77200
13400,400,100,"sd","11:13:45",75400
13400,400,200,"bu","11:13:31",75300
13400,400,500,"bu","11:13:31",75100
13400,400,200,"bu","11:13:31",74600
13400,400,3000,"bu","11:13:31",74400
13350,350,500,"bu","11:13:31",71400
13350,350,3000,"bu","11:13:31",70900
13350,350,700,"bu","11:13:31",67900
13300,300,200,"sd","11:13:27",67200
13300,300,500,"sd","11:13:27",67000
13300,300,300,"sd","11:13:27",66500
13300,300,500,"sd","11:13:27",66200
13300,300,500,"sd","11:13:27",65700
13350,350,2000,"bu","11:11:19",65200
13350,350,200,"bu","11:10:09",63200
13350,350,100,"bu","11:05:46",63000
13350,350,200,"sd","11:05:21",62900
13350,350,300,"sd","11:05:21",62700
13350,350,200,"sd","11:03:12",62400
13350,350,500,"sd","11:02:29",62200
13400,400,200,"bu","11:01:03",61700
13400,400,100,"bu","11:01:03",61500
13400,400,100,"bu","11:01:03",61400
13400,400,100,"bu","11:01:03",61300
13450,450,500,"bu","10:56:58",61200
13300,300,100,"unknown","10:56:25",60700
13300,300,100,"sd","10:55:46",60600
13300,300,200,"sd","10:55:46",60500
13350,350,500,"bu","10:55:24",60300
13350,350,400,"bu","10:55:24",59800
13300,300,200,"bu","10:55:10",59400
13300,300,300,"bu","10:55:02",59200
13300,300,100,"bu","10:54:32",58900
13300,300,300,"bu","10:54:32",58800
13300,300,200,"bu","10:54:13",58500
13300,300,300,"bu","10:54:13",58300
13300,300,200,"bu","10:52:21",58000
13300,300,200,"bu","10:52:21",57800
13300,300,300,"bu","10:52:21",57600
13300,300,300,"bu","10:52:21",57300
13250,250,100,"bu","10:50:51",57000
13250,250,100,"bu","10:50:51",56900
13200,200,100,"sd","10:48:43",56800
13200,200,300,"bu","10:48:01",56700
13200,200,200,"bu","10:48:01",56400
13200,200,100,"bu","10:48:01",56200
13200,200,900,"bu","10:48:01",56100
13200,200,100,"bu","10:46:53",55200
13200,200,100,"bu","10:46:53",55100
13200,200,1000,"bu","10:46:53",55000
13200,200,1000,"bu","10:46:53",54000
13150,150,200,"bu","10:46:53",53000
13150,150,100,"bu","10:46:53",52800
13100,100,1100,"bu","10:45:30",52700
13050,50,200,"sd","10:44:12",51600
13050,50,1000,"sd","10:39:00",51400
13100,100,500,"bu","10:33:21",50400
13100,100,100,"bu","10:32:41",49900
13050,50,2000,"sd","10:26:53",49800
13100,100,100,"bu","10:25:41",47800
13100,100,200,"bu","10:23:39",47700
13100,100,300,"bu","10:23:39",47500
13100,100,600,"bu","10:18:43",47200
13100,100,1100,"sd","10:13:38",46600
13100,100,100,"sd","10:10:27",45500
13100,100,900,"sd","10:10:27",45400
13100,100,100,"sd","10:08:17",44500
13100,100,1000,"bu","10:02:07",44400
13100,100,200,"bu","10:02:07",43400
13100,100,100,"bu","10:02:07",43200
13050,50,1000,"bu","10:01:59",43100
13100,100,200,"bu","09:59:35",42100
13100,100,800,"sd","09:54:29",41900
13100,100,200,"bu","09:53:44",41100
13050,50,100,"bu","09:52:26",40900
13000,0,1700,"sd","09:50:17",40800
13000,0,3000,"sd","09:50:17",39100
13000,0,3000,"sd","09:50:17",36100
13000,0,3000,"sd","09:50:17",33100
13000,0,4000,"sd","09:50:17",30100
13000,0,5300,"sd","09:50:17",26100
13000,0,800,"sd","09:44:29",20800
13050,50,200,"sd","09:44:29",20000
13000,0,1900,"sd","09:41:21",19800
13000,0,100,"sd","09:41:21",17900
13000,0,500,"sd","09:40:05",17800
13000,0,100,"bu","09:39:20",17300
13000,0,100,"bu","09:39:00",17200
13000,0,500,"bu","09:37:41",17100
13000,0,900,"bu","09:36:47",16600
13000,0,200,"bu","09:35:44",15700
13000,0,200,"sd","09:34:44",15500
13000,0,200,"sd","09:34:44",15300
13000,0,400,"sd","09:34:44",15100
13000,0,100,"sd","09:34:44",14700
13000,0,300,"sd","09:34:44",14600
13000,0,3000,"sd","09:34:44",14300
13000,0,500,"sd","09:34:44",11300
13000,0,800,"sd","09:34:41",10800
13000,0,1700,"sd","09:33:07",10000
13000,0,1000,"sd","09:33:07",8300
13050,50,100,"sd","09:29:50",7300
13050,50,100,"sd","09:29:50",7200
13100,100,300,"sd","09:27:11",7100
13100,100,1000,"sd","09:26:36",6800
13100,100,400,"sd","09:25:53",5800
13200,200,100,"bu","09:24:50",5400
13250,250,400,"bu","09:19:18",5300
13250,250,100,"sd","09:18:06",4900
13250,250,100,"bu","09:18:05",4800
13250,250,500,"bu","09:18:05",4700
13250,250,300,"bu","09:18:05",4200
13250,250,3900,"bu","09:15:00",3900
