"price","change","match_qtty","side","time","total_vol"
85500,-300,95000,"bu","14:45:01",1019700
85200,-600,2700,"sd","14:29:55",924700
85200,-600,400,"sd","14:29:51",922000
85200,-600,100,"sd","14:29:51",921600
85200,-600,3400,"sd","14:29:50",921500
85200,-600,2700,"sd","14:29:45",918100
85200,-600,2700,"sd","14:29:34",915400
85200,-600,100,"sd","14:29:19",912700
85200,-600,2700,"sd","14:29:17",912600
85200,-600,2700,"sd","14:29:01",909900
85200,-600,2200,"sd","14:28:41",907200
85300,-500,100,"sd","14:28:41",905000
85300,-500,400,"sd","14:28:41",904900
85300,-500,2700,"sd","14:28:24",904500
85300,-500,1500,"sd","14:28:16",901800
85400,-400,400,"sd","14:28:16",900300
85400,-400,700,"sd","14:28:16",899900
85500,-300,100,"sd","14:28:16",899200
85500,-300,100,"sd","14:28:04",899100
85500,-300,100,"sd","14:28:04",899000
85500,-300,100,"sd","14:28:04",898900
85500,-300,300,"sd","14:28:04",898800
85500,-300,5400,"sd","14:28:04",898500
85500,-300,100,"sd","14:27:53",893100
85500,-300,2500,"sd","14:27:34",893000
85500,-300,2500,"sd","14:27:34",890500
85600,-200,100,"bu","14:27:12",888000
85600,-200,100,"sd","14:27:08",887900
85600,-200,400,"sd","14:27:08",887800
85600,-200,900,"sd","14:27:04",887400
85600,-200,4100,"sd","14:27:04",886500
85600,-200,500,"sd","14:27:03",882400
85600,-200,2000,"sd","14:26:17",881900
85600,-200,100,"sd","14:26:09",879900
85600,-200,3300,"sd","14:25:49",879800
85600,-200,700,"sd","14:25:49",876500
85600,-200,2000,"sd","14:24:56",875800
85600,-200,100,"sd","14:24:33",873800
85700,-100,2600,"bu","14:24:25",873700
85700,-100,100,"bu","14:24:25",871100
85700,-100,300,"bu","14:24:25",871000
85700,-100,1800,"bu","14:24:25",870700
85600,-200,100,"bu","14:24:10",868900
85600,-200,2000,"bu","14:24:10",868800
85500,-300,300,"sd","14:23:58",866800
85500,-300,4000,"sd","14:23:08",866500
85500,-300,200,"sd","14:22:51",862500
85400,-400,3900,"sd","14:22:45",862300
85500,-300,200,"sd","14:22:45",858400
85500,-300,500,"sd","14:22:45",858200
85500,-300,100,"sd","14:22:45",857700
85500,-300,300,"sd","14:22:45",857600
85500,-300,500,"sd","14:22:30",857300
85500,-300,4000,"sd","14:21:55",856800
85700,-100,200,"bu","14:20:48",852800
85600,-200,800,"bu","14:20:48",852600
85600,-200,4200,"sd","14:20:42",851800
85600,-200,3000,"bu","14:20:20",847600
85400,-400,100,"sd","14:19:53",844600
85800,0,900,"bu","14:19:48",844500
85800,0,200,"bu","14:19:48",843600
85800,0,1500,"bu","14:19:46",843400
85800,0,1700,"bu","14:19:46",841900
85800,0,800,"bu","14:19:46",840200
85700,-100,100,"bu","14:19:46",839400
85700,-100,700,"bu","14:19:46",839300
85700,-100,1300,"bu","14:19:34",838600
85700,-100,100,"bu","14:19:34",837300
85700,-100,1000,"bu","14:19:34",837200
85700,-100,300,"bu","14:19:34",836200
85600,-200,2100,"bu","14:19:34",835900
85600,-200,1100,"bu","14:19:31",833800
85600,-200,200,"bu","14:19:31",832700
85600,-200,300,"bu","14:19:31",832500
85600,-200,200,"bu","14:19:31",832200
85500,-300,1000,"bu","14:19:31",832000
85500,-300,400,"bu","14:19:31",831000
85400,-400,100,"sd","14:19:25",830600
85500,-300,600,"bu","14:18:57",830500
85500,-300,400,"bu","14:18:57",829900
85500,-300,1000,"bu","14:18:57",829500
85500,-300,500,"bu","14:18:57",828500
85500,-300,200,"bu","14:18:57",828000
85500,-300,1800,"bu","14:18:57",827800
85500,-300,500,"bu","14:18:57",826000
85300,-500,200,"sd","14:18:51",825500
85200,-600,100,"sd","14:18:28",825300
85500,-300,4800,"bu","14:18:21",825200
85400,-400,100,"bu","14:18:06",820400
85400,-400,4800,"bu","14:17:58",820300
85400,-400,1700,"bu","14:17:55",815500
85400,-400,500,"bu","14:17:55",813800
85400,-400,1000,"bu","14:17:55",813300
85400,-400,600,"bu","14:17:55",812300
85400,-400,400,"bu","14:17:43",811700
85400,-400,1400,"bu","14:17:43",811300
85300,-500,1400,"bu","14:17:43",809900
85300,-500,1600,"bu","14:17:27",808500
85200,-600,3000,"bu","14:17:27",806900
85200,-600,400,"bu","14:17:27",803900
85100,-700,100,"sd","14:17:24",803500
85200,-600,600,"bu","14:15:52",803400
85000,-800,200,"sd","14:14:12",802800
85000,-800,800,"sd","14:12:06",802600
85000,-800,500,"bu","14:12:00",801800
85000,-800,600,"bu","14:12:00",801300
85000,-800,500,"bu","14:11:53",800700
85000,-800,4000,"bu","14:11:47",800200
85000,-800,200,"bu","14:11:41",796200
85000,-800,200,"bu","14:11:36",796000
85000,-800,200,"bu","14:11:31",795800
85000,-800,100,"bu","14:11:22",795600
85000,-800,100,"bu","14:10:44",795500
85000,-800,3000,"bu","14:10:19",795400
85000,-800,200,"bu","14:09:57",792400
84800,-1000,4000,"sd","14:09:51",792200
84900,-900,200,"sd","14:09:50",788200
84900,-900,100,"sd","14:09:50",788000
84900,-900,100,"sd","14:09:50",787900
84900,-900,100,"sd","14:09:50",787800
84900,-900,500,"sd","14:09:50",787700
84900,-900,1000,"sd","14:09:50",787200
84900,-900,100,"sd","14:09:50",786200
84900,-900,200,"sd","14:09:50",786100
84900,-900,100,"sd","14:09:50",785900
84900,-900,200,"sd","14:09:50",785800
84900,-900,500,"sd","14:09:50",785600
84900,-900,100,"sd","14:09:50",785100
84900,-900,1000,"sd","14:09:50",785000
84900,-900,100,"sd","14:09:50",784000
84900,-900,500,"sd","14:09:50",783900
84900,-900,200,"sd","14:09:50",783400
84900,-900,10000,"sd","14:09:50",783200
84900,-900,200,"sd","14:09:50",773200
84900,-900,1000,"sd","14:09:50",773000
84900,-900,100,"sd","14:09:50",772000
84900,-900,100,"sd","14:09:50",771900
84900,-900,3800,"sd","14:09:50",771800
84900,-900,6100,"sd","14:09:08",768000
85000,-800,300,"bu","14:09:08",761900
85000,-800,100,"sd","14:08:53",761600
85000,-800,500,"sd","14:08:53",761500
85000,-800,2000,"sd","14:08:53",761000
85000,-800,200,"sd","14:08:53",759000
85000,-800,5800,"sd","14:08:53",758800
85000,-800,2700,"sd","14:07:42",753000
85000,-800,1500,"sd","14:07:31",750300
85000,-800,400,"sd","14:07:31",748800
85000,-800,500,"sd","14:07:31",748400
85000,-800,300,"sd","14:07:31",747900
85400,-400,1000,"bu","14:07:24",747600
85000,-800,200,"sd","14:07:20",746600
85000,-800,500,"sd","14:07:20",746400
85000,-800,200,"sd","14:07:20",745900
85000,-800,200,"sd","14:07:20",745700
85000,-800,900,"sd","14:07:20",745500
85000,-800,500,"sd","14:07:20",744600
85000,-800,100,"sd","14:07:20",744100
85100,-700,100,"sd","14:07:20",744000
85400,-400,2700,"sd","14:06:11",743900
85400,-400,10000,"bu","14:06:04",741200
85300,-500,100,"bu","14:06:04",731200
85300,-500,5100,"bu","14:06:04",731100
85200,-600,2100,"bu","14:06:04",726000
85200,-600,1300,"bu","14:05:35",723900
85000,-800,200,"sd","14:04:30",722600
85000,-800,100,"sd","14:04:30",722400
85000,-800,700,"sd","14:04:30",722300
85100,-700,2000,"bu","14:03:42",721600
85000,-800,4300,"sd","14:03:36",719600
85000,-800,100,"sd","14:03:36",715300
85000,-800,200,"sd","14:03:36",715200
85000,-800,100,"sd","14:03:36",715000
85000,-800,500,"sd","14:03:36",714900
85000,-800,500,"sd","14:03:36",714400
85000,-800,100,"sd","14:03:36",713900
85000,-800,2000,"sd","14:03:36",713800
85000,-800,200,"sd","14:03:36",711800
85000,-800,1000,"sd","14:03:36",711600
85000,-800,500,"sd","14:03:36",710600
85000,-800,100,"sd","14:03:36",710100
85000,-800,200,"sd","14:03:36",710000
85000,-800,100,"sd","14:03:36",709800
85000,-800,100,"sd","14:03:36",709700
85000,-800,100,"sd","14:02:01",709600
85000,-800,2600,"sd","14:02:01",709500
85000,-800,2700,"sd","14:01:50",706900
85000,-800,2700,"sd","14:01:41",704200
85000,-800,1900,"sd","14:01:30",701500
85100,-700,400,"sd","14:01:30",699600
85100,-700,400,"sd","14:01:30",699200
85100,-700,100,"bu","13:59:36",698800
85100,-700,100,"bu","13:59:29",698700
85000,-800,100,"sd","13:57:39",698600
85000,-800,200,"sd","13:57:39",698500
85000,-800,100,"sd","13:57:39",698300
85200,-600,200,"sd","13:56:31",698200
85000,-800,200,"sd","13:55:48",698000
85100,-700,200,"sd","13:55:34",697800
85100,-700,200,"sd","13:55:28",697600
85100,-700,200,"bu","13:55:13",697400
85100,-700,900,"bu","13:55:13",697200
85000,-800,100,"sd","13:54:49",696300
85000,-800,100,"sd","13:53:05",696200
85100,-700,200,"bu","13:53:01",696100
85000,-800,5000,"bu","13:52:00",695900
84900,-900,100,"bu","13:51:25",690900
84800,-1000,8000,"sd","13:51:24",690800
84800,-1000,5100,"sd","13:51:06",682800
84800,-1000,500,"sd","13:51:06",677700
84800,-1000,900,"sd","13:51:06",677200
84900,-900,1500,"sd","13:51:06",676300
84900,-900,1400,"sd","13:51:00",674800
84900,-900,500,"sd","13:50:53",673400
84900,-900,5000,"bu","13:50:48",672900
84900,-900,1600,"bu","13:50:48",667900
84900,-900,100,"bu","13:50:47",666300
84900,-900,100,"bu","13:50:45",666200
84900,-900,1000,"bu","13:50:43",666100
84900,-900,200,"bu","13:50:30",665100
84800,-1000,100,"sd","13:50:05",664900
84800,-1000,200,"sd","13:50:05",664800
84800,-1000,200,"bu","13:49:53",664600
84800,-1000,100,"bu","13:49:52",664400
84700,-1100,300,"sd","13:49:49",664300
84700,-1100,400,"sd","13:49:49",664000
84800,-1000,200,"bu","13:49:49",663600
84800,-1000,300,"bu","13:49:45",663400
84800,-1000,100,"bu","13:49:44",663100
84800,-1000,100,"bu","13:49:43",663000
84800,-1000,100,"bu","13:49:40",662900
84800,-1000,300,"bu","13:49:40",662800
84800,-1000,1800,"bu","13:49:39",662500
84700,-1100,600,"sd","13:49:39",660700
84700,-1100,100,"sd","13:49:39",660100
84800,-1000,1700,"bu","13:49:39",660000
84800,-1000,500,"sd","13:49:37",658300
84800,-1000,100,"sd","13:49:37",657800
84800,-1000,1000,"sd","13:49:37",657700
84800,-1000,100,"sd","13:49:37",656700
84800,-1000,200,"sd","13:49:37",656600
84900,-900,200,"sd","13:49:37",656400
84800,-1000,600,"sd","13:49:37",656200
84800,-1000,1000,"sd","13:49:37",655600
84900,-900,500,"sd","13:49:37",654600
84800,-1000,3000,"sd","13:49:37",654100
84800,-1000,300,"sd","13:49:37",651100
84800,-1000,100,"sd","13:49:37",650800
84900,-900,300,"sd","13:49:37",650700
84800,-1000,1000,"sd","13:49:37",650400
84900,-900,500,"sd","13:49:37",649400
84800,-1000,10000,"sd","13:49:37",648900
84800,-1000,500,"sd","13:49:37",638900
84800,-1000,5200,"sd","13:49:37",638400
84800,-1000,500,"sd","13:49:37",633200
84900,-900,2000,"sd","13:49:37",632700
84800,-1000,100,"sd","13:49:37",630700
84900,-900,300,"sd","13:49:37",630600
84800,-1000,1000,"sd","13:49:37",630300
84900,-900,100,"sd","13:49:37",629300
84800,-1000,100,"sd","13:49:37",629200
84900,-900,100,"sd","13:49:37",629100
84800,-1000,200,"sd","13:49:37",629000
84900,-900,100,"sd","13:49:37",628800
84900,-900,100,"sd","13:49:37",628700
84900,-900,100,"sd","13:49:37",628600
84900,-900,1000,"sd","13:49:37",628500
84900,-900,200,"sd","13:49:37",627500
84900,-900,500,"sd","13:49:37",627300
84900,-900,100,"sd","13:49:37",626800
84900,-900,100,"sd","13:49:37",626700
84900,-900,500,"sd","13:49:37",626600
85000,-800,1000,"bu","13:49:20",626100
84900,-900,1000,"sd","13:49:13",625100
84900,-900,1900,"sd","13:49:08",624100
85000,-800,1000,"bu","13:49:05",622200
85000,-800,1000,"bu","13:48:59",621200
84900,-900,2000,"sd","13:48:54",620200
84900,-900,100,"sd","13:48:54",618200
84900,-900,100,"sd","13:48:54",618100
84900,-900,300,"sd","13:48:54",618000
84900,-900,200,"sd","13:48:54",617700
85000,-800,1000,"bu","13:48:44",617500
85000,-800,1000,"sd","13:48:42",616500
85000,-800,100,"sd","13:48:42",615500
85000,-800,200,"sd","13:48:42",615400
85000,-800,2000,"sd","13:48:42",615200
85000,-800,200,"sd","13:48:42",613200
85000,-800,400,"sd","13:48:42",613000
85000,-800,5100,"sd","13:48:42",612600
85000,-800,100,"sd","13:48:42",607500
85000,-800,100,"sd","13:48:42",607400
85000,-800,300,"sd","13:48:42",607300
85000,-800,100,"sd","13:48:42",607000
85000,-800,200,"sd","13:48:42",606900
85000,-800,500,"sd","13:48:42",606700
85000,-800,200,"sd","13:48:42",606200
85000,-800,1000,"sd","13:48:42",606000
85000,-800,100,"sd","13:48:42",605000
85000,-800,100,"sd","13:48:42",604900
85000,-800,500,"sd","13:48:42",604800
85000,-800,500,"sd","13:48:42",604300
85000,-800,100,"sd","13:48:42",603800
85000,-800,600,"sd","13:48:42",603700
85000,-800,500,"sd","13:48:42",603100
85000,-800,500,"sd","13:48:42",602600
85000,-800,300,"sd","13:48:42",602100
85000,-800,200,"sd","13:48:42",601800
85000,-800,300,"sd","13:48:42",601600
85000,-800,2200,"sd","13:48:42",601300
85000,-800,200,"sd","13:48:42",599100
85000,-800,100,"sd","13:48:42",598900
85000,-800,9300,"sd","13:48:42",598800
85000,-800,100,"sd","13:48:42",589500
85000,-800,100,"sd","13:48:42",589400
85000,-800,200,"sd","13:48:42",589300
85000,-800,500,"sd","13:48:42",589100
85000,-800,3500,"sd","13:48:42",588600
85000,-800,12000,"sd","13:48:42",585100
85000,-800,5000,"sd","13:48:42",573100
85000,-800,200,"sd","13:48:42",568100
85000,-800,100,"sd","13:48:42",567900
85000,-800,100,"sd","13:48:42",567800
85000,-800,100,"sd","13:48:42",567700
85000,-800,400,"sd","13:48:42",567600
85000,-800,400,"sd","13:48:42",567200
85000,-800,100,"sd","13:48:42",566800
85000,-800,100,"sd","13:48:42",566700
85000,-800,200,"sd","13:48:42",566600
85000,-800,5000,"sd","13:48:42",566400
85000,-800,5800,"sd","13:48:42",561400
85100,-700,200,"bu","13:48:37",555600
85000,-800,2700,"sd","13:48:34",555400
85000,-800,1500,"sd","13:48:26",552700
85000,-800,100,"sd","13:48:26",551200
85000,-800,100,"sd","13:48:26",551100
85000,-800,1000,"sd","13:48:26",551000
85100,-700,700,"sd","13:48:17",550000
85100,-700,200,"sd","13:48:15",549300
85100,-700,100,"sd","13:48:15",549100
85100,-700,800,"sd","13:48:15",549000
85100,-700,300,"sd","13:48:15",548200
85100,-700,100,"sd","13:48:15",547900
85100,-700,1100,"sd","13:48:15",547800
85100,-700,100,"sd","13:48:15",546700
85100,-700,2700,"sd","13:48:05",546600
85100,-700,1500,"sd","13:48:00",543900
85100,-700,400,"sd","13:48:00",542400
85100,-700,200,"sd","13:48:00",542000
85100,-700,1400,"sd","13:48:00",541800
85200,-600,500,"sd","13:48:00",540400
85100,-700,2700,"sd","13:47:54",539900
85100,-700,700,"sd","13:47:43",537200
85100,-700,100,"sd","13:47:43",536500
85100,-700,200,"sd","13:47:43",536400
85100,-700,100,"sd","13:47:43",536200
85100,-700,100,"sd","13:47:43",536100
85100,-700,300,"sd","13:47:43",536000
85100,-700,200,"sd","13:47:43",535700
85100,-700,100,"sd","13:47:43",535500
85100,-700,100,"sd","13:47:43",535400
85100,-700,500,"sd","13:47:43",535300
85100,-700,200,"sd","13:47:43",534800
85200,-600,100,"sd","13:47:43",534600
85200,-600,100,"sd","13:47:35",534500
85200,-600,700,"sd","13:47:35",534400
85100,-700,300,"sd","13:47:35",533700
85100,-700,200,"sd","13:47:35",533400
85100,-700,100,"sd","13:47:35",533200
85100,-700,1200,"sd","13:47:35",533100
85200,-600,100,"sd","13:47:35",531900
85200,-600,1300,"sd","13:47:25",531800
85200,-600,100,"sd","13:47:25",530500
85200,-600,100,"sd","13:47:25",530400
85200,-600,100,"sd","13:47:25",530300
85200,-600,1100,"sd","13:47:25",530200
85200,-600,2700,"sd","13:47:14",529100
85200,-600,1200,"sd","13:46:58",526400
85200,-600,500,"sd","13:46:58",525200
85200,-600,300,"sd","13:46:58",524700
85200,-600,200,"sd","13:46:58",524400
85200,-600,100,"sd","13:46:58",524200
85200,-600,200,"sd","13:46:58",524100
85200,-600,100,"sd","13:46:58",523900
85200,-600,100,"sd","13:46:58",523800
85300,-500,100,"sd","13:46:44",523700
85300,-500,700,"sd","13:46:44",523600
85300,-500,100,"sd","13:46:44",522900
85300,-500,4000,"sd","13:46:44",522800
85300,-500,2000,"sd","13:46:38",518800
85300,-500,100,"sd","13:46:38",516800
85300,-500,100,"sd","13:46:38",516700
85300,-500,500,"sd","13:46:38",516600
85400,-400,500,"bu","13:46:30",516100
85300,-500,100,"sd","13:46:08",515600
85300,-500,100,"sd","13:46:08",515500
85300,-500,900,"sd","13:46:08",515400
85400,-400,500,"bu","13:45:54",514500
85400,-400,3000,"sd","13:44:14",514000
85400,-400,1000,"sd","13:44:14",511000
85400,-400,600,"sd","13:44:10",510000
85400,-400,100,"sd","13:44:10",509400
85400,-400,2200,"sd","13:44:10",509300
85500,-300,100,"bu","13:44:03",507100
85400,-400,800,"sd","13:41:44",507000
85400,-400,100,"sd","13:41:44",506200
85500,-300,200,"bu","13:41:17",506100
85500,-300,100,"bu","13:41:04",505900
85500,-300,100,"bu","13:40:53",505800
85500,-300,200,"bu","13:39:46",505700
85500,-300,100,"bu","13:39:46",505500
85500,-300,100,"bu","13:39:34",505400
85500,-300,3100,"bu","13:39:34",505300
85500,-300,100,"bu","13:38:42",502200
85400,-400,1000,"sd","13:38:18",502100
85500,-300,100,"bu","13:38:07",501100
85400,-400,1000,"bu","13:38:00",501000
85400,-400,5000,"bu","13:37:31",500000
85400,-400,4000,"bu","13:37:12",495000
85400,-400,1000,"bu","13:37:12",491000
85300,-500,100,"sd","13:34:44",490000
85300,-500,400,"sd","13:34:44",489900
85300,-500,100,"sd","13:33:45",489500
85300,-500,100,"bu","13:32:07",489400
85300,-500,500,"sd","13:32:04",489300
85300,-500,1000,"sd","13:31:57",488800
85300,-500,100,"sd","13:31:43",487800
85300,-500,4000,"sd","13:31:43",487700
85300,-500,200,"sd","13:31:43",483700
85300,-500,600,"bu","13:30:25",483500
85300,-500,200,"bu","13:30:25",482900
85300,-500,100,"bu","13:29:45",482700
85300,-500,700,"bu","13:29:35",482600
85300,-500,100,"bu","13:29:12",481900
85300,-500,900,"bu","13:27:56",481800
85300,-500,1000,"bu","13:27:56",480900
85300,-500,100,"bu","13:27:56",479900
85300,-500,100,"bu","13:27:40",479800
85300,-500,1000,"bu","13:26:43",479700
85300,-500,200,"sd","13:26:32",478700
85300,-500,100,"sd","13:26:32",478500
85300,-500,100,"sd","13:26:32",478400
85300,-500,100,"bu","13:23:37",478300
85300,-500,800,"bu","13:23:37",478200
85300,-500,100,"bu","13:23:33",477400
85300,-500,100,"sd","13:23:19",477300
85300,-500,100,"sd","13:22:57",477200
85300,-500,100,"sd","13:21:32",477100
85300,-500,200,"sd","13:21:32",477000
85300,-500,100,"bu","13:19:58",476800
85300,-500,700,"bu","13:19:58",476700
85200,-600,300,"sd","13:19:33",476000
85200,-600,100,"sd","13:19:33",475700
85200,-600,100,"sd","13:19:00",475600
85300,-500,100,"bu","13:18:50",475500
85200,-600,900,"sd","13:18:27",475400
85300,-500,100,"bu","13:18:24",474500
85200,-600,900,"sd","13:17:59",474400
85300,-500,1000,"sd","13:17:32",473500
85300,-500,100,"sd","13:17:32",472500
85300,-500,100,"sd","13:17:32",472400
85300,-500,100,"sd","13:17:32",472300
85300,-500,100,"sd","13:17:32",472200
85300,-500,100,"sd","13:17:32",472100
85300,-500,100,"sd","13:17:32",472000
85300,-500,500,"sd","13:17:32",471900
85300,-500,200,"sd","13:17:32",471400
85300,-500,100,"sd","13:17:32",471200
85300,-500,500,"sd","13:17:32",471100
85300,-500,1000,"sd","13:17:32",470600
85300,-500,100,"sd","13:17:32",469600
85400,-400,100,"sd","13:16:15",469500
85400,-400,400,"sd","13:16:15",469400
85500,-300,500,"bu","13:15:55",469000
85500,-300,300,"bu","13:15:54",468500
85400,-400,100,"sd","13:15:45",468200
85500,-300,600,"bu","13:15:33",468100
85500,-300,1700,"bu","13:15:28",467500
85500,-300,1700,"bu","13:15:21",465800
85400,-400,900,"bu","13:15:15",464100
85400,-400,100,"bu","13:15:07",463200
85300,-500,100,"sd","13:14:31",463100
85300,-500,200,"sd","13:14:31",463000
85300,-500,300,"sd","13:14:15",462800
85300,-500,8900,"sd","13:14:15",462500
85400,-400,100,"bu","13:14:08",453600
85400,-400,100,"bu","13:14:08",453500
85400,-400,300,"bu","13:14:08",453400
85200,-600,100,"sd","13:13:57",453100
85200,-600,100,"sd","13:13:43",453000
85200,-600,200,"sd","13:13:18",452900
85000,-800,1000,"sd","13:10:32",452700
85000,-800,100,"sd","13:10:32",451700
85000,-800,100,"sd","13:10:32",451600
85000,-800,1000,"sd","13:10:32",451500
85000,-800,100,"sd","13:10:32",450500
85000,-800,500,"sd","13:10:32",450400
85000,-800,100,"sd","13:10:32",449900
85000,-800,500,"sd","13:10:32",449800
85000,-800,10000,"sd","13:10:32",449300
85000,-800,2000,"sd","13:10:32",439300
85000,-800,400,"sd","13:10:32",437300
85000,-800,100,"sd","13:10:32",436900
85000,-800,100,"sd","13:10:32",436800
85100,-700,100,"sd","13:10:32",436700
85100,-700,7000,"sd","13:10:32",436600
85100,-700,200,"sd","13:10:32",429600
85100,-700,500,"sd","13:10:32",429400
85100,-700,100,"sd","13:10:32",428900
85100,-700,4000,"sd","13:10:32",428800
85100,-700,100,"sd","13:10:32",424800
85100,-700,1000,"sd","13:10:32",424700
85100,-700,900,"sd","13:10:32",423700
85200,-600,100,"sd","13:10:32",422800
85100,-700,600,"sd","13:10:19",422700
85100,-700,2000,"sd","13:09:03",422100
85100,-700,1500,"bu","13:08:50",420100
85100,-700,1000,"sd","13:08:43",418600
85100,-700,1000,"sd","13:08:43",417600
85100,-700,2000,"sd","13:08:43",416600
85400,-400,1700,"bu","13:07:28",414600
85400,-400,300,"bu","13:07:28",412900
85100,-700,100,"sd","13:07:27",412600
85000,-800,200,"sd","13:07:16",412500
85000,-800,100,"sd","13:07:16",412300
85000,-800,300,"sd","13:07:16",412200
85000,-800,100,"sd","13:07:16",411900
85000,-800,100,"sd","13:07:16",411800
85000,-800,400,"sd","13:07:16",411700
85000,-800,100,"sd","13:07:16",411300
85000,-800,200,"sd","13:07:16",411200
85000,-800,500,"sd","13:07:16",411000
85000,-800,1000,"sd","13:07:16",410500
85000,-800,2000,"sd","13:07:16",409500
85000,-800,100,"sd","13:07:16",407500
85000,-800,10000,"sd","13:07:16",407400
85000,-800,100,"sd","13:07:16",397400
85000,-800,100,"sd","13:07:16",397300
85000,-800,3700,"sd","13:07:16",397200
85000,-800,1000,"sd","13:07:16",393500
85100,-700,100,"sd","13:07:13",392500
85100,-700,300,"sd","13:07:13",392400
85100,-700,400,"sd","13:06:54",392100
85100,-700,100,"sd","13:06:39",391700
85100,-700,1000,"sd","13:06:39",391600
85100,-700,100,"sd","13:06:39",390600
85100,-700,200,"sd","13:06:19",390500
85100,-700,200,"sd","13:06:19",390300
85000,-800,100,"sd","13:05:22",390100
85000,-800,200,"bu","13:05:13",390000
85000,-800,1000,"bu","13:05:13",389800
85000,-800,100,"bu","13:05:13",388800
85000,-800,100,"bu","13:05:09",388700
85000,-800,100,"bu","13:05:04",388600
85000,-800,200,"bu","13:05:04",388500
85000,-800,500,"bu","13:05:01",388300
85000,-800,2000,"bu","13:04:51",387800
85000,-800,100,"bu","13:04:45",385800
85000,-800,100,"sd","13:04:29",385700
85000,-800,100,"sd","13:04:29",385600
85000,-800,500,"sd","13:04:29",385500
85000,-800,100,"sd","13:04:29",385000
85000,-800,500,"sd","13:04:29",384900
85000,-800,5000,"sd","13:04:29",384400
85000,-800,100,"sd","13:04:29",379400
85000,-800,3400,"sd","13:04:22",379300
85000,-800,100,"sd","13:04:22",375900
85000,-800,100,"sd","13:04:22",375800
85000,-800,200,"sd","13:04:22",375700
85000,-800,500,"sd","13:03:51",375500
85000,-800,1000,"sd","13:03:51",375000
85000,-800,100,"sd","13:03:32",374000
85000,-800,100,"sd","13:03:32",373900
85000,-800,1000,"sd","13:03:32",373800
85000,-800,100,"sd","13:03:32",372800
85000,-800,100,"sd","13:03:32",372700
85000,-800,500,"sd","13:03:32",372600
85000,-800,1400,"sd","13:03:32",372100
85000,-800,100,"sd","13:03:32",370700
85000,-800,200,"sd","13:03:32",370600
85000,-800,200,"sd","13:03:32",370400
85000,-800,1000,"sd","13:02:52",370200
85000,-800,400,"sd","13:02:52",369200
85000,-800,300,"sd","13:02:52",368800
85000,-800,100,"sd","13:02:52",368500
85000,-800,500,"sd","13:02:52",368400
85000,-800,100,"sd","13:02:52",367900
85000,-800,500,"sd","13:02:52",367800
85000,-800,100,"sd","13:02:52",367300
85000,-800,100,"sd","13:02:52",367200
85000,-800,100,"sd","13:02:52",367100
85000,-800,100,"sd","13:02:52",367000
85000,-800,1000,"sd","13:02:52",366900
85000,-800,500,"sd","13:02:52",365900
85000,-800,500,"sd","13:02:52",365400
85000,-800,100,"sd","13:02:52",364900
85000,-800,100,"sd","13:02:52",364800
85000,-800,200,"sd","13:02:52",364700
85000,-800,100,"sd","13:02:52",364500
85000,-800,100,"sd","13:02:52",364400
85000,-800,600,"sd","13:02:52",364300
85000,-800,100,"sd","13:02:52",363700
85000,-800,2000,"sd","13:02:52",363600
85000,-800,500,"sd","13:02:52",361600
85000,-800,1000,"sd","13:02:52",361100
85000,-800,100,"sd","13:02:52",360100
85000,-800,100,"sd","13:02:52",360000
85000,-800,200,"sd","13:02:52",359900
85000,-800,500,"sd","13:02:52",359700
85000,-800,200,"sd","13:02:52",359200
85000,-800,100,"sd","13:02:52",359000
85100,-700,100,"sd","13:02:52",358900
85000,-800,100,"sd","13:02:52",358800
85100,-700,100,"sd","13:02:52",358700
85000,-800,300,"sd","13:02:52",358600
85100,-700,300,"sd","13:02:52",358300
85000,-800,100,"sd","13:02:52",358000
85100,-700,100,"sd","13:02:52",357900
85000,-800,100,"sd","13:02:52",357800
85100,-700,100,"sd","13:02:52",357700
85000,-800,200,"sd","13:02:52",357600
85100,-700,200,"sd","13:02:52",357400
85000,-800,200,"sd","13:02:52",357200
85000,-800,500,"sd","13:02:52",356900
85200,-600,100,"sd","13:02:52",357000
85200,-600,100,"sd","13:02:52",356400
85100,-700,1000,"sd","13:02:52",356300
85200,-600,100,"sd","13:02:52",355300
85100,-700,200,"sd","13:02:52",355200
85200,-600,500,"sd","13:02:52",355000
85100,-700,100,"sd","13:02:52",354500
85200,-600,100,"sd","13:02:52",354400
85100,-700,1000,"sd","13:02:52",354300
85200,-600,100,"sd","13:02:52",353300
85100,-700,100,"sd","13:02:52",353200
85200,-600,100,"sd","13:02:52",353100
85100,-700,1000,"sd","13:02:52",353000
85200,-600,900,"sd","13:02:52",352000
85100,-700,100,"sd","13:02:52",351100
85100,-700,100,"sd","13:02:52",350700
85200,-600,300,"sd","13:02:52",351000
85200,-600,100,"sd","13:02:52",350600
85200,-600,100,"sd","13:02:52",350500
85200,-600,200,"sd","13:02:52",350400
85500,-300,1000,"bu","13:02:12",350200
85400,-400,300,"bu","13:02:12",349200
85300,-500,1000,"sd","13:02:12",348900
85300,-500,200,"sd","13:02:12",347900
85300,-500,100,"sd","13:02:12",347700
85300,-500,100,"sd","13:02:12",347600
85400,-400,200,"sd","13:01:57",347500
85400,-400,1000,"sd","13:01:57",347300
85400,-400,100,"sd","13:01:57",346300
85400,-400,1500,"sd","13:01:57",346200
85500,-300,1000,"bu","13:01:34",344700
85500,-300,1600,"bu","13:01:01",343700
85500,-300,1000,"bu","13:01:01",342100
85500,-300,100,"sd","13:00:34",341100
85500,-300,200,"sd","13:00:34",341000
85600,-200,300,"bu","13:00:25",340800
85600,-200,200,"bu","13:00:25",340500
85600,-200,800,"bu","13:00:22",340300
85600,-200,1500,"bu","13:00:22",339500
85500,-300,100,"sd","13:00:09",338000
85600,-200,100,"bu","13:00:03",337900
85300,-500,1900,"bu","13:00:03",337800
85500,-300,100,"sd","13:00:00",335900
85500,-300,200,"sd","13:00:00",335800
85300,-500,600,"sd","13:00:00",335600
85300,-500,100,"sd","13:00:00",335000
85300,-500,100,"sd","13:00:00",334900
85300,-500,100,"sd","13:00:00",334800
85300,-500,900,"sd","13:00:00",334700
85400,-400,100,"sd","13:00:00",333800
85500,-300,100,"sd","13:00:00",333700
85500,-300,600,"sd","13:00:00",333600
85500,-300,400,"sd","13:00:00",333000
85300,-500,2200,"sd","13:00:00",332600
85500,-300,100,"sd","13:00:00",330400
85500,-300,1000,"sd","13:00:00",330300
85300,-500,600,"sd","13:00:00",329300
85500,-300,100,"sd","13:00:00",328700
85500,-300,500,"sd","13:00:00",328600
85500,-300,100,"sd","13:00:00",328100
85300,-500,200,"sd","13:00:00",328000
85300,-500,700,"sd","13:00:00",327800
85400,-400,100,"sd","13:00:00",327100
85500,-300,700,"sd","13:00:00",327000
85500,-300,5200,"sd","13:00:00",326300
85500,-300,100,"sd","13:00:00",321100
85500,-300,1400,"sd","13:00:00",321000
85500,-300,1600,"sd","13:00:00",319600
85500,-300,100,"sd","13:00:00",318000
85500,-300,100,"sd","13:00:00",317900
85300,-500,300,"sd","13:00:00",317800
85500,-300,400,"sd","13:00:00",317500
85500,-300,400,"sd","13:00:00",317100
85400,-400,100,"sd","13:00:00",316700
85400,-400,100,"sd","13:00:00",316600
85400,-400,400,"sd","13:00:00",316500
85500,-300,200,"sd","13:00:00",316100
85400,-400,8300,"sd","13:00:00",315900
85500,-300,100,"sd","13:00:00",307600
85500,-300,200,"sd","13:00:00",307500
85600,-200,300,"bu","12:59:59",307300
85600,-200,200,"bu","12:59:59",307000
85600,-200,900,"bu","12:59:59",306800
85600,-200,100,"bu","12:59:59",305900
85600,-200,500,"bu","11:29:50",305800
85500,-300,300,"sd","11:28:38",305300
85500,-300,200,"sd","11:28:38",305000
85600,-200,100,"bu","11:28:18",304800
85500,-300,9800,"sd","11:27:33",304700
85500,-300,100,"sd","11:27:33",294900
85500,-300,100,"sd","11:27:33",294800
85500,-300,5000,"sd","11:27:33",294700
85600,-200,400,"bu","11:26:23",289700
85600,-200,100,"bu","11:26:23",289300
85600,-200,100,"bu","11:25:20",289200
85600,-200,2000,"bu","11:23:59",289100
85600,-200,100,"bu","11:23:57",287100
85600,-200,100,"bu","11:22:40",287000
85500,-300,300,"sd","11:19:27",286900
85500,-300,100,"sd","11:19:27",286600
85500,-300,100,"sd","11:19:27",286500
85500,-300,200,"sd","11:19:27",286400
85600,-200,100,"bu","11:19:07",286200
85600,-200,100,"bu","11:18:00",286100
85600,-200,500,"bu","11:18:00",286000
85600,-200,100,"bu","11:17:49",285500
85600,-200,100,"bu","11:17:39",285400
85600,-200,100,"bu","11:16:48",285300
85500,-300,100,"sd","11:16:42",285200
85600,-200,100,"bu","11:16:19",285100
85600,-200,100,"bu","11:16:07",285000
85600,-200,100,"bu","11:15:45",284900
85600,-200,100,"sd","11:15:41",284800
85600,-200,100,"sd","11:15:41",284700
85600,-200,100,"sd","11:15:41",284600
85600,-200,1000,"sd","11:15:41",284500
85600,-200,1000,"bu","11:14:58",283500
85600,-200,500,"sd","11:14:57",282500
85600,-200,100,"sd","11:14:57",282000
85600,-200,200,"sd","11:14:57",281900
85600,-200,100,"sd","11:14:57",281700
85600,-200,500,"sd","11:14:57",281600
85600,-200,300,"sd","11:14:56",281100
85600,-200,900,"sd","11:14:56",280800
85600,-200,100,"sd","11:14:56",279900
85600,-200,100,"sd","11:14:56",279800
85600,-200,1000,"sd","11:14:56",279700
85600,-200,100,"sd","11:14:56",278700
85600,-200,500,"sd","11:14:56",278600
85600,-200,500,"sd","11:14:56",278100
85600,-200,200,"sd","11:14:56",277600
85600,-200,100,"sd","11:14:56",277400
85600,-200,1600,"sd","11:14:56",277300
85600,-200,100,"sd","11:14:56",275700
85600,-200,200,"sd","11:14:56",275600
85600,-200,200,"sd","11:14:56",275400
85600,-200,300,"sd","11:14:56",275200
85600,-200,100,"sd","11:14:56",274900
85600,-200,100,"sd","11:14:56",274800
85600,-200,200,"sd","11:14:56",274700
85600,-200,300,"sd","11:14:56",274500
85600,-200,100,"sd","11:14:56",274200
85600,-200,100,"sd","11:14:56",274100
85600,-200,200,"sd","11:14:56",274000
85600,-200,100,"sd","11:14:56",273800
85600,-200,100,"sd","11:14:56",273700
85600,-200,100,"sd","11:14:56",273600
85600,-200,100,"sd","11:13:27",273500
85700,-100,200,"sd","11:13:27",273400
85700,-100,500,"sd","11:13:27",273200
85700,-100,100,"sd","11:13:27",272700
85700,-100,2000,"sd","11:13:27",272600
85700,-100,900,"sd","11:13:27",270600
85700,-100,100,"sd","11:13:12",269700
85700,-100,200,"sd","11:13:12",269600
85700,-100,100,"sd","11:13:12",269400
85700,-100,200,"sd","11:13:12",269300
85700,-100,100,"sd","11:13:12",269100
85700,-100,300,"sd","11:13:12",269000
85700,-100,1100,"sd","11:12:17",268700
85700,-100,600,"sd","11:11:10",267600
85700,-100,100,"sd","11:11:10",267000
85700,-100,800,"sd","11:11:10",266900
85700,-100,200,"sd","11:11:10",266100
85700,-100,300,"sd","11:11:10",265900
85700,-100,100,"sd","11:11:10",265600
85700,-100,200,"sd","11:11:10",265500
85700,-100,500,"sd","11:11:10",265300
85700,-100,100,"sd","11:11:10",264800
85700,-100,100,"sd","11:11:10",264700
85700,-100,400,"sd","11:11:10",264600
85700,-100,500,"sd","11:11:10",264200
85700,-100,200,"sd","11:11:10",263700
85700,-100,100,"sd","11:11:10",263500
85700,-100,100,"sd","11:11:10",263400
85700,-100,200,"sd","11:10:10",263300
85700,-100,800,"sd","11:10:10",263100
85800,0,100,"bu","11:09:27",262300
85800,0,800,"bu","11:08:34",262200
85800,0,300,"bu","11:08:34",261400
85700,-100,300,"sd","11:08:18",261100
85700,-100,2000,"sd","11:08:02",260800
85800,0,100,"bu","11:07:52",258800
85800,0,100,"bu","11:07:31",258700
85700,-100,100,"sd","11:07:23",258600
85800,0,100,"bu","11:07:19",258500
85800,0,500,"bu","11:06:34",258400
85800,0,100,"bu","11:05:09",257900
85800,0,500,"bu","11:03:48",257800
85800,0,500,"bu","11:03:48",257300
85800,0,200,"bu","11:03:17",256800
85800,0,100,"bu","11:02:58",256600
85800,0,900,"bu","11:02:22",256500
85800,0,100,"bu","11:02:22",255600
85800,0,1800,"bu","11:02:22",255500
85800,0,1800,"bu","11:02:22",253700
85800,0,500,"bu","11:02:22",251900
85800,0,2400,"bu","11:02:22",251400
85800,0,10000,"bu","11:02:22",249000
85800,0,1800,"bu","11:02:22",239000
85800,0,700,"bu","11:02:22",237200
85700,-100,300,"sd","11:01:28",236500
85700,-100,200,"sd","11:00:49",236200
85700,-100,1000,"sd","11:00:33",236000
85700,-100,200,"sd","11:00:28",235000
85700,-100,100,"sd","10:58:08",234800
85700,-100,900,"sd","10:58:08",234700
85700,-100,100,"sd","10:57:36",233800
85700,-100,200,"sd","10:57:36",233700
85700,-100,200,"sd","10:57:36",233500
85700,-100,500,"sd","10:57:36",233300
85800,0,500,"bu","10:55:47",232800
85700,-100,100,"sd","10:55:45",232300
85700,-100,100,"sd","10:55:45",232200
85700,-100,100,"sd","10:55:45",232100
85700,-100,300,"sd","10:55:45",232000
85700,-100,100,"sd","10:55:45",231700
85700,-100,100,"sd","10:55:45",231600
85700,-100,200,"sd","10:55:45",231500
85800,0,100,"sd","10:55:02",231300
85800,0,100,"sd","10:55:02",231200
85800,0,100,"sd","10:55:02",231100
85800,0,200,"sd","10:55:02",231000
85800,0,500,"sd","10:55:02",230800
85800,0,300,"sd","10:55:02",230300
85800,0,5000,"sd","10:55:02",230000
85800,0,100,"sd","10:55:02",225000
85800,0,300,"sd","10:55:02",224900
85800,0,100,"sd","10:55:02",224600
85800,0,100,"sd","10:55:02",224500
85800,0,200,"sd","10:55:02",224400
85800,0,5800,"sd","10:55:02",224200
85800,0,100,"sd","10:55:02",218400
85800,0,200,"sd","10:55:02",218300
85800,0,500,"sd","10:54:40",218100
85800,0,100,"sd","10:54:22",217600
85900,100,100,"bu","10:54:00",217500
85800,0,1900,"sd","10:53:51",217400
85800,0,1000,"sd","10:53:39",215500
85900,100,100,"bu","10:52:57",214500
85800,0,700,"sd","10:52:30",214400
85800,0,100,"sd","10:52:30",213700
85800,0,100,"sd","10:52:30",213600
85800,0,500,"sd","10:52:30",213500
85800,0,300,"sd","10:52:30",213000
85800,0,100,"sd","10:52:30",212700
85800,0,900,"sd","10:51:50",212600
85800,0,100,"sd","10:51:50",211700
85900,100,200,"bu","10:51:20",211600
85900,100,400,"bu","10:48:19",211400
85900,100,100,"bu","10:47:00",211000
85900,100,300,"bu","10:46:38",210900
85900,100,100,"bu","10:44:19",210600
85900,100,100,"bu","10:43:30",210500
85900,100,500,"bu","10:42:13",210400
85900,100,1000,"bu","10:41:35",209900
85800,0,300,"sd","10:39:49",208900
85800,0,100,"sd","10:39:38",208600
85800,0,100,"sd","10:37:11",208500
85800,0,900,"sd","10:36:22",208400
85800,0,2200,"sd","10:36:21",207500
85800,0,500,"sd","10:36:07",205300
85800,0,800,"sd","10:34:59",204800
85800,0,1000,"sd","10:34:59",204000
85800,0,100,"sd","10:34:53",203000
85800,0,200,"sd","10:34:53",202900
85800,0,200,"sd","10:34:53",202700
85900,100,100,"bu","10:34:48",202500
85800,0,4800,"sd","10:34:37",202400
85800,0,200,"sd","10:34:37",197600
85800,0,1000,"sd","10:34:37",197400
85800,0,1200,"sd","10:34:37",196400
85800,0,5300,"sd","10:34:37",195200
85900,100,200,"bu","10:34:22",189900
85800,0,300,"sd","10:33:36",189700
85800,0,1800,"sd","10:32:27",189400
85800,0,2600,"sd","10:29:23",187600
85800,0,900,"sd","10:29:23",185000
85800,0,200,"sd","10:29:23",184100
85800,0,300,"sd","10:29:23",183900
85800,0,1700,"sd","10:27:10",183600
85800,0,500,"sd","10:27:10",181900
85800,0,100,"sd","10:27:10",181400
85800,0,100,"sd","10:27:10",181300
85800,0,100,"sd","10:27:10",181200
85800,0,300,"sd","10:27:10",181100
85800,0,300,"sd","10:27:10",180800
85800,0,1000,"sd","10:27:10",180500
85800,0,200,"sd","10:27:10",179500
85800,0,100,"sd","10:25:36",179300
85800,0,1300,"sd","10:24:46",179200
85800,0,1300,"sd","10:24:37",177900
85800,0,1000,"sd","10:24:27",176600
85900,100,1800,"bu","10:22:56",175600
85900,100,100,"bu","10:22:23",173800
85900,100,100,"bu","10:17:18",173700
85900,100,100,"bu","10:17:05",173600
85800,0,100,"sd","10:16:59",173500
85900,100,200,"bu","10:16:54",173400
85800,0,100,"sd","10:16:52",173200
85800,0,100,"sd","10:16:45",173100
85900,100,2500,"bu","10:16:43",173000
85800,0,500,"sd","10:14:33",170500
85800,0,200,"sd","10:13:59",170000
85800,0,100,"sd","10:13:51",169800
85800,0,100,"sd","10:13:51",169700
85800,0,200,"sd","10:13:49",169600
85800,0,200,"sd","10:13:49",169400
85800,0,500,"sd","10:13:49",169200
85800,0,100,"sd","10:13:35",168700
85800,0,100,"sd","10:13:31",168600
85800,0,100,"sd","10:13:31",168500
85800,0,100,"sd","10:13:31",168400
85800,0,500,"sd","10:13:31",168300
85800,0,1000,"sd","10:13:31",167800
85800,0,100,"sd","10:13:31",166800
85800,0,300,"sd","10:13:31",166700
85800,0,1000,"sd","10:13:31",166400
85800,0,100,"sd","10:13:31",165400
85800,0,100,"sd","10:13:31",165300
85800,0,100,"sd","10:13:31",165200
85800,0,100,"sd","10:13:31",165100
85800,0,100,"sd","10:13:31",165000
85800,0,200,"sd","10:13:31",164900
85800,0,500,"sd","10:12:34",164700
85800,0,1000,"sd","10:08:12",164200
85800,0,500,"sd","10:06:17",163200
85800,0,100,"sd","10:05:51",162700
85800,0,100,"sd","10:05:39",162600
85800,0,100,"sd","10:05:18",162500
85800,0,700,"sd","10:02:50",162400
85800,0,100,"sd","10:02:13",161700
85900,100,100,"bu","10:01:29",161600
85900,100,100,"bu","10:00:08",161500
85900,100,100,"bu","10:00:02",161400
85800,0,200,"sd","09:57:34",161300
85900,100,100,"bu","09:56:36",161100
85900,100,300,"bu","09:56:35",161000
85900,100,500,"bu","09:55:59",160700
85900,100,100,"bu","09:55:39",160200
85800,0,100,"sd","09:55:29",160100
85800,0,100,"sd","09:55:29",160000
85800,0,200,"sd","09:55:26",159900
85800,0,1000,"sd","09:55:26",159700
85800,0,100,"sd","09:55:13",158700
85800,0,100,"sd","09:55:11",158600
85800,0,100,"sd","09:55:05",158500
85800,0,2700,"sd","09:54:59",158400
85800,0,200,"sd","09:54:11",155700
85800,0,200,"sd","09:53:59",155500
85800,0,200,"sd","09:53:55",155300
85900,100,100,"sd","09:53:51",155100
85900,100,200,"sd","09:53:51",155000
85900,100,1800,"sd","09:53:51",154800
85900,100,200,"sd","09:53:51",153000
85900,100,500,"sd","09:53:51",152800
85900,100,200,"sd","09:53:51",152300
85900,100,200,"sd","09:53:51",152100
85900,100,100,"sd","09:53:51",151900
85900,100,500,"sd","09:53:51",151800
85900,100,500,"sd","09:53:51",151300
85900,100,600,"sd","09:53:51",150800
85900,100,400,"sd","09:53:38",150200
85900,100,200,"sd","09:52:59",149800
85900,100,200,"sd","09:52:51",149600
85900,100,200,"sd","09:52:45",149400
85900,100,1400,"sd","09:52:42",149200
85900,100,300,"sd","09:52:42",147800
85900,100,100,"sd","09:52:42",147500
85900,100,2500,"sd","09:52:42",147400
85900,100,100,"sd","09:52:32",144900
85900,100,200,"sd","09:52:32",144800
85900,100,300,"sd","09:52:29",144600
85900,100,200,"sd","09:52:25",144300
86000,200,100,"bu","09:52:21",144100
86000,200,1300,"sd","09:52:16",144000
86000,200,100,"sd","09:52:16",142700
86000,200,400,"sd","09:52:16",142600
86000,200,300,"sd","09:52:16",142200
86000,200,300,"sd","09:52:16",141900
86000,200,3300,"sd","09:52:16",141600
86000,200,1000,"sd","09:51:24",138300
86000,200,100,"sd","09:50:35",137300
86000,200,1000,"sd","09:50:33",137200
86000,200,300,"sd","09:50:32",136200
86000,200,300,"sd","09:50:29",135900
86000,200,1000,"sd","09:50:26",135600
86000,200,300,"sd","09:50:25",134600
86000,200,3700,"sd","09:50:19",134300
86000,200,200,"sd","09:50:19",130600
86000,200,2100,"sd","09:50:19",130400
86000,200,100,"sd","09:49:56",128300
86100,300,400,"bu","09:48:00",128200
86100,300,200,"bu","09:48:00",127800
86100,300,400,"bu","09:48:00",127600
86100,300,300,"bu","09:47:28",127200
86100,300,1000,"bu","09:47:20",126900
86100,300,200,"bu","09:47:04",125900
86100,300,400,"bu","09:46:28",125700
86000,200,400,"sd","09:45:59",125300
86000,200,200,"sd","09:45:54",124900
86000,200,400,"sd","09:45:52",124700
86000,200,400,"sd","09:45:45",124300
86000,200,6400,"sd","09:45:37",123900
86000,200,100,"sd","09:45:37",117500
86000,200,200,"sd","09:45:37",117400
86000,200,200,"sd","09:45:37",117200
86000,200,100,"sd","09:45:37",117000
86000,200,200,"sd","09:45:37",116900
86000,200,100,"sd","09:45:37",116700
86000,200,300,"sd","09:45:37",116600
86000,200,400,"sd","09:45:37",116300
86000,200,400,"sd","09:45:32",115900
86100,300,100,"bu","09:45:31",115500
86000,200,400,"sd","09:45:29",115400
86000,200,400,"sd","09:45:25",115000
86000,200,4300,"sd","09:45:20",114600
86000,200,4100,"sd","09:45:19",110300
86000,200,200,"sd","09:45:19",106200
86000,200,100,"sd","09:44:50",106000
86000,200,900,"sd","09:44:50",105900
86000,200,500,"sd","09:44:32",105000
86100,300,100,"bu","09:43:56",104500
86100,300,100,"bu","09:43:02",104400
86000,200,300,"sd","09:42:32",104300
86000,200,200,"sd","09:42:29",104000
86000,200,100,"sd","09:42:25",103800
86100,300,3000,"bu","09:42:15",103700
86000,200,100,"sd","09:42:15",100700
86000,200,2700,"sd","09:42:14",100600
86100,300,100,"bu","09:41:48",97900
86000,200,100,"sd","09:39:54",97800
86000,200,100,"sd","09:39:31",97700
86000,200,300,"sd","09:39:29",97600
86100,300,100,"bu","09:39:24",97300
86100,300,1200,"bu","09:39:18",97200
86000,200,200,"sd","09:39:15",96000
86000,200,200,"sd","09:39:12",95800
86000,200,200,"bu","09:39:06",95600
86000,200,100,"bu","09:39:06",95400
86000,200,200,"bu","09:39:06",95300
86000,200,1000,"bu","09:39:06",95100
86000,200,700,"bu","09:39:06",94100
86000,200,400,"bu","09:39:06",93400
86000,200,1500,"bu","09:39:06",93000
86000,200,200,"bu","09:39:06",91500
86000,200,100,"bu","09:38:46",91300
86000,200,100,"bu","09:38:11",91200
85900,100,100,"sd","09:37:29",91100
86000,200,100,"bu","09:37:29",91000
85900,100,100,"sd","09:37:11",90900
85900,100,100,"sd","09:37:05",90800
85900,100,2000,"sd","09:37:04",90700
85900,100,100,"sd","09:36:59",88700
86000,200,100,"bu","09:36:53",88600
85900,100,100,"sd","09:36:52",88500
86000,200,100,"bu","09:36:42",88400
85900,100,100,"sd","09:36:35",88300
86000,200,1000,"bu","09:36:32",88200
86000,200,200,"bu","09:36:32",87200
86000,200,1800,"bu","09:36:32",87000
85900,100,700,"sd","09:36:23",85200
85900,100,100,"sd","09:35:57",84500
85900,100,200,"sd","09:35:19",84400
85900,100,400,"bu","09:33:41",84200
85900,100,100,"bu","09:33:41",83800
85900,100,100,"bu","09:33:41",83700
85900,100,100,"bu","09:33:08",83600
85900,100,100,"bu","09:32:48",83500
85900,100,200,"sd","09:32:27",83400
85800,0,100,"sd","09:31:26",83200
85900,100,300,"sd","09:30:24",83100
86000,200,400,"bu","09:27:58",82800
85800,0,100,"sd","09:27:55",82400
85900,100,100,"sd","09:27:55",82300
85900,100,100,"sd","09:27:55",82200
85900,100,200,"sd","09:27:55",82100
85900,100,9800,"sd","09:27:45",81900
85900,100,200,"sd","09:27:45",72100
86000,200,100,"sd","09:27:37",71900
86000,200,100,"sd","09:27:34",71800
86000,200,100,"sd","09:27:15",71700
86000,200,1200,"sd","09:27:13",71600
86000,200,100,"sd","09:27:13",70400
86000,200,100,"sd","09:27:13",70300
86000,200,300,"sd","09:27:13",70200
86000,200,1000,"sd","09:27:13",69900
86000,200,100,"sd","09:27:13",68900
86000,200,100,"sd","09:27:13",68800
86000,200,100,"sd","09:27:13",68700
86100,300,100,"bu","09:27:07",68600
86100,300,200,"bu","09:26:44",68500
86100,300,100,"bu","09:26:07",68300
86100,300,100,"bu","09:25:25",68200
86000,200,300,"sd","09:25:22",68100
86000,200,200,"sd","09:25:22",67800
86100,300,100,"sd","09:25:21",67600
86100,300,200,"sd","09:25:21",67500
86100,300,900,"sd","09:24:45",67300
86100,300,100,"sd","09:24:45",66400
86200,400,700,"sd","09:23:19",66300
86200,400,300,"sd","09:23:19",65600
86200,400,700,"sd","09:22:16",65300
86200,400,2000,"sd","09:22:16",64600
86300,500,200,"sd","09:22:16",62600
86300,500,200,"sd","09:21:58",62400
86300,500,600,"sd","09:21:10",62200
86400,600,1600,"sd","09:20:34",61600
86400,600,600,"sd","09:20:33",60000
86400,600,800,"sd","09:20:28",59400
86400,600,100,"sd","09:20:28",58600
86400,600,2000,"sd","09:20:21",58500
86400,600,100,"sd","09:20:18",56500
86400,600,1000,"sd","09:20:11",56400
86400,600,200,"sd","09:20:01",55400
86400,600,1600,"sd","09:19:39",55200
86400,600,1100,"sd","09:19:39",53600
86400,600,200,"sd","09:19:38",52500
86400,600,100,"sd","09:19:29",52300
86500,700,200,"bu","09:19:26",52200
86400,600,100,"sd","09:19:26",52000
86500,700,500,"bu","09:18:55",51900
86500,700,500,"bu","09:18:55",51400
86500,700,100,"bu","09:18:55",50900
86500,700,100,"bu","09:18:55",50800
86500,700,200,"bu","09:18:55",50700
86500,700,1000,"bu","09:18:55",50500
86500,700,500,"bu","09:18:55",49500
86500,700,100,"bu","09:18:55",49000
86400,600,2500,"bu","09:18:24",48900
86500,700,100,"bu","09:17:25",46400
86500,700,100,"bu","09:17:25",46300
86400,600,100,"bu","09:17:25",46200
85800,0,1200,"sd","09:17:19",46100
85800,0,100,"sd","09:17:19",44900
85800,0,300,"sd","09:17:19",44800
85800,0,100,"sd","09:17:19",44500
85800,0,100,"sd","09:17:19",44400
85800,0,200,"sd","09:17:19",44300
85800,0,200,"sd","09:17:19",44100
85900,100,200,"sd","09:17:19",43900
85900,100,100,"sd","09:17:19",43700
85900,100,100,"sd","09:17:19",43600
85900,100,300,"sd","09:17:19",43500
85900,100,100,"sd","09:17:19",43200
85900,100,100,"sd","09:17:19",43100
85900,100,100,"sd","09:17:19",43000
85900,100,6000,"sd","09:17:19",42900
85900,100,200,"sd","09:17:19",36900
86000,200,100,"sd","09:17:19",36700
86000,200,6000,"sd","09:17:19",36600
86000,200,100,"sd","09:17:19",30600
86000,200,500,"sd","09:17:19",30500
86000,200,100,"sd","09:17:19",30000
86000,200,200,"sd","09:17:19",29900
86000,200,100,"sd","09:17:19",29700
86100,300,1800,"sd","09:17:19",29600
86100,300,1000,"sd","09:17:19",27800
86200,400,1000,"sd","09:17:19",26800
86300,500,1400,"sd","09:17:19",25800
86400,600,2000,"sd","09:17:19",24400
86400,600,1900,"sd","09:17:19",22400
86400,600,1800,"sd","09:17:19",20500
86400,600,100,"sd","09:17:16",18700
86400,600,100,"sd","09:17:08",18600
86400,600,100,"bu","09:16:54",18500
86400,600,200,"bu","09:16:54",18400
86400,600,100,"bu","09:16:54",18200
86400,600,1000,"bu","09:16:48",18100
86400,600,1000,"bu","09:16:43",17100
86400,600,1000,"bu","09:16:43",16100
86300,500,100,"sd","09:16:32",15100
86300,500,200,"bu","09:16:24",15000
86300,500,2000,"bu","09:16:24",14800
86300,500,300,"bu","09:16:24",12800
86300,500,100,"bu","09:16:23",12500
86300,500,200,"bu","09:16:20",12400
86300,500,100,"bu","09:15:51",12200
86300,500,100,"bu","09:15:23",12100
86100,300,12000,"sd","09:15:00",12000
