"price","change","match_qtty","side","time","total_vol"
2450,-130,29800,"unknown","14:45:03",2130300
2420,-160,12500,"sd","14:29:15",2100500
2430,-150,5000,"sd","14:29:15",2088000
2430,-150,500,"sd","14:29:15",2083000
2420,-160,700,"sd","14:28:50",2082500
2420,-160,800,"sd","14:28:50",2081800
2420,-160,500,"sd","14:28:50",2081000
2420,-160,300,"sd","14:28:46",2080500
2420,-160,1000,"sd","14:28:23",2080200
2420,-160,20000,"sd","14:28:23",2079200
2420,-160,100,"sd","14:28:23",2059200
2420,-160,200,"sd","14:28:23",2059100
2420,-160,1000,"sd","14:28:23",2058900
2420,-160,400,"sd","14:28:23",2057900
2420,-160,800,"sd","14:28:23",2057500
2420,-160,200,"sd","14:28:23",2056700
2420,-160,200,"sd","14:28:23",2056500
2420,-160,100,"sd","14:28:23",2056300
2430,-150,100,"sd","14:28:23",2056200
2420,-160,300,"sd","14:28:23",2056100
2430,-150,1500,"sd","14:28:23",2055800
2420,-160,500,"sd","14:28:23",2054300
2430,-150,1600,"sd","14:28:23",2053800
2420,-160,1000,"sd","14:28:23",2052200
2430,-150,200,"sd","14:28:23",2051200
2420,-160,100,"sd","14:28:23",2051000
2430,-150,300,"sd","14:28:23",2050900
2450,-130,2500,"sd","14:28:23",2050600
2450,-130,8300,"sd","14:28:23",2048100
2420,-160,1000,"sd","14:28:23",2039800
2420,-160,2300,"sd","14:28:23",2038800
2450,-130,5500,"sd","14:28:23",2036500
2450,-130,200,"sd","14:28:23",2031000
2430,-150,200,"sd","14:28:23",2030800
2450,-130,700,"sd","14:28:23",2030600
2450,-130,200,"sd","14:28:23",2029900
2430,-150,1000,"sd","14:28:23",2029700
2430,-150,200,"sd","14:28:23",2028700
2430,-150,100,"sd","14:28:23",2028500
2450,-130,100,"sd","14:28:23",2028400
2430,-150,5200,"sd","14:28:23",2028300
2420,-160,700,"sd","14:28:23",2023100
2430,-150,200,"sd","14:28:23",2022400
2440,-140,11600,"sd","14:28:23",2022200
2450,-130,22600,"sd","14:28:23",2010600
2440,-140,2000,"sd","14:28:23",1988000
2450,-130,1000,"sd","14:28:23",1986000
2440,-140,500,"sd","14:28:23",1985000
2450,-130,100,"sd","14:28:23",1984500
2440,-140,3000,"sd","14:28:23",1984400
2460,-120,100,"sd","14:28:23",1981400
2440,-140,200,"sd","14:28:23",1981300
2440,-140,200,"sd","14:28:23",1981100
2460,-120,100,"sd","14:28:23",1980900
2460,-120,10500,"sd","14:28:23",1980800
2440,-140,700,"sd","14:28:23",1970300
2440,-140,10100,"sd","14:28:23",1969600
2440,-140,10300,"sd","14:28:23",1959500
2450,-130,2000,"sd","14:28:23",1949200
2450,-130,3000,"sd","14:28:23",1947200
2460,-120,5600,"sd","14:28:23",1944200
2450,-130,15000,"sd","14:28:23",1938600
2470,-110,1000,"sd","14:28:23",1923600
2470,-110,5700,"sd","14:28:23",1922600
2470,-110,2000,"sd","14:28:23",1916900
2450,-130,1000,"sd","14:28:23",1914900
2450,-130,200,"sd","14:28:23",1913900
2450,-130,6000,"sd","14:28:23",1913700
2470,-110,3500,"sd","14:28:23",1907700
2450,-130,1000,"sd","14:28:23",1904200
2470,-110,3500,"sd","14:28:23",1903200
2480,-100,200,"bu","14:27:44",1899700
2470,-110,26500,"sd","14:27:32",1899500
2470,-110,2000,"sd","14:27:32",1873000
2470,-110,5000,"sd","14:27:32",1871000
2470,-110,1000,"sd","14:27:32",1866000
2470,-110,4500,"sd","14:27:32",1865000
2480,-100,5600,"sd","14:27:25",1860500
2480,-100,200,"sd","14:27:25",1854900
2480,-100,300,"sd","14:27:25",1854700
2480,-100,100,"sd","14:27:25",1854400
2480,-100,2000,"sd","14:27:25",1854300
2480,-100,10000,"sd","14:27:25",1852300
2480,-100,100,"sd","14:27:25",1842300
2480,-100,1000,"sd","14:27:25",1842200
2480,-100,9600,"sd","14:27:25",1841200
2490,-90,300,"bu","14:27:02",1831600
2490,-90,4300,"bu","14:26:15",1831300
2490,-90,700,"bu","14:26:15",1827000
2490,-90,100,"bu","14:26:02",1826300
2480,-100,400,"sd","14:25:33",1826200
2480,-100,100,"sd","14:25:33",1825800
2480,-100,6500,"sd","14:25:33",1825700
2490,-90,100,"bu","14:25:10",1819200
2490,-90,4000,"bu","14:24:05",1819100
2480,-100,2000,"sd","14:23:59",1815100
2490,-90,700,"bu","14:23:33",1813100
2490,-90,2900,"bu","14:23:23",1812400
2480,-100,2000,"sd","14:23:19",1809500
2490,-90,100,"bu","14:22:41",1807500
2490,-90,200,"bu","14:22:25",1807400
2490,-90,300,"bu","14:22:16",1807200
2490,-90,100,"bu","14:22:11",1806900
2490,-90,500,"bu","14:21:50",1806800
2480,-100,1500,"sd","14:21:44",1806300
2490,-90,2500,"bu","14:21:20",1804800
2480,-100,2000,"sd","14:18:37",1802300
2480,-100,13500,"sd","14:15:09",1800300
2480,-100,2000,"sd","14:15:04",1786800
2490,-90,17800,"bu","14:14:55",1784800
2490,-90,800,"bu","14:14:55",1767000
2490,-90,1400,"bu","14:14:55",1766200
2490,-90,300,"bu","14:14:20",1764800
2490,-90,700,"bu","14:14:20",1764500
2490,-90,100,"bu","14:12:25",1763800
2480,-100,5000,"sd","14:12:04",1763700
2490,-90,200,"bu","14:11:56",1758700
2480,-100,300,"sd","14:10:04",1758500
2480,-100,13200,"bu","14:09:36",1758200
2480,-100,1800,"bu","14:09:28",1745000
2480,-100,18200,"bu","14:09:28",1743200
2480,-100,10000,"bu","14:09:16",1725000
2470,-110,5000,"sd","14:08:56",1715000
2470,-110,1000,"sd","14:08:43",1710000
2470,-110,2000,"bu","14:08:06",1709000
2470,-110,4000,"bu","14:08:06",1707000
2470,-110,500,"bu","14:07:25",1703000
2470,-110,700,"bu","14:06:37",1702500
2470,-110,100,"bu","14:06:34",1701800
2470,-110,100,"bu","14:06:15",1701700
2470,-110,500,"sd","14:05:50",1701600
2470,-110,100,"sd","14:05:50",1701100
2470,-110,500,"bu","14:05:30",1701000
2470,-110,1800,"bu","14:05:19",1700500
2460,-120,4400,"sd","14:05:15",1698700
2460,-120,100,"sd","14:05:15",1694300
2460,-120,500,"sd","14:05:15",1694200
2470,-110,2000,"bu","14:04:54",1693700
2470,-110,100,"bu","14:04:18",1691700
2460,-120,500,"sd","14:04:05",1691600
2460,-120,100,"sd","14:04:05",1691100
2460,-120,1000,"sd","14:04:05",1691000
2460,-120,400,"sd","14:04:05",1690000
2460,-120,400,"sd","14:04:05",1689600
2460,-120,1900,"sd","14:04:05",1689200
2470,-110,100,"bu","14:04:00",1687300
2470,-110,500,"bu","14:03:37",1687200
2460,-120,600,"sd","14:01:55",1686700
2460,-120,100,"sd","14:01:55",1686100
2460,-120,100,"sd","14:01:55",1686000
2470,-110,100,"bu","14:01:34",1685900
2470,-110,100,"bu","14:01:21",1685800
2470,-110,2000,"bu","14:01:16",1685700
2470,-110,200,"bu","14:01:04",1683700
2470,-110,10000,"bu","14:01:00",1683500
2470,-110,1000,"bu","14:00:51",1673500
2470,-110,100,"bu","14:00:42",1672500
2470,-110,200,"bu","14:00:36",1672400
2450,-130,2000,"sd","14:00:21",1672200
2450,-130,5000,"sd","14:00:02",1670200
2450,-130,7300,"sd","13:59:56",1665200
2450,-130,1000,"sd","13:59:56",1657900
2450,-130,500,"sd","13:59:56",1656900
2450,-130,4300,"sd","13:59:56",1656400
2460,-120,300,"sd","13:59:56",1652100
2450,-130,500,"sd","13:59:12",1651800
2450,-130,2100,"sd","13:58:00",1651300
2450,-130,1000,"sd","13:58:00",1649200
2450,-130,500,"sd","13:58:00",1648200
2450,-130,200,"sd","13:58:00",1647700
2450,-130,200,"sd","13:58:00",1647500
2450,-130,100,"sd","13:57:51",1647300
2450,-130,900,"sd","13:57:23",1647200
2450,-130,200,"sd","13:57:23",1646300
2450,-130,5000,"sd","13:57:23",1646100
2450,-130,2000,"sd","13:57:23",1641100
2450,-130,500,"sd","13:57:23",1639100
2450,-130,1000,"sd","13:57:23",1638600
2450,-130,300,"sd","13:57:23",1637600
2450,-130,2000,"sd","13:57:23",1637300
2450,-130,400,"sd","13:57:23",1635300
2450,-130,300,"sd","13:57:23",1634900
2450,-130,2000,"sd","13:57:23",1634600
2450,-130,2100,"sd","13:57:23",1632600
2450,-130,1000,"sd","13:57:23",1630500
2450,-130,5000,"sd","13:57:23",1629500
2450,-130,1000,"sd","13:57:23",1624500
2450,-130,100,"sd","13:57:22",1623500
2450,-130,1000,"sd","13:57:22",1623400
2450,-130,5000,"sd","13:57:22",1622400
2450,-130,1400,"sd","13:57:22",1617400
2450,-130,8800,"sd","13:57:22",1616000
2460,-120,100,"bu","13:57:12",1607200
2460,-120,4000,"bu","13:57:12",1607100
2460,-120,4700,"bu","13:57:12",1603100
2460,-120,100,"sd","13:57:12",1598400
2460,-120,100,"sd","13:57:12",1598300
2460,-120,300,"sd","13:57:09",1598200
2460,-120,600,"sd","13:57:09",1597900
2460,-120,1000,"sd","13:57:09",1597300
2460,-120,2000,"sd","13:57:09",1596300
2460,-120,1000,"sd","13:57:09",1594300
2460,-120,500,"sd","13:57:09",1593300
2460,-120,1500,"sd","13:57:09",1592800
2460,-120,4000,"sd","13:57:09",1591300
2460,-120,2000,"sd","13:57:09",1587300
2460,-120,1000,"sd","13:57:09",1585300
2460,-120,1000,"sd","13:57:09",1584300
2460,-120,100,"sd","13:57:09",1583300
2460,-120,5000,"sd","13:57:09",1583200
2470,-110,100,"sd","13:56:59",1578200
2470,-110,1100,"bu","13:56:56",1578100
2470,-110,1000,"sd","13:56:52",1577000
2470,-110,2000,"sd","13:56:52",1576000
2470,-110,500,"sd","13:56:52",1574000
2470,-110,500,"sd","13:56:52",1573500
2470,-110,200,"sd","13:56:52",1573000
2470,-110,4300,"sd","13:56:52",1572800
2470,-110,200,"sd","13:56:52",1568500
2470,-110,500,"sd","13:56:52",1568300
2470,-110,500,"sd","13:56:52",1567800
2470,-110,200,"sd","13:56:52",1567300
2470,-110,2000,"sd","13:56:52",1567100
2470,-110,500,"sd","13:56:52",1565100
2470,-110,500,"sd","13:56:52",1564600
2470,-110,600,"sd","13:56:52",1564100
2470,-110,1000,"sd","13:56:52",1563500
2470,-110,600,"sd","13:56:52",1562500
2470,-110,300,"sd","13:56:47",1561900
2480,-100,100,"bu","13:56:41",1561600
2480,-100,500,"bu","13:56:03",1561500
2480,-100,5200,"sd","13:55:23",1561000
2480,-100,2000,"sd","13:55:23",1555800
2480,-100,5000,"sd","13:55:23",1553800
2480,-100,200,"sd","13:55:23",1548800
2480,-100,100,"sd","13:55:23",1548600
2480,-100,100,"sd","13:55:23",1548500
2480,-100,7300,"sd","13:55:17",1548400
2480,-100,1000,"sd","13:55:17",1541100
2480,-100,100,"sd","13:55:17",1540100
2480,-100,100,"sd","13:55:17",1540000
2480,-100,500,"sd","13:55:17",1539900
2480,-100,500,"sd","13:55:17",1539400
2480,-100,100,"sd","13:55:17",1538900
2480,-100,1000,"sd","13:55:17",1538800
2480,-100,13400,"sd","13:55:17",1537800
2480,-100,800,"sd","13:55:10",1524400
2490,-90,200,"bu","13:54:05",1523600
2480,-100,45000,"sd","13:53:17",1523400
2490,-90,400,"bu","13:53:06",1478400
2490,-90,1000,"bu","13:53:06",1478000
2490,-90,1200,"bu","13:53:06",1477000
2490,-90,100,"bu","13:53:06",1475800
2490,-90,5900,"sd","13:53:06",1475700
2500,-80,1200,"bu","13:52:45",1469800
2500,-80,200,"bu","13:52:45",1468600
2500,-80,600,"bu","13:52:45",1468400
2500,-80,400,"bu","13:51:52",1467800
2490,-90,100,"sd","13:51:27",1467400
2490,-90,3000,"sd","13:51:16",1467300
2490,-90,100,"sd","13:50:43",1464300
2500,-80,500,"bu","13:50:03",1464200
2500,-80,1000,"bu","13:50:03",1463700
2500,-80,600,"bu","13:50:03",1462700
2500,-80,100,"bu","13:48:53",1462100
2500,-80,200,"bu","13:48:46",1462000
2500,-80,100,"bu","13:48:46",1461800
2500,-80,100,"bu","13:48:46",1461700
2500,-80,500,"bu","13:48:28",1461600
2500,-80,500,"bu","13:48:23",1461100
2490,-90,3000,"bu","13:47:56",1460600
2490,-90,10900,"bu","13:47:56",1457600
2490,-90,1000,"sd","13:46:54",1446700
2490,-90,1000,"sd","13:46:54",1445700
2490,-90,1000,"sd","13:46:54",1444700
2490,-90,5000,"sd","13:46:54",1443700
2490,-90,100,"sd","13:46:54",1438700
2490,-90,1000,"sd","13:46:54",1438600
2500,-80,100,"bu","13:46:10",1437600
2490,-90,1000,"sd","13:46:06",1437500
2500,-80,100,"bu","13:44:16",1436500
2500,-80,100,"bu","13:44:04",1436400
2490,-90,100,"sd","13:43:17",1436300
2490,-90,100,"sd","13:43:02",1436200
2490,-90,4900,"sd","13:43:02",1436100
2490,-90,400,"sd","13:42:15",1431200
2490,-90,1000,"sd","13:40:00",1430800
2500,-80,2000,"bu","13:39:46",1429800
2490,-90,1500,"sd","13:38:41",1427800
2500,-80,2000,"bu","13:38:34",1426300
2490,-90,600,"bu","13:37:47",1424300
2490,-90,1600,"bu","13:37:47",1423700
2490,-90,1000,"bu","13:37:43",1422100
2490,-90,100,"bu","13:37:40",1421100
2490,-90,200,"bu","13:37:10",1421000
2490,-90,200,"bu","13:36:52",1420800
2490,-90,300,"bu","13:36:36",1420600
2490,-90,700,"bu","13:36:36",1420300
2490,-90,500,"bu","13:36:18",1419600
2490,-90,200,"sd","13:35:33",1419100
2490,-90,100,"sd","13:35:33",1418900
2490,-90,500,"sd","13:35:33",1418800
2490,-90,500,"sd","13:35:00",1418300
2500,-80,300,"bu","13:34:55",1417800
2500,-80,500,"bu","13:34:30",1417500
2500,-80,2000,"bu","13:34:12",1417000
2500,-80,200,"bu","13:33:20",1415000
2500,-80,100,"bu","13:32:08",1414800
2500,-80,100,"bu","13:31:55",1414700
2480,-100,1000,"sd","13:31:12",1414600
2480,-100,3500,"sd","13:30:43",1413600
2480,-100,4900,"sd","13:30:22",1410100
2490,-90,100,"sd","13:30:22",1405200
2480,-100,2300,"sd","13:29:59",1405100
2490,-90,10000,"unknown","13:29:59",1402800
2490,-90,5000,"unknown","13:29:59",1392800
2490,-90,2700,"unknown","13:29:59",1387800
2500,-80,400,"bu","13:29:54",1385100
2490,-90,7300,"sd","13:29:39",1384700
2480,-100,16800,"sd","13:29:21",1377400
2480,-100,8600,"sd","13:29:21",1360600
2490,-90,500,"bu","13:29:14",1352000
2490,-90,3700,"bu","13:29:13",1351500
2490,-90,6300,"bu","13:29:13",1347800
2490,-90,1000,"bu","13:29:03",1341500
2490,-90,200,"bu","13:28:55",1340500
2490,-90,700,"bu","13:28:55",1340300
2490,-90,300,"bu","13:28:55",1339600
2490,-90,100,"bu","13:28:55",1339300
2490,-90,4900,"bu","13:28:55",1339200
2490,-90,5000,"bu","13:28:55",1334300
2490,-90,200,"sd","13:28:55",1329300
2490,-90,800,"sd","13:28:55",1329100
2490,-90,500,"sd","13:28:55",1328300
2490,-90,2100,"sd","13:28:55",1327800
2490,-90,500,"sd","13:28:55",1325700
2490,-90,100,"sd","13:27:17",1325200
2490,-90,3000,"sd","13:26:47",1325100
2490,-90,4800,"sd","13:25:51",1322100
2490,-90,2100,"sd","13:25:51",1317300
2490,-90,100,"sd","13:25:51",1315200
2490,-90,500,"sd","13:25:51",1315100
2490,-90,200,"sd","13:25:51",1314600
2490,-90,300,"sd","13:25:51",1314400
2490,-90,1300,"sd","13:25:15",1314100
2500,-80,1200,"sd","13:24:48",1312800
2500,-80,100,"sd","13:24:48",1311600
2500,-80,300,"sd","13:24:48",1311500
2500,-80,300,"sd","13:24:06",1311200
2500,-80,100,"sd","13:24:06",1310900
2500,-80,200,"sd","13:24:06",1310800
2500,-80,800,"sd","13:24:05",1310600
2510,-70,200,"bu","13:23:15",1309800
2510,-70,1800,"bu","13:23:15",1309600
2510,-70,200,"bu","13:22:00",1307800
2510,-70,100,"bu","13:22:00",1307600
2500,-80,100,"bu","13:20:42",1307500
2500,-80,4000,"bu","13:20:37",1307400
2500,-80,1000,"bu","13:20:23",1303400
2500,-80,3000,"bu","13:20:19",1302400
2500,-80,1000,"bu","13:20:07",1299400
2500,-80,17400,"bu","13:19:49",1298400
2500,-80,600,"bu","13:19:49",1281000
2500,-80,1000,"bu","13:19:49",1280400
2500,-80,1000,"bu","13:19:49",1279400
2490,-90,2000,"sd","13:19:32",1278400
2500,-80,300,"bu","13:19:15",1276400
2500,-80,100,"bu","13:19:12",1276100
2500,-80,1100,"bu","13:18:33",1276000
2500,-80,1000,"bu","13:18:31",1274900
2500,-80,100,"bu","13:18:06",1273900
2500,-80,200,"bu","13:17:58",1273800
2500,-80,300,"bu","13:17:58",1273600
2500,-80,500,"bu","13:17:58",1273300
2490,-90,200,"sd","13:17:48",1272800
2500,-80,1000,"bu","13:17:35",1272600
2500,-80,2000,"bu","13:17:35",1271600
2490,-90,600,"bu","13:17:06",1269600
2490,-90,600,"bu","13:17:06",1269000
2490,-90,9400,"bu","13:16:55",1268400
2490,-90,600,"bu","13:16:55",1259000
2490,-90,900,"bu","13:16:33",1258400
2490,-90,1500,"bu","13:16:19",1257500
2480,-100,300,"bu","13:16:06",1256000
2480,-100,1100,"bu","13:16:06",1255700
2480,-100,200,"bu","13:16:03",1254600
2480,-100,3000,"bu","13:15:52",1254400
2480,-100,10800,"bu","13:15:35",1251400
2480,-100,1200,"bu","13:15:35",1240600
2480,-100,200,"bu","13:15:31",1239400
2480,-100,900,"bu","13:15:06",1239200
2480,-100,700,"bu","13:14:59",1238300
2480,-100,500,"bu","13:14:52",1237600
2480,-100,4000,"bu","13:14:40",1237100
2470,-110,500,"sd","13:14:10",1233100
2470,-110,6700,"sd","13:13:37",1232600
2470,-110,500,"bu","13:13:36",1225900
2470,-110,1200,"bu","13:13:27",1225400
2470,-110,600,"bu","13:13:22",1224200
2460,-120,500,"sd","13:13:16",1223600
2470,-110,8100,"bu","13:13:11",1223100
2470,-110,1500,"bu","13:12:59",1215000
2470,-110,200,"bu","13:12:49",1213500
2460,-120,3000,"sd","13:12:46",1213300
2470,-110,1700,"bu","13:12:42",1210300
2470,-110,5500,"bu","13:12:42",1208600
2470,-110,200,"bu","13:12:37",1203100
2470,-110,200,"bu","13:12:28",1202900
2460,-120,2200,"sd","13:12:23",1202700
2470,-110,100,"bu","13:12:13",1200500
2470,-110,100,"bu","13:12:10",1200400
2470,-110,100,"bu","13:12:08",1200300
2470,-110,1000,"bu","13:12:07",1200200
2470,-110,2000,"bu","13:12:05",1199200
2470,-110,400,"bu","13:12:04",1197200
2470,-110,2000,"bu","13:11:55",1196800
2470,-110,500,"bu","13:11:53",1194800
2470,-110,900,"bu","13:11:34",1194300
2470,-110,500,"bu","13:11:33",1193400
2470,-110,5000,"sd","13:11:29",1192900
2470,-110,5000,"sd","13:11:29",1187900
2470,-110,1000,"sd","13:11:29",1182900
2470,-110,3000,"sd","13:11:29",1181900
2470,-110,1500,"sd","13:11:29",1178900
2470,-110,5000,"sd","13:11:29",1177400
2480,-100,1000,"bu","13:11:08",1172400
2480,-100,400,"bu","13:10:51",1171400
2480,-100,800,"bu","13:10:24",1171000
2480,-100,800,"sd","13:10:03",1170200
2480,-100,100,"bu","13:09:56",1169400
2480,-100,100,"bu","13:09:56",1169300
2480,-100,800,"bu","13:09:55",1169200
2480,-100,100,"bu","13:09:55",1168400
2480,-100,3400,"bu","13:09:55",1168300
2470,-110,600,"bu","13:09:44",1164900
2470,-110,400,"bu","13:09:40",1164300
2470,-110,100,"bu","13:09:40",1163900
2470,-110,1500,"bu","13:09:40",1163800
2470,-110,500,"bu","13:09:35",1162300
2470,-110,300,"bu","13:09:35",1161800
2460,-120,200,"sd","13:09:29",1161500
2460,-120,16500,"sd","13:09:15",1161300
2460,-120,100,"bu","13:09:09",1144800
2460,-120,100,"bu","13:09:08",1144700
2460,-120,200,"bu","13:09:08",1144600
2460,-120,2000,"bu","13:09:02",1144400
2460,-120,900,"sd","13:09:01",1142400
2460,-120,45000,"sd","13:09:01",1141500
2460,-120,1000,"sd","13:09:01",1096500
2460,-120,1300,"sd","13:09:01",1095500
2460,-120,300,"sd","13:09:01",1094200
2460,-120,200,"sd","13:09:01",1093900
2470,-110,4800,"bu","13:08:56",1093700
2470,-110,1000,"bu","13:08:52",1088900
2460,-120,100,"sd","13:08:32",1087900
2460,-120,1000,"sd","13:08:32",1087800
2460,-120,1000,"sd","13:08:32",1086800
2460,-120,2200,"sd","13:08:32",1085800
2460,-120,600,"sd","13:08:32",1083600
2460,-120,100,"sd","13:08:32",1083000
2460,-120,100,"sd","13:08:09",1082900
2460,-120,800,"bu","13:07:49",1082800
2460,-120,200,"sd","13:07:45",1082000
2460,-120,1000,"sd","13:07:45",1081800
2470,-110,10000,"sd","13:07:34",1080800
2470,-110,5000,"sd","13:07:27",1070800
2470,-110,1000,"bu","13:07:27",1065800
2470,-110,100,"bu","13:07:27",1064800
2470,-110,500,"bu","13:07:22",1064700
2470,-110,2000,"bu","13:07:20",1064200
2470,-110,200,"bu","13:07:15",1062200
2470,-110,4100,"bu","13:06:54",1062000
2460,-120,2900,"bu","13:06:54",1057900
2460,-120,1000,"sd","13:06:50",1055000
2460,-120,100,"sd","13:06:50",1054000
2460,-120,5000,"sd","13:06:50",1053900
2470,-110,3000,"bu","13:06:47",1048900
2470,-110,100,"bu","13:06:45",1045900
2450,-130,500,"sd","13:05:59",1045800
2460,-120,500,"sd","13:05:59",1045300
2450,-130,700,"bu","13:05:36",1044800
2450,-130,600,"bu","13:05:35",1044100
2470,-110,100,"bu","13:05:33",1043500
2460,-120,400,"bu","13:05:33",1043400
2470,-110,1900,"sd","13:05:13",1043000
2470,-110,1500,"sd","13:05:13",1041100
2470,-110,3000,"sd","13:05:13",1039600
2480,-100,100,"bu","13:05:11",1036600
2470,-110,200,"sd","13:05:03",1036500
2470,-110,200,"bu","13:05:00",1036300
2480,-100,500,"bu","13:04:26",1036100
2450,-130,2000,"bu","13:04:14",1035600
2400,-180,500,"sd","13:04:13",1033600
2410,-170,200,"sd","13:04:13",1033100
2400,-180,100,"bu","13:04:09",1032900
2400,-180,400,"bu","13:04:09",1032800
2400,-180,400,"bu","13:04:09",1032400
2400,-180,5000,"bu","13:04:09",1032000
2400,-180,100,"bu","13:04:09",1027000
2400,-180,1500,"bu","13:04:09",1026900
2400,-180,400,"bu","13:04:09",1025400
2400,-180,1000,"bu","13:04:09",1025000
2400,-180,2000,"bu","13:04:09",1024000
2400,-180,20000,"bu","13:04:09",1022000
2400,-180,2000,"bu","13:04:09",1002000
2400,-180,10100,"bu","13:04:09",1000000
2400,-180,200,"bu","13:04:09",989900
2400,-180,100,"bu","13:04:09",989700
2400,-180,1000,"bu","13:04:09",989600
2400,-180,3400,"bu","13:04:08",988600
2400,-180,100,"bu","13:04:08",985200
2400,-180,900,"bu","13:04:08",985100
2400,-180,200,"bu","13:04:08",984200
2400,-180,1000,"bu","13:04:08",984000
2400,-180,1000,"bu","13:04:07",983000
2400,-180,600,"bu","13:04:07",982000
2400,-180,15000,"bu","13:04:07",981400
2400,-180,5000,"bu","13:04:06",966400
2400,-180,1000,"bu","13:04:06",961400
2400,-180,1500,"bu","13:04:06",960400
2400,-180,3000,"bu","13:04:06",958900
2400,-180,800,"bu","13:04:06",955900
2400,-180,600,"bu","13:04:06",955100
2400,-180,2000,"bu","13:04:05",954500
2400,-180,200,"bu","13:04:04",952500
2400,-180,500,"bu","13:04:04",952300
2400,-180,50000,"bu","13:04:04",951800
2400,-180,200,"bu","13:04:03",901800
2400,-180,8000,"bu","13:04:03",901600
2400,-180,10000,"bu","13:04:03",893600
2400,-180,10700,"bu","13:04:03",883600
2400,-180,32000,"bu","13:04:02",872900
2400,-180,10000,"bu","13:04:02",840900
2400,-180,1000,"bu","13:04:01",830900
2400,-180,2000,"bu","13:04:01",829900
2400,-180,49000,"bu","13:04:01",827900
2400,-180,1000,"bu","13:04:00",778900
2400,-180,2000,"bu","13:04:00",777900
2400,-180,100,"bu","13:04:00",775900
2400,-180,1000,"bu","13:04:00",775800
2400,-180,8700,"bu","13:04:00",774800
2400,-180,1400,"bu","13:03:59",766100
2400,-180,600,"bu","13:03:59",764700
2400,-180,200,"bu","13:03:59",764100
2400,-180,600,"bu","13:03:59",763900
2400,-180,5000,"bu","13:03:58",763300
2400,-180,500,"bu","13:03:58",758300
2400,-180,50000,"bu","13:03:58",757800
2400,-180,500,"bu","13:03:58",707800
2400,-180,100,"bu","13:03:58",707300
2400,-180,110000,"bu","13:03:57",707200
2400,-180,200,"bu","13:03:57",597200
2400,-180,1000,"bu","13:03:57",597000
2400,-180,100,"bu","13:03:57",596000
2400,-180,10000,"bu","13:03:57",595900
2400,-180,400,"bu","13:03:56",585900
2400,-180,5000,"bu","13:03:56",585500
2400,-180,4300,"bu","13:03:55",580500
2400,-180,2900,"bu","13:03:55",576200
2400,-180,1500,"bu","13:03:55",573300
2400,-180,3000,"bu","13:03:54",571800
2400,-180,48600,"bu","13:03:53",568800
2400,-180,3000,"bu","13:03:53",520200
2400,-180,1500,"bu","13:03:52",517200
2400,-180,500,"bu","13:03:52",515700
2400,-180,1600,"bu","13:03:51",515200
2400,-180,1000,"bu","13:03:50",513600
2400,-180,6000,"bu","13:03:49",512600
2400,-180,2000,"bu","13:03:49",506600
2400,-180,4600,"bu","13:03:48",504600
2400,-180,3400,"bu","13:03:48",500000
2400,-180,100,"bu","13:03:48",496600
2400,-180,1000,"bu","13:03:48",496500
2400,-180,5000,"bu","13:03:47",495500
2400,-180,100,"bu","13:03:47",490500
2400,-180,1500,"bu","13:03:46",490400
2400,-180,10000,"bu","13:03:45",488900
2400,-180,100,"bu","13:03:45",478900
2400,-180,500,"bu","13:03:45",478800
2400,-180,5000,"bu","13:03:45",478300
2400,-180,2000,"bu","13:03:43",473300
2400,-180,700,"bu","13:03:41",471300
2400,-180,1000,"bu","13:03:40",470600
2400,-180,2000,"bu","13:03:38",469600
2400,-180,1500,"bu","13:03:37",467600
2400,-180,200,"bu","13:03:36",466100
2400,-180,2800,"bu","13:03:35",465900
2400,-180,4400,"bu","13:03:35",463100
2400,-180,200,"bu","13:03:35",458700
2400,-180,5000,"bu","13:03:34",458500
2400,-180,2000,"bu","13:03:33",453500
2400,-180,500,"bu","13:03:32",451500
2400,-180,100,"bu","13:03:32",451000
2400,-180,500,"bu","13:03:32",450900
2400,-180,3200,"bu","13:03:31",450400
2400,-180,100,"bu","13:03:29",447200
2400,-180,1500,"bu","13:03:28",447100
2400,-180,2000,"bu","13:03:26",445600
2400,-180,1300,"bu","13:03:26",443600
2400,-180,1000,"bu","13:03:26",442300
2400,-180,1000,"bu","13:03:25",441300
2400,-180,100,"bu","13:03:24",440300
2400,-180,200,"bu","13:03:24",440200
2400,-180,1000,"bu","13:03:22",440000
2400,-180,100,"bu","13:03:22",439000
2400,-180,500,"bu","13:03:20",438900
2400,-180,1400,"bu","13:03:20",438400
2400,-180,400,"bu","13:03:20",437000
2400,-180,3000,"bu","13:03:19",436600
2400,-180,1000,"bu","13:03:19",433600
2400,-180,100,"bu","13:03:18",432600
2400,-180,1200,"bu","13:03:17",432500
2400,-180,100,"bu","13:03:17",431300
2400,-180,400,"bu","13:03:15",431200
2400,-180,1800,"bu","13:03:14",430800
2400,-180,1000,"bu","13:03:14",429000
2400,-180,10000,"bu","13:03:13",428000
2400,-180,500,"bu","13:03:13",418000
2400,-180,1000,"bu","13:03:11",417500
2400,-180,2000,"bu","13:03:10",416500
2400,-180,1000,"bu","13:03:10",414500
2400,-180,4100,"bu","13:03:09",413500
2400,-180,10000,"bu","13:03:09",409400
2400,-180,15400,"bu","13:03:08",399400
2400,-180,200,"bu","13:03:07",384000
2400,-180,200,"bu","13:03:06",383800
2400,-180,400,"bu","13:03:04",383600
2400,-180,200,"bu","13:03:04",383200
2400,-180,500,"bu","13:03:04",383000
2400,-180,1600,"bu","13:03:03",382500
2400,-180,6800,"bu","13:03:03",380900
2400,-180,20000,"bu","13:03:01",374100
2400,-180,400,"bu","13:03:00",354100
2400,-180,300,"bu","13:03:00",353700
2400,-180,500,"bu","13:02:57",353400
2400,-180,1000,"bu","13:02:55",352900
2400,-180,500,"bu","13:02:55",351900
2400,-180,2000,"bu","13:02:54",351400
2400,-180,100,"bu","13:02:54",349400
2400,-180,400,"bu","13:02:53",349300
2400,-180,500,"bu","13:02:53",348900
2400,-180,500,"bu","13:02:48",348400
2400,-180,1000,"bu","13:02:47",347900
2400,-180,100,"bu","13:02:47",346900
2400,-180,1000,"bu","13:02:47",346800
2400,-180,500,"bu","13:02:46",345800
2400,-180,200,"bu","13:02:44",345300
2400,-180,5000,"bu","13:02:44",345100
2400,-180,500,"bu","13:02:44",340100
2400,-180,13800,"bu","13:02:42",339600
2400,-180,25600,"bu","13:02:40",325800
2400,-180,1000,"bu","13:02:40",300200
2400,-180,3000,"bu","13:02:40",299200
2400,-180,600,"bu","13:02:39",296200
2400,-180,300,"bu","13:02:38",295600
2400,-180,31800,"bu","13:02:38",295300
2400,-180,1000,"bu","13:02:38",263500
2400,-180,4000,"bu","13:02:37",262500
2400,-180,100,"bu","13:02:35",258500
2400,-180,300,"bu","13:02:35",258400
2400,-180,100,"bu","13:02:34",258100
2400,-180,2000,"bu","13:02:32",258000
2400,-180,700,"bu","13:02:31",256000
2400,-180,4000,"bu","13:02:30",255300
2400,-180,1000,"bu","13:02:30",251300
2400,-180,13300,"bu","13:02:30",250300
2400,-180,2300,"bu","13:02:29",237000
2400,-180,1000,"bu","13:02:26",234700
2400,-180,1800,"bu","13:02:26",233700
2400,-180,300,"bu","13:02:25",231900
2400,-180,1800,"bu","13:02:24",231600
2400,-180,300,"bu","13:02:24",229800
2400,-180,5000,"bu","13:02:23",229500
2400,-180,1300,"bu","13:02:22",224500
2400,-180,30000,"bu","13:02:21",223200
2400,-180,100,"bu","13:02:17",193200
2400,-180,1800,"bu","13:02:15",193100
2400,-180,5000,"bu","13:02:14",191300
2400,-180,200,"bu","13:02:14",186300
2400,-180,1000,"bu","13:02:13",186100
2400,-180,3000,"bu","13:02:11",185100
2400,-180,700,"bu","13:02:09",182100
2400,-180,300,"bu","13:02:09",181400
2400,-180,5000,"bu","13:02:09",181100
2400,-180,10000,"bu","13:02:08",176100
2400,-180,1000,"bu","13:02:06",166100
2400,-180,200,"bu","13:02:06",165100
2400,-180,400,"bu","13:02:05",164900
2400,-180,3400,"bu","13:02:03",164500
2400,-180,500,"bu","13:02:02",161100
2400,-180,1500,"bu","13:02:01",160600
2400,-180,1100,"bu","13:01:59",159100
2400,-180,200,"bu","13:01:53",158000
2400,-180,100,"bu","13:01:52",157800
2400,-180,500,"bu","13:01:49",157700
2400,-180,10000,"bu","13:01:47",157200
2400,-180,200,"bu","13:01:45",147200
2400,-180,1500,"bu","13:01:44",147000
2400,-180,100,"bu","13:01:43",145500
2400,-180,2300,"bu","13:01:41",145400
2400,-180,5900,"bu","13:01:41",143100
2400,-180,300,"bu","13:01:39",137200
2400,-180,200,"bu","13:01:38",136900
2400,-180,500,"bu","13:01:36",136700
2400,-180,300,"bu","13:01:36",136200
2400,-180,500,"bu","13:01:35",135900
2400,-180,300,"bu","13:01:32",135400
2400,-180,1000,"bu","13:01:31",135100
2400,-180,3100,"bu","13:01:31",134100
2400,-180,4000,"bu","13:01:29",131000
2400,-180,2000,"bu","13:01:28",127000
2400,-180,1500,"bu","13:01:28",125000
2400,-180,400,"bu","13:01:27",123500
2400,-180,300,"bu","13:01:27",123100
2400,-180,1000,"bu","13:01:25",122800
2400,-180,800,"bu","13:01:24",121800
2400,-180,1000,"bu","13:01:23",121000
2400,-180,200,"bu","13:01:23",120000
2400,-180,10000,"bu","13:01:22",119800
2400,-180,1400,"bu","13:01:20",109800
2400,-180,300,"bu","13:01:15",108400
2400,-180,1000,"bu","13:01:13",108100
2400,-180,300,"bu","13:01:13",107100
2400,-180,1900,"bu","13:01:11",106800
2400,-180,100,"bu","13:01:06",104900
2400,-180,100,"bu","13:01:05",104800
2400,-180,20000,"bu","13:01:04",104700
2400,-180,500,"bu","13:01:00",84700
2400,-180,300,"bu","13:00:58",84200
2400,-180,500,"bu","13:00:56",83900
2400,-180,600,"bu","13:00:56",83400
2400,-180,1300,"bu","13:00:55",82800
2400,-180,1000,"bu","13:00:53",81500
2400,-180,2800,"bu","13:00:49",80500
2400,-180,200,"bu","13:00:47",77700
2400,-180,200,"bu","13:00:42",77500
2400,-180,2000,"bu","13:00:42",77300
2400,-180,5000,"bu","13:00:41",75300
2400,-180,5000,"bu","13:00:40",70300
2400,-180,1000,"bu","13:00:39",65300
2400,-180,1000,"bu","13:00:37",64300
2400,-180,1000,"bu","13:00:36",63300
2400,-180,300,"bu","13:00:30",62300
2400,-180,2000,"bu","13:00:23",62000
2400,-180,1600,"bu","13:00:19",60000
2400,-180,700,"bu","13:00:14",58400
2400,-180,500,"bu","13:00:13",57700
2400,-180,8700,"bu","13:00:13",57200
2400,-180,600,"bu","13:00:13",48500
2400,-180,10000,"bu","13:00:13",47900
2400,-180,2400,"bu","13:00:13",37900
2400,-180,1000,"bu","13:00:13",35500
2400,-180,5600,"bu","13:00:13",34500
2400,-180,500,"bu","13:00:13",28900
2400,-180,400,"bu","13:00:11",28400
2400,-180,700,"bu","13:00:11",28000
2400,-180,2500,"bu","13:00:11",27300
2400,-180,4000,"bu","13:00:11",24800
2400,-180,100,"bu","13:00:10",20800
2400,-180,100,"bu","13:00:09",20700
2400,-180,3000,"bu","13:00:03",20600
2400,-180,10000,"bu","13:00:03",17600
2430,-150,300,"bu","13:00:03",7600
2450,-130,6000,"bu","13:00:03",7300
2450,-130,500,"bu","13:00:02",1300
2450,-130,500,"bu","13:00:02",800
2460,-120,100,"bu","13:00:02",300
2470,-110,100,"unknown","13:00:02",200
2490,-90,100,"unknown","13:00:02",100
