"price","change","match_qtty","side","time","total_vol"
14200,-450,57900,"sd","14:45:00",993400
14200,-450,1000,"sd","14:29:57",935500
14250,-400,1000,"sd","14:29:21",934500
14250,-400,500,"bu","14:29:21",933500
14250,-400,500,"bu","14:29:21",933000
14250,-400,300,"bu","14:29:19",932500
14200,-450,500,"sd","14:28:42",932200
14200,-450,12400,"sd","14:28:38",931700
14200,-450,100,"sd","14:28:38",919300
14200,-450,2500,"sd","14:28:38",919200
14250,-400,100,"bu","14:28:28",916700
14250,-400,100,"sd","14:28:16",916600
14250,-400,400,"sd","14:28:16",916500
14250,-400,200,"sd","14:28:16",916100
14250,-400,200,"sd","14:28:16",915900
14250,-400,300,"sd","14:28:16",915700
14250,-400,300,"sd","14:28:06",915400
14250,-400,2400,"sd","14:27:49",915100
14250,-400,200,"sd","14:27:49",912700
14250,-400,100,"sd","14:27:49",912500
14250,-400,100,"sd","14:27:49",912400
14250,-400,200,"sd","14:27:49",912300
14250,-400,500,"sd","14:27:49",912100
14250,-400,500,"sd","14:27:49",911600
14250,-400,1000,"sd","14:27:42",911100
14250,-400,2000,"sd","14:27:42",910100
14250,-400,700,"sd","14:27:22",908100
14250,-400,500,"sd","14:26:52",907400
14250,-400,400,"sd","14:26:48",906900
14250,-400,300,"sd","14:26:38",906500
14300,-350,100,"bu","14:26:31",906200
14250,-400,300,"sd","14:26:30",906100
14250,-400,400,"sd","14:26:27",905800
14250,-400,100,"sd","14:26:22",905400
14250,-400,1500,"sd","14:26:22",905300
14250,-400,400,"sd","14:26:22",903800
14250,-400,300,"sd","14:26:17",903400
14250,-400,200,"sd","14:26:06",903100
14250,-400,100,"sd","14:26:06",902900
14250,-400,100,"sd","14:26:06",902800
14250,-400,100,"sd","14:25:57",902700
14250,-400,300,"sd","14:25:57",902600
14300,-350,100,"sd","14:25:52",902300
14300,-350,300,"sd","14:25:46",902200
14300,-350,300,"sd","14:25:36",901900
14300,-350,1100,"sd","14:25:30",901600
14300,-350,300,"sd","14:25:26",900500
14300,-350,400,"sd","14:25:15",900200
14300,-350,300,"sd","14:25:05",899800
14300,-350,100,"sd","14:25:02",899500
14300,-350,100,"bu","14:24:59",899400
14300,-350,1000,"bu","14:24:59",899300
14300,-350,500,"bu","14:24:59",898300
14300,-350,500,"bu","14:24:59",897800
14250,-400,300,"sd","14:24:55",897300
14300,-350,1000,"bu","14:24:49",897000
14250,-400,300,"sd","14:24:44",896000
14300,-350,8500,"bu","14:24:42",895700
14300,-350,100,"bu","14:24:42",887200
14250,-400,300,"sd","14:24:34",887100
14250,-400,100,"sd","14:24:23",886800
14250,-400,300,"sd","14:24:23",886700
14250,-400,400,"sd","14:24:13",886400
14250,-400,300,"sd","14:24:02",886000
14250,-400,100,"sd","14:24:02",885700
14250,-400,400,"sd","14:23:51",885600
14300,-350,100,"bu","14:23:50",885200
14250,-400,300,"sd","14:23:41",885100
14300,-350,200,"sd","14:23:37",884800
14300,-350,100,"sd","14:23:37",884600
14300,-350,100,"sd","14:23:32",884500
14300,-350,300,"sd","14:23:31",884400
14300,-350,200,"sd","14:23:24",884100
14300,-350,200,"sd","14:23:21",883900
14300,-350,3800,"sd","14:23:21",883700
14300,-350,200,"sd","14:23:21",879900
14300,-350,100,"sd","14:23:21",879700
14350,-300,1900,"bu","14:23:14",879600
14300,-350,100,"sd","14:23:10",877700
14300,-350,200,"sd","14:23:10",877600
14300,-350,300,"sd","14:23:00",877400
14300,-350,500,"sd","14:22:52",877100
14300,-350,400,"sd","14:22:49",876600
14300,-350,300,"sd","14:22:39",876200
14350,-300,300,"bu","14:22:34",875900
14350,-300,300,"bu","14:22:34",875600
14350,-300,900,"bu","14:22:34",875300
14300,-350,300,"sd","14:22:28",874400
14250,-400,400,"sd","14:22:17",874100
14250,-400,300,"sd","14:22:07",873700
14250,-400,400,"sd","14:21:56",873400
14250,-400,300,"sd","14:21:45",873000
14250,-400,400,"sd","14:21:34",872700
14250,-400,400,"sd","14:21:24",872300
14250,-400,400,"sd","14:21:13",871900
14250,-400,300,"sd","14:21:02",871500
14250,-400,400,"sd","14:20:51",871200
14300,-350,500,"bu","14:20:49",870800
14250,-400,300,"sd","14:20:41",870300
14250,-400,300,"sd","14:20:30",870000
14250,-400,300,"sd","14:20:20",869700
14250,-400,100,"sd","14:20:11",869400
14250,-400,400,"sd","14:20:09",869300
14250,-400,400,"sd","14:19:58",868900
14200,-450,400,"sd","14:19:47",868500
14200,-450,1000,"sd","14:19:40",868100
14200,-450,100,"sd","14:19:40",867100
14200,-450,3900,"sd","14:19:40",867000
14200,-450,400,"sd","14:19:37",863100
14200,-450,300,"sd","14:19:27",862700
14200,-450,400,"sd","14:19:16",862400
14300,-350,100,"bu","14:19:16",862000
14200,-450,300,"sd","14:19:05",861900
14300,-350,3000,"bu","14:19:05",861600
14200,-450,200,"sd","14:18:55",858600
14200,-450,200,"sd","14:18:55",858400
14300,-350,1500,"bu","14:18:51",858200
14300,-350,1000,"bu","14:18:51",856700
14300,-350,1100,"bu","14:18:51",855700
14300,-350,3900,"bu","14:18:51",854600
14300,-350,100,"bu","14:18:51",850700
14300,-350,1000,"bu","14:18:51",850600
14300,-350,500,"bu","14:18:51",849600
14300,-350,300,"bu","14:18:51",849100
14300,-350,300,"bu","14:18:51",848800
14300,-350,100,"bu","14:18:51",848500
14300,-350,100,"bu","14:18:51",848400
14300,-350,1000,"bu","14:18:51",848300
14300,-350,2700,"bu","14:18:51",847300
14200,-450,400,"sd","14:18:44",844600
14200,-450,400,"sd","14:18:34",844200
14200,-450,200,"sd","14:18:23",843800
14200,-450,100,"sd","14:18:23",843600
14200,-450,200,"sd","14:18:13",843500
14200,-450,100,"sd","14:18:13",843300
14200,-450,400,"sd","14:18:02",843200
14200,-450,400,"sd","14:17:51",842800
14200,-450,300,"sd","14:17:41",842400
14250,-400,500,"unknown","14:17:32",842100
14200,-450,200,"sd","14:17:30",841600
14200,-450,200,"sd","14:17:30",841400
14250,-400,1000,"bu","14:17:23",841200
14200,-450,300,"sd","14:17:20",840200
14250,-400,100,"bu","14:17:10",839900
14200,-450,400,"sd","14:17:09",839800
14250,-400,400,"bu","14:17:05",839400
14200,-450,400,"sd","14:16:58",839000
14200,-450,100,"bu","14:16:54",838600
14200,-450,400,"bu","14:16:54",838500
14150,-500,200,"sd","14:16:48",838100
14150,-500,100,"sd","14:16:48",837900
14200,-450,500,"bu","14:16:42",837800
14150,-500,300,"sd","14:16:37",837300
14150,-500,400,"sd","14:16:27",837000
14150,-500,300,"sd","14:16:16",836600
14150,-500,400,"sd","14:16:05",836300
14200,-450,200,"bu","14:16:02",835900
14150,-500,300,"sd","14:15:54",835700
14150,-500,300,"sd","14:15:44",835400
14150,-500,1000,"sd","14:15:37",835100
14150,-500,400,"sd","14:15:33",834100
14150,-500,300,"sd","14:15:23",833700
14150,-500,300,"sd","14:15:12",833400
14150,-500,400,"sd","14:15:02",833100
14150,-500,400,"sd","14:14:51",832700
14150,-500,5100,"sd","14:14:51",832300
14150,-500,500,"sd","14:14:51",827200
14150,-500,500,"sd","14:14:51",826700
14150,-500,1000,"sd","14:14:51",826200
14150,-500,100,"sd","14:14:51",825200
14150,-500,200,"sd","14:14:51",825100
14150,-500,2600,"sd","14:14:51",824900
14150,-500,300,"sd","14:14:41",822300
14150,-500,300,"sd","14:14:31",822000
14150,-500,400,"sd","14:14:30",821700
14150,-500,100,"sd","14:14:19",821300
14150,-500,200,"sd","14:14:19",821200
14150,-500,300,"sd","14:14:14",821000
14150,-500,300,"sd","14:14:09",820700
14150,-500,400,"sd","14:13:58",820400
14150,-500,300,"sd","14:13:48",820000
14150,-500,300,"sd","14:13:37",819700
14150,-500,400,"sd","14:13:27",819400
14150,-500,400,"sd","14:13:16",819000
14150,-500,100,"sd","14:13:14",818600
14150,-500,300,"sd","14:13:05",818500
14150,-500,300,"sd","14:12:55",818200
14150,-500,300,"sd","14:12:45",817900
14150,-500,300,"sd","14:12:34",817600
14150,-500,200,"sd","14:12:30",817300
14150,-500,300,"sd","14:12:24",817100
14150,-500,400,"sd","14:12:13",816800
14150,-500,200,"sd","14:12:02",816400
14150,-500,200,"sd","14:12:02",816200
14150,-500,400,"sd","14:11:51",816000
14100,-550,300,"sd","14:11:40",815600
14200,-450,800,"bu","14:11:39",815300
14150,-500,200,"bu","14:11:39",814500
14150,-500,200,"sd","14:11:30",814300
14100,-550,300,"sd","14:11:19",814100
14100,-550,200,"sd","14:11:09",813800
14100,-550,200,"sd","14:11:09",813600
14100,-550,100,"sd","14:10:58",813400
14100,-550,200,"sd","14:10:58",813300
14100,-550,200,"sd","14:10:51",813100
14100,-550,400,"sd","14:10:50",812900
14150,-500,100,"sd","14:10:39",812500
14150,-500,400,"sd","14:10:28",812400
14150,-500,400,"sd","14:10:17",812000
14150,-500,300,"sd","14:10:07",811600
14150,-500,300,"sd","14:10:01",811300
14150,-500,200,"sd","14:10:00",811000
14150,-500,300,"sd","14:09:56",810800
14150,-500,300,"sd","14:09:46",810500
14150,-500,200,"sd","14:09:40",810200
14150,-500,100,"sd","14:09:40",810000
14150,-500,400,"sd","14:09:40",809900
14150,-500,1000,"sd","14:09:40",809500
14150,-500,3800,"sd","14:09:40",808500
14150,-500,300,"sd","14:09:36",804700
14150,-500,300,"sd","14:09:25",804400
14150,-500,400,"sd","14:09:14",804100
14150,-500,400,"sd","14:09:04",803700
14150,-500,100,"sd","14:08:53",803300
14150,-500,200,"sd","14:08:53",803200
14150,-500,100,"sd","14:08:42",803000
14150,-500,100,"sd","14:08:42",802900
14150,-500,100,"sd","14:08:42",802800
14150,-500,100,"sd","14:08:42",802700
14150,-500,300,"sd","14:08:31",802600
14150,-500,400,"sd","14:08:21",802300
14150,-500,400,"sd","14:08:10",801900
14150,-500,100,"sd","14:08:07",801500
14150,-500,300,"sd","14:07:59",801400
14150,-500,400,"sd","14:07:49",801100
14150,-500,400,"sd","14:07:38",800700
14150,-500,300,"sd","14:07:27",800300
14200,-450,100,"bu","14:07:22",800000
14150,-500,400,"sd","14:07:16",799900
14150,-500,300,"sd","14:07:06",799500
14150,-500,300,"sd","14:06:56",799200
14150,-500,400,"sd","14:06:45",798900
14150,-500,400,"sd","14:06:34",798500
14150,-500,300,"sd","14:06:24",798100
14150,-500,200,"bu","14:06:19",797800
14150,-500,5000,"bu","14:06:19",797600
14100,-550,200,"sd","14:06:14",792600
14100,-550,100,"sd","14:06:14",792400
14100,-550,100,"sd","14:06:14",792300
14100,-550,200,"sd","14:06:04",792200
14100,-550,100,"sd","14:06:04",792000
14100,-550,100,"sd","14:05:52",791900
14100,-550,300,"sd","14:05:52",791800
14150,-500,100,"sd","14:05:42",791500
14150,-500,200,"sd","14:05:42",791400
14150,-500,100,"bu","14:05:34",791200
14100,-550,300,"sd","14:05:32",791100
14150,-500,300,"bu","14:05:25",790800
14100,-550,300,"sd","14:05:22",790500
14100,-550,100,"sd","14:05:11",790200
14100,-550,300,"sd","14:05:11",790100
14100,-550,200,"sd","14:05:01",789800
14100,-550,100,"sd","14:05:01",789600
14100,-550,400,"sd","14:04:52",789500
14100,-550,400,"sd","14:04:52",789100
14150,-500,200,"sd","14:04:40",788700
14150,-500,1000,"sd","14:04:40",788500
14150,-500,1000,"sd","14:04:40",787500
14150,-500,100,"sd","14:04:40",786500
14150,-500,100,"sd","14:04:40",786400
14150,-500,500,"sd","14:04:40",786300
14150,-500,100,"sd","14:04:40",785800
14150,-500,2000,"sd","14:04:40",785700
14200,-450,1000,"bu","14:04:39",783700
14150,-500,300,"sd","14:04:31",782700
14150,-500,700,"sd","14:04:27",782400
14150,-500,200,"sd","14:04:27",781700
14150,-500,300,"sd","14:04:27",781500
14150,-500,300,"sd","14:04:27",781200
14150,-500,1000,"sd","14:04:27",780900
14150,-500,200,"sd","14:04:27",779900
14150,-500,300,"sd","14:04:20",779700
14150,-500,400,"sd","14:04:09",779400
14150,-500,100,"sd","14:03:59",779000
14150,-500,200,"sd","14:03:59",778900
14150,-500,400,"sd","14:03:48",778700
14150,-500,400,"sd","14:03:37",778300
14150,-500,300,"sd","14:03:27",777900
14150,-500,300,"sd","14:03:16",777600
14150,-500,100,"sd","14:03:16",777300
14150,-500,400,"sd","14:03:06",777200
14150,-500,300,"sd","14:02:55",776800
14150,-500,200,"sd","14:02:55",776500
14150,-500,300,"sd","14:02:44",776300
14150,-500,100,"sd","14:02:44",776000
14200,-450,1000,"bu","14:02:37",775900
14150,-500,400,"sd","14:02:34",774900
14200,-450,2000,"sd","14:02:27",774500
14200,-450,300,"sd","14:02:23",772500
14200,-450,300,"sd","14:02:13",772200
14200,-450,400,"sd","14:02:09",771900
14200,-450,200,"sd","14:02:09",771500
14200,-450,500,"sd","14:02:09",771300
14200,-450,700,"sd","14:02:09",770800
14200,-450,100,"sd","14:02:09",770100
14200,-450,2000,"sd","14:02:09",770000
14200,-450,200,"sd","14:02:09",768000
14200,-450,400,"sd","14:02:09",767800
14200,-450,2000,"sd","14:02:09",767400
14200,-450,100,"sd","14:02:09",765400
14200,-450,1000,"sd","14:02:09",765300
14200,-450,100,"sd","14:02:09",764300
14200,-450,1300,"sd","14:02:09",764200
14250,-400,1000,"sd","14:02:09",762900
14250,-400,400,"sd","14:02:02",761900
14250,-400,400,"sd","14:01:53",761500
14250,-400,200,"bu","14:01:53",761100
14250,-400,100,"sd","14:01:43",760900
14300,-350,200,"bu","14:01:38",760800
14250,-400,300,"sd","14:01:37",760600
14250,-400,100,"sd","14:01:37",760300
14250,-400,200,"sd","14:01:32",760200
14250,-400,100,"sd","14:01:32",760000
14250,-400,100,"sd","14:01:32",759900
14250,-400,200,"sd","14:01:21",759800
14250,-400,200,"sd","14:01:21",759600
14250,-400,100,"sd","14:01:10",759400
14250,-400,200,"sd","14:01:10",759300
14250,-400,100,"sd","14:01:10",759100
14250,-400,1900,"sd","14:01:00",759000
14250,-400,700,"sd","14:01:00",757100
14250,-400,300,"sd","14:01:00",756400
14250,-400,400,"sd","14:00:49",756100
14250,-400,300,"sd","14:00:39",755700
14250,-400,300,"sd","14:00:28",755400
14300,-350,100,"bu","14:00:28",755100
14250,-400,400,"sd","14:00:18",755000
14250,-400,300,"sd","14:00:07",754600
14250,-400,300,"sd","13:59:57",754300
14250,-400,400,"sd","13:59:46",754000
14250,-400,500,"sd","13:59:45",753600
14250,-400,100,"sd","13:59:41",753100
14250,-400,300,"sd","13:59:36",753000
14250,-400,300,"sd","13:59:25",752700
14250,-400,400,"sd","13:59:15",752400
14250,-400,300,"sd","13:59:04",752000
14250,-400,400,"sd","13:58:54",751700
14250,-400,300,"sd","13:58:43",751300
14200,-450,300,"sd","13:58:33",751000
14250,-400,100,"bu","13:58:25",750700
14250,-400,100,"sd","13:58:22",750600
14250,-400,100,"sd","13:58:22",750500
14250,-400,300,"sd","13:58:12",750400
14250,-400,100,"bu","13:58:05",750100
14200,-450,300,"sd","13:58:02",750000
14250,-400,300,"bu","13:57:52",749700
14250,-400,200,"bu","13:57:52",749400
14250,-400,1000,"bu","13:57:52",749200
14200,-450,300,"sd","13:57:51",748200
14200,-450,400,"sd","13:57:41",747900
14250,-400,100,"bu","13:57:36",747500
14200,-450,400,"sd","13:57:30",747400
14250,-400,1500,"bu","13:57:23",747000
14200,-450,300,"sd","13:57:20",745500
14250,-400,100,"bu","13:57:14",745200
14200,-450,400,"sd","13:57:09",745100
14200,-450,300,"sd","13:56:59",744700
14200,-450,400,"sd","13:56:48",744400
14200,-450,300,"bu","13:56:38",744000
14200,-450,300,"bu","13:56:37",743700
14200,-450,200,"bu","13:56:32",743400
14200,-450,300,"bu","13:56:32",743200
14200,-450,100,"bu","13:56:30",742900
14200,-450,200,"bu","13:56:30",742800
14200,-450,400,"bu","13:56:30",742600
14200,-450,1100,"bu","13:56:30",742200
14200,-450,100,"bu","13:56:30",741100
14200,-450,800,"bu","13:56:30",741000
14200,-450,200,"bu","13:56:30",740200
14200,-450,100,"bu","13:56:30",740000
14200,-450,400,"bu","13:56:30",739900
14200,-450,400,"bu","13:56:30",739500
14200,-450,200,"bu","13:56:30",739100
14200,-450,1200,"bu","13:56:30",738900
14200,-450,500,"bu","13:56:28",737700
14200,-450,500,"bu","13:56:28",737200
14150,-500,300,"sd","13:56:27",736700
14200,-450,100,"bu","13:56:25",736400
14200,-450,100,"bu","13:56:22",736300
14150,-500,400,"sd","13:56:16",736200
14200,-450,200,"bu","13:56:10",735800
14200,-450,500,"bu","13:56:08",735600
14150,-500,300,"sd","13:56:06",735100
14200,-450,100,"bu","13:56:05",734800
14200,-450,2100,"bu","13:56:05",734700
14150,-500,300,"sd","13:55:56",732600
14200,-450,100,"bu","13:55:55",732300
14200,-450,5000,"bu","13:55:49",732200
14150,-500,400,"sd","13:55:45",727200
14150,-500,300,"sd","13:55:35",726800
14150,-500,300,"sd","13:55:24",726500
14150,-500,300,"sd","13:55:14",726200
14150,-500,600,"sd","13:55:08",725900
14150,-500,400,"sd","13:55:03",725300
14150,-500,300,"sd","13:54:52",724900
14200,-450,100,"bu","13:54:47",724600
14200,-450,300,"bu","13:54:45",724500
14150,-500,300,"sd","13:54:42",724200
14200,-450,1000,"bu","13:54:34",723900
14150,-500,300,"sd","13:54:32",722900
14150,-500,400,"sd","13:54:21",722600
14200,-450,1400,"bu","13:54:18",722200
14200,-450,600,"bu","13:54:18",720800
14200,-450,500,"bu","13:54:18",720200
14200,-450,2500,"bu","13:54:18",719700
14150,-500,600,"sd","13:54:11",717200
14150,-500,400,"sd","13:54:10",716600
14150,-500,100,"sd","13:53:59",716200
14150,-500,100,"sd","13:53:59",716100
14150,-500,200,"sd","13:53:59",716000
14100,-550,200,"sd","13:53:50",715800
14150,-500,100,"sd","13:53:50",715600
14100,-550,100,"sd","13:53:39",715500
14100,-550,200,"sd","13:53:39",715400
14150,-500,100,"bu","13:53:31",715200
14150,-500,200,"sd","13:53:29",715100
14100,-550,400,"sd","13:53:18",714900
14100,-550,300,"sd","13:53:08",714500
14100,-550,500,"sd","13:53:00",714200
14150,-500,1000,"bu","13:52:58",713700
14150,-500,15900,"bu","13:52:58",712700
14100,-550,300,"sd","13:52:57",696800
14100,-550,300,"sd","13:52:47",696500
14100,-550,300,"sd","13:52:37",696200
14100,-550,400,"sd","13:52:26",695900
14100,-550,300,"sd","13:52:16",695500
14100,-550,200,"sd","13:52:16",695200
14100,-550,400,"sd","13:52:06",695000
14100,-550,500,"sd","13:52:02",694600
14100,-550,300,"sd","13:51:55",694100
14150,-500,500,"bu","13:51:50",693800
14100,-550,300,"sd","13:51:45",693300
14100,-550,300,"sd","13:51:34",693000
14100,-550,100,"sd","13:51:24",692700
14100,-550,300,"sd","13:51:24",692600
14100,-550,400,"sd","13:51:13",692300
14100,-550,300,"sd","13:51:02",691900
14100,-550,400,"sd","13:50:52",691600
14100,-550,300,"sd","13:50:41",691200
14100,-550,300,"sd","13:50:31",690900
14100,-550,400,"sd","13:50:20",690600
14150,-500,2000,"sd","13:50:19",690200
14150,-500,900,"sd","13:50:19",688200
14150,-500,700,"sd","13:50:19",687300
14150,-500,400,"sd","13:50:09",686600
14150,-500,400,"sd","13:49:59",686200
14150,-500,300,"sd","13:49:48",685800
14150,-500,400,"sd","13:49:37",685500
14150,-500,200,"sd","13:49:27",685100
14150,-500,100,"sd","13:49:27",684900
14150,-500,300,"sd","13:49:16",684800
14150,-500,400,"sd","13:49:06",684500
14150,-500,200,"sd","13:48:55",684100
14150,-500,100,"sd","13:48:55",683900
14150,-500,1600,"sd","13:48:51",683800
14150,-500,100,"sd","13:48:51",682200
14150,-500,300,"sd","13:48:51",682100
14150,-500,2600,"sd","13:48:51",681800
14150,-500,100,"sd","13:48:49",679200
14150,-500,300,"sd","13:48:45",679100
14150,-500,300,"sd","13:48:34",678800
14150,-500,300,"sd","13:48:24",678500
14150,-500,300,"sd","13:48:13",678200
14150,-500,300,"sd","13:48:03",677900
14150,-500,300,"sd","13:47:52",677600
14150,-500,400,"sd","13:47:41",677300
14150,-500,100,"sd","13:47:31",676900
14150,-500,200,"sd","13:47:31",676800
14150,-500,100,"sd","13:47:31",676600
14150,-500,300,"sd","13:47:20",676500
14150,-500,300,"sd","13:47:09",676200
14150,-500,300,"sd","13:46:59",675900
14150,-500,300,"sd","13:46:49",675600
14150,-500,300,"sd","13:46:38",675300
14150,-500,400,"sd","13:46:27",675000
14150,-500,300,"sd","13:46:17",674600
14150,-500,400,"sd","13:46:06",674300
14150,-500,400,"sd","13:45:55",673900
14100,-550,400,"sd","13:45:44",673500
14100,-550,400,"sd","13:45:33",673100
14100,-550,300,"sd","13:45:22",672700
14100,-550,300,"sd","13:45:12",672400
14100,-550,1500,"sd","13:45:09",672100
14100,-550,300,"sd","13:45:02",670600
14200,-450,500,"bu","13:45:00",670300
14100,-550,300,"sd","13:44:52",669800
14100,-550,400,"sd","13:44:41",669500
14100,-550,300,"sd","13:44:30",669100
14100,-550,300,"sd","13:44:20",668800
14100,-550,400,"sd","13:44:09",668500
14100,-550,300,"sd","13:43:58",668100
14100,-550,300,"sd","13:43:48",667800
14100,-550,300,"sd","13:43:38",667500
14100,-550,300,"sd","13:43:28",667200
14100,-550,300,"sd","13:43:17",666900
14100,-550,300,"sd","13:43:06",666600
14100,-550,500,"sd","13:42:57",666300
14100,-550,400,"sd","13:42:55",665800
14100,-550,100,"sd","13:42:44",665400
14100,-550,300,"sd","13:42:44",665300
14150,-500,2000,"bu","13:42:41",665000
14150,-500,1000,"bu","13:42:41",663000
14100,-550,300,"sd","13:42:34",662000
14100,-550,400,"sd","13:42:27",661700
14100,-550,100,"sd","13:42:27",661300
14100,-550,100,"sd","13:42:23",661200
14100,-550,100,"sd","13:42:23",661100
14100,-550,200,"sd","13:42:23",661000
14100,-550,400,"sd","13:42:12",660800
14150,-500,200,"bu","13:42:02",660400
14100,-550,300,"sd","13:42:02",660200
14150,-500,800,"sd","13:41:52",659900
14150,-500,100,"sd","13:41:51",659100
14150,-500,300,"sd","13:41:51",659000
14150,-500,300,"sd","13:41:40",658700
14150,-500,100,"sd","13:41:40",658400
14150,-500,400,"sd","13:41:29",658300
14150,-500,300,"sd","13:41:19",657900
14150,-500,900,"sd","13:41:18",657600
14150,-500,500,"sd","13:41:18",656700
14150,-500,300,"sd","13:41:10",656200
14150,-500,200,"bu","13:41:09",655900
14150,-500,100,"sd","13:40:59",655700
14150,-500,100,"sd","13:40:48",655600
14150,-500,300,"sd","13:40:48",655500
14150,-500,300,"sd","13:40:38",655200
14150,-500,100,"sd","13:40:38",654900
14150,-500,400,"sd","13:40:27",654800
14150,-500,300,"sd","13:40:17",654400
14150,-500,300,"sd","13:40:06",654100
14150,-500,400,"sd","13:39:56",653800
14150,-500,300,"sd","13:39:45",653400
14150,-500,300,"sd","13:39:45",653100
14150,-500,400,"sd","13:39:39",652800
14150,-500,300,"sd","13:39:35",652400
14150,-500,300,"sd","13:39:25",652100
14250,-400,800,"bu","13:39:24",651800
14200,-450,2000,"bu","13:39:24",651000
14200,-450,200,"bu","13:39:24",649000
14200,-450,100,"bu","13:39:23",648800
14200,-450,100,"bu","13:39:23",648700
14200,-450,300,"bu","13:39:15",648600
14200,-450,200,"bu","13:39:15",648300
14150,-500,400,"sd","13:39:14",648100
14200,-450,1000,"bu","13:39:05",647700
14150,-500,400,"sd","13:39:03",646700
14150,-500,400,"sd","13:38:52",646300
14150,-500,300,"sd","13:38:42",645900
14150,-500,400,"sd","13:38:31",645600
14150,-500,400,"sd","13:38:21",645200
14150,-500,400,"sd","13:38:10",644800
14150,-500,300,"sd","13:38:05",644400
14150,-500,3000,"sd","13:38:01",644100
14150,-500,300,"sd","13:37:59",641100
14150,-500,100,"sd","13:37:57",640800
14150,-500,500,"sd","13:37:50",640700
14150,-500,500,"sd","13:37:50",640200
14150,-500,100,"sd","13:37:50",639700
14150,-500,500,"sd","13:37:50",639600
14150,-500,300,"sd","13:37:49",639100
14150,-500,200,"sd","13:37:39",638800
14150,-500,100,"sd","13:37:39",638600
14150,-500,300,"sd","13:37:28",638500
14150,-500,300,"sd","13:37:18",638200
14150,-500,300,"sd","13:37:08",637900
14150,-500,100,"sd","13:36:57",637600
14150,-500,300,"sd","13:36:57",637500
14150,-500,300,"sd","13:36:46",637200
14150,-500,300,"sd","13:36:36",636900
14150,-500,100,"bu","13:36:27",636600
14100,-550,100,"sd","13:36:26",636500
14100,-550,200,"sd","13:36:26",636400
14100,-550,300,"sd","13:36:15",636200
14150,-500,200,"bu","13:36:09",635900
14100,-550,300,"sd","13:36:04",635700
14150,-500,100,"bu","13:35:56",635400
14150,-500,200,"bu","13:35:56",635300
14150,-500,300,"bu","13:35:55",635100
14100,-550,400,"sd","13:35:54",634800
14150,-500,100,"bu","13:35:50",634400
14100,-550,300,"sd","13:35:43",634300
14150,-500,100,"bu","13:35:43",634000
14150,-500,2000,"bu","13:35:35",633900
14100,-550,300,"sd","13:35:32",631900
14150,-500,100,"bu","13:35:29",631600
14150,-500,100,"bu","13:35:21",631500
14100,-550,400,"sd","13:35:21",631400
14100,-550,300,"sd","13:35:11",631000
14150,-500,1000,"bu","13:35:08",630700
14100,-550,300,"sd","13:35:00",629700
14150,-500,100,"bu","13:34:56",629400
14100,-550,200,"sd","13:34:50",629300
14100,-550,100,"sd","13:34:50",629100
14100,-550,200,"sd","13:34:39",629000
14100,-550,100,"sd","13:34:39",628800
14100,-550,300,"sd","13:34:29",628700
14150,-500,100,"bu","13:34:23",628400
14100,-550,300,"sd","13:34:19",628300
14150,-500,100,"bu","13:34:13",628000
14150,-500,200,"bu","13:34:11",627900
14100,-550,300,"sd","13:34:08",627700
14150,-500,600,"bu","13:33:58",627400
14150,-500,400,"bu","13:33:58",626800
14100,-550,300,"sd","13:33:58",626400
14150,-500,600,"bu","13:33:58",626100
14150,-500,400,"bu","13:33:58",625500
14150,-500,1000,"bu","13:33:53",625100
14100,-550,100,"sd","13:33:48",624100
14100,-550,200,"sd","13:33:48",624000
14150,-500,1600,"bu","13:33:42",623800
14100,-550,200,"sd","13:33:37",622200
14100,-550,100,"sd","13:33:37",622000
14150,-500,300,"bu","13:33:31",621900
14100,-550,300,"sd","13:33:27",621600
14150,-500,300,"bu","13:33:24",621300
14100,-550,300,"sd","13:33:16",621000
14100,-550,100,"sd","13:33:05",620700
14100,-550,200,"sd","13:33:05",620600
14100,-550,300,"sd","13:32:55",620400
14100,-550,300,"sd","13:32:44",620100
14100,-550,100,"sd","13:32:44",619800
14100,-550,200,"sd","13:32:34",619700
14100,-550,100,"sd","13:32:34",619500
14100,-550,300,"sd","13:32:24",619400
14150,-500,500,"bu","13:32:24",619100
14150,-500,700,"bu","13:32:15",618600
14100,-550,100,"sd","13:32:13",617900
14100,-550,100,"sd","13:32:13",617800
14100,-550,200,"sd","13:32:13",617700
14100,-550,300,"sd","13:32:03",617500
14100,-550,300,"sd","13:31:52",617200
14100,-550,300,"sd","13:31:42",616900
14100,-550,300,"sd","13:31:32",616600
14100,-550,300,"sd","13:31:22",616300
14150,-500,1000,"bu","13:31:18",616000
14100,-550,300,"sd","13:31:11",615000
14100,-550,400,"sd","13:31:00",614700
14100,-550,300,"sd","13:30:50",614300
14100,-550,200,"sd","13:30:39",614000
14100,-550,100,"sd","13:30:39",613800
14100,-550,400,"sd","13:30:28",613700
14100,-550,300,"sd","13:30:18",613300
14150,-500,3000,"bu","13:30:14",613000
14100,-550,300,"sd","13:30:08",610000
14100,-550,200,"sd","13:29:57",609700
14100,-550,100,"sd","13:29:57",609500
14100,-550,200,"sd","13:29:46",609400
14100,-550,200,"sd","13:29:46",609200
14100,-550,600,"sd","13:29:45",609000
14100,-550,300,"sd","13:29:36",608400
14100,-550,300,"sd","13:29:26",608100
14100,-550,300,"sd","13:29:15",607800
14100,-550,300,"sd","13:29:05",607500
14150,-500,100,"bu","13:28:58",607200
14100,-550,300,"sd","13:28:55",607100
14150,-500,500,"bu","13:28:54",606800
14150,-500,100,"bu","13:28:45",606300
14150,-500,100,"bu","13:28:44",606200
14100,-550,300,"sd","13:28:44",606100
14100,-550,300,"sd","13:28:33",605800
14100,-550,300,"sd","13:28:23",605500
14100,-550,300,"sd","13:28:13",605200
14100,-550,300,"sd","13:28:03",604900
14100,-550,300,"sd","13:27:52",604600
14100,-550,300,"sd","13:27:42",604300
14100,-550,400,"sd","13:27:31",604000
14100,-550,300,"sd","13:27:21",603600
14100,-550,300,"sd","13:27:11",603300
14100,-550,300,"sd","13:27:00",603000
14100,-550,1500,"bu","13:27:00",602700
14100,-550,200,"bu","13:27:00",601200
14100,-550,1600,"bu","13:27:00",601000
14050,-600,300,"sd","13:26:50",599400
14050,-600,300,"sd","13:26:39",599100
14050,-600,300,"sd","13:26:29",598800
14050,-600,300,"sd","13:26:19",598500
14050,-600,300,"sd","13:26:08",598200
14050,-600,200,"sd","13:25:58",597900
14050,-600,100,"sd","13:25:58",597700
14050,-600,300,"sd","13:25:47",597600
14100,-550,400,"bu","13:25:45",597300
14100,-550,600,"bu","13:25:45",596900
14050,-600,300,"sd","13:25:37",596300
14050,-600,300,"sd","13:25:27",596000
14050,-600,3500,"sd","13:25:25",595700
14050,-600,300,"sd","13:25:16",592200
14050,-600,400,"sd","13:25:06",591900
14100,-550,300,"bu","13:25:02",591500
14050,-600,300,"sd","13:24:55",591200
14050,-600,300,"sd","13:24:45",590900
14050,-600,200,"sd","13:24:37",590600
14050,-600,100,"sd","13:24:35",590400
14050,-600,100,"sd","13:24:35",590300
14050,-600,100,"sd","13:24:35",590200
14100,-550,2000,"bu","13:24:25",590100
14050,-600,300,"sd","13:24:24",588100
14100,-550,500,"bu","13:24:15",587800
14050,-600,200,"sd","13:24:13",587300
14050,-600,100,"sd","13:24:13",587100
14050,-600,300,"sd","13:24:03",587000
14100,-550,100,"bu","13:23:54",586700
14050,-600,300,"sd","13:23:52",586600
14100,-550,400,"bu","13:23:42",586300
14050,-600,300,"sd","13:23:42",585900
14050,-600,300,"sd","13:23:31",585600
14050,-600,100,"sd","13:23:26",585300
14050,-600,300,"sd","13:23:21",585200
14050,-600,300,"sd","13:23:10",584900
14050,-600,100,"sd","13:23:00",584600
14050,-600,200,"sd","13:23:00",584500
14050,-600,300,"sd","13:22:49",584300
14050,-600,200,"sd","13:22:39",584000
14050,-600,100,"sd","13:22:39",583800
14050,-600,300,"sd","13:22:29",583700
14050,-600,300,"sd","13:22:19",583400
14050,-600,100,"sd","13:22:14",583100
14050,-600,200,"sd","13:22:11",583000
14050,-600,800,"sd","13:22:11",582800
14050,-600,400,"sd","13:22:08",582000
14050,-600,300,"sd","13:21:57",581600
14050,-600,300,"sd","13:21:46",581300
14050,-600,200,"sd","13:21:36",581000
14050,-600,100,"sd","13:21:36",580800
14100,-550,1000,"bu","13:21:34",580700
14100,-550,100,"bu","13:21:32",579700
14100,-550,500,"bu","13:21:32",579600
14100,-550,200,"sd","13:21:30",579100
14100,-550,300,"sd","13:21:30",578900
14100,-550,200,"sd","13:21:26",578600
14100,-550,100,"sd","13:21:26",578400
14100,-550,200,"sd","13:21:24",578300
14100,-550,300,"sd","13:21:24",578100
14100,-550,300,"sd","13:21:15",577800
14100,-550,300,"sd","13:21:04",577500
14100,-550,100,"sd","13:21:00",577200
14100,-550,100,"sd","13:21:00",577100
14100,-550,100,"sd","13:21:00",577000
14100,-550,1000,"sd","13:21:00",576900
14100,-550,100,"sd","13:21:00",575900
14100,-550,100,"sd","13:21:00",575800
14100,-550,2000,"sd","13:21:00",575700
14100,-550,300,"sd","13:20:53",573700
14100,-550,300,"sd","13:20:43",573400
14100,-550,300,"sd","13:20:32",573100
14100,-550,300,"sd","13:20:21",572800
14100,-550,1300,"sd","13:20:19",572500
14100,-550,300,"sd","13:20:11",571200
14100,-550,200,"sd","13:20:00",570900
14100,-550,100,"sd","13:20:00",570700
14100,-550,900,"sd","13:19:56",570600
14100,-550,100,"sd","13:19:56",569700
14100,-550,1000,"sd","13:19:56",569600
14100,-550,2600,"sd","13:19:56",568600
14100,-550,100,"sd","13:19:56",566000
14100,-550,100,"sd","13:19:56",565900
14100,-550,1000,"sd","13:19:56",565800
14100,-550,9000,"sd","13:19:56",564800
14100,-550,400,"sd","13:19:56",555800
14100,-550,100,"sd","13:19:52",555400
14150,-500,100,"bu","13:19:51",555300
14100,-550,300,"sd","13:19:49",555200
14100,-550,200,"sd","13:19:39",554900
14100,-550,100,"sd","13:19:39",554700
14100,-550,100,"sd","13:19:39",554600
14100,-550,300,"sd","13:19:28",554500
14100,-550,200,"sd","13:19:20",554200
14100,-550,300,"sd","13:19:19",554000
14100,-550,500,"sd","13:19:16",553700
14150,-500,100,"sd","13:19:09",553200
14100,-550,200,"sd","13:19:00",553100
14100,-550,300,"sd","13:19:00",552900
14150,-500,100,"sd","13:18:49",552600
14150,-500,300,"sd","13:18:39",552500
14150,-500,300,"sd","13:18:28",552200
14150,-500,4300,"sd","13:18:26",551900
14150,-500,100,"sd","13:18:26",547600
14150,-500,500,"sd","13:18:26",547500
14150,-500,700,"sd","13:18:26",547000
14150,-500,1400,"sd","13:18:26",546300
14150,-500,300,"sd","13:18:17",544900
14150,-500,300,"sd","13:18:07",544600
14150,-500,100,"sd","13:17:57",544300
14150,-500,200,"sd","13:17:57",544200
14150,-500,300,"sd","13:17:45",544000
14150,-500,300,"sd","13:17:35",543700
14150,-500,300,"sd","13:17:25",543400
14150,-500,200,"sd","13:17:15",543100
14150,-500,100,"sd","13:17:15",542900
14150,-500,100,"sd","13:17:14",542800
14150,-500,100,"sd","13:17:14",542700
14150,-500,300,"sd","13:17:14",542600
14150,-500,300,"sd","13:17:05",542300
14150,-500,300,"sd","13:16:54",542000
14150,-500,100,"sd","13:16:43",541700
14150,-500,100,"sd","13:16:43",541600
14150,-500,100,"sd","13:16:43",541500
14150,-500,300,"sd","13:16:33",541400
14150,-500,300,"sd","13:16:23",541100
14150,-500,300,"sd","13:16:11",540800
14150,-500,100,"sd","13:16:01",540500
14150,-500,100,"sd","13:16:01",540400
14150,-500,100,"sd","13:16:01",540300
14150,-500,400,"sd","13:15:53",540200
14150,-500,300,"sd","13:15:50",539800
14150,-500,200,"sd","13:15:39",539500
14150,-500,100,"sd","13:15:39",539300
14150,-500,200,"sd","13:15:30",539200
14150,-500,200,"sd","13:15:29",539000
14150,-500,100,"sd","13:15:29",538800
14150,-500,100,"sd","13:15:19",538700
14150,-500,200,"sd","13:15:19",538600
14150,-500,100,"sd","13:15:08",538400
14150,-500,200,"sd","13:15:08",538300
14150,-500,300,"sd","13:14:57",538100
14150,-500,300,"sd","13:14:47",537800
14150,-500,200,"sd","13:14:37",537500
14150,-500,100,"sd","13:14:37",537300
14150,-500,300,"sd","13:14:26",537200
14150,-500,300,"sd","13:14:15",536900
14150,-500,300,"sd","13:14:04",536600
14150,-500,300,"sd","13:13:54",536300
14150,-500,300,"sd","13:13:44",536000
14150,-500,300,"sd","13:13:33",535700
14150,-500,100,"sd","13:13:22",535400
14150,-500,100,"sd","13:13:22",535300
14150,-500,100,"sd","13:13:22",535200
14150,-500,300,"sd","13:13:12",535100
14150,-500,300,"sd","13:13:01",534800
14150,-500,300,"sd","13:12:51",534500
14150,-500,300,"sd","13:12:41",534200
14200,-450,300,"sd","13:12:30",533900
14200,-450,700,"sd","13:12:21",533600
14200,-450,100,"sd","13:12:21",532900
14200,-450,400,"sd","13:12:21",532800
14200,-450,800,"sd","13:12:21",532400
14200,-450,300,"sd","13:12:19",531600
14200,-450,1900,"sd","13:12:15",531300
14200,-450,2000,"sd","13:12:15",529400
14200,-450,500,"sd","13:12:15",527400
14200,-450,900,"sd","13:12:15",526900
14200,-450,300,"sd","13:12:08",526000
14200,-450,200,"sd","13:12:02",525700
14200,-450,600,"sd","13:12:02",525500
14200,-450,300,"sd","13:11:58",524900
14200,-450,100,"sd","13:11:47",524600
14200,-450,200,"sd","13:11:47",524500
14200,-450,700,"sd","13:11:43",524300
14200,-450,300,"sd","13:11:42",523600
14200,-450,300,"sd","13:11:36",523300
14200,-450,300,"sd","13:11:26",523000
14200,-450,100,"sd","13:11:16",522700
14200,-450,100,"sd","13:11:16",522600
14200,-450,300,"sd","13:11:16",522500
14200,-450,300,"sd","13:11:06",522200
14200,-450,1600,"sd","13:11:06",521900
14200,-450,100,"sd","13:11:06",520300
14200,-450,300,"sd","13:11:06",520200
14200,-450,1000,"sd","13:11:06",519900
14200,-450,1000,"sd","13:11:06",518900
14200,-450,200,"sd","13:11:06",517900
14200,-450,100,"sd","13:11:06",517700
14200,-450,500,"sd","13:11:06",517600
14200,-450,200,"sd","13:11:06",517100
14200,-450,300,"sd","13:10:55",516900
14250,-400,200,"bu","13:10:49",516600
14200,-450,300,"sd","13:10:45",516400
14200,-450,300,"sd","13:10:34",516100
14250,-400,200,"bu","13:10:30",515800
14200,-450,300,"sd","13:10:23",515600
14200,-450,300,"sd","13:10:13",515300
14200,-450,300,"sd","13:10:03",515000
14250,-400,500,"bu","13:09:59",514700
14250,-400,1000,"sd","13:09:54",514200
14250,-400,500,"sd","13:09:54",513200
14250,-400,200,"sd","13:09:54",512700
14250,-400,600,"sd","13:09:54",512500
14250,-400,100,"sd","13:09:52",511900
14250,-400,200,"sd","13:09:52",511800
14250,-400,300,"sd","13:09:42",511600
14250,-400,300,"sd","13:09:31",511300
14250,-400,300,"sd","13:09:20",511000
14300,-350,100,"bu","13:09:19",510700
14250,-400,400,"sd","13:09:19",510600
14250,-400,200,"sd","13:09:19",510200
14250,-400,100,"sd","13:09:19",510000
14250,-400,300,"sd","13:09:19",509900
14250,-400,100,"sd","13:09:10",509600
14250,-400,200,"sd","13:09:10",509500
14250,-400,300,"sd","13:09:00",509300
14250,-400,300,"sd","13:08:50",509000
14250,-400,200,"sd","13:08:42",508700
14250,-400,1000,"sd","13:08:42",508500
14250,-400,200,"sd","13:08:42",507500
14250,-400,100,"sd","13:08:39",507300
14250,-400,100,"sd","13:08:39",507200
14250,-400,100,"sd","13:08:39",507100
14250,-400,300,"sd","13:08:29",507000
14250,-400,300,"sd","13:08:18",506700
14250,-400,300,"sd","13:08:07",506400
14250,-400,300,"sd","13:07:56",506100
14250,-400,300,"sd","13:07:46",505800
14250,-400,300,"sd","13:07:36",505500
14250,-400,300,"sd","13:07:24",505200
14250,-400,2000,"sd","13:07:19",504900
14250,-400,300,"sd","13:07:14",502900
14250,-400,300,"sd","13:07:01",502600
14250,-400,100,"sd","13:06:28",502300
14250,-400,100,"sd","13:06:21",502200
14250,-400,100,"sd","13:06:21",502100
14300,-350,100,"sd","13:05:52",502000
14300,-350,1000,"sd","13:05:52",501900
14300,-350,100,"sd","13:05:52",500900
14300,-350,1400,"sd","13:05:52",500800
14300,-350,100,"sd","13:05:50",499400
14300,-350,1000,"sd","13:05:50",499300
14300,-350,3000,"sd","13:05:50",498300
14300,-350,500,"sd","13:05:50",495300
14300,-350,100,"sd","13:05:50",494800
14300,-350,300,"sd","13:05:50",494700
14300,-350,1000,"sd","13:05:01",494400
14300,-350,1300,"sd","13:03:49",493400
14300,-350,800,"sd","13:03:49",492100
14350,-300,100,"bu","13:03:47",491300
14350,-300,600,"bu","13:03:47",491200
14300,-350,200,"sd","13:03:24",490600
14300,-350,1000,"sd","13:03:24",490400
14300,-350,800,"sd","13:03:24",489400
14350,-300,400,"bu","13:03:07",488600
14350,-300,1700,"bu","13:03:07",488200
14350,-300,200,"bu","13:02:25",486500
14350,-300,200,"bu","13:02:01",486300
14300,-350,100,"sd","13:01:29",486100
14300,-350,900,"sd","13:01:29",486000
14350,-300,100,"bu","13:01:29",485100
14350,-300,1000,"bu","13:00:39",485000
14300,-350,200,"sd","13:00:30",484000
14300,-350,700,"sd","13:00:23",483800
14300,-350,900,"sd","13:00:23",483100
14300,-350,400,"sd","13:00:23",482200
14300,-350,500,"sd","13:00:17",481800
14300,-350,100,"sd","13:00:15",481300
14300,-350,200,"sd","13:00:13",481200
14350,-300,500,"bu","13:00:13",481000
14300,-350,400,"sd","13:00:11",480500
14300,-350,100,"sd","13:00:07",480100
14300,-350,900,"sd","13:00:07",480000
14350,-300,800,"bu","13:00:01",479100
14300,-350,300,"sd","13:00:01",478300
14300,-350,200,"sd","13:00:00",478000
14300,-350,1100,"sd","11:28:34",477800
14350,-300,500,"bu","11:28:31",476700
14350,-300,200,"bu","11:26:35",476200
14350,-300,100,"bu","11:26:27",476000
14350,-300,900,"bu","11:24:27",475900
14350,-300,200,"bu","11:22:47",475000
14300,-350,1000,"bu","11:18:59",474800
14300,-350,1600,"bu","11:18:59",473800
14300,-350,800,"bu","11:18:59",472200
14300,-350,1000,"bu","11:18:21",471400
14300,-350,100,"bu","11:18:07",470400
14300,-350,300,"bu","11:18:02",470300
14300,-350,200,"bu","11:18:02",470000
14300,-350,1400,"bu","11:16:28",469800
14300,-350,200,"sd","11:14:56",468400
14300,-350,600,"sd","11:14:56",468200
14300,-350,300,"sd","11:14:56",467600
14300,-350,1300,"sd","11:14:56",467300
14300,-350,500,"sd","11:14:56",466000
14300,-350,500,"sd","11:14:23",465500
14350,-300,100,"sd","11:12:30",465000
14350,-300,500,"sd","11:09:36",464900
14350,-300,1000,"sd","11:09:36",464400
14350,-300,500,"sd","11:09:36",463400
14350,-300,100,"sd","11:09:36",462900
14350,-300,400,"sd","11:09:08",462800
14350,-300,100,"sd","11:09:08",462400
14400,-250,100,"bu","11:07:59",462300
14400,-250,400,"bu","11:07:59",462200
14400,-250,100,"bu","11:07:39",461800
14450,-200,100,"bu","11:05:09",461700
14450,-200,200,"bu","11:04:53",461600
14450,-200,800,"bu","11:04:53",461400
14450,-200,1200,"bu","11:03:58",460600
14450,-200,2000,"bu","11:03:58",459400
14450,-200,500,"bu","11:03:58",457400
14450,-200,2000,"bu","11:03:58",456900
14450,-200,200,"bu","11:03:58",454900
14450,-200,100,"bu","11:03:58",454700
14400,-250,1000,"bu","11:03:58",454600
14400,-250,2500,"bu","11:03:58",453600
14350,-300,500,"bu","11:03:58",451100
14350,-300,2000,"bu","11:02:37",450600
14350,-300,300,"bu","11:02:11",448600
14350,-300,500,"bu","11:02:10",448300
14350,-300,200,"sd","11:01:57",447800
14350,-300,400,"bu","11:01:32",447600
14350,-300,100,"sd","11:01:13",447200
14350,-300,100,"bu","11:00:24",447100
14350,-300,400,"bu","11:00:19",447000
14350,-300,100,"bu","11:00:19",446600
14300,-350,800,"sd","10:59:59",446500
14350,-300,100,"bu","10:59:58",445700
14350,-300,200,"bu","10:59:39",445600
14350,-300,100,"bu","10:59:18",445400
14350,-300,400,"bu","10:59:03",445300
14350,-300,1200,"bu","10:58:45",444900
14350,-300,200,"bu","10:58:45",443700
14350,-300,600,"bu","10:58:45",443500
14350,-300,300,"bu","10:55:50",442900
14350,-300,100,"bu","10:55:41",442600
14300,-350,900,"bu","10:54:55",442500
14300,-350,4000,"bu","10:54:55",441600
14300,-350,200,"bu","10:54:55",437600
14300,-350,2000,"bu","10:54:55",437400
14300,-350,2000,"bu","10:54:55",435400
14300,-350,200,"bu","10:54:55",433400
14300,-350,100,"bu","10:54:55",433200
14300,-350,1000,"bu","10:54:55",433100
14300,-350,1800,"bu","10:54:55",432100
14300,-350,100,"bu","10:54:47",430300
14300,-350,100,"bu","10:53:44",430200
14300,-350,200,"bu","10:53:44",430100
14250,-400,1400,"sd","10:53:33",429900
14250,-400,5000,"sd","10:52:52",428500
14250,-400,10000,"sd","10:51:11",423500
14250,-400,100,"sd","10:51:06",413500
14300,-350,1800,"bu","10:51:06",413400
14300,-350,200,"bu","10:51:06",411600
14300,-350,1000,"bu","10:51:06",411400
14250,-400,1000,"sd","10:49:12",410400
14250,-400,500,"sd","10:46:57",409400
14300,-350,100,"bu","10:46:39",408900
14250,-400,300,"sd","10:44:57",408800
14250,-400,1700,"sd","10:41:09",408500
14250,-400,100,"sd","10:41:09",406800
14250,-400,500,"sd","10:40:33",406700
14300,-350,1000,"bu","10:40:03",406200
14300,-350,200,"bu","10:39:45",405200
14300,-350,1400,"bu","10:39:07",405000
14300,-350,100,"bu","10:38:43",403600
14300,-350,100,"bu","10:37:50",403500
14300,-350,300,"bu","10:37:20",403400
14250,-400,400,"sd","10:36:56",403100
14200,-450,500,"sd","10:36:08",402700
14200,-450,500,"sd","10:36:08",402200
14200,-450,400,"bu","10:35:02",401700
14200,-450,1000,"bu","10:35:02",401300
14200,-450,100,"bu","10:35:02",400300
14200,-450,1000,"bu","10:34:34",400200
14200,-450,100,"bu","10:34:34",399200
14200,-450,900,"bu","10:34:14",399100
14200,-450,100,"bu","10:34:14",398200
14200,-450,900,"bu","10:33:53",398100
14200,-450,100,"bu","10:33:53",397200
14150,-500,500,"sd","10:31:43",397100
14200,-450,500,"bu","10:31:36",396600
14200,-450,100,"bu","10:31:34",396100
14200,-450,1100,"bu","10:31:29",396000
14200,-450,200,"bu","10:31:29",394900
14200,-450,100,"bu","10:31:29",394700
14200,-450,100,"bu","10:31:29",394600
14200,-450,200,"bu","10:31:29",394500
14200,-450,500,"bu","10:30:55",394300
14150,-500,1900,"sd","10:29:34",393800
14200,-450,600,"bu","10:29:07",391900
14200,-450,100,"bu","10:28:49",391300
14200,-450,500,"bu","10:28:45",391200
14200,-450,100,"bu","10:28:34",390700
14200,-450,500,"bu","10:28:34",390600
14200,-450,1000,"bu","10:28:30",390100
14200,-450,1000,"bu","10:28:22",389100
14200,-450,100,"bu","10:28:09",388100
14200,-450,200,"bu","10:27:44",388000
14200,-450,1000,"bu","10:27:21",387800
14200,-450,200,"bu","10:27:12",386800
14150,-500,500,"sd","10:27:10",386600
14150,-500,500,"sd","10:27:10",386100
14200,-450,3000,"bu","10:27:02",385600
14200,-450,500,"bu","10:26:34",382600
14200,-450,100,"bu","10:26:33",382100
14200,-450,100,"bu","10:26:22",382000
14200,-450,5000,"bu","10:26:20",381900
14200,-450,1000,"bu","10:26:17",376900
14200,-450,500,"bu","10:25:20",375900
14200,-450,100,"bu","10:25:19",375400
14200,-450,500,"bu","10:25:02",375300
14200,-450,5000,"bu","10:25:02",374800
14100,-550,3200,"sd","10:24:31",369800
14100,-550,2000,"sd","10:24:22",366600
14200,-450,1700,"bu","10:24:20",364600
14200,-450,3000,"bu","10:24:20",362900
14200,-450,2200,"bu","10:24:20",359900
14100,-550,500,"sd","10:23:47",357700
14200,-450,1000,"bu","10:23:36",357200
14100,-550,200,"sd","10:22:40",356200
14100,-550,100,"sd","10:22:04",356000
14100,-550,3500,"sd","10:22:02",355900
14100,-550,400,"sd","10:22:02",352400
14100,-550,100,"sd","10:21:42",352000
14100,-550,300,"sd","10:21:38",351900
14100,-550,4200,"sd","10:20:50",351600
14100,-550,200,"sd","10:20:50",347400
14100,-550,200,"sd","10:20:50",347200
14100,-550,400,"sd","10:20:50",347000
14200,-450,400,"sd","10:20:37",346600
14200,-450,500,"sd","10:20:29",346200
14200,-450,1000,"sd","10:20:29",345700
14200,-450,5000,"sd","10:20:29",344700
14200,-450,400,"sd","10:20:29",339700
14200,-450,1500,"sd","10:20:29",339300
14200,-450,1600,"sd","10:20:29",337800
14200,-450,500,"sd","10:20:01",336200
14200,-450,300,"sd","10:20:01",335700
14200,-450,200,"sd","10:20:01",335400
14200,-450,800,"sd","10:19:43",335200
14200,-450,200,"sd","10:19:43",334400
14200,-450,600,"sd","10:19:18",334200
14200,-450,400,"sd","10:19:05",333600
14300,-350,100,"sd","10:18:32",333200
14300,-350,700,"sd","10:18:32",333100
14300,-350,300,"sd","10:18:14",332400
14300,-350,200,"sd","10:18:14",332100
14300,-350,100,"sd","10:17:49",331900
14300,-350,300,"sd","10:17:39",331800
14300,-350,100,"sd","10:17:39",331500
14300,-350,1400,"sd","10:17:39",331400
14300,-350,100,"sd","10:17:39",330000
14300,-350,100,"sd","10:17:39",329900
14300,-350,100,"sd","10:17:39",329800
14300,-350,100,"sd","10:17:39",329700
14300,-350,700,"sd","10:17:39",329600
14300,-350,200,"sd","10:17:39",328900
14300,-350,500,"sd","10:17:39",328700
14300,-350,100,"sd","10:17:39",328200
14300,-350,200,"sd","10:17:39",328100
14300,-350,1500,"sd","10:17:39",327900
14300,-350,200,"sd","10:17:39",326400
14300,-350,100,"sd","10:17:39",326200
14300,-350,4000,"sd","10:17:39",326100
14300,-350,10000,"sd","10:17:39",322100
14300,-350,100,"sd","10:17:39",312100
14300,-350,200,"sd","10:17:39",312000
14350,-300,100,"sd","10:17:32",311800
14350,-300,700,"sd","10:17:32",311700
14400,-250,100,"bu","10:17:26",311000
14350,-300,300,"sd","10:17:09",310900
14350,-300,1700,"sd","10:17:09",310600
14350,-300,300,"sd","10:17:08",308900
14350,-300,100,"sd","10:17:08",308600
14350,-300,200,"sd","10:17:08",308500
14350,-300,100,"sd","10:17:08",308300
14350,-300,100,"sd","10:16:57",308200
14350,-300,400,"sd","10:16:57",308100
14350,-300,100,"sd","10:16:19",307700
14350,-300,3300,"sd","10:16:19",307600
14400,-250,1000,"sd","10:16:15",304300
14400,-250,100,"sd","10:16:15",303300
14400,-250,100,"sd","10:15:30",303200
14400,-250,400,"sd","10:15:30",303100
14400,-250,500,"bu","10:15:04",302700
14400,-250,100,"bu","10:15:04",302200
14350,-300,1700,"sd","10:14:53",302100
14350,-300,200,"sd","10:14:53",300400
14400,-250,100,"sd","10:14:39",300200
14400,-250,200,"sd","10:14:39",300100
14400,-250,2100,"sd","10:14:39",299900
14400,-250,100,"sd","10:14:08",297800
14400,-250,200,"sd","10:13:38",297700
14400,-250,1500,"sd","10:12:23",297500
14400,-250,1600,"sd","10:11:45",296000
14400,-250,1000,"sd","10:11:25",294400
14400,-250,7800,"bu","10:10:36",293400
14400,-250,500,"bu","10:10:36",285600
14400,-250,200,"bu","10:10:36",285100
14400,-250,100,"sd","10:09:08",284900
14400,-250,1000,"sd","10:08:55",284800
14400,-250,100,"sd","10:06:58",283800
14400,-250,1000,"sd","10:06:58",283700
14400,-250,1900,"sd","10:06:58",282700
14400,-250,100,"sd","10:06:53",280800
14400,-250,2900,"sd","10:06:53",280700
14400,-250,200,"sd","10:06:51",277800
14400,-250,500,"sd","10:06:35",277600
14400,-250,400,"sd","10:06:32",277100
14400,-250,500,"sd","10:05:05",276700
14450,-200,400,"bu","10:04:34",276200
14450,-200,1600,"bu","10:04:34",275800
14400,-250,500,"bu","10:03:42",274200
14400,-250,100,"sd","10:03:30",273700
14400,-250,100,"sd","10:03:30",273600
14400,-250,100,"sd","10:03:30",273500
14400,-250,100,"sd","10:03:30",273400
14400,-250,100,"sd","10:03:30",273300
14450,-200,5000,"bu","10:02:59",273200
14400,-250,100,"sd","10:02:19",268200
14400,-250,100,"sd","10:02:19",268100
14450,-200,300,"bu","10:01:50",268000
14450,-200,1000,"bu","10:01:45",267700
14450,-200,100,"bu","10:01:21",266700
14400,-250,600,"sd","10:01:18",266600
14400,-250,5000,"sd","10:01:18",266000
14400,-250,200,"sd","10:01:18",261000
14400,-250,300,"sd","10:01:18",260800
14400,-250,5000,"sd","10:01:18",260500
14400,-250,1400,"sd","10:01:18",255500
14400,-250,1000,"sd","10:01:18",254100
14400,-250,500,"sd","10:01:17",253100
14450,-200,1000,"sd","10:01:17",252600
14500,-150,1000,"bu","10:00:59",251600
14500,-150,400,"bu","10:00:33",250600
14500,-150,100,"bu","09:59:49",250200
14500,-150,5000,"bu","09:59:04",250100
14500,-150,200,"bu","09:57:16",245100
14500,-150,400,"bu","09:56:46",244900
14500,-150,100,"bu","09:56:30",244500
14500,-150,300,"bu","09:56:30",244400
14500,-150,300,"bu","09:56:09",244100
14500,-150,1000,"bu","09:56:09",243800
14500,-150,1500,"bu","09:56:09",242800
14500,-150,300,"sd","09:53:57",241300
14500,-150,500,"sd","09:53:57",241000
14500,-150,2400,"sd","09:53:57",240500
14500,-150,200,"sd","09:53:57",238100
14500,-150,100,"sd","09:53:57",237900
14550,-100,300,"bu","09:50:27",237800
14500,-150,100,"sd","09:50:01",237500
14500,-150,100,"sd","09:50:01",237400
14500,-150,400,"sd","09:50:01",237300
14500,-150,200,"sd","09:50:01",236900
14500,-150,300,"sd","09:47:45",236700
14500,-150,100,"sd","09:47:45",236400
14500,-150,100,"sd","09:47:45",236300
14500,-150,400,"sd","09:47:32",236200
14500,-150,500,"sd","09:47:32",235800
14500,-150,100,"sd","09:47:32",235300
14500,-150,400,"sd","09:47:19",235200
14500,-150,1000,"sd","09:46:48",234800
14550,-100,100,"bu","09:44:57",233800
14550,-100,400,"bu","09:43:20",233700
14550,-100,500,"bu","09:43:01",233300
14550,-100,100,"bu","09:41:58",232800
14550,-100,100,"bu","09:41:42",232700
14550,-100,200,"bu","09:41:35",232600
14550,-100,100,"bu","09:41:27",232400
14550,-100,100,"bu","09:40:21",232300
14500,-150,300,"sd","09:39:51",232200
14500,-150,100,"bu","09:39:22",231900
14500,-150,500,"bu","09:39:22",231800
14500,-150,100,"bu","09:39:22",231300
14500,-150,500,"bu","09:39:22",231200
14500,-150,100,"bu","09:39:22",230700
14400,-250,300,"sd","09:39:04",230600
14450,-200,200,"bu","09:39:00",230300
14450,-200,3700,"bu","09:39:00",230100
14400,-250,200,"sd","09:37:04",226400
14400,-250,100,"sd","09:36:15",226200
14400,-250,500,"sd","09:36:15",226100
14400,-250,500,"bu","09:35:57",225600
14400,-250,100,"bu","09:35:54",225100
14400,-250,400,"bu","09:35:54",225000
14400,-250,100,"bu","09:35:44",224600
14400,-250,4900,"bu","09:35:44",224500
14350,-300,400,"bu","09:35:15",219600
14350,-300,300,"bu","09:35:15",219200
14350,-300,100,"bu","09:35:15",218900
14300,-350,200,"sd","09:35:05",218800
14350,-300,1000,"bu","09:34:50",218600
14350,-300,100,"bu","09:34:46",217600
14350,-300,400,"bu","09:34:39",217500
14350,-300,400,"bu","09:34:30",217100
14350,-300,100,"bu","09:34:30",216700
14350,-300,200,"bu","09:33:44",216600
14350,-300,200,"bu","09:33:38",216400
14350,-300,500,"sd","09:33:22",216200
14350,-300,500,"sd","09:33:22",215700
14350,-300,1000,"sd","09:33:22",215200
14350,-300,800,"sd","09:33:22",214200
14350,-300,400,"sd","09:33:22",213400
14350,-300,500,"sd","09:33:22",213000
14350,-300,1000,"sd","09:33:22",212500
14350,-300,700,"sd","09:33:22",211500
14350,-300,1000,"sd","09:33:22",210800
14350,-300,3000,"sd","09:33:03",209800
14350,-300,300,"sd","09:32:41",206800
14350,-300,200,"sd","09:32:32",206500
14350,-300,100,"sd","09:32:32",206300
14350,-300,300,"sd","09:32:23",206200
14350,-300,300,"sd","09:32:14",205900
14350,-300,300,"sd","09:32:05",205600
14400,-250,100,"sd","09:31:58",205300
14400,-250,300,"sd","09:31:56",205200
14450,-200,200,"bu","09:31:50",204900
14400,-250,200,"sd","09:31:50",204700
14400,-250,100,"sd","09:31:49",204500
14400,-250,1000,"sd","09:31:49",204400
14400,-250,200,"sd","09:31:49",203400
14400,-250,300,"sd","09:31:49",203200
14400,-250,300,"sd","09:31:49",202900
14400,-250,100,"sd","09:31:49",202600
14400,-250,200,"sd","09:31:49",202500
14400,-250,1600,"sd","09:31:49",202300
14400,-250,300,"sd","09:31:47",200700
14400,-250,300,"sd","09:31:38",200400
14400,-250,300,"sd","09:31:29",200100
14450,-200,100,"bu","09:31:26",199800
14400,-250,300,"sd","09:31:20",199700
14400,-250,200,"sd","09:31:11",199400
14400,-250,100,"sd","09:31:11",199200
14400,-250,300,"sd","09:31:02",199100
14450,-200,1000,"bu","09:31:02",198800
14450,-200,100,"bu","09:30:53",197800
14400,-250,300,"sd","09:30:53",197700
14400,-250,100,"sd","09:30:47",197400
14400,-250,300,"sd","09:30:44",197300
14400,-250,300,"sd","09:30:35",197000
14450,-200,400,"bu","09:30:31",196700
14400,-250,300,"sd","09:30:26",196300
14450,-200,100,"bu","09:30:17",196000
14400,-250,100,"sd","09:30:17",195900
14400,-250,100,"sd","09:30:17",195800
14400,-250,100,"sd","09:30:17",195700
14400,-250,100,"sd","09:30:08",195600
14400,-250,200,"sd","09:30:08",195500
14400,-250,100,"sd","09:30:07",195300
14400,-250,2000,"sd","09:30:06",195200
14400,-250,300,"sd","09:30:04",193200
14400,-250,300,"sd","09:29:59",192900
14400,-250,300,"sd","09:29:50",192600
14400,-250,300,"sd","09:29:41",192300
14400,-250,300,"sd","09:29:32",192000
14400,-250,300,"sd","09:29:23",191700
14450,-200,200,"bu","09:29:11",191400
14450,-200,300,"bu","09:29:11",191200
14450,-200,500,"bu","09:29:11",190900
14400,-250,300,"sd","09:29:03",190400
14400,-250,100,"sd","09:28:59",190100
14400,-250,300,"sd","09:28:54",190000
14400,-250,300,"sd","09:28:45",189700
14450,-200,300,"bu","09:28:30",189400
14450,-200,2000,"bu","09:28:30",189100
14400,-250,300,"sd","09:28:26",187100
14400,-250,300,"sd","09:28:17",186800
14400,-250,14700,"sd","09:28:17",186500
14400,-250,300,"sd","09:28:08",171800
14400,-250,300,"sd","09:27:59",171500
14400,-250,300,"sd","09:27:49",171200
14400,-250,300,"sd","09:27:40",170900
14400,-250,300,"sd","09:27:32",170600
14400,-250,300,"sd","09:27:23",170300
14400,-250,300,"sd","09:27:14",170000
14400,-250,300,"sd","09:27:04",169700
14350,-300,1300,"sd","09:26:56",169400
14400,-250,300,"bu","09:26:52",168100
14350,-300,200,"sd","09:26:51",167800
14350,-300,200,"sd","09:26:45",167600
14350,-300,300,"sd","09:26:45",167400
14400,-250,100,"sd","09:26:36",167100
14450,-200,100,"sd","09:26:27",167000
14450,-200,200,"sd","09:26:27",166900
14500,-150,300,"sd","09:26:18",166700
14500,-150,200,"sd","09:26:18",166400
14500,-150,100,"sd","09:26:18",166200
14500,-150,300,"sd","09:26:09",166100
14500,-150,300,"sd","09:26:00",165800
14450,-200,300,"sd","09:25:51",165500
14500,-150,700,"sd","09:25:45",165200
14500,-150,100,"sd","09:25:45",164500
14500,-150,200,"sd","09:25:45",164400
14500,-150,300,"sd","09:25:42",164200
14500,-150,300,"sd","09:25:33",163900
14500,-150,300,"sd","09:25:24",163600
14500,-150,100,"sd","09:25:15",163300
14500,-150,100,"sd","09:25:15",163200
14500,-150,100,"sd","09:25:15",163100
14500,-150,100,"sd","09:25:07",163000
14500,-150,100,"sd","09:25:06",162900
14500,-150,200,"sd","09:25:06",162800
14500,-150,1600,"sd","09:24:59",162600
14500,-150,300,"sd","09:24:58",161000
14500,-150,300,"sd","09:24:57",160700
14500,-150,100,"sd","09:24:48",160400
14500,-150,200,"sd","09:24:48",160300
14500,-150,300,"sd","09:24:39",160100
14550,-100,200,"sd","09:24:33",159800
14550,-100,100,"sd","09:24:33",159600
14550,-100,300,"sd","09:24:33",159500
14550,-100,300,"sd","09:24:30",159200
14550,-100,300,"sd","09:24:21",158900
14550,-100,600,"sd","09:24:20",158600
14550,-100,100,"sd","09:24:20",158000
14550,-100,300,"sd","09:24:12",157900
14550,-100,300,"sd","09:24:03",157600
14550,-100,100,"sd","09:23:54",157300
14550,-100,200,"sd","09:23:54",157200
14550,-100,300,"sd","09:23:45",157000
14550,-100,500,"sd","09:23:36",156700
14550,-100,100,"sd","09:23:36",156200
14550,-100,200,"sd","09:23:36",156100
14550,-100,300,"sd","09:23:27",155900
14600,-50,100,"sd","09:23:18",155600
14600,-50,200,"sd","09:23:17",155500
14600,-50,1700,"sd","09:23:17",155300
14600,-50,300,"sd","09:23:09",153600
14600,-50,1000,"sd","09:23:04",153300
14600,-50,500,"sd","09:23:01",152300
14600,-50,1300,"sd","09:23:00",151800
14600,-50,100,"sd","09:23:00",150500
14600,-50,600,"sd","09:23:00",150400
14600,-50,300,"sd","09:23:00",149800
14600,-50,300,"sd","09:22:51",149500
14600,-50,300,"sd","09:22:41",149200
14650,0,3000,"bu","09:22:36",148900
14650,0,100,"sd","09:22:33",145900
14650,0,100,"sd","09:22:33",145800
14650,0,5000,"sd","09:22:33",145700
14650,0,500,"sd","09:22:33",140700
14650,0,700,"sd","09:22:33",140200
14650,0,10000,"sd","09:22:33",139500
14650,0,200,"sd","09:22:33",129500
14650,0,100,"sd","09:22:33",129300
14650,0,100,"sd","09:22:33",129200
14650,0,1000,"sd","09:22:33",129100
14650,0,500,"sd","09:22:33",128100
14650,0,500,"sd","09:22:33",127600
14650,0,100,"sd","09:22:33",127100
14650,0,300,"sd","09:22:33",127000
14650,0,400,"sd","09:22:33",126700
14650,0,300,"sd","09:22:32",126300
14700,50,100,"bu","09:22:28",126000
14650,0,200,"sd","09:22:23",125900
14650,0,100,"sd","09:22:23",125700
14650,0,100,"sd","09:22:21",125600
14650,0,200,"sd","09:22:21",125500
14650,0,500,"sd","09:22:21",125300
14650,0,200,"sd","09:22:21",124800
14650,0,300,"sd","09:22:14",124600
14650,0,1000,"sd","09:22:09",124300
14650,0,300,"sd","09:22:05",123300
14650,0,200,"sd","09:21:56",123000
14650,0,100,"sd","09:21:56",122800
14650,0,300,"sd","09:21:52",122700
14650,0,100,"sd","09:21:47",122400
14650,0,200,"sd","09:21:47",122300
14700,50,200,"bu","09:21:39",122100
14700,50,100,"bu","09:21:39",121900
14650,0,100,"sd","09:21:38",121800
14650,0,200,"sd","09:21:38",121700
14700,50,1500,"bu","09:21:38",121500
14700,50,1900,"sd","09:21:33",120000
14750,100,300,"bu","09:21:19",118100
14750,100,100,"bu","09:21:19",117800
14750,100,100,"bu","09:21:19",117700
14750,100,200,"bu","09:21:19",117600
14750,100,1000,"bu","09:21:19",117400
14700,50,100,"sd","09:21:19",116400
14700,50,200,"sd","09:21:19",116300
14700,50,1000,"sd","09:21:12",116100
14700,50,300,"sd","09:21:10",115100
14700,50,300,"sd","09:21:01",114800
14700,50,800,"sd","09:21:00",114500
14700,50,2100,"sd","09:20:54",113700
14700,50,500,"sd","09:20:54",111600
14700,50,400,"sd","09:20:54",111100
14700,50,300,"sd","09:20:52",110700
14700,50,300,"sd","09:20:42",110400
14700,50,1000,"sd","09:20:25",110100
14700,50,300,"bu","09:20:24",109100
14700,50,300,"bu","09:20:24",108800
14700,50,2000,"bu","09:20:24",108500
14700,50,300,"bu","09:20:24",106500
14700,50,200,"bu","09:20:24",106200
14700,50,600,"bu","09:20:24",106000
14650,0,300,"sd","09:20:23",105400
14650,0,400,"sd","09:20:19",105100
14650,0,200,"sd","09:20:19",104700
14650,0,300,"sd","09:20:14",104500
14650,0,300,"sd","09:20:14",104200
14650,0,300,"sd","09:20:05",103900
14650,0,300,"sd","09:19:56",103600
14650,0,300,"sd","09:19:47",103300
14650,0,300,"sd","09:19:38",103000
14650,0,300,"sd","09:19:29",102700
14650,0,200,"sd","09:19:20",102400
14650,0,100,"sd","09:19:20",102200
14650,0,500,"sd","09:19:12",102100
14700,50,500,"bu","09:19:11",101600
14700,50,500,"bu","09:19:11",101100
14650,0,200,"sd","09:19:11",100600
14700,50,100,"bu","09:19:04",100400
14700,50,200,"bu","09:19:04",100300
14700,50,100,"bu","09:19:04",100100
14700,50,100,"bu","09:19:04",100000
14650,0,300,"sd","09:19:02",99900
14700,50,1000,"bu","09:18:54",99600
14650,0,300,"sd","09:18:53",98600
14700,50,500,"bu","09:18:47",98300
14650,0,300,"sd","09:18:44",97800
14700,50,400,"sd","09:18:36",97500
14700,50,100,"bu","09:18:30",97100
14700,50,200,"bu","09:18:27",97000
14650,0,300,"sd","09:18:24",96800
14650,0,300,"sd","09:18:15",96500
14700,50,1000,"bu","09:18:08",96200
14650,0,300,"sd","09:18:06",95200
14650,0,100,"sd","09:17:57",94900
14650,0,200,"sd","09:17:57",94800
14700,50,100,"bu","09:17:53",94600
14650,0,300,"sd","09:17:48",94500
14700,50,500,"bu","09:17:41",94200
14650,0,300,"sd","09:17:39",93700
14650,0,300,"sd","09:17:36",93400
14650,0,300,"sd","09:17:32",93100
14700,50,100,"bu","09:17:29",92800
14650,0,300,"sd","09:17:21",92700
14650,0,300,"sd","09:17:12",92400
14700,50,100,"bu","09:17:07",92100
14650,0,300,"sd","09:17:03",92000
14700,50,1000,"bu","09:16:55",91700
14650,0,300,"sd","09:16:54",90700
14650,0,300,"sd","09:16:45",90400
14650,0,300,"sd","09:16:36",90100
14700,50,300,"bu","09:16:34",89800
14700,50,100,"bu","09:16:34",89500
14700,50,600,"bu","09:16:34",89400
14650,0,300,"sd","09:16:27",88800
14700,50,400,"bu","09:16:25",88500
14700,50,100,"bu","09:16:25",88100
14650,0,300,"sd","09:16:18",88000
14650,0,300,"sd","09:16:09",87700
14650,0,300,"sd","09:16:00",87400
14650,0,300,"sd","09:15:51",87100
14650,0,500,"sd","09:15:47",86800
14650,0,300,"sd","09:15:30",86300
14650,0,300,"sd","09:15:20",86000
14650,0,700,"sd","09:15:13",85700
14650,0,300,"sd","09:15:11",85000
14650,0,300,"sd","09:15:02",84700
14650,0,84400,"sd","09:15:01",84400
