"price","change","match_qtty","side","time","total_vol"
18100,-400,9000,"sd","14:51:45",220800
18200,-300,900,"sd","14:48:26",211800
18200,-300,1000,"sd","14:47:54",210900
18300,-200,200,"unknown","14:32:52",209900
18300,-200,100,"sd","14:29:52",209700
18300,-200,400,"sd","14:28:11",209600
18300,-200,500,"sd","14:24:06",209200
18300,-200,600,"sd","14:22:12",208700
18300,-200,200,"unknown","14:17:15",208100
18300,-200,500,"bu","14:17:12",207900
18300,-200,100,"bu","14:16:07",207400
18300,-200,500,"bu","14:15:58",207300
18300,-200,300,"bu","14:15:09",206800
18300,-200,200,"bu","14:15:04",206500
18300,-200,100,"bu","14:13:24",206300
18300,-200,300,"bu","14:12:57",206200
18300,-200,300,"sd","14:08:34",205900
18300,-200,3000,"sd","14:06:15",205600
18300,-200,200,"sd","14:04:43",202600
18300,-200,20000,"sd","14:01:50",202400
18500,0,3600,"bu","14:01:32",182400
18300,-200,10600,"sd","14:01:02",178800
18200,-300,1400,"sd","14:00:47",168200
18200,-300,200,"bu","14:00:12",166800
18200,-300,300,"bu","13:59:38",166600
18200,-300,1000,"bu","13:57:52",166300
18000,-500,300,"sd","13:52:46",165300
18000,-500,1000,"bu","13:52:45",165000
18000,-500,100,"bu","13:52:41",164000
18000,-500,200,"bu","13:52:40",163900
18000,-500,100,"bu","13:52:12",163700
18000,-500,2000,"bu","13:52:08",163600
18000,-500,100,"bu","13:52:01",161600
18000,-500,500,"bu","13:51:47",161500
18000,-500,5900,"bu","13:51:28",161000
18000,-500,10000,"sd","13:48:12",155100
18100,-400,200,"bu","13:46:55",145100
18100,-400,100,"bu","13:45:59",144900
18100,-400,300,"bu","13:45:07",144800
18100,-400,500,"bu","13:45:02",144500
18100,-400,500,"bu","13:42:34",144000
18100,-400,3400,"sd","13:42:10",143500
18100,-400,5000,"sd","13:40:22",140100
18100,-400,3700,"sd","13:34:21",135100
18100,-400,100,"bu","13:34:09",131400
18100,-400,1000,"bu","13:34:08",131300
18100,-400,200,"sd","13:33:33",130300
18100,-400,200,"sd","13:32:16",130100
18100,-400,200,"sd","13:27:05",129900
18100,-400,200,"sd","13:25:07",129700
18100,-400,800,"sd","13:24:52",129500
18100,-400,200,"bu","13:24:41",128700
18100,-400,4800,"sd","13:23:53",128500
18100,-400,5000,"sd","13:22:57",123700
18200,-300,800,"bu","13:17:16",118700
18100,-400,600,"sd","13:16:53",117900
18100,-400,1500,"sd","13:13:54",117300
18200,-300,1000,"bu","13:13:20",115800
18100,-400,1500,"sd","13:07:50",114800
18200,-300,100,"bu","13:07:03",113300
18200,-300,100,"bu","13:06:02",113200
18200,-300,500,"bu","13:05:37",113100
18200,-300,200,"bu","13:05:32",112600
18200,-300,100,"bu","13:04:41",112400
18200,-300,1000,"bu","13:04:31",112300
18200,-300,100,"bu","13:03:13",111300
18200,-300,300,"bu","13:02:46",111200
18200,-300,400,"sd","13:01:44",110900
18200,-300,1200,"sd","13:00:03",110500
18200,-300,2000,"sd","13:00:02",109300
18200,-300,1000,"sd","13:00:01",107300
18300,-200,500,"bu","11:20:31",106300
18300,-200,500,"bu","11:17:23",105800
18300,-200,500,"bu","11:13:43",105300
18300,-200,100,"bu","11:12:13",104800
18200,-300,900,"sd","11:09:21",104700
18200,-300,100,"sd","11:08:57",103800
18200,-300,100,"sd","11:05:02",103700
18200,-300,1000,"sd","11:04:42",103600
18200,-300,5000,"sd","11:04:08",102600
18200,-300,2000,"sd","11:02:44",97600
18200,-300,100,"bu","11:00:09",95600
18200,-300,900,"bu","10:59:30",95500
18200,-300,1300,"sd","10:59:25",94600
18200,-300,500,"bu","10:57:49",93300
18100,-400,800,"bu","10:54:36",92800
18100,-400,2000,"bu","10:54:18",92000
18000,-500,200,"sd","10:49:38",90000
18000,-500,200,"sd","10:47:37",89800
18000,-500,300,"sd","10:46:14",89600
18000,-500,100,"sd","10:45:08",89300
18000,-500,600,"sd","10:42:42",89200
18100,-400,100,"bu","10:41:50",88600
18100,-400,500,"bu","10:39:56",88500
18100,-400,100,"bu","10:38:52",88000
18100,-400,100,"bu","10:36:47",87900
18100,-400,500,"bu","10:33:24",87800
18100,-400,200,"bu","10:33:04",87300
18100,-400,2000,"bu","10:31:52",87100
18000,-500,300,"sd","10:29:44",85100
18000,-500,400,"sd","10:26:15",84800
18000,-500,900,"sd","10:26:11",84400
17900,-600,1000,"sd","10:25:12",83500
17900,-600,400,"sd","10:23:06",82500
17900,-600,2200,"bu","10:23:00",82100
17900,-600,200,"bu","10:22:54",79900
17900,-600,4700,"bu","10:22:32",79700
17900,-600,2800,"sd","10:22:31",75000
18000,-500,200,"unknown","10:22:09",72200
17900,-600,1000,"sd","10:21:57",72000
17900,-600,100,"sd","10:20:45",71000
18000,-500,7300,"bu","10:20:31",70900
18000,-500,1000,"sd","10:20:25",63600
18000,-500,5000,"sd","10:20:24",62600
18000,-500,3000,"sd","10:20:21",57600
18000,-500,100,"sd","10:20:07",54600
18000,-500,1000,"sd","10:19:59",54500
18000,-500,1400,"sd","10:19:55",53500
18000,-500,1000,"sd","10:19:42",52100
18100,-400,100,"bu","10:19:14",51100
18100,-400,200,"bu","10:18:23",51000
18000,-500,1000,"sd","10:17:49",50800
18000,-500,2000,"sd","10:17:39",49800
18100,-400,1000,"bu","10:17:16",47800
18100,-400,2000,"bu","10:17:15",46800
18100,-400,3100,"bu","10:16:22",44800
18100,-400,6800,"sd","10:16:13",41700
18100,-400,2000,"sd","10:15:54",34900
18200,-300,300,"bu","10:11:40",32900
18200,-300,300,"bu","10:07:42",32600
18200,-300,100,"bu","10:07:24",32300
18200,-300,200,"bu","10:06:33",32200
18200,-300,400,"sd","10:06:06",32000
18200,-300,900,"sd","10:04:14",31600
18300,-200,1100,"bu","09:58:21",30700
18300,-200,300,"sd","09:53:58",29600
18300,-200,100,"unknown","09:49:55",29300
18400,-100,5000,"bu","09:49:46",29200
18400,-100,300,"bu","09:48:33",24200
18300,-200,1800,"sd","09:44:07",23900
18300,-200,2200,"bu","09:41:35",22100
18200,-300,1000,"sd","09:37:14",19900
18200,-300,500,"sd","09:36:35",18900
18100,-400,500,"sd","09:34:54",18400
18100,-400,1200,"sd","09:30:46",17900
18100,-400,200,"sd","09:28:51",16700
18200,-300,900,"unknown","09:27:27",16500
18200,-300,1000,"bu","09:27:11",15600
18200,-300,600,"bu","09:26:38",14600
18200,-300,100,"sd","09:26:34",14000
18200,-300,100,"sd","09:24:00",13900
18200,-300,2800,"sd","09:23:27",13800
18300,-200,1500,"bu","09:21:51",11000
18300,-200,1000,"sd","09:20:44",9500
18300,-200,1100,"unknown","09:19:26",8500
18200,-300,200,"unknown","09:15:27",7400
18200,-300,700,"unknown","09:13:34",7200
18200,-300,500,"bu","09:13:04",6500
18200,-300,100,"bu","09:12:41",6000
18200,-300,100,"bu","09:11:23",5900
18000,-500,1000,"sd","09:09:31",5800
18000,-500,1000,"sd","09:09:16",4800
18000,-500,400,"sd","09:08:55",3800
18000,-500,100,"sd","09:06:59",3400
18000,-500,1500,"sd","09:06:58",3300
18200,-300,1000,"bu","09:05:56",1800
18100,-400,300,"unknown","09:05:37",800
18200,-300,200,"sd","09:01:53",500
18300,-200,200,"sd","09:01:36",300
18400,-100,100,"unknown","09:00:13",100
