"price","change","match_qtty","side","time","total_vol"
11000,-700,72600,"sd","14:45:01",532500
11100,-600,900,"sd","14:29:43",459900
11100,-600,900,"sd","14:29:04",459000
11100,-600,3000,"sd","14:28:41",458100
11200,-500,2000,"bu","14:27:36",455100
11200,-500,1000,"bu","14:25:11",453100
11200,-500,100,"bu","14:24:42",452100
11200,-500,3000,"bu","14:24:20",452000
11200,-500,100,"bu","14:24:07",449000
11200,-500,1300,"bu","14:23:32",448900
11200,-500,1500,"sd","14:22:47",447600
11200,-500,3000,"sd","14:20:49",446100
11300,-400,500,"bu","14:20:40",443100
11200,-500,100,"sd","14:20:36",442600
11200,-500,100,"sd","14:19:20",442500
11300,-400,5000,"bu","14:18:52",442400
11200,-500,1000,"unknown","14:15:16",437400
11200,-500,100,"bu","14:15:15",436400
11200,-500,10100,"bu","14:14:55",436300
11100,-600,200,"sd","14:13:18",426200
11000,-700,1000,"sd","14:13:02",426000
11100,-600,300,"sd","14:12:12",425000
11200,-500,1000,"bu","14:06:01",424700
10800,-900,20000,"sd","14:04:58",423700
11100,-600,2000,"sd","14:04:53",403700
11100,-600,1000,"sd","14:03:52",401700
11100,-600,1000,"sd","14:02:20",400700
11100,-600,1800,"bu","14:02:05",399700
11100,-600,200,"bu","14:01:14",397900
11100,-600,3800,"sd","14:01:06",397700
11100,-600,500,"bu","14:01:04",393900
11100,-600,1400,"bu","14:00:59",393400
11100,-600,500,"bu","14:00:16",392000
11100,-600,100,"bu","13:59:35",391500
11100,-600,1300,"bu","13:58:44",391400
11100,-600,5000,"bu","13:57:55",390100
11100,-600,100,"bu","13:55:31",385100
11100,-600,200,"bu","13:54:00",385000
11100,-600,1500,"bu","13:52:38",384800
11100,-600,2000,"bu","13:52:04",383300
11000,-700,2100,"sd","13:50:43",381300
11000,-700,900,"sd","13:49:26",379200
11000,-700,100,"bu","13:44:52",378300
11000,-700,1100,"bu","13:44:30",378200
11000,-700,500,"bu","13:44:21",377100
10900,-800,500,"sd","13:42:14",376600
10700,-1000,3000,"sd","13:39:48",376100
10700,-1000,50000,"sd","13:39:29",373100
11000,-700,1200,"sd","13:38:37",323100
10900,-800,3000,"sd","13:33:00",321900
11000,-700,700,"unknown","13:32:10",318900
11000,-700,1500,"sd","13:31:36",318200
11000,-700,14400,"sd","13:30:48",316700
11100,-600,200,"bu","13:29:51",302300
11100,-600,1000,"bu","13:28:45",302100
11000,-700,10000,"sd","13:25:47",301100
11000,-700,600,"sd","13:23:56",291100
11100,-600,500,"bu","13:22:42",290500
11100,-600,300,"bu","13:22:24",290000
11100,-600,11300,"bu","13:21:59",289700
11000,-700,3000,"sd","13:21:27",278400
11100,-600,500,"bu","13:19:41",275400
11000,-700,900,"sd","13:19:05",274900
11100,-600,8600,"bu","13:18:49",274000
11100,-600,5000,"sd","13:18:34",265400
11100,-600,2000,"sd","13:18:31",260400
11200,-500,25000,"bu","13:17:18",258400
11100,-600,100,"bu","13:17:00",233400
11100,-600,15000,"bu","13:16:35",233300
11000,-700,31000,"sd","13:15:58",218300
11100,-600,200,"sd","13:15:26",187300
11100,-600,21000,"sd","13:15:20",187100
11200,-500,3800,"bu","13:14:40",166100
11200,-500,2000,"sd","13:08:55",162300
11200,-500,400,"sd","13:08:15",160300
11200,-500,500,"sd","13:08:13",159900
11200,-500,7500,"sd","13:06:36",159400
11200,-500,600,"sd","13:01:32",151900
11200,-500,1500,"sd","13:00:09",151300
11300,-400,100,"bu","13:00:07",149800
11200,-500,900,"sd","13:00:05",149700
11300,-400,100,"bu","11:29:33",148800
11300,-400,3300,"bu","11:26:49",148700
11300,-400,300,"bu","11:23:07",145400
11300,-400,400,"bu","11:18:10",145100
11300,-400,100,"bu","11:15:11",144700
11300,-400,2100,"sd","11:14:48",144600
11300,-400,300,"sd","11:06:54",142500
11300,-400,1500,"bu","11:06:36",142200
11300,-400,2000,"bu","11:05:33",140700
11300,-400,100,"bu","11:05:03",138700
11300,-400,500,"bu","11:04:10",138600
11300,-400,200,"bu","11:03:15",138100
11300,-400,300,"bu","10:59:52",137900
11300,-400,100,"bu","10:59:19",137600
11300,-400,1000,"bu","10:58:41",137500
11300,-400,100,"bu","10:58:22",136500
11300,-400,1300,"bu","10:57:49",136400
11300,-400,1700,"bu","10:57:34",135100
11300,-400,1000,"bu","10:57:29",133400
11200,-500,18200,"sd","10:54:43",132400
11300,-400,500,"bu","10:53:05",114200
11300,-400,100,"bu","10:52:20",113700
11300,-400,4600,"bu","10:51:39",113600
11300,-400,200,"sd","10:47:09",109000
11400,-300,500,"bu","10:36:25",108800
11300,-400,300,"sd","10:35:21",108300
11400,-300,100,"bu","10:34:58",108000
11400,-300,500,"bu","10:32:59",107900
11400,-300,100,"bu","10:30:51",107400
11400,-300,900,"bu","10:29:31",107300
11300,-400,5000,"sd","10:26:48",106400
11300,-400,1000,"sd","10:26:34",101400
11300,-400,1900,"sd","10:23:51",100400
11400,-300,100,"bu","10:22:17",98500
11300,-400,300,"sd","10:21:18",98400
11300,-400,2800,"sd","10:19:36",98100
11400,-300,500,"bu","10:19:26",95300
11400,-300,3000,"bu","10:17:38",94800
11400,-300,14400,"bu","10:08:38",91800
11500,-200,100,"bu","10:08:33",77400
11500,-200,3400,"bu","10:07:43",77300
11500,-200,400,"sd","10:06:16",73900
11500,-200,3000,"sd","10:00:32",73500
11500,-200,3000,"sd","09:59:22",70500
11600,-100,100,"bu","09:50:10",67500
11600,-100,11100,"bu","09:48:58",67400
11600,-100,5000,"sd","09:47:00",56300
11600,-100,15000,"sd","09:44:27",51300
11600,-100,900,"bu","09:43:24",36300
11600,-100,600,"sd","09:42:04",35400
11600,-100,900,"sd","09:42:00",34800
11600,-100,1100,"bu","09:41:35",33900
11500,-200,800,"sd","09:29:42",32800
11500,-200,300,"sd","09:28:34",32000
11500,-200,1000,"sd","09:28:01",31700
11500,-200,3000,"sd","09:27:04",30700
11500,-200,4000,"sd","09:26:28",27700
11500,-200,1000,"sd","09:24:54",23700
11600,-100,300,"sd","09:24:15",22700
11600,-100,1000,"sd","09:23:33",22400
11700,0,1900,"bu","09:22:07",21400
11700,0,4800,"sd","09:20:54",19500
11700,0,2000,"sd","09:20:04",14700
11700,0,100,"sd","09:18:30",12700
11800,100,100,"bu","09:18:19",12600
11800,100,500,"bu","09:17:32",12500
11800,100,100,"bu","09:17:27",12000
11800,100,5000,"bu","09:15:47",11900
11700,0,2000,"sd","09:07:30",6900
11800,100,100,"bu","09:05:47",4900
11700,0,2000,"sd","09:05:25",4800
11700,0,1000,"sd","09:05:23",2800
11700,0,800,"sd","09:01:17",1800
11700,0,100,"sd","09:01:06",1000
11700,0,700,"sd","09:00:10",900
11700,0,200,"sd","09:00:09",200
