"price","change","match_qtty","side","time","total_vol"
6620,-300,9700,"bu","14:45:00",209000
6600,-320,100,"bu","14:28:38",199300
6590,-330,300,"unknown","14:28:38",199200
6600,-320,200,"bu","14:26:47",198900
6600,-320,100,"bu","14:24:34",198700
6600,-320,100,"bu","14:24:29",198600
6600,-320,1000,"bu","14:24:04",198500
6600,-320,1000,"bu","14:23:37",197500
6600,-320,800,"sd","14:23:22",196500
6610,-310,500,"bu","14:22:53",195700
6610,-310,1000,"bu","14:22:29",195200
6610,-310,200,"bu","14:22:29",194200
6610,-310,100,"bu","14:22:00",194000
6610,-310,100,"bu","14:21:49",193900
6610,-310,100,"bu","14:21:35",193800
6600,-320,1000,"sd","14:21:09",193700
6600,-320,200,"sd","14:21:09",192700
6600,-320,500,"bu","14:19:34",192500
6600,-320,300,"bu","14:18:58",192000
6600,-320,200,"bu","14:18:58",191700
6600,-320,200,"bu","14:18:22",191500
6600,-320,1000,"bu","14:14:30",191300
6600,-320,300,"bu","14:12:57",190300
6530,-390,100,"sd","14:11:48",190000
6530,-390,100,"sd","14:11:48",189900
6570,-350,100,"sd","14:11:48",189800
6590,-330,500,"bu","14:10:49",189700
6600,-320,200,"sd","14:02:54",189200
6600,-320,100,"sd","14:02:54",189000
6600,-320,400,"sd","14:02:53",188900
6600,-320,1000,"sd","14:02:40",188500
6600,-320,300,"sd","14:01:31",187500
6610,-310,100,"bu","14:01:30",187200
6600,-320,3200,"bu","13:56:45",187100
6600,-320,100,"bu","13:54:36",183900
6590,-330,200,"bu","13:54:02",183800
6590,-330,100,"bu","13:54:02",183600
6590,-330,100,"sd","13:48:24",183500
6590,-330,200,"bu","13:46:20",183400
6550,-370,1000,"bu","13:45:41",183200
6520,-400,400,"sd","13:39:11",182200
6520,-400,3000,"sd","13:39:11",181800
6520,-400,1000,"sd","13:39:11",178800
6520,-400,200,"sd","13:39:11",177800
6530,-390,400,"sd","13:39:11",177600
6550,-370,100,"bu","13:34:41",177200
6550,-370,200,"bu","13:33:38",177100
6550,-370,100,"bu","13:31:08",176900
6550,-370,1000,"bu","13:30:22",176800
6530,-390,600,"bu","13:27:29",175800
6530,-390,1000,"bu","13:27:04",175200
6530,-390,1000,"bu","13:26:54",174200
6530,-390,1000,"bu","13:26:42",173200
6530,-390,10000,"sd","13:25:48",172200
6530,-390,20000,"sd","13:25:48",162200
6530,-390,1000,"sd","13:25:48",142200
6530,-390,200,"sd","13:25:48",141200
6540,-380,2000,"sd","13:25:48",141000
6540,-380,1000,"sd","13:25:48",139000
6540,-380,200,"sd","13:25:48",138000
6550,-370,600,"sd","13:23:48",137800
6550,-370,500,"sd","13:06:38",137200
6610,-310,500,"bu","13:00:13",136700
6610,-310,100,"bu","11:23:27",136200
6600,-320,1000,"sd","11:20:54",136100
6600,-320,2000,"bu","11:17:48",135100
6600,-320,500,"bu","11:17:48",133100
6600,-320,200,"bu","11:17:48",132600
6600,-320,600,"bu","11:17:48",132400
6590,-330,500,"bu","11:17:48",131800
6570,-350,200,"bu","11:17:48",131300
6600,-320,200,"bu","11:07:32",131100
6600,-320,200,"bu","10:58:18",130900
6590,-330,200,"bu","10:58:18",130700
6590,-330,100,"bu","10:58:18",130500
6590,-330,100,"bu","10:54:33",130400
6530,-390,500,"sd","10:49:37",130300
6520,-400,5600,"sd","10:45:20",129800
6530,-390,1000,"unknown","10:45:20",124200
6530,-390,100,"sd","10:45:20",123200
6600,-320,500,"sd","10:43:24",123100
6610,-310,100,"sd","10:43:24",122600
6600,-320,100,"bu","10:39:55",122500
6600,-320,1000,"bu","10:39:03",122400
6600,-320,200,"bu","10:32:53",121400
6600,-320,200,"bu","10:30:58",121200
6600,-320,1000,"sd","10:30:19",121000
6600,-320,100,"sd","10:30:19",120000
6600,-320,1700,"sd","10:30:11",119900
6600,-320,300,"sd","10:28:53",118200
6600,-320,500,"bu","10:27:13",117900
6600,-320,300,"bu","10:27:13",117400
6600,-320,100,"bu","10:27:13",117100
6600,-320,1900,"sd","10:26:16",117000
6600,-320,100,"bu","10:24:10",115100
6520,-400,4200,"sd","10:22:41",115000
6600,-320,500,"sd","10:21:53",110800
6600,-320,100,"bu","10:21:05",110300
6600,-320,2400,"bu","10:21:05",110200
6600,-320,2000,"sd","10:20:23",107800
6600,-320,600,"sd","10:20:23",105800
6600,-320,200,"sd","10:19:42",105200
6600,-320,100,"sd","10:19:08",105000
6570,-350,1100,"bu","10:17:03",104900
6570,-350,500,"bu","10:16:56",103800
6570,-350,1400,"bu","10:16:56",103300
6570,-350,1600,"bu","10:16:56",101900
6570,-350,1500,"bu","10:16:56",100300
6570,-350,600,"bu","10:16:50",98800
6570,-350,1500,"bu","10:16:50",98200
6550,-370,900,"bu","10:16:50",96700
6550,-370,100,"sd","10:15:52",95800
6530,-390,20000,"sd","10:14:13",95700
6530,-390,300,"sd","10:14:13",75700
6530,-390,100,"sd","10:14:13",75400
6530,-390,300,"sd","10:14:13",75300
6530,-390,100,"sd","10:14:13",75000
6530,-390,300,"sd","10:14:13",74900
6530,-390,300,"sd","10:14:13",74600
6530,-390,2500,"sd","10:14:13",74300
6530,-390,1900,"sd","10:14:13",71800
6530,-390,100,"sd","10:13:38",69900
6540,-380,100,"bu","10:13:30",69800
6540,-380,20000,"sd","10:12:42",69700
6540,-380,200,"sd","10:12:42",49700
6570,-350,1500,"sd","10:12:26",49500
6570,-350,1500,"sd","10:12:20",48000
6570,-350,200,"sd","10:12:20",46500
6570,-350,2900,"sd","10:11:24",46300
6570,-350,500,"bu","10:10:50",43400
6550,-370,1400,"bu","10:10:50",42900
6550,-370,100,"sd","10:10:41",41500
6550,-370,2000,"sd","10:10:41",41400
6550,-370,1000,"sd","10:10:41",39400
6550,-370,500,"sd","10:10:41",38400
6560,-360,1500,"sd","10:10:41",37900
6560,-360,100,"sd","10:10:41",36400
6570,-350,500,"sd","10:10:36",36300
6570,-350,500,"sd","10:10:34",35800
6570,-350,200,"sd","10:10:34",35300
6570,-350,300,"sd","10:10:34",35100
6570,-350,200,"sd","10:09:50",34800
6570,-350,3000,"sd","10:09:40",34600
6570,-350,1500,"sd","10:09:10",31600
6570,-350,100,"sd","10:09:10",30100
6570,-350,100,"sd","10:09:10",30000
6570,-350,100,"sd","10:09:10",29900
6570,-350,1100,"sd","10:09:10",29800
6570,-350,300,"sd","09:56:17",28700
6570,-350,200,"sd","09:55:30",28400
6570,-350,400,"sd","09:54:08",28200
6570,-350,300,"sd","09:54:08",27800
6570,-350,1300,"sd","09:54:08",27500
6570,-350,500,"sd","09:51:48",26200
6570,-350,800,"sd","09:51:42",25700
6570,-350,2300,"bu","09:46:36",24900
6570,-350,300,"bu","09:43:00",22600
6540,-380,200,"sd","09:38:38",22300
6540,-380,1300,"sd","09:38:19",22100
6540,-380,300,"sd","09:37:48",20800
6530,-390,800,"sd","09:31:16",20500
6580,-340,3000,"bu","09:29:15",19700
6530,-390,200,"sd","09:29:01",16700
6530,-390,200,"bu","09:28:17",16500
6510,-410,300,"sd","09:26:27",16300
6510,-410,100,"sd","09:26:27",16000
6510,-410,100,"sd","09:26:27",15900
6530,-390,2000,"sd","09:26:23",15800
6530,-390,1200,"sd","09:26:23",13800
6530,-390,800,"sd","09:26:23",12600
6530,-390,100,"sd","09:26:23",11800
6530,-390,700,"sd","09:26:23",11700
6530,-390,1000,"sd","09:25:36",11000
6530,-390,400,"sd","09:24:14",10000
6530,-390,1400,"sd","09:23:30",9600
6540,-380,200,"sd","09:23:30",8200
6540,-380,2000,"sd","09:23:30",8000
6540,-380,1000,"sd","09:21:42",6000
6540,-380,300,"sd","09:21:42",5000
6510,-410,100,"bu","09:16:31",4700
6500,-420,800,"sd","09:16:27",4600
6500,-420,200,"sd","09:16:27",3800
6510,-410,500,"bu","09:16:24",3600
6510,-410,100,"sd","09:16:14",3100
6520,-400,200,"sd","09:16:14",3000
6530,-390,100,"sd","09:16:14",2800
6900,-20,2700,"unknown","09:15:02",2700
