"price","change","match_qtty","side","time","total_vol"
16900,200,1500,"bu","14:45:00",51000
16700,0,1400,"sd","14:28:50",49500
16800,100,300,"sd","14:28:50",48100
16800,100,100,"sd","14:27:31",47800
16700,0,6600,"sd","14:27:13",47700
16700,0,100,"sd","14:27:13",41100
16700,0,200,"sd","14:27:13",41000
16900,200,100,"bu","14:27:02",40800
16700,0,800,"sd","14:26:36",40700
16700,0,400,"sd","14:26:36",39900
16800,100,800,"sd","14:25:32",39500
16800,100,100,"sd","14:25:32",38700
16850,150,500,"sd","14:25:23",38600
16900,200,500,"bu","14:16:01",38100
16900,200,400,"bu","14:02:00",37600
16900,200,500,"bu","13:55:30",37200
16800,100,500,"sd","13:50:41",36700
16800,100,500,"sd","13:49:55",36200
16900,200,100,"bu","13:45:25",35700
16700,0,200,"bu","13:44:17",35600
16650,-50,100,"sd","13:42:37",35400
16700,0,400,"sd","13:37:57",35300
16800,100,100,"sd","13:36:36",34900
16900,200,100,"bu","13:33:05",34800
16700,0,100,"bu","13:31:18",34700
16650,-50,1000,"sd","13:31:14",34600
16700,0,500,"sd","13:31:00",33600
16650,-50,900,"sd","13:29:57",33100
16650,-50,300,"sd","13:29:57",32200
16700,0,1000,"sd","13:27:47",31900
16700,0,3000,"sd","13:21:49",30900
16950,250,100,"bu","13:20:35",27900
16700,0,200,"sd","13:20:04",27800
16700,0,300,"sd","13:18:20",27600
16700,0,700,"sd","13:18:02",27300
16700,0,2700,"sd","13:12:08",26600
17000,300,200,"bu","11:17:04",23900
17000,300,200,"bu","11:17:04",23700
16900,200,800,"bu","11:17:04",23500
16900,200,500,"bu","11:17:04",22700
16800,100,600,"bu","11:15:52",22200
16700,0,1000,"sd","11:10:25",21600
16700,0,200,"sd","11:04:52",20600
16700,0,500,"bu","10:58:08",20400
16700,0,500,"sd","10:55:35",19900
16700,0,500,"bu","10:51:51",19400
16650,-50,400,"bu","10:50:36",18900
16650,-50,200,"bu","10:50:36",18500
16650,-50,400,"bu","10:50:36",18300
16650,-50,200,"bu","10:41:34",17900
16650,-50,100,"bu","10:39:01",17700
16650,-50,100,"bu","10:38:35",17600
16650,-50,200,"sd","10:38:13",17500
16700,0,100,"bu","10:28:15",17300
16600,-100,1000,"bu","10:28:15",17200
16500,-200,200,"bu","10:28:02",16200
16500,-200,400,"bu","10:27:57",16000
16500,-200,1000,"bu","10:27:49",15600
16500,-200,500,"bu","10:27:49",14600
16500,-200,300,"bu","10:27:49",14100
16500,-200,100,"bu","10:27:37",13800
16500,-200,300,"bu","10:27:16",13700
16500,-200,700,"bu","10:27:16",13400
16500,-200,200,"bu","10:26:21",12700
16500,-200,1000,"sd","10:25:21",12500
16500,-200,1000,"sd","10:25:21",11500
16500,-200,100,"sd","10:25:21",10500
16500,-200,2000,"sd","10:25:21",10400
16550,-150,100,"sd","10:24:56",8400
16550,-150,200,"bu","10:23:22",8300
16550,-150,400,"unknown","10:22:36",8100
16500,-200,500,"sd","10:22:35",7700
16500,-200,400,"sd","10:22:18",7200
16550,-150,100,"sd","10:21:00",6800
16550,-150,500,"sd","10:21:00",6700
16700,0,100,"sd","10:15:36",6200
16700,0,100,"sd","10:15:36",6100
16700,0,100,"sd","09:58:05",6000
17000,300,400,"bu","09:31:55",5900
16950,250,100,"bu","09:31:55",5500
17000,300,100,"bu","09:30:46",5400
16700,0,400,"bu","09:30:20",5300
16500,-200,200,"sd","09:28:17",4900
16500,-200,900,"sd","09:27:23",4700
16500,-200,1000,"bu","09:27:23",3800
16500,-200,100,"bu","09:25:49",2800
16500,-200,300,"bu","09:25:32",2700
16500,-200,100,"bu","09:25:15",2400
16500,-200,100,"bu","09:25:08",2300
16500,-200,300,"bu","09:25:08",2200
16500,-200,100,"sd","09:24:48",1900
16500,-200,100,"sd","09:24:48",1800
16700,0,100,"bu","09:24:33",1700
16700,0,400,"bu","09:24:01",1600
16800,100,100,"bu","09:24:01",1200
16800,100,300,"sd","09:21:52",1100
16750,50,800,"unknown","09:15:01",800
