"price","change","match_qtty","side","time","total_vol"
10100,-1100,80500,"unknown","14:45:02",730400
10100,-1100,5000,"sd","14:30:00",649900
10100,-1100,1000,"sd","14:29:51",644900
10100,-1100,23600,"sd","14:29:26",643900
10200,-1000,100,"sd","14:29:10",620300
10300,-900,100,"bu","14:29:01",620200
10200,-1000,1300,"sd","14:28:45",620100
10100,-1100,10500,"sd","14:28:40",618800
10100,-1100,900,"sd","14:27:40",608300
10100,-1100,100,"sd","14:27:00",607400
10100,-1100,2200,"sd","14:26:30",607300
10200,-1000,5000,"bu","14:26:17",605100
10100,-1100,5000,"sd","14:26:08",600100
10100,-1100,1800,"sd","14:25:47",595100
10100,-1100,1500,"bu","14:25:46",593300
10100,-1100,100,"bu","14:25:45",591800
10100,-1100,1000,"bu","14:25:44",591700
10100,-1100,1000,"bu","14:25:39",590700
10100,-1100,400,"bu","14:25:38",589700
10100,-1100,1400,"bu","14:25:37",589300
10100,-1100,900,"bu","14:25:36",587900
10100,-1100,5800,"bu","14:25:34",587000
10100,-1100,100,"bu","14:25:28",581200
10100,-1100,100,"bu","14:25:27",581100
10100,-1100,700,"bu","14:25:19",581000
10100,-1100,700,"bu","14:25:18",580300
10100,-1100,30000,"bu","14:25:17",579600
10100,-1100,400,"bu","14:25:12",549600
10100,-1100,1000,"bu","14:25:05",549200
10100,-1100,100,"bu","14:24:59",548200
10100,-1100,100,"bu","14:24:56",548100
10100,-1100,100,"bu","14:24:46",548000
10100,-1100,1000,"bu","14:24:45",547900
10100,-1100,1000,"bu","14:24:44",546900
10100,-1100,2000,"bu","14:24:41",545900
10100,-1100,2500,"bu","14:24:38",543900
10100,-1100,100,"bu","14:24:31",541400
10100,-1100,48100,"bu","14:24:21",541300
10200,-1000,1000,"sd","14:24:02",493200
10300,-900,800,"bu","14:23:53",492200
10200,-1000,5100,"sd","14:23:03",491400
10200,-1000,1500,"sd","14:22:53",486300
10200,-1000,1500,"sd","14:22:43",484800
10300,-900,100,"bu","14:22:33",483300
10300,-900,200,"bu","14:21:50",483200
10300,-900,6200,"bu","14:21:43",483000
10400,-800,1000,"sd","14:21:32",476800
10400,-800,200,"sd","14:21:04",475800
10300,-900,2000,"sd","14:21:03",475600
10400,-800,2300,"bu","14:21:00",473600
10500,-700,25300,"bu","14:20:32",471300
10500,-700,3100,"sd","14:19:54",446000
10500,-700,5000,"sd","14:19:24",442900
10600,-600,1000,"bu","14:19:20",437900
10500,-700,2000,"sd","14:19:08",436900
10600,-600,600,"bu","14:18:12",434900
10600,-600,1100,"bu","14:18:11",434300
10600,-600,1900,"sd","14:18:06",433200
10600,-600,400,"sd","14:18:00",431300
10600,-600,900,"sd","14:17:56",430900
10600,-600,4600,"sd","14:17:39",430000
10600,-600,4200,"sd","14:16:53",425400
10600,-600,5000,"sd","14:15:43",421200
10600,-600,4000,"sd","14:15:31",416200
10600,-600,500,"sd","14:15:06",412200
10600,-600,1400,"sd","14:14:54",411700
10600,-600,900,"sd","14:14:35",410300
10700,-500,1000,"bu","14:13:01",409400
10700,-500,1000,"bu","14:12:11",408400
10600,-600,3000,"sd","14:12:09",407400
10700,-500,600,"sd","14:11:34",404400
10700,-500,1000,"sd","14:11:18",403800
10700,-500,20000,"sd","14:10:52",402800
10800,-400,3000,"bu","14:10:41",382800
10800,-400,2000,"sd","14:08:44",379800
10800,-400,2600,"sd","14:08:34",377800
10800,-400,12000,"sd","14:08:31",375200
10800,-400,1000,"sd","14:08:09",363200
10800,-400,2000,"sd","14:07:37",362200
10900,-300,1900,"sd","14:06:45",360200
10900,-300,2100,"sd","14:05:57",358300
10900,-300,2500,"bu","14:04:47",356200
10900,-300,7500,"sd","14:04:40",353700
10900,-300,400,"bu","14:04:20",346200
10800,-400,2000,"sd","14:04:04",345800
10800,-400,2000,"sd","14:03:51",343800
10800,-400,5000,"sd","14:03:47",341800
10800,-400,1000,"sd","14:03:22",336800
10800,-400,1900,"sd","14:03:01",335800
10900,-300,400,"sd","14:02:13",333900
10900,-300,100,"sd","14:01:27",333500
10900,-300,5000,"sd","14:00:55",333400
10900,-300,300,"sd","14:00:44",328400
10900,-300,2000,"sd","14:00:34",328100
10900,-300,4900,"sd","13:58:55",326100
10900,-300,500,"bu","13:58:48",321200
10900,-300,1000,"bu","13:56:23",320700
10900,-300,3000,"bu","13:56:09",319700
10900,-300,100,"bu","13:56:08",316700
10900,-300,500,"bu","13:56:04",316600
10900,-300,6000,"bu","13:53:33",316100
10800,-400,1700,"sd","13:52:33",310100
10800,-400,10000,"sd","13:51:43",308400
10800,-400,5000,"sd","13:51:25",298400
10900,-300,300,"bu","13:51:13",293400
10800,-400,4000,"sd","13:51:11",293100
10900,-300,1000,"bu","13:49:54",289100
10900,-300,8300,"bu","13:48:11",288100
10900,-300,1000,"sd","13:47:02",279800
10900,-300,1000,"sd","13:45:29",278800
10900,-300,700,"sd","13:44:44",277800
10900,-300,20900,"sd","13:41:32",277100
10900,-300,300,"sd","13:39:36",256200
11000,-200,2000,"bu","13:37:55",255900
10900,-300,5000,"sd","13:37:50",253900
11000,-200,300,"bu","13:36:37",248900
11000,-200,200,"bu","13:35:08",248600
10900,-300,200,"sd","13:35:03",248400
10900,-300,3600,"sd","13:34:08",248200
10900,-300,4200,"sd","13:31:46",244600
10900,-300,4000,"sd","13:31:25",240400
10900,-300,1600,"bu","13:31:03",236400
10900,-300,400,"sd","13:30:19",234800
10900,-300,1000,"sd","13:27:40",234400
10800,-400,4000,"sd","13:27:02",233400
10800,-400,20000,"sd","13:27:01",229400
11000,-200,100,"sd","13:26:44",209400
11000,-200,1000,"bu","13:23:08",209300
11000,-200,1000,"bu","13:22:49",208300
11000,-200,300,"bu","13:22:36",207300
11000,-200,1000,"bu","13:22:19",207000
11000,-200,900,"sd","13:21:49",206000
11000,-200,8000,"sd","13:21:46",205100
11000,-200,100,"sd","13:20:20",197100
11000,-200,7000,"sd","13:18:03",197000
11000,-200,300,"sd","13:16:02",190000
11000,-200,10000,"sd","13:14:23",189700
11000,-200,100,"sd","13:13:49",179700
11000,-200,600,"sd","13:12:33",179600
11100,-100,100,"bu","13:09:53",179000
11100,-100,1500,"sd","13:07:10",178900
11100,-100,5000,"sd","13:03:32",177400
11100,-100,1000,"sd","13:03:07",172400
11100,-100,800,"sd","13:01:05",171400
11100,-100,4000,"sd","11:20:28",170600
11200,0,1000,"bu","11:15:07",166600
11200,0,300,"bu","11:14:52",165600
11200,0,100,"bu","10:57:03",165300
11200,0,100,"sd","10:56:58",165200
11200,0,100,"sd","10:56:17",165100
11200,0,1000,"sd","10:55:16",165000
11300,100,5000,"bu","10:55:01",164000
11200,0,1000,"bu","10:54:15",159000
11200,0,1500,"sd","10:52:45",158000
11200,0,2600,"bu","10:51:32",156500
11200,0,500,"bu","10:51:04",153900
11200,0,2000,"bu","10:50:44",153400
11200,0,2000,"bu","10:50:24",151400
11200,0,5000,"bu","10:50:12",149400
11200,0,5000,"bu","10:49:49",144400
11200,0,300,"bu","10:48:35",139400
11200,0,700,"bu","10:48:09",139100
11200,0,1000,"bu","10:47:09",138400
11200,0,2000,"bu","10:46:43",137400
11200,0,200,"bu","10:44:51",135400
11200,0,100,"bu","10:43:18",135200
11200,0,200,"bu","10:40:36",135100
11200,0,2000,"bu","10:40:33",134900
11200,0,700,"bu","10:38:35",132900
11100,-100,600,"sd","10:36:48",132200
11100,-100,1000,"bu","10:36:05",131600
11100,-100,100,"bu","10:33:51",130600
11100,-100,2800,"sd","10:33:00",130500
11100,-100,2700,"bu","10:26:09",127700
11100,-100,300,"bu","10:25:17",125000
11100,-100,200,"bu","10:24:11",124700
11100,-100,600,"bu","10:19:25",124500
11100,-100,21200,"sd","10:19:24",123900
11100,-100,1000,"sd","10:18:50",102700
11100,-100,600,"sd","10:12:20",101700
11100,-100,6200,"sd","10:11:39",101100
11100,-100,2000,"sd","10:09:36",94900
11100,-100,20000,"sd","10:07:25",92900
11100,-100,15000,"sd","10:05:15",72900
11000,-200,2600,"bu","10:05:10",57900
11000,-200,1000,"bu","10:05:07",55300
11000,-200,200,"bu","10:04:26",54300
11000,-200,100,"bu","10:02:42",54100
11000,-200,2000,"sd","10:00:39",54000
11000,-200,10000,"sd","09:58:03",52000
11100,-100,100,"bu","09:53:38",42000
11000,-200,1000,"sd","09:52:11",41900
11000,-200,900,"unknown","09:50:21",40900
11000,-200,3400,"sd","09:49:38",40000
11000,-200,3000,"sd","09:47:03",36600
11000,-200,200,"sd","09:43:27",33600
11000,-200,100,"bu","09:43:19",33400
11000,-200,100,"bu","09:42:52",33300
11000,-200,300,"bu","09:42:03",33200
11000,-200,6500,"unknown","09:40:19",32900
11000,-200,1000,"sd","09:40:00",26400
11000,-200,500,"sd","09:39:31",25400
11000,-200,2500,"sd","09:39:26",24900
11000,-200,1000,"sd","09:38:34",22400
11100,-100,100,"bu","09:35:21",21400
11100,-100,100,"bu","09:33:40",21300
11100,-100,400,"sd","09:33:06",21200
11100,-100,200,"sd","09:32:02",20800
11100,-100,800,"sd","09:28:16",20600
11100,-100,6400,"sd","09:27:19",19800
11100,-100,2500,"bu","09:21:23",13400
11100,-100,1000,"bu","09:21:22",10900
11100,-100,100,"bu","09:20:14",9900
11100,-100,400,"bu","09:18:40",9800
11100,-100,100,"sd","09:11:24",9400
11200,0,800,"bu","09:08:38",9300
11200,0,7100,"bu","09:06:41",8500
11200,0,100,"bu","09:02:54",1400
11100,-100,300,"sd","09:00:15",1300
11400,200,1000,"bu","09:00:06",1000
